4088 6174
284 290 314 351 1
325 291 444 352 237

1298 294 1500 355 PARS
1543 295 1592 356 Ῑ.
1621 327 1700 339 --
1739 293 2237 357 MONUMENTA
2284 291 2695 356 VETEllUM.

3541 283 3697 353 1238

279 422 540 494 episcopi
571 423 644 478 de
683 422 896 480 saeculo
940 429 1168 494 exeant,
1201 431 1257 481 et
1286 430 1483 482 tamen
1517 444 1620 499 pro
1667 427 1936 499 perfectis
1963 429 2018 494 Α
2046 431 2145 481 tur
2174 426 2233 481 in
2283 425 2439 481 hunc
2489 425 2730 480 modum
2766 440 2777 479 ε
2810 422 2996 478 Adhuc
3037 423 3286 494 loquente
3333 422 3490 478 Petro
3535 423 3699 478 verba

280 511 557 568 ﬁdelibus
599 512 907 568 habentur.
936 515 1128 571 Sicuti
1154 516 1418 588 IEthiOps
1465 517 1774 572 eunuchus
1805 533 1938 572 cum

279 601 497 656 rediret
527 603 598 656 ab
648 602 974 659 Jerusalem
1005 609 1062 660 et
1092 604 1304 676 legeret
1336 607 1675 678 prophetam
1727 607 1939 662 Isaiam

277 695 339 744 et
389 691 702 757 haesitaret,
738 699 1082 765 suggerente
1132 695 1375 766 Spiritu,
1407 696 1606 751 audita
1636 695 1874 751 veritate
1907 713 1940 750 a

273 779 548 851 Philippo
606 780 850 836 diacono
906 783 1150 838 credidit
1195 788 1253 838 et
1302 785 1633 856 baptizatus
1679 791 1768 840 est
1799 785 1934 857 (Act.

281 868 413 933 vni)
441 885 453 922 :
480 875 537 924 et
567 885 698 925 curn
731 872 1091 927 ascendisset
1121 874 1191 926 de
1222 890 1396 944 aqua,
1425 873 1676 945 Spiritus
1713 873 1937 928 Domini

269 957 482 1029 rapuit
517 958 874 1031 Philippum,
907 966 964 1015 et
993 978 1106 1016 non
1139 961 1280 1016 vidit
1311 979 1444 1017 eum
1468 963 1594 1034 jam
1628 979 1782 1017 nunc
1812 979 1937 1017 am-

268 1047 430 1118 plius
459 1049 786 1104 eunuchus.
813 1050 1025 1105 Abibat
1069 1051 1227 1105 enim
1262 1051 1419 1106 viam
1453 1069 1619 1107 suam
1651 1052 1934 1123 gaudens,

277 1135 582 1206 quoniam,
619 1142 682 1192 ut
716 1139 1134 1195 animadvertis
1163 1141 1297 1212 (13),
1332 1141 1612 1212 imposita
1641 1141 1693 1196 ei
1725 1157 1936 1196 manus

271 1241 394 1279 non
423 1229 510 1279 est
540 1226 612 1280 ab
634 1226 907 1297 episcopo
936 1233 1001 1283 ut
1022 1229 1305 1299 Spiritum
1332 1235 1601 1285 sanctum
1627 1231 1932 1301 acciperet.

271 1313 436 1377 Quod
459 1313 508 1368 si
538 1313 647 1370 hoc
670 1315 938 1371 admittis
960 1324 1017 1371 et
1043 1317 1296 1372 salutare
1318 1334 1446 1374 esse
1469 1318 1790 1389 credis,nec
1812 1317 1934 1389 opi-

280 1400 444 1456 nioni
477 1402 740 1458 omnium
772 1404 1036 1459 ﬁdelium
1068 1407 1402 1478 refragaris,
1435 1424 1669 1462 necesse
1697 1413 1786 1463 est
1807 1423 1933 1462 con-

271 1491 513 1557 fitearis,
549 1492 793 1563 proinde
842 1499 1036 1549 autem
1088 1500 1263 1567 atque
1313 1496 1422 1550 hoc
1475 1496 1652 1551 latius
1684 1501 1932 1552 tractatu

269 1579 557 1650 procedit,
591 1581 767 1635 etiam
802 1581 945 1637 illud
977 1583 1137 1638 aliud
1178 1584 1354 1640 latius
1388 1603 1560 1657 posse
1591 1585 1931 1652 consistere,

268 1667 329 1722 id
361 1672 467 1738 est,
495 1673 561 1722 ut
591 1685 693 1740 per
722 1669 909 1726 solam
940 1688 1154 1727 manus
1185 1673 1625 1744 impositionem
1648 1674 1931 1746 episcopi,

271 1755 413 1826 quia
442 1757 738 1828 baptisma
767 1759 825 1814 in
857 1761 1094 1816 nomine
1117 1762 1254 1816 Jesu
1282 1762 1496 1818 Christi
1531 1763 1762 1818 Domini
1786 1780 1926 1818 nos-

265 1845 344 1899 tri
392 1847 709 1917 praecessit,
739 1847 926 1919 possit
956 1849 1068 1904 alio
1100 1851 1324 1906 homini
1387 1853 1686 1924 posnitenti
1748 1857 1922 1924 atque

269 1934 529 1990 credenti
551 1937 723 1992 etiam
750 1938 1006 2009 Spiritus
1030 1945 1268 1995 sanctus
1289 1941 1498 2009 tribui;
1525 1942 1800 2013 quoniam
1824 1959 1922 1999 eos

265 2023 369 2094 qui
401 2022 461 2078 in
491 2023 786 2081 Christum
838 2028 1113 2082 credituri
1145 2035 1359 2099 essent,
1383 2030 1684 2102 Scriptura
1722 2037 1923 2088 sancta

265 2112 570 2182 praedixit:
597 2115 882 2186 Oportere
916 2117 971 2170 in
1005 2117 1220 2188 Spiritu
1252 2119 1559 2189 baptizari;
1585 2119 1666 2175 ita
1693 2124 1755 2174 ut
1776 2124 1831 2174 et
1861 2119 1921 2174 hi

263 2217 501 2271 quoque
533 2219 649 2256 non
681 2203 991 2258 videantur
1021 2205 1218 2260 minus
1250 2207 1471 2278 aliquid
1501 2208 1714 2264 habere
1744 2226 1919 2279 quam

264 2288 349 2344 illi
386 2290 486 2361 qui
516 2291 756 2361 perfecti
796 2298 935 2348 sunt
964 2293 1299 2362 Christiani,
1335 2311 1404 2349 ne
1437 2297 1548 2366 (14)
1579 2313 1816 2352 necesse
1846 2297 1923 2352 sit

265 2379 450 2449 quaeri
482 2378 654 2450 quale
685 2379 829 2435 illud
866 2382 1159 2452 baptisma
1198 2383 1371 2439 fuerit
1411 2387 1563 2455 quod
1600 2385 1656 2439 in
1687 2386 1923 2441 nomine

263 2465 410 2522 Jesu
439 2466 654 2522 Christi
686 2480 826 2523 sunt
858 2471 1173 2525 consecuti.
1208 2471 1331 2526 Nisi
1377 2473 1521 2528 forte
1552 2474 1610 2528 in
1646 2472 1745 2528 illo
1777 2492 1920 2545 quo-

270 2572 388 2627 que
427 2557 724 2628 superiore
777 2563 1026 2614 tractatu
1061 2559 1216 2614 circa
1243 2577 1342 2616 eos
1373 2562 1470 2631 qui
1515 2565 1922 2618 tantummodo

272 2643 331 2699 in
366 2644 604 2700 nomine
649 2645 859 2701 Christi
911 2647 1049 2703 Jesu
1101 2649 1375 2720 baptizati
1428 2651 1663 2718 fuerint,
1695 2657 1921 2708 statuas

276 2733 453 2790 etiam
487 2734 614 2790 sine
663 2735 880 2806 Spiritu
931 2743 1134 2792 sancto
1183 2755 1353 2810 posse
1407 2739 1597 2795 salvos
1644 2741 1789 2809 ﬁeri,
1822 2746 1925 2796 aut

257 2839 376 2878 non
409 2823 517 2878 hac
547 2823 672 2879 sola
715 2826 958 2895 ratione,
993 2827 1094 2881 sed
1127 2827 1176 2881 si
1208 2844 1311 2898 per
1341 2844 1553 2884 manus
1584 2829 1916 2900 impositio-

259 2928 397 2967 nem
427 2911 680 2984 episcopi
713 2913 998 2985 Spiritum
1032 2921 1304 2971 sanctum
1334 2933 1649 2973 consuesse
1685 2925 1920 2989 praesta-

259 3001 332 3071 ri,
367 3006 470 3056 aut
497 3001 676 3057 etiam
725 3019 841 3058 non
885 3004 1225 3076 episcopum
1257 3005 1417 3060 dicas
1449 3007 1735 3077 Spiritum
1784 3026 1919 3064 san-

257 3094 424 3145 ctum
458 3088 694 3144 solitum
727 3106 857 3146 esse
888 3091 1107 3164 largiri.

2049 516 2184 586 here,
2217 516 2386 569 irruit
2417 513 2656 584 Spiritus
2694 518 2913 568 sanctus
2957 528 3122 583 super
3165 527 3349 568 omnes
3378 512 3474 583 qui
3503 511 3698 567 audie-

2050 605 2178 660 bant
2206 604 2434 659 verbum
2463 620 2480 656 :
2510 611 2560 658 et
2601 602 2965 674 obstupefacti
2988 605 3116 656 sunt
3146 601 3239 672 qui
3267 605 3425 656 erant
3472 616 3541 655 ex
3585 601 3698 656 cir-

2047 693 2377 748 cumcisione
2406 691 2588 762 ﬁdeles
2615 696 2844 763 quoquot
2873 691 3041 746 simul
3064 695 3329 745 venerant
3358 706 3482 744 cum
3512 695 3697 759 Petro,

2047 783 2178 852 quia
2205 790 2254 837 et
2284 797 2449 853 super
2495 789 2675 851 gentes
2717 780 2922 835 donum
2952 779 3192 850 Spiritus
3240 781 3423 834 sancti
3467 780 3701 851 eﬂusum

2045 879 2143 927 est.
2193 871 2500 926 Audiebant
2548 871 2696 925 enim
2744 885 2834 925 eos
2885 871 3165 940 loquentes
3214 869 3426 937 linguis
3481 870 3618 934 suis,
3649 872 3702 924 et

2044 960 2474 1030 magniﬁcabant
2508 961 2699 1014 Deum.
2736 960 2880 1014 Tunc
2924 958 3198 1030 respondit
3227 963 3426 1013 I‘etrus
3477 975 3494 1011 :
3544 959 3696 1013 Nun-

2046 1050 2179 1120 quid
2206 1051 2413 1120 aliquis
2457 1066 2658 1119 aq-uam
2704 1047 2992 1119 prohibere
3034 1050 3208 1118 potest
3252 1053 3312 1101 ut
3363 1062 3469 1103 non
3514 1049 3696 1118 bapti-

2043 1147 2235 1193 zentur
2289 1138 2383 1193 isti
2422 1139 2534 1209 (16)
2582 1138 2679 1208 qui
2731 1137 3000 1207 Spiritum
3057 1139 3309 1190 sanctum
3375 1138 3698 1206 acceperunt

2043 1230 2183 1283 sirut
2212 1237 2262 1282 et
2289 1232 2432 1282 nos?
2474 1229 2536 1281 Et
2572 1227 2834 1297 praecepit
2888 1240 2976 1280 eos
3032 1225 3308 1296 baptizari
3363 1226 3422 1278 in
3477 1226 3699 1279 nomine

2040 1321 2176 1374 Jesu
2238 1317 2442 1372 Christi
2479 1316 2618 1386 (Act.
2669 1331 2724 1383 x,
2777 1314 2865 1383 44,
2917 1314 3025 1383 48).
3086 1313 3246 1367 Sicut
3301 1312 3477 1368 etiam
3538 1313 3692 1367 idem

2046 1406 2250 1460 Petrus
2283 1404 2659 1476 postmodum
2691 1403 2762 1457 de
2793 1401 3012 1457 eisdem
3054 1401 3326 1473 gentibus
3356 1399 3697 1471 plenissime

2043 1496 2244 1550 docuit
2282 1511 2388 1549 nos
2427 1494 2628 1548 dicens
2663 1509 2676 1547 :
2709 1493 2774 1546 Et
2822 1492 2967 1546 nihil
3015 1490 3273 1545 discrevit
3320 1493 3466 1544 inter
3509 1504 3604 1544 nos
3645 1492 3695 1544 et

2043 1586 2206 1655 ipsos,
2259 1583 2362 1654 ﬁde
2411 1582 2727 1638 emundatis
2773 1580 3023 1636 cordibus
3073 1596 3259 1635 eorum
3308 1579 3456 1650 (Act.
3493 1595 3581 1646 xv,
3613 1578 3691 1649 9).

2043 1679 2233 1744 Atque
2265 1673 2372 1727 hoc
2397 1689 2509 1726 non
2532 1670 2642 1727 erit
2669 1670 2915 1726 dubium
2940 1668 2998 1723 in
3023 1668 3241 1740 Spiritu
3271 1673 3471 1722 sancto
3502 1667 3691 1722 homi-

2044 1779 2146 1817 nes
2179 1777 2349 1834 posse
2380 1761 2506 1817 sine
2535 1776 2688 1830 aqua
2727 1758 3031 1830 baptizari,
3068 1757 3217 1812 sicut
3269 1754 3691 1812 animadversis

2037 1851 2363 1922 baptizatos
2393 1849 2501 1904 hos
2545 1849 2709 1920 prius
2740 1864 2915 1918 quam
2949 1863 3102 1918 aqua
3133 1845 3589 1916 baptizarentur,
3625 1849 3688 1899 ut

2033 1939 2348 1996 satisﬁeret
2377 1943 2433 1994 et
2460 1937 2702 1993 Joannis
2735 1941 2791 1992 et
2822 1936 3009 2008 ipsius
3063 1933 3286 1990 Domini
3320 1934 3676 2005 praedicatio-

2031 2029 2207 2084 nibus
2241 2044 2253 2084 :
2289 2026 2765 2099 quandoquidem
2798 2030 2855 2079 et
2883 2024 3008 2079 sine
3047 2039 3260 2078 manus
3305 2021 3679 2093 impositione

2034 2117 2427 2189 apostolorum
2459 2121 2514 2170 et
2562 2115 2688 2170 sine
2738 2113 2986 2180 lavacro,
3021 2113 3176 2183 quod
3230 2116 3430 2182 postea
3485 2111 3680 2182 adepti

2035 2212 2193 2271 sunt,
2240 2205 2486 2277 gratiam
2546 2202 3020 2275 repromissionis
3077 2200 3448 2271 acceperint:
3484 2204 3541 2255 et
3598 2199 3683 2254 sic

2033 2295 2206 2366 paulo
2255 2299 2388 2349 ante
2435 2292 2770 2348 emundatis
2800 2293 2913 2362 (17)
2943 2289 3221 2345 cordibus
3270 2305 3494 2358 eorum,
3528 2288 3681 2342 Deus

2033 2400 2136 2454 per
2164 2384 2338 2438 fidem
2369 2382 2631 2454 ipsorum
2663 2380 2839 2436 etiam
2872 2379 3279 2434 remissionem
3311 2383 3682 2448 peccatorum

2033 2472 2208 2527 simul
2238 2472 2321 2527 eis
2352 2471 2599 2543 largitus
2648 2470 2745 2536 sit,
2779 2474 2844 2524 ut
2875 2469 2984 2524 hoc
3016 2467 3205 2523 solum
3255 2466 3340 2522 eis
3390 2465 3686 2537 baptisma

2033 2562 2403 2632 subsequens
2457 2559 2810 2631 prastiterit,
2864 2563 2929 2612 ut
2976 2555 3400 2612 invocationem
3450 2570 3684 2626 quoque

2031 2650 2290 2707 nominis
2318 2651 2454 2704 Jesu
2482 2647 2694 2705 Christi
2725 2646 3070 2718 acciperent,
3097 2661 3167 2701 ne
3199 2644 3338 2716 quid
3371 2644 3455 2699 eis
3481 2645 3684 2699 deesse

2031 2739 2322 2794 videretur
2351 2739 2420 2792 ad
2454 2737 2848 2807 integritatem
2884 2733 3194 2789 ministerii
3223 2739 3280 2788 et
3310 2732 3465 2788 fidei.

2101 2829 2194 2882 Vl.
2255 2827 2418 2892 Quod
2477 2825 2653 2881 etiam
2709 2841 2740 2880 e
2795 2823 3088 2878 contrario
3155 2821 3332 2876 latere
3401 2825 3680 2876 tractatus

2031 2918 2210 2990 hujus
2240 2921 2378 2973 sunt
2408 2915 2704 2970 consecuti
2737 2913 2848 2984 ipsi
2880 2911 2964 2966 illi
2987 2911 3260 2984 discipuli
3287 2909 3519 2966 Domini
3551 2926 3680 2965 nos-

2030 3009 2126 3073 tri,
2174 3023 2350 3078 super
2394 3022 2542 3076 quos
2593 3003 2947 3075 jampridem
3004 3000 3329 3072 baptizatos
3387 3001 3678 3070 postremo

2031 3097 2124 3152 die
2176 3096 2542 3151 Pentecostes
2596 3091 2931 3165 supervenit
2977 3090 3229 3162 Spiritus
3289 3093 3551 3158 sanctus,
3582 3104 3679 3144 vo-

335 3179 545 3234 1189
577 3179 645 3233 V.
681 3181 842 3246 Quod
875 3182 923 3236 si
955 3181 1040 3236 ita
1089 3186 1197 3246 est,
1229 3187 1283 3237 et
1318 3187 1508 3255 potest
1558 3184 1778 3256 aliquid
1814 3186 1914 3242 ho-
1949 3171 1991 3236 Ο
2030 3186 2253 3241 luntate
2303 3186 2399 3240 Dei
2430 3184 2689 3256 quidem,
2724 3198 2838 3236 non
2890 3197 2998 3237 sua
3026 3184 3232 3251 sponte
3263 3177 3406 3233 cmlo
3455 3176 3677 3249 lapsus,

257 3283 390 3322 rum
422 3269 692 3323 eveniens
740 3268 988 3325 salutem
1044 3271 1268 3326 homini
1299 3273 1557 3328 credenti
1607 3291 1722 3328 non
1773 3292 1914 3345 pra;-

259 3355 484 3426 ripere,
543 3360 604 3411 tu
665 3374 899 3429 quoque
954 3359 1080 3430 ipse
1139 3361 1348 3415 annuis
1402 3362 1681 3434 quoniam
1742 3365 1916 3420 modo

261 3444 638 3500 dimidiatum
665 3447 777 3518 (15)
808 3451 865 3502 et
904 3465 1016 3503 non
1071 3453 1131 3503 ut
1179 3451 1502 3518 contendis,
1538 3468 1916 3508 consumma-

253 3537 389 3587 tum
435 3535 778 3606 mysterium
835 3536 993 3608 ﬁdei,
1028 3537 1166 3608 quia
1218 3540 1536 3595 necessitas
1585 3541 1915 3598 interveniti

252 3620 507 3677 salutem
539 3622 797 3678 adimere
848 3641 963 3680 non
1015 3643 1188 3698 posse
1239 3629 1492 3683 credenti
1524 3633 1580 3683 et
1610 3631 1914 3701 poenitent,

251 3707 502 3764 homini.
536 3715 653 3765 Aut
683 3710 732 3766 si
765 3711 913 3767 dicis
960 3713 1306 3784 hujusmodi
1334 3715 1634 3773 hominem
1685 3719 1913 3775 salvum

251 3813 373 3852 non
411 3815 582 3870 posse
626 3799 774 3866 ﬁeri,
797 3801 1076 3857 omnibus
1107 3803 1396 3875 episcopis
1425 3805 1671 3862 salutem
1705 3809 1914 3863 adimi-

257 3902 416 3955 mus,
441 3903 590 3958 quos
619 3886 702 3943 ita
739 3889 1016 3960 periculis
1049 3907 1227 3962 quam
1259 3894 1602 3950 certissimis
1635 3897 1916 3970 astringis

258 3981 329 4029 ut
359 3975 635 4032 omnibus
663 3977 1006 4035 hominibus
1029 3979 1129 4050 qui
1161 3982 1270 4035 sub
1302 3999 1442 4038 cura
1472 4000 1674 4039 eorum
1709 3992 1913 4058 agunt,

254 4069 318 4119 et
347 4063 457 4119 hac
486 4068 661 4136 atque
691 4065 823 4122 illac
853 4067 1136 4140 dispersis
1170 4071 1507 4140 regionibus
1538 4073 1800 4144 ipsorum
1833 4076 1917 4130 in-

258 4154 594 4222 ﬂrmantur,
629 4171 732 4226 per
762 4158 1112 4228 semetipsos
1138 4160 1445 4216 subvenire
1476 4163 1753 4232 debeant;
1777 4167 1916 4236 quia

249 4243 446 4298 caateri
509 4243 773 4300 homines
832 4246 1088 4302 minores
1146 4249 1374 4306 clericis
1422 4251 1520 4323 qui
1580 4253 1912 4324 periclitan-

250 4336 374 4399 tur,
406 4331 516 4388 hoc
545 4331 700 4388 idem
748 4339 1028 4405 praestare
1076 4354 1191 4392 non
1245 4339 1514 4409 possint:
1553 4358 1624 4396 ne
1671 4342 1913 4414 sanguis

255 4436 461 4476 eorum
495 4422 594 4493 qui
626 4424 795 4478 vacui
835 4425 906 4478 de
955 4426 1165 4482 saeculo
1214 4427 1403 4482 exisse
1435 4430 1808 4499 videbuntur,
1843 4433 1914 4487 de

2028 3276 2130 3331 sed
2162 3275 2232 3330 ad
2266 3274 2374 3329 hoc
2404 3273 2599 3344 ipsum
2633 3279 2851 3325 munus
2894 3271 3142 3325 effusum
3167 3268 3277 3339 (18)
3310 3267 3474 3322 sedet
3502 3283 3680 3338 super

2029 3379 2512 3434 unumquemque
2560 3377 2780 3429 eorum,
2829 3375 2962 3414 cum
3004 3358 3154 3429 justi
3207 3355 3583 3426 jampridem,
3613 3359 3680 3410 ut

2028 3452 2306 3518 diximus,
2341 3451 2692 3522 baptismate
2740 3446 2973 3504 Domini
3022 3448 3234 3503 1190
3278 3446 3528 3500 fuissent
3574 3444 3676 3499 ba-

2025 3541 2208 3606 tizati,
2241 3541 2394 3595 sicut
2421 3543 2478 3594 et
2505 3538 2617 3610 ipsi
2649 3535 2919 3609 apostoli,
2953 3536 3052 3608 qui
3102 3542 3298 3591 tamen
3333 3550 3538 3589 omnes
3570 3534 3674 3588 Do-

2029 3630 2256 3684 minum
2290 3633 2457 3684 nocte
2506 3644 2623 3698 qua
2669 3626 3070 3698 apprehensus
3100 3630 3189 3680 est
3219 3623 3550 3680 deseruisse
3579 3621 3675 3676 in-

2024 3719 2340 3774 veniuntur
2373 3734 2384 3772 :
2419 3722 2476 3772 et
2505 3716 2601 3771 ille
2633 3717 2756 3786 ipse
2783 3715 2882 3787 qui
2914 3714 3200 3786 gloriatus
3230 3719 3320 3769 est
3350 3729 3675 3785 persevera-

2024 3813 2224 3861 turum
2256 3822 2317 3861 se
2346 3805 2405 3860 in
2436 3823 2546 3860 sua
2576 3806 2689 3860 fide
2719 3809 2925 3860 Petrus
2959 3807 3012 3859 et
3041 3803 3319 3859 adversus
3351 3802 3538 3873 ipsius
3563 3803 3671 3857 Do-

2028 3896 2173 3950 mini
2205 3897 2546 3966 presdictum
2575 3892 3040 3949 obstinatissime
3070 3889 3432 3962 repugnavit,
3456 3894 3676 3960 postre-

2026 4003 2121 4040 mo
2153 3991 2348 4039 tamen
2382 3989 2504 4038 tum
2540 3985 2735 4055 ipsum
2766 3983 2880 4053 (19)
2912 3980 3168 4052 negavit;
3202 3984 3268 4034 ut
3309 3978 3418 4034 hac
3449 3979 3674 4033 ratione

2024 4075 2429 4130 ostenderetur
2485 4072 2658 4126 nobis
2714 4087 2841 4143 quas
2897 4069 3086 4126 medio
3144 4073 3402 4140 tempore
3441 4084 3674 4139 quoquo

2025 4165 2199 4219 modo
2238 4165 2646 4218 contraxerant
2691 4160 2919 4224 delicta,
2951 4160 3155 4215 eadem
3205 4158 3327 4212 haec
3361 4157 3417 4211 in
3448 4156 3531 4212 eis
3565 4157 3677 4212 ﬁde

2026 4253 2400 4325 postmodum
2433 4268 2660 4306 sincera
2711 4267 2812 4322 per
2863 4248 3153 4319 baptisma
3184 4245 3439 4318 Spiritus
3487 4246 3672 4300 sancti

2025 4360 2136 4396 non
2173 4342 2349 4398 dubie
2379 4358 2508 4397 esse
2561 4340 2824 4396 dimissa.
2858 4339 2972 4393 Nec
3022 4335 3142 4392 ulla
3173 4340 3239 4390 ut
3269 4339 3432 4407 puto,
3465 4333 3580 4389 alia
3609 4350 3676 4389 ex

2023 4448 2202 4486 causa
2250 4429 2496 4502 apostoli
2528 4429 2619 4484 his
2651 4445 2798 4500 quos
2829 4427 2885 4481 in
2917 4426 3137 4497 Spiritu
3186 4427 3385 4479 sancto
3416 4422 3672 4494 alloque-

249 4525 435 4564 manu
468 4510 877 4583 episcoporum
913 4529 1152 4569 necesse
1206 4514 1417 4570 habeat
1465 4521 1700 4589 requiri.
1739 4521 1912 4575 Porro
1944 4541 1990 4604 Β
2023 4521 2257 4588 bantur,
2293 4521 2671 4589 perceperant
2702 4523 2766 4571 ut
2794 4515 2851 4569 in
2886 4513 3122 4569 nomine
3152 4513 3363 4568 Christi
3396 4516 3533 4568 Jesu
3571 4514 3670 4567 ba-

252 4601 478 4670 autem,
529 4604 592 4654 ut
643 4617 758 4655 non
807 4600 1112 4674 ignoratis,
1145 4605 1516 4660 credentibus
1570 4607 1910 4665 hominibus

250 4687 549 4744 invenitur
606 4689 860 4761 Spiritus
920 4693 1497 4749 sanctusaDomino
1553 4695 1728 4752 datus
1785 4699 1911 4752 sine

254 4774 612 4847 baptismate
655 4794 844 4849 aquae,
875 4779 1028 4835 sicut
1071 4784 1218 4837 Actis
1247 4781 1622 4854 apostolorum
1648 4787 1909 4842 contine-

2021 4608 2400 4682 ptizarentur,
2436 4605 2550 4662 nisi
2589 4605 2730 4676 quia
2769 4605 2956 4660 virtus
3005 4602 3260 4659 nominis
3306 4602 3448 4658 Jesu
3496 4619 3673 4674 super

2021 4712 2454 4770 quemcumque
2488 4694 2789 4751 hominum
2817 4692 3454 4765 baptismateinvocata
3470 4691 3541 4746 ad
3574 4707 3666 4746 sa-

2020 4786 2204 4842 lutem
2228 4785 2656 4856 assequendam
2690 4801 2804 4840 non
2837 4782 3126 4838 modicam
3152 4780 3590 4854 praerogativam
3618 4779 3670 4835 ei

1692 4920 2023 4982 Variorum
2078 4927 2266 4980 notes.

298 5029 441 5112 .(13)
474 5031 765 5112 Quoniam,
789 5044 850 5112 ut
889 5037 1302 5112 animadvertis.
1336 5042 1637 5098 Assentior
1685 5045 1910 5101 erudito

256 5103 382 5185 viro
402 5103 528 5185 lqu_i_
549 5105 776 5185 monuit
805 5106 1122 5185 legendum
1145 5127 1275 5185 esse
1303 5128 1637 5185 quanquam.

332 5173 443 5244 (14)
472 5177 572 5230 Ne.
609 5175 736 5254 Haec
776 5184 830 5233 et
861 5173 1042 5237 lectio
1092 5173 1390 5254 Rigaltfet
1421 5173 1598 5241 O'xon.
1638 5185 1910 5244 Baluzius

256 5247 460 5321 tamen
491 5263 588 5321 nec
618 5247 777 5321 legit.

333 5317 748 5397 (15)_Qu_oniafm
773 5321 959 5397 modo.
994 5323 1190 5378 Malim
1222 5341 1458 5397 quonam
1495 5329 1676 5383 modo.

331 5418 400 5427 —
436 5390 595 5446 Modo
640 5392 1013 5448 dimidiatum.
1051 5390 1335 5452 Idem-vir
1391 5400 1656 5455 eruditus
1713 5406 1910 5457 censet

252 5457 571 5544 legendum
603 5479 732 5520 esse
772 5481 878 5520 non
930 5467 1083 5544 modo
1117 5467 1466 5544 dimidiatum
1517 5475 1574 5526 ut
1613 5475 1905 5544 contendis,

254 5531 800 5610 sedcorzfumimgtur
826 5540 1150 5610 mysterium
1179 5539 1328 5610 ﬁdei.

327 5603 441 5676 (16)
471 5605 631 5663 Iusti.
667 5607 830 5681 Legit
860 5603 1144 5685 Higaltius
1175 5603 1284 5670 isti.

2094 5042 2303 5118 (17)Et
2349 5042 2639 5118 sicpaulo
2695 5042 2824 5118 ante
2857 5037 3200 5118 ‘emundqtis.
3236 5038 3320 5118 Ita
3376 5034 3668 5118 Daluzius:

2025 5108 2334 5187 Rigaltius,
2365 5123 2418 5170 et
2441 5108 2753 5187 inundatis,
2788 5108 3151 5187 intermediis
3199 5109 3432 5164 omissis
3469 5125 3481 5164 :
3515 5109 3669 5180 quod

2021 5181 2206 5261 magis
2239 5181 2443 5261 placet.
2479 5186 2658 5242 Oxon.
2693 5188 2743 5240 et
2761 5181 3105 5261 emundatis.
3176 5251 3210 5261 η
3365 5250 3376 5260 0

2091 5251 2202 5330 (18)
2236 5251 2427 5314 Munus
2475 5260 2723 5329 e/fusum.
2758 5254 2946 5330 Facile
2990 5251 3283 5330 assentior
3329 5251 3516 5307 eidem
3547 5253 3667 5309 viro

2020 5325 2382 5394 doctissimo,
2416 5325 2712 5400 qui'putat
2743 5325 2942 5400 reponi
2968 5325 3182 5400 debere
3210 5325 3428 5400 eﬂusus.

2090 5402 2200 5470 (19)
2235 5403 2362 5456 Tum
2391 5396 2589 5473 ipsum.
2627 5401 2782 5473 Idem
2815 5396 3128 5473 Rigaltius,
3162 5403 3245 5450 ter
3272 5396 3668 5473 ipsum_e_men-

2020 5467 2135 5529 dat.
2172 5467 2245 5547 At
2275 5467 2451 5547 editio
2482 5472 2796 5547 Baluziana
2823 5467 3214 5547 exhibeteum
3241 5469 3429 5547 etiam.
3458 5467 3662 5523 Utrum

2017 5562 2150 5603 vero
2184 5545 2300 5601 haec
2330 5544 2408 5601 sit
2436 5561 2548 5602 ms.
2578 5542 2797 5602 codicis
2823 5541 3017 5612 lectio,
3047 5539 3181 5596 silet
3207 5539 3468 5597 omnino.
