4088 6174
464 273 619 334 1239

1520 272 1622 331 DE
1665 262 2254 331 HIEBETICORUM
2305 264 2831 327 BAPTISMATE.

3661 283 3784 345 i240

465 403 565 476 qui
593 400 986 473 baptizaretur
1023 404 1296 473 praestare
1340 406 1559 474 posset,
1601 401 1771 457 sicuti
1815 401 2018 454 Petrus
2048 395 2110 450 in
2142 395 2196 460 Α
2226 393 2341 464 bet,
2397 397 2743 468 acciperent,
2775 397 3000 471 aliquid
3053 400 3168 457 tale
3213 402 3607 477 designassent;
3649 412 3788 470 sicuti

464 493 616 549 Actis
653 491 1016 562 apostolorum
1046 495 1284 545 enarrat
1314 491 1516 546 dicens
1551 509 1564 547 :
1598 495 1710 547 Nec
1756 488 1908 544 enim
1959 486 2115 542 aliud

467 585 545 638 est
575 596 772 635 nomen
814 579 912 634 sub
960 581 1097 635 caelo
1143 579 1284 651 quod
1331 580 1523 636 datum
1553 585 1631 637 est
1662 579 1997 644 hominibus,
2055 577 2115 630 in

471 686 573 742 quo
603 673 816 738 oportet
843 668 1014 722 salvos
1042 669 1165 734 ﬁeri
1199 684 1296 724 nos
1325 669 1460 738 (Act.
1496 687 1571 736 1v,
1609 669 1716 739 12).
1749 668 1912 722 Sicut
1940 664 2112 720 etiam

471 757 774 830 apostolus
806 755 1020 810 Paulus
1051 755 1238 828 aperit
1267 759 1582 812 ostendens
1614 757 1752 828 quia
1786 758 1933 810 Deus
1964 751 2118 809 exal-

472 848 618 904 tavit
671 847 875 902 Jesum
937 845 1248 900 Dominum
1310 851 1601 904 nostrum.
1632 851 1688 901 et
1745 845 1979 900 donavit
2036 841 2119 896 illi

477 952 687 994 nomen
720 935 793 990 ad
825 935 933 990 hoc
963 939 1027 989 ut
1055 935 1133 990 sit
1154 951 1332 1007 super
1363 952 1535 991 omne
1566 952 1808 1003 nomen;
1844 939 1908 989 ut
1937 933 1996 987 in
2029 949 2124 986 no-

478 1026 638 1082 mine
664 1024 803 1079 Jesu
839 1040 1042 1078 omnes
1072 1039 1266 1096 genua
1303 1029 1542 1080 curvent
1570 1024 1892 1081 caelestium
1923 1026 1980 1078 et
2009 1025 2121 1076 ter-

479 1113 757 1172 restrium
783 1117 840 1168 et
867 1113 1250 1184 int‘ernorum,
1274 1117 1330 1168 et
1351 1115 1542 1169 omnis
1563 1113 1764 1184 lingua
1785 1111 2130 1168 conﬁteatur

483 1203 624 1276 quia
651 1201 932 1258 Dominus
962 1206 1050 1257 est
1067 1202 1242 1257 Jesus
1271 1203 1327 1256 in
1353 1202 1535 1273 gloria
1564 1202 1750 1258 Patris
1771 1202 2036 1274 (Philipp.
2066 1217 2126 1264 ιι,

483 1292 662 1364 9-11).
683 1290 754 1346 Et
782 1289 880 1346 ille
911 1289 968 1345 in
1003 1308 1117 1362 quo
1163 1307 1295 1346 cum
1349 1292 1763 1363 baptizaretur,
1795 1290 2128 1345 invocatum

486 1384 642 1437 esset
669 1380 728 1434 in
760 1379 997 1434 nomine
1024 1381 1182 1446 Jesu,
1205 1380 1339 1435 licet
1377 1380 1436 1434 in
1477 1380 1672 1451 aliquo
1703 1395 1896 1435 errore
1925 1394 2132 1433 conse-

487 1472 784 1541 queretur,
817 1472 1011 1523 tamen
1049 1469 1398 1540 quandoque
1440 1485 1555 1524 non
1606 1468 2014 1540 prohiberetur
2044 1482 2132 1520 re-

490 1561 650 1613 ctum
683 1572 903 1628 sapere,
933 1562 992 1612 et
1017 1571 1268 1612 errorem
1303 1574 1477 1612 suum
1511 1557 1819 1629 corrigere,
1851 1560 1907 1612 et
1937 1555 2009 1609 ad
2042 1553 2138 1608 Ec-

491 1645 726 1701 clesiam
760 1649 818 1699 et
855 1645 924 1700 ad
966 1644 1300 1717 episcopum
1337 1647 1549 1716 venire,
1583 1651 1640 1701 et
1669 1645 1973 1701 sinceriter
2002 1660 2137 1698 cono

2224 501 2339 539 non
2372 485 2562 541 solum
2593 487 2829 544 Petrum
2871 488 2980 545 hoc
3027 506 3265 562 passum
3297 508 3415 549 esse
3443 494 3496 550 in
3537 498 3790 572 Evangelia

2224 573 2739 662 deprehendimus,
2772 595 2970 633 verum
3014 580 3312 636 universos
3339 599 3550 655 quoque
3583 589 3792 662 discipu-

2226 660 2334 729 los,
2369 663 2584 732 quibus
2632 665 2759 735 jam
2819 666 3128 738 baptizatis
3187 675 3378 740 postea
3430 673 3679 732 Dominus
3713 660 3795 747 ait,

2227 752 2361 820 quia
2403 767 2492 806 vos
2537 768 2720 808 omnes
2749 755 3271 813 scandalzmbzmim
3317 761 3374 813 in
3416 764 3682 830 mediam.
3708 784 3798 832 XIV,

2227 839 2350 909 27);
2400 840 2500 911 qui
2550 858 2775 913 omnes,
2805 849 2869 897 ut
2899 845 3434 919 animadvertimus,
3456 858 3678 908 correcta
3713 856 3801 910 ﬁde

2233 945 2340 983 sua
2379 934 2508 1000 post
2540 931 3023 989 resurrectionem
3060 935 3286 990 Domini
3319 936 3375 991 in
3406 938 3604 1010 Spiritu
3647 950 3805 999 sancto

2235 1021 2375 1072 sunt
2405 1018 2682 1090 baptizati
2711 1037 2723 1074 :
2753 1025 2816 1075 ut
2838 1038 2952 1077 non
2985 1022 3280 1079 immerito
3301 1024 3462 1082 hodie
3488 1044 3690 1101 quoque
3713 1049 3806 1087 cre-

2236 1106 2446 1160 damus
2481 1107 2747 1163 homines
2781 1115 3068 1167 correctos
3101 1128 3134 1167 a
3163 1113 3406 1184 pristino
3433 1132 3625 1186 errore,
3647 1119 3693 1173 in
3711 1121 3810 1192 Spi-

2237 1194 2348 1248 ritu
2383 1202 2585 1252 sancto
2618 1214 2789 1269 posse
2821 1199 3124 1272 baptizari,
3158 1202 3260 1274 qui
3291 1219 3420 1259 cum
3449 1222 3586 1276 aqua
3610 1208 3812 1279 baptiza-

2240 1289 2444 1339 rentur
2473 1285 2530 1340 in
2564 1287 2798 1343 nomine
2829 1289 3060 1344 Domini
3091 1289 3329 1363 aliquod
3357 1293 3602 1350 scabram
3624 1297 3715 1367 (‘20)
3736 1298 3816 1353 ha-

2242 1372 2512 1430 buissent
2541 1375 2745 1442 ﬁdem;
2789 1377 3067 1448 quoniam
3105 1379 3357 1435 multum
3404 1381 3626 1438 interest
3662 1390 3815 1440 utrum

2244 1463 2302 1518 in
2337 1469 2522 1518 totum
2546 1464 2678 1536 quis
2709 1482 2821 1521 non
2856 1466 2932 1521 sit
2963 1467 3293 1539 baptizatus
3320 1469 3377 1524 in
3404 1473 3620 1528 nomine
3641 1475 3819 1528 Domini

2246 1553 2428 1608 nostri
2448 1553 2586 1609 Jesu
2609 1554 2845 1623 Christi,
2875 1573 2947 1610 an
2968 1573 3102 1612 vero
3131 1556 3191 1612 in
3222 1557 3416 1629 aliquo
3446 1560 3702 1618 claudicet
3719 1578 3819 1617 cum

2247 1643 2577 1714 baptizatur
2609 1645 2963 1715 baptismate
2985 1662 3172 1716 aque,
3195 1649 3350 1717 quod
3376 1648 3560 1704 minus
3585 1655 3682 1718 est,
3701 1652 3822 1705 dum~

492 1734 642 1790 ﬁteri
689 1734 890 1788 Jesum
942 1739 1208 1789 nostrum
1261 1751 1453 1790 coram
1506 1734 1872 1802 hominibus;
1908 1737 1971 1787 ut
2000 1736 2139 1786 tunc
2169 1768 2217 1831 B
2248 1731 2421 1786 modo
2474 1737 2675 1802 postea
2723 1738 2949 1788 constet
2985 1734 3045 1788 in
3077 1735 3322 1790 veritate
3370 1737 3585 1791 sincera
3627 1739 3746 1793 ﬁdes
3781 1739 3821 1792 in

493 1840 627 1879 cum
661 1823 733 1878 ab
764 1822 1036 1894 episcopo
1058 1821 1109 1878 ei
1137 1839 1346 1878 manus
1377 1823 1794 1895 imponeretur,
1820 1821 1992 1877 etiam
2019 1819 2141 1891 Spi-

495 1912 672 1968 ritum
706 1916 974 1968 sanctum
1028 1911 1335 1984 acciperet,
1370 1929 1474 1968 nec
1523 1912 1947 1968 invocationem
1981 1909 2140 1963 illam

494 2002 804 2075 pristinam
863 2000 1118 2057 nominis
1165 2002 1304 2058 Jesu
1349 2002 1661 2067 amitteret,
1695 2016 1872 2072 quam
1925 1997 2144 2054 nemini

498 2095 767 2148 nostrum
792 2090 926 2146 licet
950 2091 1249 2161 damnare,
1269 2108 1404 2146 cum
1428 2091 1547 2144 haec
1570 2091 1726 2144 nuda
1747 2095 1805 2145 et
1829 2087 2147 2160 singularis

501 2181 552 2238 si
581 2180 641 2235 in
673 2195 867 2236 errore
905 2179 982 2235 sit
1028 2179 1363 2245 constituta,
1396 2197 1512 2234 non
1545 2183 1742 2252 posset
1770 2179 1842 2234 ad
1892 2175 2147 2233 salutem

504 2269 896 2343 prestandam
928 2269 1224 2337 sufﬁcere;
1257 2285 1330 2324 ne
1361 2268 1468 2324 hac
1498 2269 1720 2324 ratione
1751 2268 1927 2323 etiam
1956 2263 2147 2321 ethni-

509 2375 606 2414 cos
639 2363 697 2414 et
726 2358 1027 2414 hereticos
1070 2359 1376 2414 abutentes
1408 2374 1618 2413 nomen
1648 2357 1811 2424 Jesu,
1844 2355 2152 2410 credamus

508 2449 581 2504 ad
613 2447 864 2504 salutem
897 2446 1022 2503 sine
1053 2463 1184 2502 vera
1213 2464 1274 2501 re
1305 2451 1479 2519 atque
1509 2447 1730 2516 integra
1759 2460 1929 2517 posse
1961 2458 2155 2515 perve-

508 2537 654 2592 nire.
679 2538 862 2602 Quam
894 2540 1090 2590 tamen
1121 2535 1546 2591 invocationem
1578 2533 1834 2590 nominis
1864 2534 2003 2589 Jesu
2035 2548 2155 2586 cor-

507 2627 760 2682 rectione
790 2625 1004 2681 erroris
1034 2628 1090 2679 et
1128 2623 1422 2696 agnitione
1475 2624 1607 2680 ﬁdei
1652 2622 1933 2693 veritatis,
1965 2626 2024 2676 et
2051 2621 2153 2676 ab-

508 2715 661 2771 scisa
691 2715 849 2771 omni
880 2713 1010 2769 labe
1041 2714 1341 2784 preterite
1371 2713 1847 2783 conversationis,
1878 2709 2155 2784 mysterio

506 2804 608 2862 Dei
639 2804 794 2860 circa
822 2803 1112 2875 ejusmodi
1153 2803 1418 2858 homines
1463 2803 1572 2858 rite
1620 2805 2032 2875 perpetratam,
2067 2799 2156 2855 lo-

507 2910 643 2950 cum
667 2909 842 2965 quem
877 2891 1144 2948 habitura
1166 2908 1281 2947 non
1305 2895 1447 2962 erat,
1470 2891 1754 2959 obtinere,
1776 2895 1833 2946 et
1862 2894 2156 2962 postremo

508 2982 567 3038 in
599 2982 713 3037 fide
747 2984 906 3037 recta
935 2985 991 3036 et
1033 2981 1103 3036 ad
1154 2980 1549 3051 integritatem
1582 2980 1733 3052 signi
1764 2979 2157 3051 praestandam

509 3088 625 3128 non
657 3071 883 3137 obesse,
915 3069 1326 3142 supplemento
1374 3071 1501 3140 ejus
1541 3071 1696 3140 quod
1747 3070 1946 3124 deerat
1992 3085 2154 3124 acce-

2251 1819 2601 1890 baptismate
2643 1821 2917 1892 Spiritus,
2952 1823 3108 1894 quod
3140 1840 3258 1878 non
3292 1825 3462 1879 dubie
3489 1827 3664 1896 majus
3689 1831 3776 1882 est.

2322 1909 2438 1964 VII.
2471 1909 2586 1964 Nec
2616 1911 2869 1966 estimes
2900 1911 3037 1966 huic
3075 1914 3344 1968 tractatui
3372 1914 3697 1969 contrarium
3735 1931 3827 1970 esse

2255 1999 2407 2069 quod
2443 1998 2587 2053 dixit
2631 1999 2952 2055 Dominus:
2989 2002 3082 2068 Ile,
3113 2001 3261 2057 docte
3305 2007 3504 2072 gentes,
3532 2005 3731 2074 linquite
3754 2019 3829 2070 eos,

2257 2088 2316 2142 in
2344 2091 2567 2142 nomine
2617 2090 2801 2143 Patris
2839 2093 2888 2144 et
2936 2091 3069 2144 Filii
3099 2098 3148 2144 et
3178 2091 3425 2161 Spiritus
3467 2103 3649 2147 sancti.
3677 2093 3830 2159 (Matth.

2258 2191 2456 2242 xxvm,
2493 2177 2599 2248 19).
2634 2177 2783 2241 Quia
2812 2195 2944 2233 cum
2992 2178 3101 2234 hoc
3131 2196 3334 2234 verum
3365 2184 3421 2236 et
3449 2185 3652 2236 rectum
3677 2189 3724 2236 et
3745 2197 3833 2236 om-

2261 2265 2434 2321 nibus
2466 2267 2656 2322 modis
2687 2267 2746 2321 in
2769 2267 3025 2323 Ecclesia
3054 2268 3487 2325 observandum
3515 2271 3603 2336 sit,
3625 2276 3675 2325 et
3697 2270 3838 2326 obsen

2259 2355 2382 2410 vari
2414 2372 2647 2428 quoque
2676 2357 2918 2412 solitum
2950 2360 3045 2425 sit,
3071 2363 3270 2414 tamen
3294 2359 3646 2415 considerare
3671 2362 3837 2429 Oportet

2263 2448 2418 2519 quod
2450 2447 2735 2502 invocatio
2767 2446 3023 2502 nominis
3041 2447 3184 2502 Jesu
3220 2465 3336 2504 non
3368 2449 3534 2504 debet
3561 2466 3591 2503 a
3616 2448 3755 2503 nobis
3778 2447 3839 2501 fu-

2263 2535 2383 2591 tilis
2406 2535 2588 2590 videri
2620 2538 2855 2607 propter
2873 2535 3310 2593 venerationem
3341 2542 3400 2592 et
3427 2538 3677 2592 virtutem
3703 2535 3838 2608 ipsius

2265 2625 2522 2680 nominis
2551 2641 2564 2679 :
2590 2624 2648 2678 in
2671 2641 2786 2696 quo
2807 2625 3044 2680 nomine
3063 2625 3313 2682 virtutes
3334 2642 3534 2683 omnes
3557 2625 3721 2682 solent
3736 2623 3839 2690 ﬁeri,

2265 2718 2324 2769 et
2352 2730 2777 2785 nonnunquam
2811 2712 3020 2784 alique
3057 2715 3233 2770 etiam
3266 2717 3339 2770 ab
3372 2713 3684 2770 hominibus
3704 2719 3837 2768 extra

2266 2803 2410 2858 neis.
2442 2803 2726 2858 Ceterum
2759 2818 2873 2873 quo
2905 2801 3201 2874 pertinent
3231 2803 3336 2859 illa
3362 2804 3534 2859 verba
3557 2802 3754 2872 Christi,
3770 2798 3839 2871 qui

2267 2897 2615 2966 negaturum
2667 2909 2728 2948 se
2756 2894 2905 2964 {esse
2935 2893 3098 2960 dixit,
3134 2909 3241 2949 nec
3292 2911 3465 2951 nosse
3508 2910 3600 2948 eos
3643 2893 3724 2963 qui
3764 2890 3839 2945 sibi

2266 2982 2326 3037 in
2379 2983 2470 3038 die
2519 2981 2728 3054 judicii
2783 2982 2999 3037 dicturi
3056 2987 3259 3038 essent
3301 3000 3314 3037 :
3369 2984 3608 3048 Domine,
3657 2980 3841 3038 Domine.

2265 3087 2446 3126 nonne
2496 3073 2557 3125 in
2606 3078 2698 3126 tuo
2744 3072 2971 3125 nomine
3022 3070 3490 3142 prophetammus,
3522 3076 3571 3126 et
3604 3070 3842 3124 innomine

511 3161 708 3224 dente,
741 3134 1198 3231 perquam-utile
1244 3162 1334 3213 est
1365 3134 1616 3227 credere,
1649 3166 1706 3214 et
1734 3163 1820 3213 tot
1865 3175 2153 3214 annorum
2186 3134 2229 3201 C
2268 3163 2361 3215 tuo
2416 3159 2691 3217 daemonia
2738 3134 3037 3229 ejecimus;
3065 3134 3136 3214 δι’
3162 3160 3229 3214 in
3277 3134 3500 3215 nomine
3551 3168 3632 3215 tuo
3679 3158 3841 3211 virtutes

512 3254 714 3319 totque
739 3248 1116 3305 ecclesiarum
1148 3247 1408 3319 itemque
1433 3247 1828 3320 apostolorum
1857 3252 1914 3303 et
1943 3247 2160 3319 episco-

513 3355 721 3412 porum
754 3337 1086 3394 auctoritati
1129 3353 1264 3393 cum
1307 3337 1460 3392 bona
1488 3336 1713 3393 ratione
1743 3337 2108 3408 acquiescere
2143 3354 2155 3391 :

513 3446 648 3486 cum
689 3427 765 3484 sit
815 3427 1130 3482 maximum
1181 3426 1619 3482 incommodum
1668 3443 1734 3482 ac
1784 3425 2159 3498 dispendium

512 3515 897 3574 sanctissime
929 3514 1132 3570 Matris
1171 3513 1458 3581 Ecclesiae,
1491 3515 1772 3571 adversus
1803 3516 1996 3587 prisca
2024 3533 2160 3570 con-

513 3605 670 3663 sulta
699 3605 899 3661 1191
951 3607 1082 3675 post
1128 3607 1213 3658 tot
1268 3603 1611 3659 seculorum
1670 3608 1893 3659 tantam
1952 3604 2161 3660 seriem

515 3711 672 3750 nunc
720 3695 980 3766 primum
1035 3696 1270 3765 repente
1299 3709 1364 3748 ac
1394 3693 1519 3748 sine
1568 3693 1790 3748 ratione
1838 3693 2159 3766 insurgere.

514 3785 630 3841 Nec
678 3783 833 3839 enim
893 3786 1130 3855 prepter
1188 3781 1348 3837 aliud
1397 3782 1605 3837 Petrus
1645 3782 1745 3853 qui
1794 3783 1918 3853 jam
1977 3783 2167 3838 fuerat

515 3871 866 3944 baptizatus,
900 3875 957 3926 et
1004 3869 1144 3942 quid
1203 3869 1445 3925 sentiret
1498 3870 1568 3926 de
1618 3870 1859 3926 Domino
1909 3871 1980 3926 ab
2038 3871 2165 3942 ipso

516 3961 766 4018 Domino
811 3964 935 4015 erat
982 3959 1393 4030 interrogatus,
1427 3962 1485 4012 et
1514 3958 1752 4014 veritate
1801 3958 2168 4015 revelationis

517 4051 704 4107 Patris
754 4048 1004 4105 celestis
1053 4048 1112 4101 in
1161 4063 1294 4102 eum
1342 4045 1643 4116 collocata,
1678 4048 1832 4119 quod
1884 4048 2170 4104 Dominus

517 4143 718 4195 noster
777 4154 892 4193 non
952 4136 1144 4192 solum
1177 4135 1462 4205 Christus,
1514 4152 1714 4190 verum
1772 4137 1948 4192 etiam
1991 4137 2170 4192 Filius

519 4227 620 4285 Dei
664 4227 777 4283 vivi
834 4230 988 4282 esset
1033 4226 1335 4280 confessus
1381 4225 1588 4296 (Matth.
1620 4241 1736 4295 xvx,
1770 4226 1879 4297 16),
1913 4230 2171 4297 postmo-

519 4320 660 4374 dum
719 4316 908 4373 eidem
948 4315 1176 4372 Christo
1221 4314 1558 4387 predicanti
1612 4315 1682 4371 de
1739 4332 1847 4371 sua
1903 4315 2174 4388 passione

519 4409 842 4480 refragatus
881 4421 1010 4462 esse
1041 4407 1404 4461 monstratus
1435 4409 1542 4474 est,
1576 4408 1632 4460 et
1671 4409 1980 4478 propterea
2009 4406 2171 4462 Sata-

2265 3265 2492 3319 magnas
2538 3250 2797 3318 fncimus,
2831 3248 3239 3319 respondendo
3273 3248 3358 3303 eis
3389 3251 3559 3304 etiam
3588 3263 3704 3302 cum
3730 3247 3842 3315 jure-

2261 3338 2516 3410 jurando
2563 3339 2693 3410 quia
2739 3354 3028 3408 nunquam
3071 3340 3303 3408 cognovi
3329 3354 3457 3404 vos;
3502 3336 3845 3393 discediteamt

2269 3430 2366 3500 qui
2415 3428 2730 3498 operamini
2759 3427 3112 3498 iniquitatem
3158 3427 3352 3494 (Marc.
3387 3443 3499 3496 xxv,
3529 3428 3647 3494 27);
3674 3421 3762 3476 nisi
3785 3436 3842 3472 os~

2270 3517 2608 3572 tenderetur
2637 3515 2807 3570 nobis
2856 3531 3288 3585 nonnunquam
3338 3515 3514 3571 etiam
3559 3514 3624 3568 ab
3667 3510 3743 3565 his
3777 3504 3844 3577 qui

2272 3613 2651 3678 operarentur
2679 3604 3068 3675 iniquitatem,
3103 3621 3275 3674 posse
3308 3621 3411 3676 per
3457 3602 3683 3659 nimiam
3719 3598 3845 3653 virtu-

2276 3704 2390 3752 tem
2431 3693 2686 3751 nominis
2731 3698 2869 3750 Jesu
2917 3694 3093 3749 etiam
3126 3693 3250 3750 hec
3283 3694 3452 3750 ﬁeri?
3496 3692 3688 3748 idcirco
3727 3685 3845 3741 debet

2274 3785 2558 3842 invocatio
2588 3784 2794 3840 1192
2844 3783 2964 3838 hec
3014 3783 3280 3840 nominis
3309 3783 3450 3840 Jesu
3482 3780 3640 3854 quasi
3679 3775 3845 3832 initium

2276 3875 2572 3948 quoddam
2631 3873 2895 3946 mysterii
2946 3872 3233 3928 Dominici
3283 3886 3588 3928 commune
3640 3866 3772 3922 nobis
3811 3864 3847 3913 el

2277 3964 2500 4021 ceteris
2545 3963 2821 4019 omnibus
2871 3962 3277 4034 accipi,’;‘quod
3329 3962 3515 4034 possit
3557 3953 3847 4028 postmodum

2278 4054 2530 4110 residuis
2560 4054 2736 4109 rebus
2781 4051 3040 4124 impleri;
3085 4051 3232 4107 alias
3284 4068 3403 4106 non
3455 4049 3725 4121 profutura
3759 4039 3848 4096 talis

2278 4145 2564 4202 invocatio
2595 4159 2728 4199 cum
2759 4141 2886 4198 sola
2917 4141 3328 4212 permanserit,
3353 4139 3492 4212 quia
3523 4141 3644 4211 post
3669 4135 3850 4189 mortem

2280 4235 2570 4308 ejusmodi
2602 4230 2861 4288 hominis
2888 4247 3002 4285 non
3034 4234 3231 4301 potest
3261 4229 3312 4284 ei
3348 4229 3658 4300 quidquam
3676 4218 3849 4308 omnino

2281 4304 2478 4396 adjici,
2503 4322 2590 4378 vel
2620 4319 2882 4392 suppleri
2912 4326 3014 4374 aut
3041 4318 3102 4374 in
3125 4317 3328 4390 aliquo
3359 4317 3626 4390 prodesse
3647 4313 3726 4368 die
3743 4304 3848 4379 judi-

2283 4414 2377 4483 cii,
2411 4429 2544 4469 cum
2577 4410 2663 4466 illi
2693 4427 2728 4465 a
2758 4409 3003 4465 Domino
3036 4412 3236 4464 nostro
3267 4424 3398 4479 que
3440 4421 3608 4478 supra
3635 4412 3849 4457 memora-

519 4515 626 4554 ῑιειε
668 4497 781 4552 dici
829 4500 1100 4552 ostensus
1131 4499 1222 4551 est
1251 4494 1408 4562 (Ῑὺίάο
1440 4494 1527 4567 3);
1560 4494 1674 4550 Πίεί
1721 4495 1858 4566 (Ιυία
1905 4497 2170 4550 futurum
2201 4502 2248 4566 D
2281 4503 2470 4558 vimus
2501 4499 2778 4571 ceperint
2805 4495 3158 4568 exprobrari,
3183 4497 3286 4568 qui
3322 4503 3514 4552 tamen
3547 4486 3766 4549 universi
3786 4484 3851 4539 ho-

518 4591 644 4643 erat
701 4593 764 4641 ut
819 4585 1080 4657 quidam,
1127 4585 1362 4641 tametsi
1409 4584 1700 4641 variantes
1761 4585 1821 4640 in
1881 4585 2171 4641 sententia

519 4674 756 4748 propria
784 4677 840 4730 et
891 4673 1290 4730 claudicantes
1349 4673 1666 4746 aliquando
1716 4674 1776 4730 in
1826 4675 1939 4730 ﬁde
1998 4681 2170 4746 atque

517 4763 804 4829 doctrina,
827 4779 963 4818 cum
993 4763 1052 4818 in
1076 4763 1311 4819 nomine
1331 4763 1470 4819 Jesu
1494 4764 1948 4836 baptizarentur,
1973 4768 2169 4820 tamen

519 4855 570 4910 si
609 4850 912 4908 intervallo
961 4853 1217 4923 quodam
1266 4853 1544 4924 temporis
1592 4854 1944 4926 recorrigere
1975 4853 2032 4908 id
2068 4871 2168 4925 po-

520 4942 796 5014 tuissent,
844 4958 960 4997 non
1013 4946 1317 5014 propterea
1364 4958 1398 4997 a
1443 4941 1632 4996 salute
1687 4943 2035 5010 exciderent,
2069 4943 2168 4998 sed

521 5033 872 5103 quandoque
925 5031 1333 5103 resipuissent,
1388 5030 1677 5101 integram
1737 5047 1901 5101 spem
1958 5031 2169 5087 salutis

523 5121 856 5194 penitendo
907 5119 1279 5176 obtinerent:
1328 5118 1649 5190 presertim
1701 5135 1834 5173 cum
1884 5120 2168 5192 Spiritum

521 5217 794 5269 sanctum
827 5227 942 5282 quo
980 5209 1258 5282 baptizari
1294 5208 1697 5279 unusquisque
1727 5208 2032 5264 hominum
2068 5211 2167 5265 de-

2279 4594 2374 4649 die
2405 4597 2470 4648 ut
2499 4591 2611 4646 sibi
2651 4589 2746 4644 his
2777 4587 2968 4642 modis
2998 4587 3356 4642 subveniant
3385 4585 3594 4656 quibus
3621 4593 3769 4650 supra
3789 4587 3848 4628 os-

2277 4683 2596 4750 tendimus,
2620 4695 2736 4734 non
2770 4678 3018 4749 possunt
3047 4675 3117 4731 ab
3152 4674 3274 4731 ullo
3307 4675 3605 4732 hominum
3632 4674 3732 4724 tam
3750 4664 3847 4720 dum

2277 4777 2516 4843 tamque
2546 4766 2857 4825 crudeliter
2887 4764 3205 4838 prohiberi.

2349 4865 2496 4919 VIII.
2531 4862 2636 4917 Sed
2678 4860 2751 4914 ad
2801 4858 2944 4924 hec,
2979 4861 3044 4912 ut
3089 4856 3264 4923 soles,
3322 4853 3684 4917 contradices,
3723 4857 3850 4919 oppo-

2280 4955 2469 5012 nendo
2518 4953 2684 5009 nobis
2742 4956 2880 5007 tunc
2931 4966 3062 5004 cum
3125 4948 3561 5020 baptizarentur
3610 4943 3850 5011 integrent:

2278 5050 2429 5102 recte
2458 5040 2778 5113 discipulos
2808 5056 2873 5095 ac
2905 5055 3020 5094 non
3055 5043 3118 5092 ut
3147 5038 3253 5092 hos
3302 5035 3594 5090 hereticos
3624 5042 3732 5086 esse
3753 5025 3850 5116 blP:

2278 5136 2485 5190 tizatos
2537 5149 2550 5186 :
2601 5130 2755 5203 quod
2804 5146 2872 5184 ex
2921 5142 3167 5199 persona
3217 5125 3482 5198 ipsorum
3539 5127 3591 5178 et
3640 5120 3746 5189 ejus
3784 5124 3848 5203 qui

2280 5222 2596 5296 baptizavit
2617 5193 2778 5289 illos,
2814 5193 3017 5274 sumas
3066 5193 3304 5271 necesse
3336 5218 3442 5269 est.
3473 5213 3537 5267 Et
3565 5209 3677 5264 ideo
3703 5216 3783 5259 nos
3803 5193 3850 5250 ad

1938 5353 2268 5415 Variorum
2309 5354 2497 5412 note.

593 5472 696 5541 (20)
731 5471 961 5540 Aliquod
987 5472 1256 5526 scabram.
1292 5470 1536 5524 Fortean
1577 5467 1880 5540 scripserit
1909 5474 2160 5541 Auctor.

517 5544 704 5613 aliquo
758 5543 1009 5598 scabram
1053 5561 1072 5596 :
1119 5543 1227 5597 hoc
1283 5547 1392 5605 est,
1422 5541 1844 5613 aliquatenus.
1879 5540 1950 5597 Ut
2007 5542 2162 5613 apud

515 5612 961 5684 Tertullianum,
993 5613 1187 5685 aliquo
1233 5612 1511 5670 Numidas.
1543 5617 1665 5677 Quo
1699 5613 1747 5668 si
1795 5613 1927 5685 quis
1976 5612 2161 5682 malit,

2271 5465 2492 5538 aliquod
2537 5458 2993 5538 scabnamhferri
3041 5462 3194 5538 certe
3242 5455 3498 5528 poterit:
3539 5442 3845 5538 qusmﬂgg'

2273 5511 2623 5607 331515.116
2634 5511 3005 5606 “Virgilium,
3039 5511 3097 5585 os
3116 5511 3123 5512 ⁷
3142 5511 3501 5599 numerosque
3544 5511 3638 5578 Deo
3676 5511 3844 5573 simile.

2274 5610 2508 5667 RIGALT.
