4088 6174
271 273 429 333 12M

1275 271 1476 331 PARS
1519 271 1568 331 Ι.
1605 303 1682 316 -
1721 269 2223 332 MONUMENTA
2269 269 2672 332 VETERUM.

3522 271 3677 332 1242

269 403 731 479 propositionem
761 402 912 459 hanc
934 407 1096 459 tuam
1128 421 1241 460 non
1263 409 1328 460 ut
1359 407 1728 461 accusatores
1751 403 1922 459 disei-
1950 405 2004 471 Α
2035 405 2441 475 conceperant.
2485 403 2744 475 Denique
2798 403 2889 460 hic
2941 403 3050 460 fuit
3106 404 3281 460 etiam
3333 404 3673 461 .Iudzeorum

271 495 550 566 pulcrum
582 493 812 549 Domini
846 495 1267 565 respondemus
1297 495 1398 550 sed
1449 494 1623 549 sicuti
1667 492 1918 565 compel-

267 584 490 652 limur;
524 584 664 656 quia
690 599 926 639 necesse
956 587 1046 639 est
1069 584 1166 639 ubi
1196 588 1252 639 et
1281 584 1515 656 quando
1546 589 1603 639 et
1646 583 1921 654 quemad-

270 673 517 727 modum
552 672 864 744 unicuique
879 676 1145 728 nostrum
1170 673 1330 728 salus
1361 673 1438 728 sit
1465 672 1723 746 praestita
1752 672 1921 727 ratio-

273 761 454 816 nibus
482 760 924 832 investigemus.
958 761 1222 832 Namque
1252 767 1452 816 natum
1476 777 1603 817 esse
1625 761 1917 816 Dominun

275 855 546 906 nostrum
579 853 637 904 et
654 849 951 905 Christum
981 867 1109 906 esse
1137 867 1269 905 eum
1304 850 1508 923 multis
1533 850 1858 906 rationibus
1890 865 1924 904 a

266 939 576 1010 discipulis
605 940 733 1009 ejus
763 956 878 994 non
910 940 1204 995 immerito
1226 941 1379 995 credi
1410 941 1734 1006 videbatur,
1760 939 1914 1011 quod

264 1045 339 1084 ex
367 1029 525 1084 tribu
553 1029 727 1095 Juda,
759 1030 913 1099 quod
945 1046 1012 1084 ex
1039 1045 1250 1102 genere
1294 1029 1491 1097 David,
1522 1029 1797 1102 quodque
1856 1027 1916 1082 in

266 1117 501 1174 civitate
521 1117 844 1173 Betheleem
875 1118 1082 1174 fuisset
1106 1122 1279 1173 natus
1301 1138 1314 1184 ς
1335 1123 1390 1174 et
1407 1119 1561 1190 quod
1588 1117 1920 1190 pastoribus

269 1207 347 1263 ab
378 1205 621 1280 angelis,
653 1207 933 1278 quoniam
960 1207 1224 1264 Salvator
1253 1207 1368 1264 illis
1399 1213 1571 1263 natus
1621 1211 1776 1263 esset
1826 1223 1917 1262 co-

269 1297 408 1353 dem
439 1298 730 1352 memento
763 1296 970 1352 fuisset
991 1296 1375 1353 annuntiatus
1399 1315 1413 1364 ;
1438 1297 1592 1369 quod
1614 1297 1673 1353 in
1696 1297 1917 1352 oriente

268 1384 401 1440 visa
430 1385 558 1456 ejus
589 1383 760 1441 stella
790 1384 1208 1441 sollicitissime
1232 1386 1435 1443 fuisset
1455 1403 1488 1441 a
1519 1385 1708 1458 magis
1731 1385 1920 1458 requi-

271 1474 424 1530 situs
452 1478 510 1530 et
538 1474 837 1540 adoratus,
869 1479 926 1530 et
954 1475 1285 1532 illustribus
1313 1476 1480 1532 donis
1511 1479 1568 1531 et
1588 1473 1918 1547 insignibus

272 1564 620 1620 muneribus
675 1564 1036 1632 honoratus;
1072 1567 1226 1637 quod
1287 1582 1432 1638 puer
1488 1564 1806 1622 admodum
1861 1563 1919 1618 in

271 1652 490 1724 templo
522 1655 732 1710 sedens
762 1669 897 1709 cum
927 1654 1074 1727 legis
1129 1656 1484 1725 doctoribus,
1519 1654 1837 1727 prudenter
1866 1656 1924 1708 et

272 1758 410 1796 cum
442 1741 829 1797 admiratione
860 1743 1122 1798 omnium
1166 1743 1557 1816 disputasset;
1591 1741 1748 1814 quod
1793 1755 1921 1795 cum

269 1830 683 1902 baptizaretur,
742 1831 822 1886 ita
873 1835 936 1886 ut
989 1832 1140 1888 nulli
1193 1833 1291 1888 alii
1354 1833 1696 1906 contigerat,
1757 1830 1928 1887 caelis

271 1923 491 1992 apertis
523 1923 900 1978 descensione
931 1923 1182 1994 Spiritus
1227 1925 1415 1980 sancti
1461 1929 1518 1979 et
1568 1940 1744 1995 super
1790 1941 1924 1981 cum

271 2014 598 2078 mansione,
652 2015 986 2069 testimonio
1045 2016 1216 2070 etiam
1278 2015 1463 2071 Patris
1521 2016 1612 2070 sui
1668 2017 1925 2089 itemque

269 2102 513 2159 Joannis
543 2103 818 2174 Baptistae
852 2104 1058 2160 fuisset
1115 2104 1510 2173 clariﬁcatus;
1545 2107 1697 2178 quod
1749 2123 1926 2178 supra

273 2192 596 2247 humanam
648 2193 1106 2249 mediocritatem
1165 2195 1339 2249 corda
1411 2199 1469 2250 et
1541 2195 1924 2267 cogitationes

273 2282 683 2336 universorum
716 2281 1085 2354 intelligeret,
1119 2284 1274 2354 quod
1326 2282 1634 2355 languores
1691 2289 1747 2340 et
1787 2285 1925 2340 vitia

271 2374 336 2426 et
359 2369 720 2425 valetudines
751 2387 885 2425 cum
927 2376 1212 2441 potestate
1255 2374 1512 2428 maxima
1560 2378 1789 2428 curaret
1837 2378 1922 2430 at-

275 2475 393 2531 que
415 2463 649 2514 sanaret
669 2477 683 2524 ;
703 2460 856 2530 quod
879 2460 1256 2516 remissiones
1269 2467 1638 2533 peccatorum
1657 2480 1790 2518 cum
1813 2463 1926 2519 evi-

271 2547 436 2604 denti
462 2547 799 2619 probatione
823 2551 1302 2621 praastaret,quod
1326 2551 1612 2606 daemonia
1635 2553 1804 2621 jussu
1829 2569 1926 2608 ex-

274 2636 538 2707 pelleret,
557 2637 709 2707 quod
726 2636 988 2709 leprosos
1011 2639 1182 2693 verbo
1202 2639 1530 2707 mandaret,
1547 2640 1701 2710 quod
1714 2657 1923 2710 aquam

273 2723 338 2777 in
369 2739 568 2777 Vinum
607 2725 988 2779 convertendo
1020 2726 1347 2781 convivium
1381 2727 1642 2799 nuptiale
1673 2727 1925 2782 admira-

273 2811 380 2866 bili
413 2810 611 2866 laetitia
638 2812 1040 2885 amplificaret,
1074 2816 1228 2886 quod
1269 2815 1433 2870 caecis
1490 2816 1772 2872 visionem
1833 2833 1926 2873 re-

272 2899 550 2956 stitueret
566 2905 667 2955 aut
689 2900 1035 2970 indulgeret,
1059 2904 1212 2974 quod
1236 2903 1561 2960 doctrinam
1583 2905 1773 2960 Patris
1793 2923 1925 2962 cum

274 2989 442 3044 omni
472 2988 686 3045 ﬁducia
737 2995 1044 3057 assereret,
1067 2992 1215 3063 qaod
1274 2991 1332 3046 in
1392 2992 1516 3048 loco
1575 2993 1804 3049 deserto
1857 2996 1928 3051 de

275 3077 539 3148 quinque
567 3078 823 3149 panibus
854 3079 1114 3150 quinque
1147 3079 1331 3136 millia
1359 3080 1666 3139 hominum
1700 3089 1927 3140 satura—

2033 507 2225 547 sermo
2258 492 2732 548 contradictionis
2760 494 3038 549 adversus
3069 509 3224 561 eum,
3258 511 3391 549 cum
3431 511 3493 550 se
3551 495 3678 566 ipse

2033 581 2268 651 quidem
2300 581 2531 637 doceret
2561 598 2658 638 eos
2691 587 2746 638 et
2771 583 2961 638 futura
3000 583 3375 639 annuntiaret
3399 601 3411 651 ;
3439 583 3522 640 illi
3578 601 3677 639 au-

2035 672 2150 724 tem
2178 671 2479 726 dicerunt:
2515 673 2617 727 Nos
2647 672 2955 727 audivimus
2996 689 3029 728 α
3087 674 3200 743 lege
3245 676 3379 745 quia
3427 674 3678 730 Christus

2034 768 2217 815 manet
2243 763 2301 814 in
2333 764 2636 816 (veternum:
2668 770 2719 816 et
2748 761 3012 832 quomodo
3038 765 3097 817 tu
3144 763 3287 818 dicis
3341 765 3478 835 quia
3524 764 3677 820 exal-

2035 850 2144 904 tari
2171 858 2380 920 Oportet
2416 851 2594 919 [ilium
2649 850 2888 907 hominis
2945 854 3121 920 (Joan.
3154 870 3253 919 xu,
3286 854 3417 924 34)?
3477 854 3678 927 Itaque

2039 938 2147 992 fuit
2176 937 2600 1008 discipulorum
2633 939 2834 993 eadem
2867 939 2989 995 haec
3022 942 3398 1012 praesumptio
3417 942 3488 997 de
3517 942 3677 998 Chri-

2037 1031 2147 1090 sto,
2183 1031 2598 1099 prorumpente
2618 1026 2676 1081 in
2703 1028 2882 1083 istum
2905 1044 3232 1085 sermonem
3254 1030 3678 1088 incredulitatis

2033 1133 2152 1173 sure
2177 1116 2343 1171 Petro
2375 1115 2500 1188 ipso
2532 1117 2677 1172 duec
2699 1133 2764 1172 ac
2795 1117 3055 1189 principe
3085 1119 3504 1191 apostolorum.
3537 1122 3679 1178 Cum

2035 1206 2190 1262 enim
2219 1222 2252 1260 a
2283 1206 2527 1261 Domino
2558 1205 2737 1261 simul
2769 1223 2901 1262 cum
2934 1207 3156 1264 caeteris
3186 1209 3391 1265 fuisset
3435 1209 3680 1266 interro-

2036 1299 2208 1368 gatus
2240 1295 2521 1366 quidnam
2554 1295 2794 1352 sentiret
2823 1297 2893 1352 de
2926 1296 3073 1368 ipso,
3105 1298 3163 1353 id
3194 1300 3282 1354 est
3323 1314 3498 1370 quem
3552 1315 3681 1355 esse

2037 1399 2170 1439 eum
2191 1384 2581 1452 existimaret;
2606 1389 2662 1440 et
2684 1385 2874 1457 prima
2891 1387 3191 1442 veritatem
3210 1388 3515 1444 confessus
3541 1388 3682 1444 fuis-

2035 1479 2123 1529 set
2152 1473 2351 1530 dicens
2376 1490 2503 1529 esse
2523 1491 2654 1529 eum
2674 1474 2968 1532 Christum
2993 1475 3202 1531 Filium
3223 1476 3319 1532 Dei
3344 1476 3677 1548 vivi(Malth.

2036 1585 2151 1632 xvr,
2178 1568 2244 1621 16
2264 1569 2318 1621 et
2336 1565 2482 1637 seq.)
2505 1584 2518 1632 ;
2535 1571 2592 1621 et
2607 1571 2912 1638 propterea
2949 1567 3153 1624 beatus
3170 1569 3241 1624 ab
3262 1567 3358 1623 illo
3374 1569 3680 1639 judicatus

2038 1661 2194 1712 esset
2222 1656 2378 1727 quod
2411 1655 2517 1711 hoc
2541 1673 2651 1711 non
2665 1655 2994 1726 carnaliter,
3015 1657 3114 1712 sed
3131 1673 3231 1729 per
3244 1657 3427 1714 Patris
3439 1657 3684 1713 caelestis

2039 1744 2447 1800 revelationem
2507 1749 2811 1800 assecutus
2868 1749 3023 1800 esset
3065 1761 3078 1798 :
3120 1745 3274 1801 idem
3333 1750 3547 1814 tamen,
3583 1746 3684 1802 ubi

2036 1834 2209 1905 erepit
2237 1834 2410 1889 Jesus
2428 1834 2731 1889 ostendere
2749 1833 3053 1905 discipulis
3079 1835 3204 1890 suis
3237 1834 3373 1906 quia
3395 1839 3686 1907 Oporteret

2035 1938 2169 1978 eum
2198 1923 2655 1995 Hierosolymam
2688 1923 2790 1992 ire,
2825 1928 2881 1978 et
2910 1923 3096 1979 multa
3126 1923 3244 1995 pati
3273 1941 3307 1979 a
3354 1923 3684 1980 senioribus

2035 2016 2091 2067 et
2120 2012 2520 2069 sacerdotibus
2550 2016 2608 2067 et
2636 2012 2866 2082 scribis,
2893 2017 2952 2067 et
2981 2012 3229 2068 interﬁci
3273 2017 3330 2068 et
3362 2017 3492 2085 post
3527 2013 3683 2070 diem

2034 2103 2272 2156 tertium
2300 2117 2638 2174 resurgere:
2673 2100 3054 2157 nihilominus
3089 2101 3187 2157 ille
3243 2117 3415 2157 verus
3466 2101 3684 2158 Christi

2035 2191 2334 2246 confessor
2362 2196 2492 2262 post
2522 2190 2803 2262 pauculos
2834 2190 2958 2245 dies
2990 2195 3293 2263 assumpto
3324 2208 3389 2248 eo
3411 2192 3585 2264 erepit
3613 2191 3682 2247 il-

2033 2281 2156 2336 lum
2190 2280 2475 2352 corripere
2505 2281 2702 2336 dicens
2742 2281 3046 2351 :Propitius
3102 2281 3178 2335 sis
3231 2280 3355 2347 tibi,
3413 2296 3522 2336 non
3577 2282 3686 2336 erit

2035 2370 2180 2426 istud
2209 2370 2366 2442 (Ibid.
2407 2372 2495 2439 22,
2529 2370 2622 2441 23)
2649 2387 2661 2438 ;
2692 2370 2770 2424 ita
2803 2374 2865 2424 ut
2908 2372 3208 2441 propterea
3237 2368 3441 2426 audire
3485 2387 3518 2425 a
3565 2370 3684 2425 Do-

2035 2459 2194 2514 mino
2253 2458 2686 2527 commeruerit,
2725 2458 2865 2513 Vade
2893 2462 3012 2530 post
3039 2474 3144 2524 me,
3177 2459 3431 2526 Satanas,
3455 2459 3683 2515 scanda-

2035 2548 2149 2602 lum
2177 2547 2322 2602 mihi
2352 2563 2448 2610 es;
2477 2547 2550 2602 ob
2584 2547 2689 2602 hoc
2721 2549 2875 2618 quod
2907 2564 3022 2603 non
3045 2553 3360 2620 saperetea
3391 2565 3518 2620 quae
3544 2551 3684 2604 sunt

2035 2635 2156 2702 Dei,
2181 2637 2281 2692 sed
2323 2653 2390 2691 ea
2447 2653 2573 2708 quae
2623 2642 2761 2691 sunt
2817 2636 3144 2692 hominum.
3173 2639 3306 2703 Quze
3364 2636 3682 2709 increpatio

2035 2726 2314 2781 adversus
2331 2729 2566 2780 Petrum
2584 2726 2770 2797 magis
2785 2725 3087 2797 magisque
3113 2726 3292 2780 eluxit
3317 2726 3680 2797 apprehenso

2036 2815 2302 2882 Domino,
2343 2831 2477 2870 cum
2537 2832 2570 2870 a
2625 2815 2969 2869 muliercula
3020 2815 3372 2870 conterritus
3429 2815 3680 2871 diceret:

2038 2903 2248 2976 (Matth.
2276 2921 2430 2970 xxvr,
2457 2904 2530 2959 70
2563 2907 2618 2959 et
2674 2904 2819 2975 seq.)
2848 2905 3043 2959 Nescio
3097 2903 3229 2974 quid
3282 2903 3456 2969 dicas,
3508 2920 3683 2977 neque

2034 2997 2164 3051 novi
2189 3003 2259 3050 te.
2296 2994 2363 3049 Et
2393 2995 2602 3050 iterum
2634 3009 2769 3048 cum
2802 2994 2906 3049 hoc
2952 2993 3106 3048 idem
3156 2993 3372 3048 diceret
3417 2993 3680 3049 adhibito

2030 3085 2438 3158 jurejurando,
2473 3088 2528 3139 et
2551 3083 2717 3138 tertio
2749 3084 3025 3138 devotans
3057 3081 3166 3152 (23)
3199 3084 3251 3136 et
3276 3082 3485 3151 jurans
3517 3082 3680 3137 affir—

271 3171 384 3238 ret,
416 3167 570 3238 quod
602 3167 860 3238 reliquiae
894 3173 1069 3240 atque
1102 3169 1375 3225 buccellae
1409 3171 1720 3244 plusquam
1781 3175 1924 3230 duo-
1957 3153 1999 3219 (ἶ
2033 3153 2242 3242 meret,
2275 3173 2550 3246 quoniam
2587 3190 2699 3228 non
2759 3175 2956 3228 nosset
3012 3170 3331 3235 hominem,
3375 3172 3572 3227 "94
3629 3174 3686 3227 et

271 3256 465 3311 decim
495 3255 778 3327 cophinos
822 3256 1109 3329 impleret,
1143 3259 1297 3329 quod
1352 3265 1614 3318 mortuos
1666 3280 1768 3335 pro
1818 3281 1926 3319 sua

271 3345 488 3418 pietate
517 3345 737 3417 passim
771 3346 1100 3418 suscitaret,
1135 3349 1288 3419 quod
1327 3351 1514 3405 ventis
1558 3356 1615 3406 et
1665 3353 1808 3407 mari
1861 3358 1926 3408 ut

271 3434 644 3506 quiescerent
670 3434 1004 3506 imperaret,
1037 3437 1191 3508 quod
1243 3454 1420 3509 super
1469 3455 1628 3494 mare
1677 3441 1924 3513 pedibus

269 3523 621 3592 ambularet,
655 3525 810 3594 quod
843 3525 1087 3580 virtutes
1113 3542 1315 3582 omnes
1337 3528 1577 3583 omnino
1599 3531 1920 3601 perficeret.

345 3613 437 3668 IX.
489 3613 714 3676 Quibus
772 3613 950 3668 rebus
1008 3618 1064 3668 et
1119 3615 1460 3686 hujusmodi
1521 3618 1922 3691 compluribus

266 3702 442 3759 factis
472 3703 544 3758 ad
577 3701 901 3757 claritatem
933 3704 1061 3774 ejus
1095 3704 1521 3776 pertinentibus
1561 3724 1922 3780 consequens

264 3807 399 3848 esse
428 3791 734 3847 videbatur
763 3795 829 3846 ut
859 3794 1356 3864 quemadmodum
1376 3795 1562 3851 Judaei
1599 3798 1668 3853 de
1689 3799 1921 3856 Christo

268 3881 478 3936 I193
506 3880 786 3951 sentiunt,
812 3883 968 3953 quod
1009 3886 1206 3938 tamen
1247 3884 1319 3939 de
1363 3888 1499 3941 Jesu
1531 3886 1758 3942 Christo
1807 3892 1918 3943 Do-

273 3970 434 4025 mino
466 3974 665 4024 nostro
698 3986 812 4025 non
845 3970 1108 4040 credunt,
1144 3975 1208 4027 ut
1245 3973 1419 4028 etiam
1469 3974 1581 4046 ipsi
1629 3977 1923 4034 existima-

269 4063 424 4125 rent,
463 4064 525 4113 ut
555 4057 689 4114 talis
721 4063 777 4113 et
796 4063 996 4116 tantus
1028 4059 1191 4115 nulla
1220 4061 1378 4118 obita
1412 4069 1595 4120 morte
1643 4065 1698 4119 in
1759 4071 1920 4122 aeter-

267 4164 416 4204 num
447 4152 791 4220 perseveret,
824 4151 880 4203 et
909 4165 1152 4220 regnum
1187 4150 1360 4206 Israel
1393 4157 1450 4208 et
1472 4153 1650 4210 totius
1672 4155 1830 4211 orbis
1861 4156 1918 4211 in

267 4242 615 4310 perpetuum
648 4237 802 4308 quod
837 4254 949 4293 non
977 4239 1362 4310 corriperetur
1411 4241 1523 4313 (21)
1573 4244 1916 4314 possideret.

266 4327 436 4383 Unde
463 4327 639 4383 etiam
668 4325 854 4382 Judaei
886 4327 1012 4383 ausi
1043 4329 1283 4384 fuerunt
1311 4346 1444 4386 eum
1495 4349 1696 4404 rapere
1748 4338 1804 4389 et
1862 4334 1919 4389 in

264 4433 517 4488 regnum
549 4432 845 4489 unguere:
881 4418 1034 4488 quod
1066 4418 1301 4490 quidem
1334 4437 1569 4476 necesse
1599 4421 1921 4479 habuitille

2035 3281 2150 3319 non
2183 3262 2384 3331 semel,
2413 3263 2514 3318 sed
2547 3261 2761 3333 saepius
2791 3277 2926 3316 eum
2958 3264 3266 3331 negasset:
3298 3260 3451 3330 quod
3485 3260 3682 3316 consi-

2034 3351 2179 3408 lium
2212 3353 2260 3408 ei
2297 3351 2573 3424 quoniam
2607 3367 2794 3422 usque
2819 3351 2890 3405 ad
2925 3349 3256 3420 passionem
3290 3347 3513 3404 Domini
3549 3365 3678 3420 per-

2033 3446 2434 3497 severaturum
2468 3444 2608 3508 erat,
2647 3439 2824 3494 mulio
2873 3440 3036 3510 prius
3094 3455 3129 3494 a
3189 3437 3429 3493 Domino
3487 3437 3681 3509 palam

2034 3533 2251 3588 factum
2280 3537 2387 3596 est,
2416 3537 2478 3586 ut
2505 3548 2603 3586 eos
2634 3546 2877 3602 quozeue
2899 3529 2953 3584 id
2981 3545 3097 3584 non
3119 3528 3477 3600 ignoremus.
3507 3527 3681 3582 Deni-

2033 3638 2147 3693 que
2179 3626 2308 3694 post
2347 3621 2830 3676 resurrectionem
2875 3617 3102 3673 Domini
3132 3634 3286 3673 unus
3314 3633 3344 3672 e
3375 3614 3680 3688 discipulis

2031 3711 2159 3782 ejus
2179 3711 2575 3782 Cleopas,cum
2609 3712 2765 3764 esset
2797 3709 3038 3762 mmstus
3073 3707 3396 3762 secundum
3424 3718 3681 3759 errorem

2032 3800 2298 3856 omnium
2357 3796 2894 3869 condiscipulorum
2954 3812 3216 3861 suorum,
3263 3792 3375 3865 ipsi
3432 3793 3680 3848 Domino

2032 3894 2312 3960 tanquam
2344 3887 2515 3942 alicui
2540 3887 2737 3958 ignoto
2762 3886 3016 3941 referens
3046 3883 3197 3954 quod
3223 3881 3564 3952 contigerat,
3597 3881 3680 3938 sic

2031 3978 2262 4034 locutus
2291 3981 2381 4034 est
2411 3978 2612 4032 dicens
2642 3976 2713 4030 de
2749 3975 2888 4030 Jesu
2923 3973 3230 4039 Nazareno,
3265 3973 3362 4043 qui
3406 3973 3517 4042 fuit
3544 3986 3676 4042 pro-

2025 4070 2198 4140 pheta
2225 4070 2416 4139 polens
2449 4067 2507 4120 in
2535 4065 2694 4135 factis
2723 4066 2774 4119 et
2819 4063 2978 4118 dictis
3028 4061 3084 4116 in
3141 4069 3424 4132 conspectu
3472 4061 3571 4115 Dei
3624 4068 3676 4115 et

2029 4158 2278 4213 universi
2299 4154 2510 4228 populi,
2545 4152 2803 4225 quomodo
2835 4153 2980 4207 hunc
3008 4150 3350 4206 tradiderunt
3378 4148 3677 4205 sacerdotes

2028 4249 2080 4301 et
2104 4246 2383 4318 principes
2412 4246 2588 4300 nostri
2612 4246 2671 4299 in
2715 4243 3127 4299 damnationem
3179 4240 3378 4295 mortis
3423 4242 3476 4293 et
3522 4240 3680 4294 cruci

2028 4352 2154 4391 eum
2181 4337 2457 4406 ﬁxerunt;
2485 4349 2581 4388 nos
2608 4339 2793 4387 autem
2821 4330 3176 4402 sperabamus
3219 4328 3359 4400 quod
3398 4331 3511 4401 ipse
3556 4338 3680 4384 erat

2030 4425 2406 4496 redempturus
2430 4423 2602 4478 Israel
2650 4422 2782 4492 (Luc
2834 4420 3005 4492 xxxv).
3039 4419 3215 4474 Juxta
3263 4435 3411 4489 qum,
3471 4435 3674 4474 omnes

266 4507 654 4578 superfugere
683 4507 795 4577 (22)
824 4522 836 4559 :
870 4523 937 4561 ac
967 4512 1270 4578 propterea
1298 4509 1571 4582 discipuli
1603 4512 1732 4581 ejus
1763 4513 1918 4568 arbi-
1951 4525 1998 4589 Ι)
2028 4531 2257 4585 quoque
2287 4513 2556 4585 discipuli
2579 4511 3072 4568 asseverationem
3094 4525 3328 4580 quoque
3361 4508 3673 4564 mulierum

263 4595 580 4650 trahantur
609 4595 764 4666 quod
797 4593 960 4650 nulla
985 4594 1100 4650 alia
1151 4596 1374 4652 ratione
1419 4598 1593 4654 vitam
1645 4605 1920 4656 (sternam

263 4683 365 4739 his
397 4687 773 4754 praestaturus
805 4689 980 4750 esset,
1006 4685 1118 4740 nisi
1143 4685 1396 4757 primum
1433 4687 1554 4758 ipse
1571 4687 1746 4743 vitam
1771 4689 1921 4746 hanc

260 4771 652 4844 temporalem
676 4790 810 4829 cum
834 4771 934 4828 illa
959 4778 1173 4829 aeterna
1197 4775 1254 4829 in
1280 4776 1472 4847 seipso
1499 4777 1917 4835 continuasset.

261 4860 530 4931 Denique
561 4878 693 4917 cum
727 4866 1214 4918 conversarentur
1252 4864 1308 4918 in
1358 4864 1610 4936 Galilaaa,
1645 4865 1789 4939 diyit
1835 4868 1920 4924 eis

258 4951 474 5006 Jesus:
508 4952 710 5022 Incipit
738 4951 914 5006 Filius
944 4951 1189 5007 hominis
1217 4955 1373 5009 tradi
1391 4957 1460 5009 ‘in
1496 4971 1696 5010 manus
1739 4957 1916 5011 homi-

255 5055 424 5105 num,
487 5049 540 5094 et
590 5040 927 5110 interﬁcient
960 5057 1110 5107 eum,
1148 5051 1202 5096 et
1229 5047 1348 5112 post
1391 5044 1639 5099 triduum
1678 5053 1919 5116 resurget

258 5131 454 5203 (Marc.
491 5147 566 5201 1x,
599 5131 708 5202 30).
743 5132 810 5186 Et
835 5131 1196 5187 constristati
1228 5138 1367 5188 sunt
1413 5134 1610 5202 nimis,
1647 5135 1801 5208 quia,
1837 5137 1916 5192 si-

255 5220 384 5277 cuti
406 5219 684 5292 diximus,
703 5219 873 5293 longe
898 5220 1193 5277 diversum
1215 5222 1378 5295 prius
1401 5225 1612 5281 animis
1634 5243 1701 5282 ac
1723 5233 1916 5282 mente

2032 4621 2157 4675 quae
2189 4611 2318 4675 post
2350 4606 2834 4658 resurrectionem
2863 4600 3124 4654 viderant
3155 4599 3487 4670 Dominum,
3513 4599 3674 4670 judi-

2032 4699 2306 4748 caverunt
2335 4691 2750 4757 deliramenta;
2785 4694 2842 4745 et
2871 4688 3112 4760 quidam
3145 4687 3406 4759 ipsorum
3439 4688 3560 4743 viso
3607 4705 3674 4744 eo

2031 4799 2144 4838 non
2164 4781 2463 4837 eredideru
2476 4785 2554 4847 nt,
2571 4780 2670 4835 sed
2688 4779 3106 4834 dubativerunt
3126 4795 3139 4845 ;
3163 4776 3380 4848 quique
3402 4782 3540 4832 tunc
3559 4793 3675 4832 non

2016 4871 2419 4926 interfuerunt
2447 4869 2686 4924 omnino
2718 4885 2832 4923 non
2863 4866 3256 4935 crediderunt,
3283 4865 3394 4920 nisi
3428 4870 3678 4936 postme-

2028 4961 2169 5015 dum
2202 4961 2273 5015 ab
2305 4962 2431 5031 ipso
2461 4958 2704 5015 Domino
2734 4956 3008 5013 omnibus
3040 4955 3231 5010 modis
3270 4954 3520 5009 fuissent
3574 4953 3676 5008 ob-

2020 5047 2236 5120 jergati
2270 5052 2442 5118 atque
2477 5046 2792 5119 increpati:
2826 5043 3102 5116 quoniam
3136 5059 3294 5096 mors
3325 5059 3423 5097 eos
3454 5042 3536 5096 ita
3590 5041 3674 5095 of-

2027 5139 2306 5208 fenderat,
2339 5141 2405 5192 ut
2436 5141 2710 5208 putarent
2739 5152 2873 5190 eum
2908 5151 3023 5188 non
3055 5131 3463 5199 resurrexisse,
3497 5146 3671 5202 quem

2025 5227 2392 5284 crediderant
2424 5225 2569 5280 mori
2605 5241 2718 5280 non
2743 5221 3014 5279 debuisse
3044 5220 3216 5291 ;quia
3237 5225 3437 5275 contra
3458 5218 3677 5292 opinio-

1682 5361 2013 5422 Variorum
2061 5368 2247 5423 notae.

338 5470 451 5543 [2t]
486 5471 906 5538 Carripcretur.
931 5478 1074 5528 Puto
1106 5473 1417 5544 legendum
1449 5491 1576 5531 esse
1605 5491 1916 5549 corrumpe-

256 5553 442 5601 retur.
476 5559 755 5611 GALLAND,

338 5616 452 5687 [22]
481 5615 870 5688 Super/agere.
905 5616 1020 5674 Hoc
1054 5619 1207 5674 certe
1237 5616 1426 5690 magis
1459 5622 1569 5674 Deo
1627 5621 1915 5694 convenit,

2026 5495 2204 5550 quam
2237 5477 2659 5550 subterfugere.
2695 5491 2914 5550 alqipr.

2096 5551 2207 5621 (23)
2263 5544 2546 5606 Devatans'.
2606 5544 3003 5604 Tertullianus
3053 5545 3202 5603 dixit
3273 5545 3672 5602 devctamrnta.

2029 5638 2248 5680 RIGALT.
