4088 6174
520 287 675 351 1943
1569 286 1670 346 DE
1715 285 2308 352 H/ERETICORUM
2352 290 2882 354 BAPTISMATE.
3690 311 3802 373 12“

519 437 652 477 nem
672 421 932 492 ipsorum
952 421 1131 478 semel
1158 423 1426 478 mortuus
1447 419 1674 476 fuisset.
1699 419 1894 492 Itaque
1916 421 2069 492 quod
2093 421 2164 476 ad
2197 422 2246 488 Α
2279 437 2512 495 quoque
2542 423 2675 480 ﬁdei
2712 423 3004 498 integrum
3056 425 3164 482 hoc
3211 429 3370 485 modo
3421 434 3470 487 et
3507 433 3599 492 hac
3638 440 3806 500 ratione

519 510 679 583 ipsos
708 508 1023 582 discipulos
1082 511 1352 582 pertinet,
1387 527 1576 583 neque
1631 510 1920 582 integram
1978 527 2166 582 neque
2273 512 2424 567 tradi
2457 513 2516 568 in
2564 513 2818 571 Ecclesia
2878 515 3084 572 merito
3143 520 3452 590 consuevit;
3483 540 3542 580 ne
3588 526 3806 588 invocatio

516 599 828 672 perfectam
865 600 1036 655 ﬁdem
1071 600 1348 656 habuisse
1379 599 1471 656 his
1507 599 1693 655 modis
1725 600 1942 672 quibus
1969 600 2165 655 retuli-
2275 602 2530 656 nominis
2560 606 2696 658 Jesu
2732 620 2859 675 quae
2892 604 3111 661 aboleri
3135 623 3245 662 non
3271 614 3460 679 potest,
3479 618 3810 687 contemptuia

517 705 650 744 mus
685 688 1091 755 inveniuntur;
1126 694 1179 744 et
1212 691 1363 761 quod
1400 688 1580 745 multo
1609 689 1842 761 gravius
1873 693 1981 759 est,
2014 689 2166 744 sicut
2275 689 2443 744 nobis
2475 690 2742 746 videatur
2789 692 3026 748 habita:
3061 696 3214 765 quod
3248 697 3430 768 utique
3466 717 3564 754 non
3612 710 3808 774 oportet;

512 778 571 832 in
589 777 928 848 Evangelico
946 783 1075 832 cata
1091 779 1373 834 Joannem
1395 779 1675 850 scriptum
1702 782 1808 848 est,
1825 778 1997 833 etiam
2020 777 2163 833 alios
2274 795 2611 850 quanquam
2643 779 2778 836 talis
2808 781 3114 848 invocatio,
3149 783 3196 838 si
3229 783 3364 838 nihil
3393 802 3570 842 eorum
3591 805 3692 860 quae
3732 811 3813 848 meo

516 866 892 938 baptizabant
921 868 1099 938 (Joan.
1132 885 1216 922 ur.
1248 870 1361 936 2.2).
2275 867 2631 924 moravimus
2661 874 2929 924 secutum
2974 870 3168 939 fuerit,
3204 872 3272 926 ab
3323 877 3617 944 Operatione
3656 879 3812 935 salutis

586 958 648 1012 X.
685 957 961 1011 Prmterca
994 957 1133 1028 quid
1165 957 1432 1012 dicturus
1463 974 1523 1012 es
1560 958 1626 1012 de
1657 957 1748 1011 his
1781 956 1880 1028 qui
1913 956 2164 1028 plerum-
2273 961 2461 1010 cesset
2491 973 2554 1011 ac
2587 962 2769 1014 vacet.
2814 959 3046 1014 Dicente
3075 959 3230 1014 enim
3261 963 3502 1033 apostolo
3537 982 3681 1021 unum
3725 985 3818 1025 esse

517 1061 630 1118 que
661 1049 734 1100 ab
765 1046 1055 1117 episcopis
1089 1047 1356 1118 pessima:
1390 1047 1846 1102 conversationis
1869 1045 2165 1116 baptizan-
2276 1044 2572 1115 baptisma.
2609 1047 2827 1116 (Ep/ws.
2850 1065 2923 1103 IV.
2947 1050 3023 1118 5),
3050 1065 3282 1105 necesse
3318 1057 3401 1106 est
3421 1051 3723 1112 invocatioue
3740 1075 3818 1113 no-

513 1138 643 1190 tur:
679 1135 777 1207 qui
813 1139 999 1190 tamen
1035 1137 1290 1206 tandem,
1313 1152 1446 1190 cum
1483 1140 1630 1190 Deus
1657 1135 1924 1204 voluerit,
1946 1135 2003 1188 in
2038 1150 2162 1189 sce-
2275 1135 2450 1190 minis
2469 1135 2606 1192 Jesu
2627 1145 3033 1210 perseverante
3061 1139 3227 1211 ;quia
3242 1157 3348 1196 non
3368 1147 3822 1217 potestaquoquam

512 1223 734 1279 leribus
764 1224 888 1279 suis
933 1224 1201 1292 convicti,
1235 1225 1408 1280 etiam
1451 1223 1576 1296 ipso
1633 1227 1743 1295 (24)
1777 1229 1876 1279 aut
1924 1241 2164 1296 prorsus
2274 1229 2581 1284 hominum
2616 1245 2743 1298 quae
2774 1227 2954 1283 semel
2986 1227 3252 1284 invocata
3299 1235 3383 1284 est
3427 1232 3632 1300 auferri,
3662 1234 3701 1288 si
3730 1251 3820 1290 eam

512 1313 687 1369 etiam
710 1313 1238 1368 communicatione
1268 1313 1570 1384 privautur
1590 1313 1618 1366 ‘I
1643 1319 1755 1368 Aut
1775 1313 1917 1385 quid
1942 1318 2164 1368 statues
2275 1323 2476 1374 contra
2505 1318 2799 1372 decretum
2828 1316 3223 1388 apostolorum
3259 1320 3534 1390 geminare
3560 1321 3669 1376 ausi
3694 1322 3822 1378 fueri-

514 1402 588 1456 de
619 1401 704 1457 eis
734 1403 826 1472 qui
853 1402 924 1456 ab
942 1402 1231 1474 episcopis
1252 1419 1423 1474 prave
1445 1403 1836 1458 sentientibus
1860 1402 2162 1474 autimpe-
2276 1424 2409 1462 mus
2449 1406 2746 1461 nimietate
2780 1405 3095 1477 praestandi
3126 1406 3243 1462 imo
3275 1409 3661 1478 superaddendi
3683 1411 3824 1482 bapti-

517 1491 1627 1563 ritioribusfuerintbaptizati‘Iquando
1644 1509 1756 1546 non
1785 1491 2162 1563 adliquidum
2275 1497 2478 1552 smatis
2510 1496 2738 1551 studio:
2773 1495 2823 1550 si
2855 1494 2951 1550 ille
2990 1496 3087 1567 qui
3129 1497 3201 1550 ad
3253 1496 3545 1552 Ecclesium
3591 1499 3825 1555 revertitur

515 1585 573 1636 et
601 1581 822 1650 integre
847 1579 936 1636 vel
966 1580 1140 1636 etiam
1173 1580 1342 1635 aliter
1372 1598 1548 1652 quam
1609 1585 1837 1652 oportet
1869 1581 1926 1635 in
1986 1581 2164 1635 tradi-
2275 1584 2421 1640 nolit
2464 1585 2656 1640 denuo
2689 1584 2993 1656 baptizari,
3020 1585 3282 1639 futurum
3313 1590 3398 1640 est
3413 1591 3471 1640 ut
3497 1586 3825 1643 defraudemus

517 1669 675 1725 tione
706 1669 1055 1724 sacramenti
1086 1669 1299 1724 fuerint
1331 1669 1504 1724 locuti
1534 1688 1546 1738 ;
1573 1674 1725 1725 certe
1765 1675 1864 1724 aut
1916 1670 2163 1724 interro-
2275 1672 2628 1746 baptismate
2651 1672 2902 1744 spiritali
2925 1688 3061 1728 eum
3079 1689 3253 1743 quem
3277 1678 3537 1744 putamus
3556 1675 3825 1731 defraudan-

516 1757 778 1832 gaverint
808 1758 968 1830 quid,
1003 1761 1104 1813 aut
1133 1758 1558 1831 interrogantes
1599 1776 1632 1814 a
1676 1759 2166 1830 respondentibus
2200 1795 2245 1860 Β
2277 1764 2415 1818 dum
2452 1780 2568 1818 non
2600 1779 2728 1818 esse
2759 1760 3111 1832 baptismate
3141 1779 3326 1833 aquas.

514 1849 806 1904 audierint
836 1850 990 1922 quod
1024 1849 1264 1905 minime
1291 1849 1372 1905 ita
1402 1850 1745 1923 interrogari
1780 1855 1881 1905 aut
1923 1867 2163 1922 respon-
2200 1849 2243 1860 ”’
2349 1851 2440 1908 ΧΙ.
2475 1851 2622 1917 Quid
2646 1855 2840 1906 autem
2863 1854 3084 1906 statues
3110 1850 3168 1906 in
3193 1867 3491 1923 personam
3513 1853 3626 1923 ejus
3649 1853 3827 1907 verbum

513 1939 638 1995 deri
669 1941 876 2007 debet;
911 1940 1064 2011 quod
1097 1944 1293 1997 tamen
1335 1958 1448 1997 non
1480 1941 1648 1996 valde
1688 1941 1849 1996 illam
1902 1945 2164 1996 nostram
2273 1941 2566 1996 audientis
2594 1939 2689 2011 qui
2723 1941 2867 1994 forte
2899 1939 3301 2012 apprehensus
3326 1942 3381 1994 in
3417 1942 3628 1997 nomine
3676 1941 3828 1996 Christi

511 2033 729 2085 rectam
766 2030 940 2084 ﬁdem
965 2031 1154 2095 laedat,
1187 2031 1288 2085 sed
1324 2048 1435 2086 non
1469 2034 1588 2086 tam
1633 2041 1834 2086 ornate
1884 2035 1946 2086 ut
1993 2035 2060 2084 tu
2109 2033 2166 2084 et
2273 2031 2474 2087 statim
2508 2030 2833 2097 confessus,
2856 2046 2921 2084 ac
2947 2029 3299 2101 priusquam
3323 2030 3583 2102 baptizari
3602 2046 3828 2102 aquaper-

514 2118 855 2190 composite,
879 2119 977 2174 isti
1002 2136 1235 2191 quoque
1251 2119 1638 2191 simpliciores
1665 2119 1933 2174 homines
1957 2124 2165 2191 myste-
2276 2119 2607 2175 mitteretur
2635 2119 2708 2189 ei,
2739 2118 2912 2173 fuerit
2938 2119 3220 2190 punitus;
3259 2123 3449 2173 utrum
3507 2119 3695 2190 perisse
3739 2136 3829 2173 eum

519 2207 671 2262 rium
715 2207 849 2262 fidei
901 2209 1150 2263 tradant.
1185 2209 1454 2264 Dicturus
1504 2225 1565 2264 es
1614 2209 1767 2264 enim
1812 2210 2013 2280 utique
2062 2227 2164 2281 pro
2275 2207 2682 2281 pronuntiabis
2713 2207 2852 2278 quia
2883 2224 2995 2262 non
3028 2211 3118 2263 est
3147 2225 3303 2280 aqua
3331 2208 3723 2279 baptizatus,an
3741 2224 3829 2261 vero

517 2300 618 2352 tuo
651 2295 935 2368 singulari
967 2296 1292 2368 diligentia,
1325 2297 1431 2352 hos
1463 2313 1694 2368 quoque
1723 2298 1914 2352 denuo
1972 2297 2164 2369 bapti-
2275 2297 2496 2369 aliquid
2519 2296 2882 2352 extrinsecus
2905 2296 3259 2368 patrocinari
3287 2298 3356 2352 ad
3379 2296 3832 2353 salutemexislima-

517 2384 734 2440 zandos
763 2400 913 2449 esse,
946 2401 1078 2439 cum
1113 2385 1364 2440 maxime
1393 2386 1477 2440 eis
1509 2402 1601 2441 res
1633 2385 1778 2440 desit
1821 2391 1923 2440 aut
1976 2386 2167 2442 obstet
2276 2385 2665 2454 bis,licetnon
2683 2385 2928 2458 sitaqua
2960 2386 3292 2456 baptizatus
3314 2385 3340 2440 ?
3361 2386 3513 2450 Quod
3531 2386 3831 2458 periisseeum

519 2473 835 2545 quominus
869 2473 1198 2529 inviolabile
1219 2473 1359 2529 illud
1393 2474 1653 2530 divinum
1675 2475 2016 2544 mysterium
2033 2476 2168 2531 ﬁdei
2276 2475 2658 2541 existimabis,
2677 2474 2902 2530 obviam
2928 2473 3033 2528 tibi
3057 2474 3253 2530 veniet
3275 2474 3550 2530 sententia
3570 2473 3757 2529 Domini
3773 2472 3830 2527 di-

517 2561 932 2619 intemeratum
957 2563 1180 2634 possint
1202 2563 1482 2635 accipere.
1500 2565 1608 2619 Sed
1625 2563 1779 2619 enim
1798 2563 2054 2620 virorum
2069 2581 2168 2636 op-
2277 2565 2463 2621 centis
2491 2581 2502 2620 :
2538 2567 2872 2636 Quicumque
2890 2580 2975 2619 me
2997 2562 3279 2636 confessas
3292 2567 3458 2634 fuerit
3477 2580 3641 2620 eorum
3660 2564 3831 2618 homini-

513 2651 656 2708 time
670 2653 781 2724 (25)
800 2652 1114 2708 reddamus
1133 2654 1223 2707 11
1237 2653 1336 2709 95
1351 2661 1407 2708 et
1426 2654 1834 2724 permittamus
1852 2654 2166 2709 virtutibus
2277 2655 2377 2710 bus
2401 2654 2698 2722 conﬁtebor
2718 2651 2887 2707 illum
2905 2663 2961 2708 et
2989 2669 3082 2724 ego
3102 2670 3294 2708 coram
3316 2658 3472 2710 Patre
3491 2669 3597 2710 meo
3611 2655 3690 2724 qui
3706 2655 3748 2706 in
3764 2667 3832 2705 cc-

517 2741 848 2798 ccelestibus
881 2741 1031 2796 vires
1065 2757 1222 2811 suas,
1259 2746 1315 2797 et
1361 2741 1682 2814 dignationi
1735 2741 1943 2799 divinae
1984 2745 2166 2811 maje-
2279 2744 2348 2799 lis
2377 2747 2453 2798 est
2483 2743 2692 2814 (Matth.
2725 2743 2914 2814 21,32):
2951 2742 3090 2812 quia
3123 2742 3272 2798 nihil
3309 2741 3542 2798 interest
3571 2748 3730 2797 utrum
3773 2739 3832 2794 hic

518 2831 688 2886 statis
717 2830 1108 2886 concedamus
1139 2830 1504 2903 Operationes
1535 2831 1820 2904 proprias,
1853 2837 1909 2887 et
1946 2831 2165 2887 intelli-
2275 2833 2519 2889 verbum
2540 2833 2784 2888 audiens
2807 2849 2879 2887 an
2904 2831 3090 2888 ﬁdclis
3113 2831 3191 2887 sit
3216 2832 3318 2904 qui
3340 2829 3833 2894 conﬁteturDomino,

521 2923 723 2994 gentes
744 2923 1033 2992 quantum
1063 2919 1123 2974 in
1155 2935 1221 2976 ea
1253 2920 1326 2976 sit
1357 2919 2100 2988 emolumentum,libenter
2115 2921 2165 2978 ei
2277 2922 2596 2978 dummodo
2629 2921 2825 2994 ipsum
2858 2921 3113 2977 Cristum
3147 2938 3328 2993 quem
3375 2920 3618 2977 conﬁteri
3660 2921 3833 2990 oportet,

520 3008 988 3081 acquiescamus.
1019 3009 1088 3064 Et
1120 3008 1249 3065 ideo
1280 3025 1413 3064 cum
1446 3012 1606 3066 salus
1639 3014 1840 3067 nostra
1869 3011 1926 3066 in
1977 3011 2166 3084 bapti-
2277 3011 2660 3066 conﬁteatur:
2693 3011 2830 3082 quia
2859 3010 3148 3066 Dominus
3181 3011 3308 3083 pari
3343 3010 3460 3066 vice
3487 3006 3763 3065 conﬁtendo
3801 3011 3836 3058 et

528 3102 714 3155 smate
745 3097 1008 3170 spiritus,
1043 3099 1196 3172 quod
1229 3097 1572 3171 plerumque
1625 3117 1756 3155 cum
1815 3099 2166 3172 baptismate
2204 3163 2239 3174 Α
2277 3101 2403 3174 ipse
2433 3102 2826 3156 confessorem
2859 3117 3032 3156 suum
3068 3101 3226 3172 apud
3259 3101 3508 3170 Patrem,
3538 3099 3723 3154 honore
3746 3109 3834 3149 eum

522 3205 691 3261 aquae
721 3163 1097 3262 co-njnnctum
1128 3163 1248 3261 est,-
1268 3191 1343 3248 sit
1372 3163 1712 3260 constituta,
1739 3163 2029 3263 siquidem
2063 3209 2165 3264 per
2198 3163 2240 3230 (ί
2281 3163 2541 3263 martyrii
2568 3190 2683 3260 sui,
2715 3194 2780 3245 ut
2808 3163 3235 3260 pollicitusest,
3260 3163 3509 3245 exornet:
3533 3185 3673 3253 Quod
3695 3183 3835 3253 utique

517 3296 625 3335 nos
656 3279 949 3352 baptisma
974 3281 1258 3348 tradetur,
1282 3281 1505 3353 integre
1537 3285 1593 3337 et
1623 3281 1958 3338 solemniler
1977 3287 2033 3337 et
2062 3299 2164 3355 per
2283 3299 2400 3337 non
2435 3281 2605 3335 debet
2635 3278 2811 3334 latius
2841 3279 3046 3350 accipi,
3079 3279 3254 3351 quasi
3284 3279 3468 3350 possit
3510 3285 3837 3348 usquequaque

517 3370 716 3426 omnia
745 3387 871 3442 quae
902 3370 1120 3442 scripta
1150 3375 1290 3426 sunt
1312 3371 1664 3443 assignetur,
1691 3376 1864 3443 atque
1887 3372 2012 3427 sine
2044 3371 2164 3427 ulla
2276 3371 2516 3443 porrigi,
2550 3369 2690 3442 quia
2741 3373 2932 3440 potest
2987 3369 3194 3424 1190
3227 3368 3435 3424 Christi
3493 3381 3678 3422 nomen
3717 3361 3835 3417 etiam

517 3457 698 3514 ullius
733 3459 812 3514 rei
862 3460 1228 3531 separatione
1279 3461 1578 3528 tradatur;
1613 3465 1713 3515 aut
1761 3461 1811 3515 si
1857 3478 1891 3516 a
1940 3461 2166 3516 minore
2274 3460 2582 3516 haereticus
2604 3457 2818 3529 aliquis
2841 3457 3383 3530 quitamenipsum
3407 3457 3678 3512 Christum
3697 3455 3836 3522 negat.

516 3547 670 3604 clero
704 3564 806 3619 per
864 3549 1272 3604 necessitatem
1332 3550 1611 3605 traditum
1669 3551 1863 3619 fuerit,
1893 3556 2162 3606 eventum
2276 3549 2539 3606 conﬁteri
2567 3567 2580 3615 ;
2608 3547 2744 3620 quia
2766 3548 2822 3602 in
2847 3545 3029 3602 alium
3051 3546 3357 3602 Christum
3381 3547 3572 3611 credit,
3597 3559 3706 3599 cum
3727 3538 3837 3594 Chri-

519 3641 922 3708 exspectemus
946 3641 1006 3692 ut
1027 3640 1484 3710 autsuppleatur
1506 3657 1538 3694 a
1556 3639 1724 3694 nobis
1745 3644 1845 3695 aut
1865 3657 1898 3695 a
1921 3640 2166 3696 Domino
2277 3644 2406 3696 stus
2438 3638 2784 3693 conﬁteatur
2810 3636 2965 3707 quod
2996 3636 3045 3691 ei
3079 3637 3361 3708 prodesse
3410 3634 3636 3690 minime
3684 3627 3836 3702 possit:

521 3725 916 3798 supplendum
948 3732 1273 3783 reservetur
1298 3746 1310 3796 ;
1341 3728 1390 3784 si
1412 3746 1543 3785 vero
1565 3731 1636 3784 ab
1655 3728 1860 3784 alienis
1882 3730 2166 3785 traditum
2278 3729 2568 3801 siquidem
2594 3727 2877 3782 Dominus
2900 3744 3013 3782 non
3036 3742 3098 3782 se
3129 3726 3329 3798 ipsum
3360 3725 3419 3781 in
3455 3721 3839 3780 confessionem:

518 3815 714 3885 fuerit,
748 3821 810 3870 ut
841 3820 1031 3888 potest
1061 3817 1170 3874 hoc
1201 3818 1498 3890 negotium
1531 3822 1588 3873 et
1637 3824 1702 3874 ut
1749 3819 2004 3886 admitit,
2039 3835 2166 3874 cor-
2278 3817 2448 3874 nobis
2479 3832 2675 3872 coram
2709 3802 3052 3871 hominibus
3082 3815 3295 3871 deduci
3319 3801 3839 3887 oporteredixit,quod

518 3904 746 3977 rigatur
791 3923 809 3959 :
842 3906 982 3976 quia
1038 3907 1292 3978 Spiritus
1351 3913 1588 3964 sanctus
1638 3913 1799 3964 extra
1855 3908 2170 3964 Ecclesiam
2279 3906 2406 3962 sine
2437 3905 2564 3978 ipso
2590 3910 2646 3961 et
2678 3905 2804 3960 sine
2831 3905 3162 3960 venerando
3196 3905 3432 3961 nomine
3454 3904 3572 3974 ejus
3593 3917 3688 3956 non
3713 3897 3840 3968 potest

522 4011 639 4051 non
667 3995 763 4063 sit,
799 3996 945 4051 ﬁdes
976 4013 1206 4068 quoque
1237 4013 1350 4051 non
1393 3999 1585 4052 solum
1643 3998 1798 4070 apud
1849 3998 2171 4065 haereticos,
2283 3995 2427 4051 ﬁeri.
2461 3996 2531 4050 Et
2562 3995 2690 4050 ideo
2723 3994 3018 4066 integrum
3049 4010 3114 4048 ac
3145 3993 3447 4049 sincerum
3480 3996 3534 4047 et
3575 3980 3840 4045 incontami-

521 4099 725 4139 verum
758 4083 932 4139 etiam
967 4086 1120 4156 apud
1152 4101 1249 4141 eos
1283 4088 1382 4158 qui
1415 4087 1474 4141 in
1506 4086 1820 4142 schismate
1868 4086 2172 4141 constituti
2292 4088 2496 4139 natum
2528 4088 2585 4139 et
2613 4082 2954 4138 inviolatum
3013 4086 3338 4154 utrumque
3395 4081 3557 4136 debet
3606 4073 3842 4132 consistere

527 4176 668 4228 sunt
697 4189 841 4228 sana
870 4189 999 4229 esse
1029 4191 1144 4229 non
1172 4174 1376 4246 possit.
1403 4174 1736 4246 Idcircoque
1769 4175 2170 4246 paenitentiam
2297 4172 2618 4240 conﬁtenti,
2653 4172 2817 4227 nullo
2848 4170 3074 4227 delectu
3113 4170 3318 4227 habito
3350 4170 3532 4242 ipsius
3555 4159 3842 4246 confessoris.

528 4262 843 4336 agentibus
873 4245 1265 4334 correctisque
1297 4280 1398 4336 per
1437 4245 1785 4320 doctrinam,
1808 4264 2068 4320 veritatis
2119 4268 2176 4319 et
2286 4263 2408 4318 sive
2434 4261 2531 4318 ille
2553 4263 2774 4334 justus,
2810 4261 2932 4316 sive
2989 4264 3277 4332 peccator,
3312 4259 3690 4332 perfectasque
3733 4245 3842 4306 Chri-

532 4367 636 4424 per
670 4353 844 4408 ﬁdem
883 4352 1169 4424 ipsorum,
1199 4370 1324 4424 quae
1357 4358 1556 4424 postea
1585 4353 1894 4409 emendata
1913 4357 2000 4408 est
2021 4353 2175 4425 puri-
2290 4352 2539 4418 stiauus,
2573 4367 2645 4405 an
2676 4365 2805 4405 vero
2835 4349 3010 4404 etiam
3034 4365 3192 4404 nunc
3223 4348 3608 4420 imperfectus,
3635 4341 3722 4431 qui
3740 4351 3845 4431 smu-

527 4441 696 4498 ficato
727 4441 900 4497 corde
931 4458 1154 4508 eorum,
1182 4443 1589 4498 tantummodo
1620 4442 1968 4514 baptismate
1999 4442 2174 4514 spiri-
2287 4457 2382 4496 mo
2415 4438 2755 4494 discrimine
2785 4455 2891 4494 suo
2925 4437 3233 4494 Dominum
3269 4436 3525 4493 conﬁteri
3557 4450 3653 4488 non
3692 4427 3844 4518 timuit-

521 4529 647 4597 tali,
681 4529 740 4584 id
770 4534 860 4585 est
890 4547 1101 4586 manus
1131 4529 1506 4602 impositione
1535 4531 1792 4604 episcopi
1818 4537 1874 4586 et
1919 4531 2171 4604 Spiritus
2203 4536 2249 4601 Ι)
2279 4531 2393 4586 Nec
2422 4534 2510 4584 est
2540 4529 2649 4584 hoc
2699 4527 3058 4583 contrarium
3111 4526 3402 4598 superiori
3456 4520 3730 4580 tractatui:
3755 4528 3844 4586 qma

525 4622 724 4675 sancte
755 4619 1322 4688 subministratione,
1346 4621 1642 4677 subveniri
1666 4621 1873 4678 debeat
1901 4639 1915 4689 ;
1939 4622 2176 4694 signum
2286 4619 2407 4676 illic
2439 4620 2673 4692 quidem
2704 4623 2939 4690 tempus
2996 4622 3236 4689 superat
3299 4617 3372 4674 ad
3424 4611 3731 4685 corrigenda
3765 4618 3845 4676 qua3

1941 4747 2272 4806 Variorum
2320 4751 2508 4807 notae.

602 4851 932 4926 (24)_Etiam
962 4852 1292 4926 ipsoLLegit
1319 4852 1529 4922 Fellus,
1564 4856 1732 4910 etiam
1780 4855 1895 4926 ipso
1924 4869 2174 4909 munere.
2289 4855 2505 4926 tenuia:
2557 4854 2786 4926 ferreas,
2831 4850 3304 4926 sed__murenulas
3320 4863 3575 4926 furca:
3598 4842 3843 4926 solebam-Its:

531 4913 820 4996 Rigaltius
879 4913 1049 4996 vero:
1084 4913 1260 4979 Etia‘riz
1302 4927 1458 4996 ipso,
1491 4913 1710 4981 scilicet
1763 4913 2023 4992 D'omino,
2060 4926 2177 4996 pri-
2289 4913 2601 4980 Matthzeus
2630 4913 2844 4979 Bessus
2902 4923 3004 4976 lib.
3039 4940 3078 4992 1,
3112 4923 3286 4996 epist.
3319 4922 3388 4973 77
3419 4921 3487 4996 ad
3541 4913 3846 4996 Polyclf’my

530 4989 762 5052 vantnr.
792 4995 958 5058 Quia,
986 4995 1198 5064 inquit,
1232 4995 1318 5051 vel
1341 4989 1504 5052 'facto
1535 5015 1641 5052 suo
1675 4999 1928 5068 pessimo
1987 4989 2177 5053 Domi-
2289 4996 2585 5068 Polyclete,
2619 4998 2867 5068 virorum
2894 4989 3114 5068 optime.
3146 4989 3404 5068 Joannes
3434 4989 3672 5068 Vatellus
3693 4989 3743 5068 in
3766 4994 3846 5068 ep:-

530 5084 672 5124 num
707 5072 942 5141 negant,
967 5072 1026 5122 et
1057 5068 1429 5141 adrEthnicos
1451 5063 1918 5136 transeunt;aut
1937 5086 2177 5141 prorsus
2290 5063 2441 5141 stola
2471 5067 2541 5141 ad
2597 5063 2978 5141 Guillelmum
3017 5065 3293 5141 _l_1iviere_._
3313 5081 3399 5135 qas
3451 5063 3593 5118 edita
3633 5063 3846 5141 estet]?

530 5141 707 5196 etiam
742 5128 1060 5210 eﬁciuntur
1089 5140 1161 5194 ab
1194 5140 1467 5194 Ecclesia.
1500 5128 1792 5196 GALLAND:
1937 5128 1956 5141 ⁸
2293 5139 2556 5210 epistolis
2587 5138 2883 5194 Guillelmi
2914 5139 2984 5193 de
3017 5137 3208 5192 Mara:
3243 5128 3359 5210 Non
3388 5150 3595 5210 possum
3627 5128 3848 5210 ριρρέεβοξ

598 5213 709 5282 (25)
749 5198 1261 5284 ι’ῑτονανηῌοριίνηεξ.
1294 5213 1479 5284 Antea
1534 5211 1859 5284 legebatur,
1894 5215 2174 5268 vivorum:
2288 5198 2595 5284 plurimum
2627 5211 2944 5284 gratulari,
2967 5211 3215 5284 virorum
3243 5198 3459 5284 optime.
3491 5202 3641 5274 Apud
3666 5198 3846 5284 Marile

529 5275 861 5356 emendatio
892 5275 1081 5356 facilis
1111 5289 1170 5356 et
1199 5282 1385 5356 obvia.
1419 5284 1507 5356 Sic
1537 5275 1622 5338 in"
1647 5283 1904 5356 Epistola
1954 5283 2180 5340 Paulini
2288 5275 2684 5356 Mercatorem,
2719 5299 2846 5353 pag.
2895 5282 2985 5356 55,
3025 5275 3537 5356 t_57.‘in_'e_ditio_ne
3591 5275 3848 5356 nostra?

528 5355 782 5428 episcopi
809 5353 1200 5423 Aquileiensis
1232 5353 1302 5408 ad
1327 5355 1593 5410 Caroluiu
1622 5348 1710 5410 Mf
1730 5357 1786 5410 in
1823 5355 1968 5410 libro
1993 5358 2180 5428 primo
2290 5358 2494 5428 Optime
2525 5348 2815 5428 interpres
2837 5351 3110 5428 epistolis
3143 5349 3380 5428 Palladii
3410 5349 3476 5403 ad
3510 5348 3727 5428 Lausum
3753 5349 3851 5428 ξςξο

531 5407 1424 5499 ns...n......;..ussatissatis;
1443 5407 1593 5499 sas:
1622 5407 2182 5483 ὲὸδζῖιθέζῗεῐιτέἱνῆὶί
2293 5407 2415 5481 ias
2444 5407 2704 5480 libata;
2736 5407 3129 5499 parin)an
3152 5423 3289 5499 ;Eu
3568 5415 3730 5499 iure,
3746 5407 3847 5499 μέν

535 5499 679 5552 libus
704 5499 951 5572 uirorum
981 5499 1196 5572 optime.
1231 5497 1386 5572 Inter
1416 5483 1486 5572 ep
1518 5483 1697 5555 stolas
1728 5499 1979 5554 ineditas
2010 5501 2180 5554 Tras-
2289 5499 2435 5554 derit
2479 5497 2794 5567 spiritualis
2850 5499 3074 5550 exactor
3129 5496 3368 5550 uirorum
3417 5491 3632 5562 Optimus
3681 5483 3844 5538 Law-

535 5570 755 5645 mundi,
777 5569 1048 5645 monachi
1077 5568 1531 5628 Claraavallensis
1563 5571 1850 5645 reperitur
1883 5587 1998 5625 una
2053 5586 2184 5641 quae
2293 5585 2565 5645 siccana.
2610 5640 2620 5645 Α
2896 5643 2903 5645 _
3018 5637 3082 5645 __
3406 5634 3462 5645 __

532 5639 617 5697 sic
643 5640 885 5710 incipit:
919 5642 1181 5715 Recipere
1207 5659 1243 5699 α
1272 5646 1341 5716 te,
1371 5629 1643 5702 virorum.
1669 5644 1890 5716 optime,
1921 5658 2032 5698 non
2070 5629 2181 5697 ἐα-
2364 5642 2477 5714 (26)
2505 5641 2570 5697 Et
2597 5640 2985 5710 intelligent“.
3018 5635 3326 5710 Rigaltius,
3355 5641 3415 5692 ω
3441 5629 3602 5689 inte”.
3635 5632 3844 5683 own-
