4088 6174
230 295 388 356 1245

1234 294 1432 355 PARS
1479 294 1527 354 Ι.
1562 327 1636 338 --—
1667 291 2168 354 MONUMENTA
2214 293 2623 357 VETERUM.

3483 300 3636 360 1246

225 426 413 484 multa
441 424 528 483 vel
559 442 737 499 prava
766 425 1052 498 (27)sunt,
1076 427 1422 499 etquoniam
1455 426 1721 498 quadam
1741 441 1874 480 con-
1903 425 1956 492 Α
1985 423 2105 480 sint
2129 424 2363 493 Christi,
2397 431 2703 500 propterea
2733 429 2805 485 ad
2837 429 3132 487 Cbrislum
3159 447 3271 486 non
3306 429 3632 503 pertinere;

219 533 386 573 cessa
417 519 556 570 sunt
587 515 696 587 ipsi
720 517 1127 572 tantummodo
1159 515 1383 571 nomini
1410 513 1636 571 Domini
1667 513 1875 584 nostri,

223 605 568 677 martyrium
613 608 805 660 autem
823 605 1055 660 nonnisi
1091 605 1292 677 inipso
1323 609 1379 660 et
1399 621 1502 677 per
1536 605 1730 676 ipsum
1765 602 1875 657 Do-

225 695 449 751 minum
485 694 670 767 possit
699 695 1094 751 consummari
1122 713 1135 762 ;
1169 700 1225 750 et
1257 695 1472 751 idcirco
1507 710 1694 766 neque
1723 693 1877 748 Chri-

228 789 386 840 stum
417 784 543 840 sine
571 784 760 855 ipsius
782 785 1017 840 nomine
1031 785 1165 857 quis
1193 785 1379 856 possit
1400 783 1876 853 conﬁteri,neque

224 889 434 928 nomen
466 872 682 928 Christi
712 871 838 928 sine
870 873 996 943 ipso
1046 873 1278 928 Christo
1336 873 1406 928 ad
1454 872 1874 928 confessionem

225 962 502 1034 cuiquam
532 961 720 1032 possit
749 961 1126 1033 patrocinari.

294 1051 415 1107 XII.
439 1052 801 1123 Quapropter
829 1055 988 1108 totus
1016 1051 1437 1108 discernendus
1468 1055 1557 1107 est
1597 1052 1876 1106 tractatus

221 1140 341 1207 hic,
375 1144 436 1196 ut
469 1140 653 1212 possit
674 1137 1035 1196 manifestior
1066 1141 1211 1196 fieri.
1273 1141 1540 1214 Namque
1589 1139 1876 1195 invocatio

223 1229 482 1287 nominis
510 1230 652 1286 Jesu
683 1229 810 1286 ideo
846 1233 1069 1285 tantum
1103 1230 1454 1302 patrocinari
1486 1233 1696 1302 potest,
1725 1229 1773 1285 si
1798 1227 1876 1283 ri~

226 1322 285 1376 te
314 1318 584 1392 suppleta
612 1324 817 1391 postea
848 1319 1040 1387 fuerit,
1067 1319 1204 1391 quia
1232 1324 1289 1374 et
1334 1319 1626 1392 prOphetaz
1658 1322 1714 1373 et
1738 1335 1876 1390 apo-

230 1406 364 1464 stoli
395 1408 475 1464 ita
503 1408 988 1480 predicaverunt.
1023 1408 1116 1463 Ait
1136 1408 1294 1464 enim
1325 1408 1578 1464 Jacobus
1633 1407 1690 1461 in
1723 1406 1876 1462 Actis

235 1497 671 1570 apostolorum:
732 1497 850 1553 Viri
893 1501 1118 1570 fratres,
1147 1498 1368 1554 audite.
1409 1497 1602 1553 Simon
1632 1497 1882 1568 exposuit

229 1585 682 1658 quemadmodum
705 1588 955 1658 primum
986 1589 1126 1642 Deus
1181 1588 1486 1643 visitaverit
1531 1588 1781 1658 accipere
1810 1600 1880 1640 ea:

230 1676 482 1745 gentibus
505 1676 772 1747 papulum
801 1677 1018 1730 nomini
1046 1691 1174 1732 suo:
1201 1679 1254 1731 et
1282 1675 1412 1730 huic
1437 1683 1736 1731 consonant
1764 1689 1878 1729 ser-

227 1780 411 1820 mones
449 1764 862 1836 prophetarum,
919 1766 1060 1821 sicut
1113 1766 1380 1836 scriptum
1411 1769 1536 1821 est:
1593 1768 1713 1821 Post
1762 1765 1880 1822 haec
1908 1798 1956 1863 B

227 1857 497 1922 revertar,
525 1862 576 1910 et
632 1854 979 1925 reaediﬁcabo
1038 1855 1452 1910 tabernaculum
1512 1853 1660 1910 illud
1707 1853 1879 1909 David

235 1943 375 2014 quod
396 1943 594 1999 cecidit
621 1951 713 2008 ;et
741 1959 865 2014 quae
894 1943 1158 1999 demolita
1204 1949 1332 1999 sunt
1362 1945 1479 2015 ejus
1510 1943 1878 2014 rezdiﬁcabo,

231 2035 284 2087 et
313 2032 495 2087 denuo
527 2034 741 2102 erigam
769 2031 917 2087 illud
951 2076 964 2098 ,
992 2036 1076 2088 uti
1102 2035 1408 2105 exquirant
1462 2033 1674 2088 residui
1704 2033 1878 2087 homi-

229 2135 366 2174 num
396 2121 584 2184 Deum,
615 2123 667 2173 et
696 2134 878 2174 omnes
925 2124 1116 2192 gentes
1161 2137 1326 2190 super
1378 2136 1512 2192 quas
1571 2123 1880 2175 invocatum

233 2212 311 2263 est
340 2224 537 2262 nomen
586 2224 769 2263 meum
796 2225 962 2280 super
1016 2224 1126 2279 eas,
1184 2209 1319 2264 dicit
1356 2211 1621 2265 Dominus
1665 2209 1879 2282 faciens

233 2295 351 2353 haec
378 2297 512 2367 (Act.
541 2313 634 2367 xv,
666 2297 876 2368 13-17).
913 2298 1112 2368 Itaque
1171 2301 1227 2352 et
1283 2297 1499 2353 residui
1546 2297 1876 2368 hominum,

230 2385 286 2440 id
322 2389 411 2440 est
441 2385 680 2456 quidam
712 2385 1070 2453 Judasorum,
1116 2390 1174 2440 et
1227 2402 1432 2441 omnes
1471 2391 1674 2458 gentes
1705 2402 1882 2457 super

230 2489 380 2545 quas
400 2472 735 2528 invocatum
768 2477 857 2528 est
887 2489 1099 2529 nomen
1133 2473 1384 2542 Domini,
1410 2479 1659 2546 possunt
1688 2480 1744 2530 et
1777 2491 1878 2529 ne-

228 2578 391 2618 cesse
422 2562 640 2617 habent
670 2561 963 2633 requirere
981 2562 1469 2636 Dominum,quia
1499 2564 1627 2635 ipsa
1655 2563 1881 2618 invoca-

229 2651 312 2706 tio
347 2651 600 2706 nominis
630 2651 944 2722 praabeteis
975 2653 1340 2708 occasionem
1370 2653 1456 2707 vel
1490 2652 1664 2708 etiam
1699 2653 1881 2724 impo-

230 2739 317 2794 nit
347 2739 750 2795 necessitatem
787 2740 1119 2812 requirendi
1157 2741 1488 2809 Dominum,
1515 2758 1645 2796 cum
1663 2742 1878 2812 quibus

228 2828 576 2901 praecipiunt
594 2829 924 2900 Scripturas
964 2835 1218 2898 sanctas,
1252 2831 1370 2886 sive
1403 2830 1726 2899 universas,
1761 2831 1878 2886 sive

229 2917 540 2988 quasdam,
599 2921 793 2974 tamen
850 2918 1160 2974 audentius
1211 2920 1279 2974 de
1337 2919 1572 2975 veritate
1629 2923 1879 2974 tractare

229 3022 411 3078 quam
439 3021 572 3061 cum
599 3006 894 3079 gentibus,
915 3024 1092 3078 super
1108 3024 1256 3079 quos
1274 3024 1386 3063 non
1420 3011 1510 3064 est
1539 3007 1874 3063 invocatum

227 3111 440 3151 nomen
477 3095 705 3151 Domini
733 3096 875 3152 Jesu
909 3095 1035 3152 Filii
1068 3095 1166 3152 Dei
1191 3097 1328 3163 vivi,
1361 3096 1531 3152 sicuti
1565 3113 1668 3152 nec
1701 3112 1878 3168 super

223 3182 481 3254 Judeos,
513 3183 610 3254 qui
641 3188 862 3240 veteres
911 3188 1142 3240 tantum
1206 3185 1534 3256 Scripturas
1566 3166 1872 3257 recipiunt.
1906 3166 1949 3232 α

227 3273 297 3328 Et
327 3271 452 3328 ideo
484 3272 792 3344 utriusque
821 3272 1002 3344 hujus
1033 3274 1262 3346 generis
1281 3274 1633 3344 homines,id
1667 3280 1757 3330 est
1777 3273 1876 3329 Ju-

224 3361 338 3416 daei
367 3365 423 3416 et
465 3361 736 3434 gentiles,
785 3361 954 3433 plene
1011 3366 1077 3416 ut
1127 3367 1354 3434 oportet
1401 3363 1700 3418 credentes
1751 3362 1874 3434 pari

224 3451 404 3506 modo
433 3450 820 3523 baptizantur.
846 3451 1252 3506 Haereticivero
1268 3452 1393 3522 jam
1416 3451 1691 3524 baptizati
1723 3469 1877 3523 aqua

221 3539 286 3595 in
319 3539 549 3595 nomine
577 3540 609 3595 J
617 3556 718 3595 esu
738 3539 972 3604 Christi,
992 3544 1222 3595 tantum
1246 3541 1304 3595 in
1318 3540 1532 3612 Spiritu
1549 3545 1751 3596 sancto
1771 3541 1876 3596 ba-

221 3628 636 3701 ptizandisunt
668 3645 681 3683 :
715 3627 846 3684 etin
877 3629 1207 3699 Jesu,quod
1227 3646 1438 3685 nomen
1458 3630 1647 3685 solum
1673 3631 1874 3685 datum

221 3722 318 3773 est
341 3718 450 3773 sub
480 3717 622 3773 coelo
653 3718 712 3772 in
743 3733 859 3789 quo
889 3721 1154 3788 oporteat
1183 3717 1372 3774 salvos
1423 3719 1543 3774 ﬁeri
1589 3736 1714 3789 nos,
1752 3737 1876 3775 me-

221 3807 335 3862 rito
367 3822 526 3862 mors
555 3806 950 3861 contemnitur
982 3805 1285 3877 ;quoniam
1310 3806 1457 3862 sisic
1489 3813 1875 3877 perseverent,

219 3895 371 3952 salvi
392 3911 519 3951 esse
532 3911 647 3950 non
662 3895 1076 3966 possunt,quia
1098 3911 1212 3950 non
1236 3894 1662 3966 requisiverunt
1685 3896 1876 3950 Domi-

220 4000 368 4040 num
400 3982 972 4056 postinvocationem
1008 3982 1264 4038 nominis
1303 3984 1430 4054 ejus
1464 4001 1641 4056 super
1671 3986 1872 4040 1197

217 4090 344 4139 eos,
376 4073 529 4128 sicut
558 4077 616 4128 et
645 4071 730 4128 illi
763 4073 867 4145 qui
902 4072 961 4128 in
990 4089 1089 4128 eos
1122 4072 1388 4130 Christus
1419 4073 1533 4144 (28)
1585 4073 1683 4142 qui
1735 4074 1879 4130 forte

217 4163 456 4218 credere
489 4160 826 4228 noluerunt,
857 4163 927 4217 de
967 4160 1182 4233 quibus
1215 4162 1493 4218 Dominus
1527 4163 1607 4218 ait
1641 4181 1652 4217 :
1684 4165 1880 4220 Cavete

216 4267 293 4308 ne
313 4253 434 4323 quis
465 4267 554 4306 vos
584 4252 648 4305 in
670 4267 910 4307 errorem
941 4251 1185 4306 inducat.
1219 4252 1374 4307 Multi
1403 4254 1549 4306 enim
1583 4255 1802 4308 venient
1820 4257 1880 4310 in

215 4342 445 4396 nomine
472 4355 590 4396 meo
619 4339 891 4396 dicentes:
949 4343 1067 4410 Ego
1122 4357 1246 4396 sum
1279 4341 1523 4396 Christus
1543 4359 1562 4395 :
1595 4349 1646 4397 et
1678 4345 1880 4399 multos

218 4432 283 4485 in
311 4445 551 4485 errorem
581 4429 837 4485 inducent
867 4430 1072 4501 (Matth.
1132 4447 1283 4496 xxw,
1333 4433 1383 4500 4,
1443 4432 1612 4500 5-11).
1666 4433 1734 4486 Et
1764 4434 1874 4488 ite-

1987 513 2481 582 quemadmodum
2513 514 2687 570 etiam
2720 517 2768 570 si
2803 516 2935 588 quis
2986 517 3271 574 desciscat
3320 535 3353 572 a
3382 517 3630 586 Christo,

1984 599 2274 656 inhaerens
2307 602 2430 658 solo
2463 604 2683 659 nomini
2716 605 2862 676 ejus,
2897 606 2995 676 qui
3029 624 3141 662 non
3177 606 3429 662 multum
3462 607 3634 678 adju-

1986 693 2174 755 vatur,
2196 691 2315 746 imo
2347 692 2535 764 magis
2564 692 2671 748 hoc
2704 695 2939 750 nomine
2967 696 3142 751 etiam
3192 701 3484 765 oneratur,
3505 695 3641 752 licet

1986 778 2158 834 fuerit
2186 786 2355 836 antea
2379 781 2759 839 ﬁdelissimus
2791 787 2890 839 aut
2914 785 3312 855 justissimus,
3354 789 3454 840 aut
3484 784 3639 840 clero

1986 866 2183 940 aliquo
2215 869 2557 941 honoratus,
2591 873 3090 928 autconfessionis
3123 873 3404 945 dignitate
3435 874 3641 945 praedi-

1986 961 2102 1013 tus.
2143 959 2202 1012 Hi
2228 959 2383 1013 enim
2415 975 2618 1015 omnes
2652 962 2916 1032 negando
2948 978 3147 1017 verum
3205 961 3525 1033 Christum,
3557 963 3640 1019 in-

1984 1048 2340 1104 troducendo
2371 1052 2473 1102 aut
2503 1050 2798 1120 sequendo
2831 1050 3034 1120 alium,
3059 1067 3190 1105 cum
3206 1051 3281 1106 sit
3314 1050 3644 1108 nullusom-

1986 1135 2125 1190 nino
2157 1136 2327 1204 alius,
2358 1137 2501 1192 nihil
2535 1137 2657 1210 spei
2692 1143 2791 1194 aut
2824 1139 3032 1195 salutis
3088 1139 3198 1195 sibi
3253 1139 3592 1212 relinquunt
3624 1159 3637 1196 :

1987 1241 2101 1280 non
2134 1224 2302 1280 aliter
2331 1242 2508 1298 quam
2544 1226 2621 1281 illi
2668 1227 2768 1299 qui
2801 1245 2996 1284 coram
3027 1229 3369 1285 hominibus
3403 1247 3645 1302 negave-

1986 1318 2124 1369 runt
2154 1314 2472 1383 Christum,
2507 1332 2654 1388 quos
2685 1317 2885 1390 negari
2910 1334 3144 1374 necesse
3175 1322 3265 1373 est
3305 1336 3336 1373 a
3386 1319 3638 1384 Christo,

1987 1419 2101 1459 non
2142 1403 2342 1460 habita
2371 1404 2486 1459 ulla
2515 1405 2740 1461 ratione
2759 1406 3021 1478 ipsorum
3042 1424 3108 1462 ex
3131 1408 3478 1479 praecedenti
3509 1425 3645 1464 con-

1987 1493 2313 1548 versatione
2343 1510 2544 1549 eorum
2581 1500 2682 1550 aut
2712 1511 2889 1552 sensu
2913 1501 3014 1552 aut
3035 1497 3320 1568 dignitate
3352 1515 3364 1564 ;
3400 1497 3644 1568 proinde

1988 1586 2161 1651 atque
2196 1582 2302 1654 ipsi
2335 1583 2460 1638 ausi
2491 1589 2628 1639 sunt
2651 1584 2972 1652 Christum,
2999 1585 3052 1640 id
3076 1590 3166 1641 est
3191 1585 3439 1641 salutem
3473 1604 3645 1642 suam

1987 1671 2286 1744 abrogare,
2322 1673 2578 1728 damnati
2605 1689 2708 1745 per
2735 1674 2916 1745 hujus
2949 1675 3103 1729 modi
3139 1674 3486 1745 clausulam,
3507 1676 3646 1748 quia

1989 1760 2468 1816 manifestissime
2500 1778 2534 1816 a
2563 1762 2809 1818 Domino
2840 1763 3060 1818 dictum
3120 1768 3208 1820 est
3241 1782 3254 1820 :
3308 1765 3645 1837 Quicumque

1987 1865 2074 1903 me
2101 1851 2380 1917 negaverit
2409 1866 2592 1905 coram
2633 1851 2968 1918 hominibus,
3007 1853 3214 1920 negabo
3259 1868 3386 1908 eum
3438 1859 3489 1908 et
3545 1842 3641 1921 ego

1987 1953 2169 1993 coram
2199 1939 2362 1994 Patre
2391 1955 2508 1994 meo
2558 1941 2652 2010 qui
2708 1943 2768 1996 in
2829 1942 2976 1996 cadis
3022 1946 3099 1997 est
3133 1941 3351 2013 (Matth.
3403 1959 3457 2010 κ,
3500 1943 3589 2013 33)
3624 1959 3638 1998 :

1989 2031 2054 2081 ut
2083 2028 2320 2083 verbum
2354 2027 2482 2095 hoc,
2519 2029 2915 2101 Quincumque,
2942 2029 3188 2086 etiamin
3219 2029 3486 2087 clausula
3503 2048 3640 2087 con-

1990 2115 2259 2172 fessionis
2292 2115 2634 2188 plenissime
2666 2118 2832 2175 nobis
2854 2120 3138 2186 ostendat,
3158 2120 3311 2191 quod
3330 2119 3490 2175 nulla
3509 2136 3642 2176 con-

1989 2205 2130 2260 ditio
2162 2205 2349 2277 ipsius
2373 2207 2705 2262 confitentis
2737 2209 2940 2264 obesse
2975 2209 3159 2280 possit
3192 2227 3204 2277 ;
3239 2208 3372 2264 licet
3401 2212 3643 2281 negator

1989 2293 2085 2348 ille
2115 2299 2284 2350 antea
2322 2295 2408 2349 vel
2439 2295 2749 2352 haereticus
2781 2297 2953 2353 fuerit
2997 2297 3084 2352 vel
3134 2298 3378 2353 audiens
3411 2303 3512 2352 aut
3531 2315 3641 2353 au-

1989 2383 2112 2439 dire
2143 2383 2449 2455 incipiens,
2482 2386 2581 2456 qui
2632 2386 2893 2441 nondum
2943 2385 3274 2458 baptizatus
3305 2386 3400 2456 sit,
3432 2385 3521 2441 vel
3571 2386 3642 2442 de

1988 2472 2193 2528 haeresi
2225 2473 2294 2528 ad
2330 2473 2626 2528 veritatem
2653 2475 2784 2530 fidei
2803 2491 3138 2542 conversus,
3161 2474 3248 2531 vel
3281 2475 3353 2530 ab
3385 2475 3642 2531 Ecclesia

1989 2561 2291 2634 digressus
2324 2566 2378 2617 et
2400 2567 2602 2634 postea
2635 2580 2896 2619 reversus
2925 2564 3001 2619 sit
3036 2590 3049 2632 ;
3083 2569 3138 2620 et
3168 2569 3304 2620 tunc
3329 2581 3460 2619 cum
3494 2564 3642 2620 redi—

1990 2655 2098 2716 ret,
2129 2650 2470 2723 priusquam
2504 2650 2553 2706 ei
2589 2667 2799 2707 manus
2829 2652 2902 2707 ab
2920 2653 3194 2724 episc0po
3241 2653 3641 2724 imponeretur

1989 2739 2390 2811 apprehensus
2421 2739 2681 2795 confiteri
2715 2740 3009 2795 Christum
3070 2757 3264 2796 coram
3298 2740 3637 2796 hominibus

1989 2845 2225 2884 necesse
2271 2827 2562 2896 habuerit,
2613 2829 2762 2883 sicut
2815 2829 3025 2884 iterum
3077 2829 3308 2902 neganti
3341 2829 3635 2885 Christum

1989 2916 2148 2971 nulla
2171 2917 2405 2990 propria
2433 2921 2596 2973 vetus
2627 2917 2884 2989 dignitas
2912 2921 3102 2990 potest
3132 2920 3202 2974 ad
3253 2917 3502 2975 salutem
3534 2935 3634 2990 pa-

1986 3007 2283 3062 trocinari.

2058 3095 2205 3150 XIII.
2240 3097 2636 3169 Quodcunque
2667 3098 2779 3166 (29)
2802 3097 2958 3152 enim
2990 3096 3049 3151 in
3082 3096 3320 3152 homine
3352 3095 3631 3152 ultimum

1987 3183 2044 3238 in
2068 3184 2177 3239 hac
2209 3185 2400 3257 specie
2431 3186 2859 3257 deprehensum
2903 3186 3095 3257 fuerit,
3145 3186 3204 3242 in
3237 3186 3334 3242 illo
3368 3186 3500 3258 quis
3531 3203 3634 3243 no-

1987 3277 2170 3328 strum
2184 3274 2437 3345 judicari
2452 3291 2690 3331 necesse
2709 3274 3202 3343 babebit,abolitis
3215 3280 3269 3330 et
3284 3275 3635 3332 oblitteratis

1986 3362 2262 3418 omnibus
2294 3381 2420 3436 quae
2453 3364 2614 3436 prius
2644 3364 2846 3436 gessit.
2866 3366 2936 3420 Et
2963 3365 3089 3420 ideo
3111 3381 3244 3420 cum
3269 3365 3326 3418 in
3355 3363 3632 3436 martyrio

1985 3456 2148 3507 tanta
2177 3453 2253 3507 sit
2284 3453 2529 3508 mutatio
2553 3470 2746 3510 rerum
2778 3453 2835 3508 in
2887 3458 3183 3510 momento
3233 3453 3536 3526 temporis,
3573 3456 3636 3508 ut

1984 3543 2044 3600 in
2084 3561 2144 3599 re
2194 3561 2475 3616 perquam
2537 3544 2712 3600 veloci
2759 3545 2988 3616 possint
3036 3544 3251 3600 mutari
3312 3545 3630 3612 universa;

1986 3647 2156 3686 nemo
2190 3630 2299 3686 sibi
2329 3629 2666 3686 blandiatur
2695 3632 2794 3704 qui
2828 3632 3191 3688 occasionem
3228 3633 3490 3689 amiserit
3521 3633 3639 3706 glo-

1986 3719 2151 3775 riosaa
2184 3719 2413 3790 salutis,
2439 3720 2486 3775 si
2523 3721 2666 3776 forte
2696 3738 2757 3777 se
2787 3721 2857 3776 ab
2915 3738 2981 3776 ea
3039 3720 3349 3778 excluserit
3405 3723 3640 3792 propria

1986 3825 2095 3864 sua
2124 3809 2295 3880 culpa
2327 3825 2339 3863 :
2366 3809 2538 3864 sicuti
2568 3814 2624 3865 et
2665 3809 2762 3865 illa
2822 3827 2963 3865 uxor
3021 3816 3139 3880 Lot,
3201 3829 3326 3881 qua
3367 3811 3640 3866 similiter

1986 3899 2045 3953 in
2078 3897 2366 3969 angustiis
2411 3915 2604 3953 rerum
2637 3903 2837 3954 contra
2890 3905 3242 3972 preceptum
3295 3899 3636 3972 angelorum

1988 3987 2193 4042 1198
2227 3987 2636 4043 tantummodo
2664 3991 2796 4059 post
2827 4004 2886 4044 se
2938 3989 3210 4060 respexit,
3269 3994 3326 4043 et
3371 3986 3639 4043 tumulus

1989 4075 2130 4131 salis
2161 4075 2311 4130 facta
2341 4081 2446 4130 est.
2476 4076 2600 4139 Qua
2633 4075 2852 4132 ratione
2883 4077 3060 4132 etiam
3086 4076 3180 4132 ille
3199 4077 3504 4132 haereticus
3537 4076 3637 4147 qui

1990 4164 2321 4220 confitendo
2353 4164 2563 4220 Christi
2600 4181 2809 4219 nomen
2855 4165 3199 4233 trucidatur,
3262 4165 3407 4219 nihil
3437 4168 3640 4236 postea

1990 4257 2176 4325 potest
2207 4251 2512 4325 corrigere,
2546 4253 2592 4309 si
2629 4253 2767 4326 quid
2801 4255 2869 4310 de
2889 4254 3001 4310 Deo
3026 4259 3129 4309 aut
3151 4254 3218 4309 de
3245 4255 3474 4310 Christo
3491 4254 3641 4310 male

1988 4342 2256 4410 senserit,
2286 4359 2416 4397 cum
2443 4342 2502 4396 in
2526 4341 2683 4397 aliud
2721 4347 2898 4398 Deum
2930 4342 3095 4398 velin
3132 4342 3313 4398 alium
3343 4343 3640 4399 Christum

1990 4431 2277 4487 credendo
2309 4431 2688 4502 semetipsum
2726 4431 2945 4497 fefellit,
2980 4432 3282 4488 confessor
3329 4449 3442 4487 non
3475 4432 3639 4488 Chri-

215 4534 355 4574 rum
390 4517 472 4573 ait
503 4535 516 4573 :
553 4519 694 4574 Tune
720 4519 772 4572 si
800 4520 898 4590 qui
946 4519 1154 4574 dimerit
1201 4519 1382 4575 vobis:
1418 4522 1548 4574 Ecce
1597 4521 1686 4576 hic
1717 4521 1875 4577 Chri-
1908 4526 1952 4589 D
1987 4519 2082 4588 sti,
2110 4521 2207 4574 sed
2239 4519 2498 4574 solitario
2529 4519 2994 4575 Christinomine
3027 4538 3041 4588 ;
3068 4523 3303 4591 quando
3320 4526 3376 4577 et
3403 4523 3647 4594 Aposto-

211 4611 358 4678 stus,
388 4611 484 4662 aut
513 4608 636 4674 hic;
666 4608 842 4663 nolite
869 4607 1102 4664 credere.
1171 4608 1408 4676 Surgent
1463 4610 1613 4663 enim
1643 4611 1872 4673 pseudo-

211 4697 416 4751 christi
443 4704 495 4751 et
519 4696 1026 4767 pseudoprophetx,
1071 4704 1124 4752 et
1152 4696 1542 4766 dabuntsigna
1596 4715 1798 4766 magna
1825 4703 1875 4753 et

205 4787 496 4857 portenta,
529 4787 690 4840 itaut
720 4794 922 4853 errent,
981 4787 1033 4840 si
1076 4786 1202 4856 ﬁeri
1245 4791 1444 4856 potest,
1502 4787 1672 4841 etiam
1721 4787 1879 4842 electi

210 4871 384 4945 (Ibid.
414 4873 504 4942 23,
535 4874 647 4944 24).
681 4874 835 4939 Quas
856 4874 1103 4930 virtutes
1134 4891 1247 4930 non
1281 4875 1456 4930 dubie
1486 4879 1625 4930 tunc
1656 4874 1737 4930 illi
1764 4877 1874 4933 sub

211 4960 460 5017 nomine
491 4962 703 5018 Christi
747 4963 978 5019 facient.
1032 4965 1094 5018 In
1142 4980 1256 5034 quo
1306 4963 1542 5019 nomine
1603 4965 1877 5021 videntur

204 5049 460 5122 quidam
491 5051 668 5108 etiam
699 5053 869 5108 modo
913 5052 1201 5123 quasdam
1260 5052 1504 5108 virtutes
1553 5054 1758 5122 facere,
1820 5059 1877 5110 et

201 5138 365 5194 falso
393 5140 763 5212 prophetare.
788 5141 896 5197 Sed
933 5145 1153 5196 certum
1187 5145 1276 5196 est
1301 5143 1587 5213 eos,quod
1624 5143 1734 5215 ipsi
1759 5159 1869 5199 non

1982 4610 2075 4664 lus
2107 4614 2532 4681 consequenter
2560 4610 2716 4664 dicat
2751 4627 2762 4664 :
2795 4612 2857 4664 Et
2888 4611 2938 4664 si
2979 4625 3175 4681 corpus
3223 4628 3410 4666 meum
3456 4613 3642 4667 tradi-

1983 4699 2133 4764 dero,
2167 4701 2245 4753 ita
2293 4709 2354 4753 ut
2407 4715 2614 4754 exurar
2643 4700 2782 4770 igni,
2821 4699 3164 4755 dilectionem
3194 4709 3376 4757 autem
3402 4717 3512 4756 non
3541 4703 3641 4756 ha-

1987 4788 2157 4855 beam,
2192 4787 2335 4842 nihil
2362 4789 2592 4859 proﬁcio
2622 4788 2664 4860 (I
2698 4787 2817 4843 Cor.
2879 4805 3005 4857 xm,
3040 4789 3114 4860 3).
3149 4788 3294 4852 Quia
3351 4789 3458 4844 hoc
3492 4789 3640 4844 facto

1985 4876 2130 4932 nihil
2161 4875 2391 4948 proficit
2420 4877 2517 4948 qui
2555 4894 2668 4932 non
2721 4877 2901 4933 habet
2958 4877 3328 4934 dilectionem
3385 4878 3512 4948 ejus
3543 4877 3640 4932 Dei

1984 4969 2039 5021 et
2062 4965 2296 5033 Christi,
2333 4965 2432 5038 qui
2466 4981 2567 5037 per
2601 4965 2787 5038 legem
2830 4971 2886 5022 et
2916 4967 3234 5038 prophetas
3285 4971 3339 5020 ct
3373 4966 3430 5020 in
3465 4967 3642 5022 Evan-

1984 5053 2212 5127 gelioin
2242 5054 2349 5110 hoc
2399 5054 2613 5109 mcndo
2657 5054 3002 5126 praedicatur
3036 5073 3047 5109 :
3085 5055 3293 5127 Diliges
3347 5056 3641 5110 Dominum

1989 5149 2163 5198 Deum
2187 5146 2344 5198 tuum
2371 5145 2430 5198 in
2461 5147 2565 5198 toto
2585 5142 2744 5199 corde
2785 5147 2876 5198 tuo
2904 5147 2957 5197 et
3001 5145 3061 5197 in
3108 5145 3220 5198 tota
3248 5145 3442 5198 animo
3473 5151 3565 5198 tua
3591 5146 3641 5199 et

1629 5287 1961 5348 Variorum
2017 5294 2205 5348 notae.

289 5406 401 5477 (27)
429 5406 594 5463 Multa
650 5408 733 5464 vel
787 5426 982 5480 prava.
1045 5409 1460 5480 Reponendum
1517 5414 1607 5464 est
1650 5411 1871 5465 mutila.

200 5479 506 5534 GALLAND.
788 5479 795 5480 ί
1131 5479 1144 5480 ί

291 5550 423 5621 (28).
461 5551 567 5619 Qui
598 5553 656 5605 in
685 5567 774 5606 eos
829 5551 1098 5624 Christus,
1157 5551 1332 5624 Angli
1384 5551 1694 5624 legendum
1745 5567 1874 5609 esse

204 5625 577 5678 monuerunt
605 5623 702 5694 qui
729 5625 793 5679 ob
813 5623 1272 5696 pseudo-christos
1286 5625 1427 5694 forte
1437 5623 1658 5679 credere
1679 5625 1868 5682 nolue-

1984 5417 2136 5467 runt.
2172 5411 2458 5466 GALLAND.

1982 5483 2166 5610 G(29)
2225 5484 2612 5552 Quodcunque.
2674 5483 2836 5536 Forte
2895 5481 3231 5552 legendum,
3284 5483 3629 5554 Quocunque.

2031 5569 2269 5610 ALLAND.
