4088 6174
221 332 249 398 1
262 332 386 396 249

1221 322 1426 395 PARS
1470 333 1519 393 Ι.
1551 367 1630 378 --
1672 325 2178 397 MONUMENTA
2221 321 2626 397 VETERUM.

3479 333 3636 394 12ΰο

219 469 404 540 (Joan.
435 483 514 537 v1,
545 465 620 537 8).
657 465 728 520 Ut
755 480 825 520 ex
855 463 972 519 illis
1003 464 1370 538 colligamus,
1404 467 1461 520 et
1482 481 1694 536 aquam
1718 481 1864 537 praa-
1898 469 1952 534 Α
1980 465 2154 520 smati
2172 465 2503 536 hominum,
2528 464 2781 538 Spiritus
2811 467 3050 520 sanctus
3081 467 3183 520 aut
3212 461 3500 519 antecedit
3531 466 3633 517 aut

221 563 382 614 stare
414 555 738 628 (Spiritum)
771 554 1037 621 solitum,
1067 559 1124 610 et
1171 554 1515 627 sanguinem
1567 555 1867 626 prOprium

225 645 568 703 hominibus
591 648 864 716 praestare
884 644 1168 716 Spiritum
1192 643 1429 699 solitum
1452 644 1586 714 (35),
1604 649 1658 698 et
1674 643 1870 715 ipsum

225 751 464 809 quoque
495 733 774 806 Spiritum
808 737 1082 804 przestare
1113 732 1394 804 Spiritum
1426 732 1689 787 solitum.
1725 732 1870 787 Nam

225 841 365 881 cum
389 823 726 880 eﬂ'undatur
739 837 892 890 aqua
905 821 1077 876 sicuti
1090 825 1147 876 et
1159 821 1420 892 sanguis,
1438 821 1683 893 spiritus
1696 820 1871 875 etiam

225 915 454 971 effusus
486 912 620 968 sita
658 909 901 965 Domino
934 926 1109 981 super
1128 925 1329 965 omnes
1354 909 1452 980 qui
1480 909 1873 976 crediderunt,

226 1005 437 1074 utique
467 1007 525 1057 et
555 1018 709 1072 aqua
751 1004 808 1055 et
851 999 1236 1055 nihilominus
1285 999 1516 1071 proprio
1565 999 1872 1072 sanguine,

227 1100 376 1149 tunc
402 1090 608 1146 deinde
637 1094 695 1145 et
724 1089 945 1161 Spiritu
977 1093 1180 1144 sancto
1212 1094 1462 1160 possunt
1484 1089 1756 1144 homines
1777 1090 1876 1144 ba-

228 1181 459 1255 ptizari.
489 1181 584 1234 Ait
615 1179 771 1234 enim
802 1183 1010 1234 Petrus
1045 1196 1058 1234 :
1093 1178 1194 1233 Sed
1224 1178 1321 1234 hoc
1354 1187 1433 1233 est
1469 1179 1617 1248 quod
1667 1177 1878 1233 dictum

227 1279 314 1326 est
340 1286 438 1342 per
460 1268 822 1340 praphetam:
858 1269 978 1322 Erit
1033 1267 1093 1322 in
1135 1269 1449 1322 novissimis
1491 1267 1698 1333 diebus,
1741 1267 1877 1322 dicit

231 1361 520 1426 Dominus,
551 1356 832 1430 effundam
851 1357 1122 1428 Spiritum
1135 1372 1316 1412 meum
1340 1372 1503 1426 super
1523 1372 1736 1411 omnem
1754 1372 1876 1410 car-

228 1466 382 1516 nem,
415 1451 464 1503 et
490 1446 890 1518 praphetabunt
921 1446 1026 1506 ﬁlii
1054 1461 1241 1501 eorum
1289 1449 1340 1500 et
1386 1446 1518 1515 filix
1567 1461 1776 1511 eorum,
1829 1453 1880 1500 et

224 1552 459 1611 Juvenes
480 1537 716 1591 visiones
744 1535 1023 1602 videbunt,
1045 1545 1097 1590 et
1125 1535 1373 1590 seniores
1396 1534 1612 1590 somnia
1626 1535 1880 1590 somnia-

237 1628 390 1681 bunt.
412 1627 476 1680 Et
491 1623 710 1696 quidem
727 1639 896 1695 super
923 1639 1105 1679 servos
1136 1627 1184 1678 et
1213 1639 1377 1692 super
1423 1623 1658 1678 ancillas
1704 1623 1878 1693 eﬂun-

234 1716 368 1770 dam
397 1715 462 1769 de
489 1714 711 1783 Spiritu
741 1729 856 1768 meo
887 1714 1022 1783 (Act.
1058 1728 1118 1778 11,
1153 1712 1364 1782 17,18).
1391 1712 1571 1775 Quem
1596 1712 1878 1782 Spiritum

234 1803 1022 1872 inVeteriTestamento,non
1039 1801 1275 1872 quidem
1291 1800 1513 1872 passim
1559 1817 1663 1856 nec
1677 1801 1878 1870 effuse,

236 1893 342 1948 sed
373 1891 870 1948 communicatum
902 1907 1036 1946 cum
1067 1889 1219 1957 aliis,
1253 1893 1355 1944 aut
1374 1890 1548 1945 etiam
1569 1893 1774 1961 sponte
1799 1889 1882 1962 in-

237 1980 476 2036 siluisse
504 1980 565 2035 in
596 1979 884 2051 quosdam
919 1977 1208 2048 homines,
1241 1977 1328 2032 vel
1359 1977 1622 2033 induisse
1643 1976 1774 2033 illos
1795 1977 1882 2032 vel

238 2070 424 2126 fuisse
453 2084 631 2140 super
659 2084 758 2124 eos
799 2068 1314 2139 deprehendimus,
1364 2068 1537 2122 sicuti
1584 2067 1764 2139 Moysi
1813 2067 1884 2122 de

238 2158 615 2231 septuaginta
645 2156 1000 2230 presbyteris
1031 2173 1064 2211 a
1099 2156 1340 2211 Domino
1370 2156 1593 2211 dictum
1612 2173 1740 2212 esse
1759 2155 1884 2211 ani-

240 2247 701 2304 madvertimus:
735 2247 799 2300 Et
855 2253 1115 2315 auferam
1155 2245 1428 2317 Spiritum
1483 2247 1580 2317 qui
1629 2262 1794 2316 super
1835 2253 1887 2300 te

238 2346 340 2404 est,
373 2341 426 2392 et
480 2337 769 2406 imponam
800 2350 966 2404 super
1010 2349 1096 2390 eos
1153 2333 1334 2406 (Num.
1368 2351 1446 2405 x1,
1497 2335 1609 2406 47).
1654 2335 1890 2405 Pr0pter

239 2426 400 2498 quod
427 2426 603 2482 etiam
635 2425 960 2481 secundum
992 2423 1470 2495 pollicitationem
1509 2439 1680 2479 suam
1733 2424 1887 2479 Deus

239 2517 316 2571 ab
349 2513 461 2570 alio
493 2531 559 2569 ex
588 2515 804 2586 Spiritu
837 2513 937 2585 qui
969 2527 1145 2584 super
1175 2513 1410 2585 Moysen
1445 2513 1650 2580 fuerat,
1701 2512 1888 2584 impo-

240 2605 365 2660 suit
394 2620 568 2675 super
597 2602 749 2672 illos,
783 2606 840 2657 et
861 2601 1352 2674 prophetaverunt
1373 2602 1431 2656 in
1455 2601 1663 2657 castris
1688 2619 1700 2657 :
1725 2602 1889 2665 Quod

243 2693 495 2766 Moyses,
530 2696 595 2747 ut
611 2692 786 2747 homo
810 2690 1115 2763 spiritalis,
1139 2691 1222 2746 ita
1242 2691 1558 2763 contigisse
1573 2691 1888 2763 gaudebat,

241 2783 382 2837 licet
411 2783 481 2837 ab
512 2781 651 2837 Jesu
685 2780 802 2836 {ilio
834 2780 986 2838 Nave
1017 2785 1082 2835 ut
1111 2779 1246 2836 huic
1277 2779 1358 2835 rei
1387 2779 1770 2836 intercederet
1801 2781 1889 2834 in-

239 2872 367 2927 vito
397 2871 773 2940 suadebatur,
806 2873 863 2925 et
906 2869 1120 2925 idcirco
1179 2886 1293 2925 non
1347 2869 1518 2924 fuisse
1567 2873 1887 2940 permotus.

242 2962 425 3016 Porro
457 2963 651 3015 autem
682 2959 742 3013 in
775 2958 923 3014 libro
972 2959 1247 3027 Iudicum,
1285 2958 1423 3013 item
1473 2958 1532 3012 in
1587 2961 1894 3029 Regnorum

243 3048 417 3104 iibris
447 3048 967 3104 animadvertimus
998 3065 1176 3119 super
1206 3047 1514 3119 plerosque
1564 3052 1663 3102 aut
1714 3047 1893 3102 fuisse

245 3138 526 3210 spiritum
562 3136 790 3191 Domini
822 3141 922 3190 aut
951 3135 1247 3191 insiluisse
1268 3135 1328 3189 in
1351 3152 1469 3202 eos,
1492 3139 1774 3207 tanquam
1798 3152 1893 3191 su-

1981 554 2264 625 sequitur,
2295 553 2384 609 vel
2414 558 2679 610 cessante
2712 554 3075 626 Baptismate
3105 571 3286 624 aquae,
3347 551 3634 608 incumbit

1981 659 2158 714 super
2176 660 2274 698 eos
2297 645 2395 715 qui
2421 644 2685 710 credunt,
2710 643 2810 698 dat
2835 643 3006 699 nobis
3030 642 3342 698 consilium
3358 641 3509 713 quod
3531 644 3633 696 aut

1981 747 2049 786 ex
2078 731 2302 803 integro
2336 732 2442 787 rite
2496 732 2790 803 baptisma
2821 747 3072 800 servare,
3109 736 3210 786 aut
3239 732 3386 786 forte
3433 731 3568 786 dato
3601 747 3635 786 a

1983 836 2327 890 quocunque
2357 820 2415 875 in
2447 821 2682 876 nomine
2712 823 2846 876 Jesu
2877 820 3087 877 Christi
3119 821 3472 892 baptismate
3492 837 3632 892 sup-

1982 908 2139 980 plere
2167 909 2225 964 id
2259 909 2598 980 debeamus,
2623 911 2917 965 custodita
2941 909 3198 966 nominis
3227 910 3364 965 Jesu
3395 909 3631 977 Christi,

1985 998 2155 1054 sicuti
2188 997 2528 1070 plenissime
2561 1000 2959 1070 exposuimus,
2994 999 3369 1054 sanctissima
3397 998 3634 1054 invoca-

1984 1087 2161 1155 tione,
2196 1089 2488 1143 custodita
2518 1093 2797 1160 praeterea
2826 1088 2971 1142 tanti
3013 1089 3316 1160 temporis,
3349 1091 3432 1143 tot
3477 1089 3632 1144 viro-

1987 1193 2139 1243 rum,
2171 1177 2500 1232 veneranda
2529 1178 2698 1232 nobis
2730 1177 3155 1232 consuetudine
3183 1181 3242 1232 et
3267 1176 3630 1233 auctoritate.

2055 1265 2198 1320 XVI.
2231 1266 2514 1330 Quoniam
2547 1270 2744 1322 autem
2788 1266 2978 1338 prima
3037 1283 3171 1338 pars
3215 1265 3634 1338 disputationis

1987 1355 2167 1425 hujus
2187 1356 2418 1411 videtur
2447 1354 2752 1425 explicata,
2787 1355 2961 1410 etiam
2988 1360 3330 1426 sequentem
3353 1356 3481 1426 ejus
3503 1371 3636 1427 pro-

1990 1449 2118 1515 pter
2147 1444 2442 1501 hmreticos
2476 1444 2759 1499 debemus
2789 1444 3110 1517 attingere:
3173 1445 3308 1516 quia
3357 1459 3636 1516 perquam

1989 1534 2385 1588 necessarium
2416 1538 2501 1589 est
2530 1549 2661 1589 eum
2692 1537 3010 1589 tractatum
3043 1533 3143 1606 qui
3174 1532 3353 1589 semel
3403 1533 3462 1588 in
3513 1549 3637 1588 ma-

1991 1639 2102 1677 nus
2135 1622 2336 1678 incidit
2370 1640 2484 1678 non
2515 1622 2849 1694 praeterire;
2900 1639 2971 1678 ne
3016 1624 3159 1678 forte
3205 1639 3303 1678 eos
3350 1621 3447 1693 qui
3502 1625 3641 1677 sunt

1992 1711 2378 1782 simpliciores
2401 1729 2469 1768 ex
2503 1712 2800 1777 fratribus,
2835 1711 3046 1783 aliquis
3077 1711 3478 1766 haereticorum
3515 1726 3638 1765 ver-

1993 1800 2146 1855 sutia
2168 1817 2275 1856 sua
2294 1803 2506 1856 audeat
2526 1805 2833 1856 attentare.
2865 1800 3007 1856 Nam
3043 1803 3181 1872 quia
3210 1801 3464 1856 Joannes
3497 1799 3642 1855 dixit

1992 1906 2106 1944 non
2142 1889 2522 1961 baptizandos
2566 1907 2695 1945 esse
2753 1891 2812 1944 in
2870 1889 3090 1962 Spiritu
3149 1894 3350 1945 sancto
3411 1893 3468 1943 et
3517 1889 3640 1960 igni

1993 1979 2200 2050 (Matth.
2249 1995 2332 2049 111,
2366 1979 2426 2033 11
2453 1997 2464 2047 ;
2491 1981 2616 2034 Luc.
2654 1996 2737 2049 ιιι,
2773 1980 2882 2050 16),
2905 1995 2970 2034 eo
3021 1980 3176 2050 quod
3221 1978 3512 2033 addiderit
3553 1978 3641 2032 di-

1995 2085 2132 2124 cens
2151 2073 2200 2122 et
2230 2068 2372 2139 igni,
2399 2069 2612 2123 idcirco
2635 2069 2874 2139 quidam
2907 2068 3197 2140 desperati
3221 2067 3488 2122 homines
3513 2066 3642 2122 ausi

1996 2162 2135 2212 sunt
2164 2173 2588 2228 usquequaque
2619 2157 2962 2228 pravitatem
2995 2173 3163 2212 suam
3223 2156 3537 2228 porrigere,
3588 2159 3645 2211 et

1997 2249 2302 2317 propterea
2329 2245 2596 2300 homines
2625 2245 3017 2302 versutissimi
3050 2249 3321 2317 quaerunt
3349 2245 3643 2317 quomodo

1998 2334 2330 2390 sanctitatis
2362 2334 2656 2407 baptisma
2683 2335 2765 2390 ita
2794 2339 3175 2408 corrumpant
3204 2352 3270 2390 ac
3316 2335 3534 2390 violent
3581 2338 3646 2389 ut

1997 2423 2171 2479 etiam
2211 2429 2527 2492 evacuent;
2561 2423 2660 2496 qui
2682 2424 2964 2496 originem
2987 2425 3114 2494 jam
3148 2424 3356 2480 exinde
3401 2423 3647 2478 trahunt

1998 2531 2029 2567 a
2055 2512 2294 2569 Simone
2325 2530 2496 2585 mago
2529 2513 2872 2569 multiformi
2907 2514 3283 2585 perversitate
3311 2530 3414 2585 per
3455 2513 3647 2568 varios

1999 2618 2222 2659 errores
2255 2619 2384 2658 eam
2415 2607 2762 2659 exercentes.
2797 2604 2898 2659 Cui
2933 2603 3153 2659 Simoni
3183 2605 3386 2660 Petrus
3408 2603 3464 2658 in
3486 2602 3646 2658 Actis

2001 2690 2400 2762 apostolorum
2459 2689 2640 2745 dixit:
2702 2691 2955 2746 Pecunia
3011 2694 3117 2746 tua
3176 2693 3249 2746 sit
3327 2693 3386 2746 in
3457 2691 3648 2760 perdi-

2000 2782 2225 2846 tionem,
2260 2780 2390 2850 quia
2417 2780 2660 2848 gratiam
2714 2781 2812 2833 Dei
2855 2781 3188 2834 existimasti
3240 2795 3340 2850 per
3388 2781 3650 2850 pecunias

1995 2884 2150 2940 posse
2176 2868 2459 2939 possideri.
2496 2873 2617 2924 Non
2645 2870 2722 2923 est
2749 2868 2850 2922 tibi
2885 2870 3062 2938 portio
3092 2884 3264 2939 neque
3292 2870 3405 2936 fors
3432 2869 3493 2922 in
3537 2883 3648 2923 ser-

2001 2973 2163 3012 mone
2191 2959 2306 3012 hoc.
2335 2957 2440 3012 Cor
2469 2957 2615 3011 enim
2644 2966 2794 3012 tuum
2833 2974 2939 3012 non
2971 2962 3047 3012 est
3075 2965 3286 3012 rectum
3312 2973 3496 3012 coram
3543 2959 3648 3013 Deo

2003 3048 2137 3119 (Act.
2168 3063 2289 3102 vm.
2322 3047 2412 3112 20,
2441 3045 2554 3116 21).
2589 3046 2658 3101 Et
2706 3050 2888 3117 agunt
2932 3045 3028 3100 isti
3079 3045 3202 3101 hmc
3234 3046 3452 3116 omnia,
3505 3046 3647 3102 dum

2005 3136 2200 3192 fallere
2230 3135 2477 3208 cupiunt
2506 3152 2604 3190 eos
2635 3135 2732 3206 qui
2767 3140 2905 3189 sunt
2927 3135 3314 3206 simpliciores
3341 3140 3440 3190 aut
3464 3135 3652 3192 curio-

250 3243 362 3299 per
407 3224 733 3290 Gothoniel,
784 3226 1034 3294 Gedeon,
1083 3223 1352 3295 Jephthe,
1410 3224 1682 3290 Samson,
1731 3223 1889 3291 Saul,
1924 3211 1965 3277 C
2004 3227 2220 3281 siores:
2255 3230 2311 3279 et
2338 3228 2567 3279 tentant
2589 3223 2852 3279 nonnulli
2883 3222 3116 3278 illorum
3138 3230 3381 3279 tractare
3401 3241 3464 3280 se
3493 3224 3649 3280 solos

256 3314 433 3371 David
463 3323 515 3370 et
545 3318 783 3369 caeteros
807 3312 972 3368 alios.
999 3313 1160 3378 Quod
1188 3327 1375 3384 usque
1397 3313 1538 3368 adeo
1570 3313 1651 3367 ita
1681 3329 1744 3368 se
1785 3312 1891 3368 ha-

252 3403 745 3474 bet,utSpiritum
773 3403 957 3457 sancti
983 3405 1188 3473 sponte
1213 3401 1507 3456 accedenti
1527 3401 1596 3456 ab
1611 3401 1697 3457 eis
1721 3400 1894 3456 liber-

249 3495 439 3546 tatem
471 3507 536 3546 ac
565 3489 898 3546 facultatem
947 3489 1425 3545 manifestissime
1457 3507 1563 3546 nos
1616 3491 1897 3547 Dominus

251 3579 520 3636 docuerit
572 3579 811 3645 dicens;
844 3579 1086 3650 Spiritus
1114 3579 1211 3634 ubi
1249 3581 1366 3633 vult
1392 3581 1584 3650 spirat,
1617 3587 1667 3634 et
1715 3595 1898 3635 vocem

249 3670 374 3736 eius
431 3669 610 3740 audis,
651 3673 703 3723 et
757 3669 936 3724 nescis
994 3667 1142 3723 unde
1197 3670 1384 3724 veniat
1439 3673 1538 3722 aut
1580 3684 1687 3740 quo
1735 3668 1899 3724 vadat

253 3759 434 3829 (Joan.
470 3774 554 3824 ιιι,
584 3758 660 3828 8).
695 3758 781 3813 Ita
811 3762 875 3812 ut
905 3758 1058 3813 idem
1090 3757 1341 3828 Spiritus
1372 3757 1547 3812 etiam
1579 3773 1755 3829 super
1801 3758 1896 3812 in-

252 3847 466 3918 dignos
497 3863 727 3919 quoque
758 3847 848 3902 sui
878 3863 1306 3918 nonnunquam
1353 3845 1682 3901 inveniatur
1729 3863 1895 3902 esse:

249 3953 371 3992 non
405 3937 607 4007 utique
638 3937 819 3991 otiose
851 3953 955 3991 nec
987 3935 1112 3992 sine
1143 3936 1388 3998 ratione,
1420 3936 1521 3990 sed
1561 3937 1896 3990 necessariae

249 4028 294 4081 l
309 4025 453 4081 ‘20I
493 4025 746 4094 alicujus
766 4025 1120 4095 operationis
1141 4025 1350 4096 gratia,
1366 4024 1536 4079 sicuti
1561 4041 1738 4096 super
1758 4023 1897 4079 Saul

251 4115 393 4180 fuit,
424 4130 599 4186 super
632 4130 805 4185 quem
839 4114 1027 4169 factus
1056 4118 1143 4168 est
1165 4112 1416 4186 Spiritus
1439 4113 1901 4185 Dei,etpropbe-

252 4202 422 4259 tavit.
454 4205 799 4274 Quanquam
830 4203 1147 4274 posteriore
1178 4206 1439 4274 tempore
1472 4206 1784 4273 postquam
1812 4219 1900 4257 re-

254 4291 439 4348 cessit
469 4292 539 4346 ab
562 4308 628 4347 eo
660 4290 915 4364 Spiritus
951 4290 1198 4358 Domini,
1231 4295 1288 4346 et
1320 4287 1905 4362 postquam'angebat

252 4397 396 4438 eum
427 4381 670 4452 spiritus
701 4379 996 4451 malignus
1029 4397 1059 4435 a
1080 4379 1345 4450 Domino,
1371 4380 1648 4450 quoniam
1670 4383 1810 4434 tunc
1832 4379 1903 4434 ad

254 4471 369 4526 hoc
400 4475 730 4542 postremus
753 4472 989 4524 venerat
1018 4472 1149 4540 post
1179 4468 1418 4523 nuntios
1441 4484 1587 4539 quos
1606 4472 1741 4522 ante
1763 4467 1907 4523 assi-

2003 3316 2296 3386 integrum
2320 3317 2495 3385 atque
2516 3313 2980 3385 perfectum,non
3003 3313 3175 3368 sicuti
3190 3329 3294 3369 nos
3314 3312 3650 3368 mutilatum

2006 3409 2061 3459 et
2092 3405 2457 3458 decurtatum
2490 3402 2780 3474 baptisma
2817 3403 3066 3473 tradere,
3119 3403 3274 3474 quod
3323 3401 3517 3458 taliter
3564 3401 3652 3457 di-

2007 3497 2223 3548 cuntur
2251 3491 2571 3564 assignare,
2605 3495 2670 3546 ut
2697 3507 2871 3563 quam
2906 3507 3039 3546 mox
3066 3491 3127 3545 in
3160 3507 3372 3562 aquam
3413 3491 3652 3547 descen-

2007 3581 2238 3648 derunt,
2275 3581 2472 3636 statim
2504 3597 2682 3652 super
2711 3597 2926 3653 aquam
2955 3582 3155 3637 I202
3180 3580 3335 3653 ignis
3353 3584 3651 3652 appareat.

2007 3670 2167 3733 Quod
2191 3669 2449 3741 sialiquo
2472 3669 2601 3725 lusu
2633 3670 2946 3742 perpetrari
2971 3674 3179 3742 potest,
3201 3669 3658 3726 sicutafﬁrman—

2006 3763 2103 3814 tur
2122 3757 2384 3830 plerique
2397 3759 2736 3830 hujusmodi
2751 3758 3185 3814 lususAnaxilai
3201 3759 3479 3826 esse,sive
3494 3764 3659 3815 natu-

2008 3848 2126 3904 rale
2157 3849 2295 3920 quid
2327 3852 2432 3918 est,
2463 3865 2578 3920 quo
2611 3853 2778 3920 pacto
2812 3848 2998 3920 possit
3031 3849 3140 3903 hoc
3162 3849 3518 3920 contingere,
3539 3847 3658 3903 sive

2010 3937 2096 3992 illi
2132 3940 2340 4010 putant
2370 3937 2479 3992 hoc
2511 3955 2571 3992 se
2602 3937 2962 4008 conspicere,
2994 3937 3115 3993 sive
3148 3937 3390 4009 maligni
3425 3953 3574 4008 opus
3603 3940 3660 3992 et

2011 4027 2298 4097 magicum
2321 4027 2481 4081 virus
2500 4026 2693 4098 ignem
2718 4031 2906 4097 potest
2945 4027 3002 4081 in
3027 4042 3179 4097 aqua
3195 4026 3549 4098 exprimere:
3573 4023 3660 4080 illi

2011 4122 2207 4172 tamen
2241 4116 2414 4170 talem
2450 4115 2734 4170 fallaciam
2768 4121 2823 4170 et
2852 4117 3156 4188 stropham
3189 4115 3508 4187 praedicant
3528 4131 3658 4186 per-

2012 4210 2228 4260 tectum
2264 4204 2556 4276 baptisma
2584 4221 2746 4273 esse;
2779 4206 2933 4276 quod
2969 4204 3168 4260 fideles
3190 4204 3456 4260 homines
3487 4204 3536 4260 si
3568 4220 3664 4259 co-

2014 4294 2124 4351 acti
2162 4295 2396 4348 fuerunt
2426 4293 2706 4364 accipere,
2744 4293 2938 4364 utique
2961 4310 3076 4348 non
3098 4291 3464 4348 dubitabitur
3483 4309 3582 4349 eos
3602 4291 3663 4348 id

2013 4384 2163 4454 quod
2195 4383 2520 4437 habuerant
2543 4381 2843 4449 amisisse;
2879 4382 3119 4454 perinde
3142 4398 3207 4437 ac
3233 4381 3282 4436 si
3315 4380 3448 4453 quis
3473 4397 3665 4438 sacra-

2013 4476 2209 4526 mento
2241 4470 2410 4526 miles
2441 4469 2618 4537 dicto,
2651 4470 2898 4526 desertis
2931 4470 3052 4525 suis
3075 4469 3302 4536 castris,
3327 4470 3383 4523 in
3405 4469 3665 4526 hostium

253 4560 376 4615 due
406 4558 764 4630 praemiserat
805 4561 870 4613 ut
888 4558 1241 4613 interﬁceret
1272 4557 1444 4612 David
1476 4573 1488 4612 :
1522 4556 1662 4628 quid
1686 4556 1902 4612 idcirco
1936 4579 1982 4642 Β
2014 4559 2430 4615 diversissimis
2451 4557 2657 4614 castris
2688 4557 2858 4631 longe
2892 4557 3050 4615 aliud
3067 4562 3508 4615 sacramentum
3531 4558 3669 4615 velit

253 4648 594 4705 inciderunt
621 4647 680 4703 in
713 4647 955 4703 chorum
985 4646 1403 4719 prophetarum
1435 4651 1492 4700 et
1528 4644 1904 4717 prophetave-

252 4742 421 4804 runt,
454 4754 525 4793 ne
555 4737 615 4793 id
646 4738 799 4809 quod
814 4735 972 4807 jussi
999 4737 1229 4792 fuerant
1252 4736 1525 4807 perlicere
1547 4738 1908 4806 possentaut

250 4825 496 4883 vellent.
537 4827 700 4893 Quod
755 4825 1086 4881 admirabili
1133 4825 1355 4880 ratione
1403 4839 1507 4895 per
1544 4823 1905 4879 voluntatem

252 4914 366 4974 Dei
397 4915 670 4988 spiritum
702 4915 805 4987 qui
838 4931 1014 4986 super
1045 4913 1176 4970 illos
1206 4929 1409 4970 omnes
1441 4912 1568 4981 fuit,
1612 4913 1908 4968 credimus

251 5008 566 5077 operatum
581 5020 730 5060 esse.
752 5002 1114 5075 Quispiritus
1131 5001 1395 5074 implevit
1417 5001 1594 5057 etiam
1617 5001 1906 5057 Joannem

250 5094 582 5164 Baptistam
618 5093 810 5148 adhuc
842 5093 913 5148 ab
976 5095 1139 5148 utero
1164 5091 1371 5146 matris
1395 5107 1536 5155 sure,
1565 5095 1622 5145 et
1641 5090 1910 5146 incubuit

254 5199 445 5254 super
463 5200 560 5238 eos
589 5182 688 5254 qui
720 5197 852 5237 cum
883 5180 1146 5237 Cornelio
1177 5179 1512 5236 centurione
1529 5184 1695 5235 erant
1716 5181 1907 5252 prius-

257 5288 446 5347 quam
477 5272 914 5345 baptizarentur
943 5287 1111 5344 aqua.
1148 5272 1230 5327 Ita
1262 5270 1403 5326 dum
1435 5269 1685 5326 cohaeret
1723 5269 1912 5342 bapti-

2015 4649 2228 4714 dicere,
2263 4647 2370 4702 hac
2401 4647 2625 4702 ratione
2655 4651 2883 4703 constat
2913 4664 3048 4705 eum
3078 4652 3270 4704 vetere
3297 4650 3666 4705 sacramento

2013 4741 2454 4792 exauctoratum
2485 4753 2635 4792 esse.

2087 4824 2255 4879 XVII.
2289 4824 2431 4880 Item
2466 4825 2512 4878 si
2547 4824 2890 4896 hujusmodi
2922 4825 3096 4882 homo
3126 4843 3333 4882 rursus
3366 4826 3436 4882 ad
3471 4829 3528 4881 te
3546 4825 3671 4880 red-

2016 4919 2128 4984 eat,
2159 4913 2360 4984 utique
2389 4913 2685 4970 bzesitabis
2716 4919 2918 4970 utrum
2968 4915 3183 4972 habeat
3213 4915 3503 4988 baptisma
3532 4928 3670 4969 nec-

2016 5019 2087 5058 ne
2115 5021 2127 5070 ;
2162 5007 2218 5057 et
2247 5006 2440 5058 tamen
2465 5004 2753 5074 oportebit
2783 5008 2839 5060 te
2862 5004 2998 5059 huic
3015 5021 3250 5076 quoque
3271 5003 3670 5076 pcenitentiam

2017 5092 2211 5164 agenti
2245 5092 2693 5163 quibuscunque
2725 5094 2915 5149 modis
2947 5094 3208 5165 potueris
3234 5091 3674 5148 subvenire.Est

2018 5185 2213 5236 autem
2268 5181 2582 5236 adulterini
2643 5181 2844 5254 hujus,
2899 5183 3018 5237 imo
3075 5181 3424 5238 internecini
3480 5179 3672 5252 bapti-

2018 5270 2245 5340 smatis,
2280 5269 2329 5325 si
2362 5271 2496 5342 quis
2527 5269 2679 5325 alius
2710 5273 2932 5338 auctor,
2964 5274 3091 5326 tum
3120 5270 3296 5327 etiam
3327 5269 3567 5342 quidam
3600 5269 3672 5325 ab

1693 5450 2024 5513 Variorum
2052 5455 2236 5511 notae.

343 5593 457 5669 (35)
501 5595 772 5669 Spiritum
809 5593 1075 5669 _solitum.
1100 5667 1113 5669 _
1140 5594 1443 5669 Assentior
1499 5593 1622 5669 viro
1684 5593 1910 5648 erudito

264 5665 450 5748 quem
479 5665 660 5750 supra
689 5667 920 5726 laudavi
968 5671 1026 5727 et
1045 5665 1441 5726 admonitione
1467 5666 1596 5746 ejus
1618 5680 1766 5726 usus
1786 5680 1922 5748 sum

2021 5597 2087 5649 ut
2116 5591 2497 5668 emendarem,
2517 5597 2588 5668 et,
2604 5593 2942 5668 supplerem
2962 5595 3118 5653 hunc
3141 5598 3355 5654 locum.
3380 5593 3551 5654 Certa
3573 5608 3676 5652 au-

2032 5669 2153 5746 tem
2182 5670 2271 5746 est
2299 5665 2650 5727 emendatio.
2680 5665 2972 5747 GALLAND.
