4088 6174
569 307 716 372 1251

1627 306 1728 368 DE
1774 303 2362 370 HIERE'I‘ICOBUM
2407 306 2903 374 BAP'I‘ISMATE

3703 329 3814 392 125!

560 445 782 499 eisdem
812 443 960 515 ipsis
991 441 1278 498 haereticis
1311 449 1545 514 propter
1575 442 1730 498 hunc
1759 444 2028 498 eumdem
2062 458 2214 498 erro-
2243 447 2295 510 Α
2326 453 2522 500 essent
2553 446 2872 502 invisibilia
2904 446 3302 514 nihilominus,
3331 466 3464 505 nunc
3489 468 3676 524 quoque
3692 461 3817 518 cequ

563 548 685 588 rem
718 531 1004 588 conﬁctus
1036 531 1182 586 liber
1235 530 1334 603 qui
1392 531 1736 587 inscribitur
1793 533 1961 586 Pauli
2001 532 2212 603 praedi-

559 623 703 678 catio
732 623 864 694 (36).
901 623 963 676 In
997 639 1109 693 quo
1130 621 1278 676 libro
1311 626 1514 676 contra
1541 637 1744 677 omnes
1795 621 2126 692 Scripturas
2157 625 2216 676 et

561 711 633 768 de
662 715 900 784 peccato
923 711 1158 783 proprio
1189 710 1564 766 conﬁtentem
1600 709 1859 765 invenies
1891 709 2211 776 Christum,

564 801 663 873 qui
695 800 854 857 solus
884 800 1122 856 omnino
1154 799 1300 855 nihil
1334 799 1601 871 deliquit,
1631 804 1688 854 et
1710 799 1781 855 ad
1805 798 2212 872 accipiendum

561 892 808 948 Joannis
836 892 1132 963 baptisma
1161 907 1308 963 pene
1335 891 1583 945 inVItum
1615 907 1648 944 a
1677 894 1865 945 matre
1898 907 2008 945 sua
2039 889 2214 944 Maria

563 997 690 1037 esse
720 980 1132 1053 compulsum:
1193 980 1331 1035 item
1374 996 1505 1035 cum
1552 979 1961 1051 baptizaretur,
2016 979 2210 1051 ignem

562 1087 739 1144 super
763 1087 974 1143 aquam
1006 1086 1134 1126 esse
1164 1069 1388 1137 visum;
1423 1069 1576 1141 quod
1610 1068 1666 1122 in
1701 1068 2008 1139 Evangelio
2053 1066 2212 1123 nullo

557 1165 646 1215 est
675 1160 958 1232 scriptum
987 1176 999 1214 :
1036 1162 1237 1230 etpost
1263 1161 1427 1213 tanta
1447 1163 1712 1229 tempora
1728 1157 1957 1212 Petrum
1983 1161 2038 1211 et
2059 1157 2211 1212 Pau-

558 1247 684 1304 lum
719 1254 851 1321 post
873 1247 1242 1303 collationem
1263 1247 1557 1319 Evangelii
1577 1247 1635 1301 in
1657 1246 1983 1302 Jerusalem
2005 1251 2060 1301 et
2086 1263 2220 1301 mu.

558 1345 723 1396 tuam
759 1337 1170 1411 cogitationem
1188 1341 1245 1392 et
1277 1336 1710 1392 altercationem
1747 1341 1801 1391 et
1823 1353 2018 1391 rerum
2040 1353 2207 1409 agen-

551 1429 762 1484 darum
794 1427 1264 1499 dispositionem,
1297 1429 1593 1497 postremo
1617 1425 1674 1479 in
1702 1426 1848 1482 Urbe
1871 1427 2039 1496 quasi
2068 1431 2208 1483 tunc

552 1518 809 1588 primum
840 1515 1089 1571 invicem
1113 1515 1224 1570 sibi
1246 1531 1373 1570 esse
1396 1514 1659 1585 cognitos
1686 1531 1698 1567 :
1722 1520 1777 1567 et
1805 1515 2070 1584 quaedam
2093 1515 2208 1572 alia

543 1603 953 1675 hujuscemodi
981 1604 1233 1658 absurde
1265 1619 1330 1658 ac
1351 1603 1603 1668 turpiter
1625 1604 1874 1658 conﬁcta
1898 1619 1910 1658 :
1936 1620 2060 1673 quae
2085 1621 2203 1658 om-

543 1693 641 1750 nia
675 1693 732 1747 in
765 1692 932 1747 illum
963 1691 1177 1746 librum
1211 1691 1470 1747 invenies
1503 1696 1795 1763 congesta.
1857 1693 1964 1756 Qui
2004 1697 2198 1748 autem

2323 537 2379 586 et
2402 533 2792 591 incredulitati
2809 535 3113 590 hominum
3140 535 3224 591 vel
3240 551 3303 591 ex
3313 545 3473 610 parte,
3485 540 3558 597 vel
3573 542 3821 619 aliquando,

2323 621 2410 676 vel
2442 622 2498 676 in
2530 624 2722 696 ﬁgura
2755 630 2893 680 sunt
2923 628 3248 681 monstrata
3276 627 3341 682 ad
3370 631 3763 691 eorroborandam
3784 644 3821 693 et

2322 712 2788 769 conﬁrmandam
2819 714 2993 770 ﬁdem
3025 718 3299 770 nostram.
3322 717 3421 771 Sed
3442 734 3530 773 nec
3547 719 3664 776 illud
3681 725 3825 782 omise-

2323 799 2432 854 rim
2467 803 2621 872 quod
2654 803 3027 876 Evangelium
3061 805 3263 859 merito
3320 806 3575 875 pradicet.
3611 810 3684 863 Ait
3719 813 3822 869 enim

2322 889 2638 961 paralytieo
2669 891 2954 947 Dominus
2986 897 3221 948 noster:
3269 894 3402 948 Bono
3419 897 3583 949 animo
3619 900 3722 964 esto,
3757 902 3824 969 ﬁli,

2321 977 2674 1034 dimittuntur
2697 981 2798 1036 tibi
2843 989 3062 1053 peccata
3103 981 3303 1052 (Matth.
3352 1000 3420 1048 ix,
3448 983 3514 1052 2),
3557 989 3611 1039 ut
3643 989 3828 1044 ostende-

2323 1071 2409 1121 ret
2440 1067 2552 1122 ﬁde
2578 1069 2848 1124 mundari
2874 1070 3050 1125 corda
3069 1071 3139 1124 ad
3165 1069 3534 1126 remissionem
3555 1078 3827 1143 peccatorum

2322 1157 2814 1227 consequendam.
2876 1159 3061 1223 Quam
3119 1158 3498 1214 remissionem
3558 1167 3829 1231 peccatorum

2321 1251 2630 1300 consecuta
2652 1250 2742 1302 est
2770 1247 2945 1302 etiam
2979 1246 3080 1301 illa
3109 1263 3236 1318 quae
3264 1252 3380 1302 erat
3402 1247 3587 1304 mulier
3622 1250 3829 1320 peccatrix

2319 1333 2376 1388 in
2411 1333 2678 1403 civitate;
2712 1335 2805 1390 cui
2851 1335 3130 1391 Dominus
3153 1336 3267 1392 ait:
3301 1337 3624 1392 Dimittuntur
3647 1340 3728 1393 tibi
3745 1355 3832 1409 pec-

2315 1430 2436 1477 cata
2457 1424 2605 1493 (Luc.
2637 1440 2739 1492 vn,
2773 1425 2861 1492 48,
2892 1425 3005 1496 50).
3039 1425 3108 1478 Et
3138 1441 3272 1479 cum
3303 1425 3583 1496 coepissent
3607 1425 3688 1496 qui
3711 1427 3829 1481 simul

2316 1511 2781 1583 discumbebant,
2815 1515 2969 1583 apud
3003 1518 3189 1569 semet
3217 1514 3370 1584 ipsos
3415 1514 3606 1570 dicere:
3652 1515 3752 1582 Quis
3785 1519 3831 1570 est

2315 1599 2403 1655 hic
2431 1603 2528 1670 qui
2556 1610 2768 1672 peccata
2796 1601 3048 1656 dimitti?
3079 1603 3233 1674 quod
3266 1607 3322 1657 et
3365 1602 3500 1658 circa
3543 1602 3828 1674 paralyticnm

2314 1688 2580 1744 acerbius
2637 1690 2848 1745 Scriba
2907 1697 2964 1746 et
3019 1690 3291 1746 Pharisaei
3336 1690 3831 1762 {obmurmuraverant

542 1799 659 1838 non
684 1781 957 1854 ignorant
985 1780 1238 1852 Spiritus
1273 1781 1461 1836 sancti
1486 1779 1843 1853 qualitatem.
1866 1780 2199 1849 intelligunt
2228 1802 2273 1866 B
2313 1778 2521 1833 I204
2551 1777 2634 1832 ait
2663 1779 2732 1833 ad
2767 1777 3071 1834 mulierem
3105 1779 3421 1834 Dominus:
3443 1778 3584 1868 Fides
3607 1787 3684 1834 tua
3766 1780 3832 1832 ial-
3940 1817 3941 1868 ι

544 1871 700 1941 quod
734 1871 953 1925 dictum
989 1874 1079 1925 est
1107 1870 1178 1924 de
1206 1869 1350 1940 igni,
1386 1869 1458 1922 de
1510 1870 1636 1939 ipso
1692 1868 1912 1938 Spiritu
1973 1869 2190 1924 dictum

546 1977 695 2015 esse.
729 1962 874 2014 Nam
907 1959 966 2013 in
1007 1958 1169 2014 Actis
1227 1957 1622 2029 apostolorum
1675 1957 2000 2012 secundum
2045 1958 2196 2012 hanc

538 2049 805 2104 eamdem
867 2047 1324 2119 promissionem
1377 2045 1606 2100 Domini
1695 2047 1830 2116 (Act.
1907 2049 1990 2113 ιι),
2066 2045 2193 2116 ipso

537 2138 630 2193 die
656 2138 1018 2192 Pentecostes
1049 2151 1181 2190 cum
1216 2135 1616 2190 descendisset
1649 2134 1901 2206 Spiritus
1954 2140 2193 2190 sanctus

538 2243 717 2297 super
763 2223 1085 2296 discipulos
1108 2228 1173 2278 ut
1195 2223 1248 2277 in
1284 2223 1380 2277 illo
1403 2223 1856 2295 baptizarentur,
1891 2223 2023 2276 visa:
2056 2228 2194 2279 sunt

538 2314 861 2369 insidentes
878 2328 1055 2383 super
1076 2311 1343 2382 singulos
1365 2311 1577 2383 linguae
1597 2311 1759 2382 quasi
1776 2312 1951 2383 ignis,
1979 2318 2040 2366 ut
2061 2330 2192 2368 con-

541 2406 723 2458 staret
743 2418 840 2457 eos
881 2400 1095 2473 Spiritu
1130 2405 1330 2456 sancto
1363 2404 1419 2455 et
1450 2399 1509 2454 in
1541 2399 1674 2470 igne
1707 2401 2049 2470 baptizatos,
2087 2402 2192 2458 hoc

539 2495 650 2554 est,
673 2507 738 2544 eo
756 2489 972 2562 Spiritu
997 2490 1095 2561 qui
1119 2493 1270 2544 esset
1295 2489 1413 2544 sive
1463 2488 1618 2560 ignis
1648 2490 1764 2543 sive
1796 2490 1962 2560 quasi
1996 2490 2187 2561 ignis:

539 2579 730 2651 qualis
761 2577 914 2651 ignis
946 2579 1056 2633 fuit
1085 2579 1184 2649 qui
1217 2578 1275 2632 in
1312 2579 1456 2632 rubo
1491 2578 1729 2632 ardebat
1760 2582 1816 2632 et
1839 2579 2049 2632 rubum
2076 2597 2187 2634 non

542 2669 943 2738 comburebat,
967 2667 1281 2739 qualisque
1307 2670 1394 2721 est
1425 2664 1520 2721 ille
1549 2665 1702 2738 ignis
1721 2666 1820 2737 qui
1843 2672 1931 2721 est
1956 2667 2189 2740 angelo-

541 2776 671 2819 rum
707 2757 972 2826 spiritus,
1006 2756 1156 2811 sicut
1189 2755 1488 2826 Scriptura
1519 2755 1689 2810 dicit:
1726 2757 1834 2823 Qui
1858 2757 1994 2826 facit
2019 2774 2191 2826 ange-

538 2850 617 2906 los
635 2863 760 2903 suos
788 2848 1046 2914 spiritus,
1078 2854 1130 2900 et
1157 2846 1438 2899 ministros
1492 2860 1618 2899 suos
1664 2846 1856 2917 ignem
1911 2847 2190 2901 ardentem

532 2936 707 3010 (Psal.
743 2951 862 2999 cm,
896 2935 970 3006 4),
1004 2933 1103 2987 Cui
1137 2950 1270 2987 cum
1305 2931 1516 2987 similis
1548 2937 1648 2987 aut
1679 2933 1872 2988 socius
1889 2939 1990 2988 aut
2011 2936 2188 3005 parti-

536 3041 670 3094 ceps
703 3022 904 3090 l'ueris,
939 3022 1154 3094 poteris
1187 3020 1416 3076 nullum
1441 3022 1633 3094 ignem
1652 3021 1874 3086 timere,
1899 3023 2183 3079 neoillum

539 3113 775 3185 quidem
799 3110 900 3183 qui
923 3111 1271 3166 antecedens
1294 3112 1538 3164 Domino
1562 3110 1618 3164 in
1646 3109 1738 3165 die
1755 3111 1960 3179 judicii
1978 3112 2184 3167 conﬂa-

535 3201 731 3274 grabit
761 3204 945 3255 totum
970 3199 1169 3254 orbem
1195 3205 1360 3254 terrae
1392 3200 1595 3255 1208
1622 3200 1788 3270 (Psal.
1813 3217 1962 3267 xcvr,
1988 3202 2042 3271 3,
2059 3203 2187 3256 abs-

535 3307 648 3364 que
678 3289 761 3344 eis
786 3288 880 3358 qui
906 3288 1178 3359 baptizati
1218 3293 1357 3342 sunt
1386 3287 1443 3341 in
1476 3287 1692 3358 Spiritu
1727 3296 1926 3342 saneto
1958 3295 2014 3342 et
2047 3288 2185 3361 igni.

607 3377 800 3433 XVIII.
836 3377 902 3432 Et
926 3376 1267 3432 hominibus
1298 3375 1536 3446 quidem
1570 3375 1823 3446 Spiritus
1865 3384 2192 3448 perseverat

543 3466 721 3526 hodie
751 3464 1082 3530 invisibilis,
1116 3465 1270 3519 sicut
1300 3464 1582 3519 Dominus
1615 3464 1789 3519 dicit:
1823 3463 2064 3534 Spiritus
2094 3467 2191 3520 ubi

531 3558 649 3612 vult
674 3558 869 3626 spirat,
900 3557 953 3608 et
976 3555 1149 3608 nescis
1178 3553 1320 3607 unde
1348 3555 1534 3609 veniat
1566 3554 1646 3608 vel
1677 3570 1779 3624 quo
1808 3554 1972 3609 vadat
2011 3557 2184 3625 (Imm.

539 3661 622 3709 Ill,
655 3643 731 3709 8).
766 3642 876 3696 Sed
900 3641 956 3694 in
996 3640 1280 3712 principio
1317 3641 1577 3712 mysterii
1610 3641 1742 3696 ﬁdei
1796 3647 1852 3696 et
1907 3642 2188 3712 spiritalis

538 3731 913 3802 baptismatis
942 3729 1035 3783 hic
1068 3729 1220 3784 idem
1252 3730 1503 3801 Spiritus
1538 3731 1844 3786 manifeste
1902 3732 2058 3786 visus
2101 3739 2188 3788 est

541 3825 598 3876 et
627 3836 803 3891 super
835 3817 1156 3890 discipulos
1185 3818 1477 3874 insedisse
1499 3819 1666 3890 quasi
1689 3819 1873 3891 ignis:
1898 3819 2058 3892 item,
2081 3837 2189 3876 coe-

535 3908 612 3964 lis
644 3907 882 3979 apertis,
918 3905 1288 3962 descendisse
1320 3923 1497 3980 super
1545 3907 1858 3962 Dominum
1903 3909 2186 3965 columbas

534 3996 789 4053 similem
817 4039 830 4064 ,
865 3995 1144 4068 quoniam
1176 3995 1470 4067 pleraque,
1505 3997 1622 4052 imo
1654 4013 1800 4068 pene
1839 3999 2037 4053 omnia
2059 4016 2186 4071 qua:

533 4089 732 4142 essent
759 4085 958 4142 futura
987 4083 1300 4142 manifesta
1340 4089 1510 4140 sunt:
1573 4103 1700 4157 quae
1757 4091 1951 4142 tamen
2012 4090 2186 4144 modo

2307 1883 2448 1935 vam,
2479 1868 2629 1935 fecit,
2660 1868 2798 1922 vade
2845 1869 2903 1922 in
2933 1883 3089 1935 pace.
3122 1871 3204 1922 Ex
3253 1868 3457 1938 quibus
3502 1866 3740 1924 universis
3771 1883 3830 1922 os-

2302 1953 2567 2010 tenditur
2597 1955 2709 2010 tide
2741 1956 3046 2010 emundari
3081 1956 3278 2027 corda,
3313 1955 3519 2028 Spiritu
3546 1963 3708 2012 autem
3731 1954 3830 2009 ablui

2303 2042 2570 2097 animas:
2613 2059 2784 2114 porro
2815 2048 3009 2098 autem
3056 2061 3157 2116 per
3192 2061 3398 2116 aquam
3447 2044 3607 2100 lavari
3649 2059 3830 2116 corpori,

2303 2131 2590 2202 sanguine
2608 2149 2844 2203 quoque
2860 2133 3236 2189 festinantius
3253 2133 3526 2205 perveniri
3545 2148 3833 2205 percompcn-

2304 2219 2467 2274 dium
2500 2221 2572 2276 ad
2605 2220 2812 2276 salutis
2844 2223 3083 2292 praemia
3112 2223 3250 2295 (37).

2374 2309 2517 2364 ΧΙΧ.
2553 2309 2695 2366 Puto
2737 2327 2844 2366 nos
2901 2311 3069 2382 plene
3126 2316 3428 2368 exsecutos
3473 2309 3835 2384 praedicationem

2303 2397 2572 2469 Baptistae
2595 2399 2858 2469 Joannis,
2885 2401 3042 2456 unde
3062 2417 3396 2457 sermonem
3410 2416 3598 2456 sumus
3609 2396 3836 2467 εισι-εἱ,ςυὶ

2302 2486 2446 2541 dixit
2467 2488 2537 2542 ad
2567 2489 2843 2544 Judaeos:
2871 2491 2975 2560 Ego
3023 2489 3246 2562 quidem
3293 2507 3382 2546 vos
3439 2489 3635 2561 baptiso
3666 2504 3772 2557 aqua
3802 2487 3835 2538 in

2297 2578 2695 2646 pamitentiam.
2730 2579 2837 2645 Qui
2865 2582 3047 2633 autem
3068 2583 3194 2649 post
3227 2595 3313 2634 me
3335 2581 3477 2634 venit
3501 2578 3834 2649 fortiormeest,
3940 2581 3941 2640 i

2296 2665 2454 2735 cujus
2474 2681 2568 2736 ego
2596 2681 2707 2721 non
2735 2683 2857 2721 sum
2899 2667 3100 2736 dignus
3148 2669 3360 2724 solvere
3400 2668 3669 2737 corrigiam
3701 2665 3837 2718 caluo
3940 2735 3941 2748 χ

2297 2755 2490 2808 menti.
2523 2755 2644 2824 Ipse
2672 2771 2761 2809 vos
2793 2756 3095 2826 baptimbit
3135 2758 3196 2810 in
3246 2757 3456 2828 Spiritu
3503 2762 3663 2810 sancto
3697 2756 3734 2806 et
3766 2752 3837 2820 igni
3940 2751 3941 2808 l

2298 2842 2447 2911 (Luc.
2483 2858 2564 2910 in,
2601 2843 2709 2913 16).
2757 2844 3020 2899 Arbitror
3067 2850 3266 2900 autem
3317 2850 3375 2900 et
3412 2841 3636 2915 apostoli
3675 2838 3837 2896 Joannis

2297 2931 2623 2986 doctrinam
2655 2949 2760 2986 nos
2792 2950 2904 2988 non
2938 2933 3130 3004 inepte
3160 2933 3538 3004 disposuisse,
3568 2931 3652 3002 qui
3676 2929 3836 2998 aliquid
3940 2977 3941 2988 χ

2296 3028 2402 3074 tres
2423 3022 2798 3076 testimonium
2824 3021 3132 3091 perhibent,
3161 3025 3405 3091 Spiritus
3445 3024 3493 3076 et
3537 3036 3659 3090 aqua
3693 3021 3733 3072 et
3763 3031 3837 3069 m-

2295 3111 2438 3178 guis,
2471 3111 2520 3164 et
2552 3111 2649 3163 isti
2690 3119 2798 3164 tres
2827 3126 3002 3163 unum
3028 3118 3161 3164 sunt
3192 3110 3236 3180 (I
3269 3111 3426 3165 Joan.
3457 3126 3507 3174 v,
3536 3109 3604 3172 8).
3647 3105 3739 3159 Nisi
3772 3101 3835 3154 fal-

2299 3196 2385 3252 lor
2405 3202 2622 3262 autem,
2645 3197 2818 3251 etiam
2848 3196 2991 3252 illud
3014 3198 3457 3268 explanavimus
3484 3196 3623 3268 quod
3643 3192 3837 3248 Dominus

2300 3290 2496 3342 noster
2520 3287 2633 3341 ait:
2661 3288 2902 3342 Joannes
2921 3286 3146 3356 quidem
3166 3288 3467 3358 baptizavit
3511 3301 3660 3355 aqua,
3692 3297 3757 3335 vos
3776 3295 3840 3331 au-

2299 3385 2405 3431 tem
2426 3376 2864 3446 baptizabimini
2891 3377 2953 3430 in.
2979 3377 3200 3446 Spiritu
3231 3381 3424 3432 sancto
3453 3376 3579 3446 (Act.
3609 3390 3644 3441 ι,
3668 3372 3727 3438 5).
3749 3368 3841 3422 Pre-

2301 3470 2454 3520 terea
2475 3465 2743 3520 existimo
2767 3481 2872 3520 nos
2896 3481 3009 3519 non
3035 3464 3338 3520 inﬁrmam
3363 3465 3627 3520 rationem
3647 3457 3841 3514 reddidis-

2297 3571 2360 3609 se
2390 3554 2835 3610 consuetudinis
2867 3571 3129 3610 causam.
3164 3555 3430 3610 Tuemur
3450 3548 3838 3616 tamen,etsip05-

2299 3644 2507 3698 teriore
2527 3642 2652 3698 loco
2687 3643 2743 3697 id
2772 3643 3042 3709 facimus,
3068 3659 3141 3698 ne
3179 3644 3283 3714 qui
3317 3648 3478 3715 putet
3505 3657 3601 3695 nos
3638 3636 3770 3692 unico
3784 3648 3843 3686 ar-

2299 3731 2476 3788 ticulo
2506 3737 2848 3803 praesentem
2899 3731 3347 3788 altercationem
3401 3731 3676 3786 suscitare.
3716 3726 3839 3788 Qui“?

2299 3839 2475 3894 quam
2501 3821 2620 3876 hec
2645 3824 3005 3876 consuetudo
3019 3821 3199 3876 etiam
3221 3808 3844 3889 soladeberetapudhomi-

2297 3927 2400 3966 nes
2432 3912 2700 3966 timorem
2731 3910 2831 3965 Dei
2865 3911 3144 3966 habentes
3177 3917 3237 3966 et
3267 3909 3541 3974 humiles,
3579 3903 3839 3979 pracipuum

2296 3999 2491 4056 locum
2524 4000 2804 4055 obtinere.

1958 4235 2292 4298 Variorum
2336 4245 2524 4300 notae.

605 4367 720 4439 (36)
744 4365 916 4439 Pauli
936 4364 1287 4424 Prazdicatio.
1322 4366 1408 4424 Ita
1437 4371 1604 4424 vetus
1630 4369 1808 4424 codex
1857 4368 2184 4438 Remensis,

2298 4371 2778 4440 terutrius,modo
2793 4370 2902 4426 sub
2927 4371 3241 4443 utriusque
3266 4369 3500 4443 nomine
3520 4363 3846 4443 circumfertjh

534 4416 681 4494 teste
704 4416 986 4515 IRigaltio,
1019 4439 1120 4511 qui
1148 4445 1375 4515 _tamen
1423 4443 1578 4496 Petri
1616 4457 1828 4515 nomen
1876 4443 2138 4511 reposuit
2229 4416 2272 4482 Ῑ)
2300 4445 2488 4514 Digna
2519 4417 2656 4498 su,nt
2687 4461 2813 4515 quae
2848 4416 3239 4510 proferantiur,
3274 4445 3451 4501 verba
3480 4430 3845 4515 Laetantiiﬁt}:

536 4509 1120 4581 eamque'lectionem
1147 4509 1530 4583 Rigaltianam
1557 4512 1795 4567 retinuit
1815 4512 1871 4566 in
1898 4509 2053 4569 textu
2079 4518 2184 4569 Ba-

535 4581 745 4645 luzius,
779 4581 913 4636 licet
933 4581 1115 4657 aliter
1135 4584 1453 4657 sententiat
1473 4584 1530 4638 in
1560 4581 1728 4639 notis.
1754 4583 1983 4640 Codicis
2005 4586 2187 4657 scrip-

535 4657 728 4728 turam
753 4654 1147 4722 praestiterunt
1167 4670 1398 4724 quoque
1420 4655 1868 4712 Oxonienses.Et
1889 4662 2040 4711 recte
2057 4654 2188 4728 qu'i-

532 4724 666 4778 dem
694 4730 1114 4800 inamauctor
1136 4742 1463 4800 anonymus
1497 4745 1608 4782 non
1635 4730 1867 4793 erravit,
1901 4735 1966 4782 ut
2016 4724 2187 4800 puta-

533 4800 670 4868 runt
696 4794 979 4868 Rigaltius
1005 4802 1060 4852 et
1081 4794 1372 4862 Baluzius,
1402 4800 1567 4853 Pauli
1593 4794 2034 4868 pralicationeni
2071 4800 2186 4856 col-

533 4865 806 4921 laudans.
831 4867 1129 4939 Siquidem
1153 4886 1220 4923 ex
1240 4869 1533 4924 Clemente
1553 4865 1961 4926 Alexandrino.
1987 4871 2184 4927 Slrom.

530 4938 633 4994 lib.
669 4955 744 5004 v1,
779 4938 918 5010 pag.
943 4941 1069 5003 639,
1103 4945 1158 4994 et
1189 4957 1256 4995 ex
1289 4940 1605 5008 Lactantio,
1643 4942 1819 4996 Divia.
1855 4943 2040 4998 Instit.
2084 4943 2184 4997 lib.

534 5027 612 5074 Iv,
645 5027 770 5081 cap.
805 5013 892 5074 21,
919 5012 1224 5075 discimus,
1270 5013 1413 5065 Petri
1458 5020 1508 5065 et
1529 5012 1700 5065 Pauli
1737 5014 2189 5082 praadicationem

540 5099 722 5138 unum
747 5082 1022 5154 idemque
1050 5085 1342 5156 scriptum
1375 5083 1579 5147 fuisse,
1604 5085 1757 5153 quod
1778 5087 1950 5141 modo
1973 5087 2082 5142 sub
2105 5086 2188 5142 al-

2291 4497 2662 4587 g—isijerﬁbeus,
2695 4497 2906 4586 inquit,
2926 4497 3239 4570 discedens,
3253 4497 3337 4555 -ξ
3350 4497 3536 4586 futura
3562 4509 3745 4587 aperuit
3771 4497 3845 4587 illis

2296 4578 2610 4657 omniaquae
2640 4578 2834 4642 Petrus
2868 4578 2919 4641 et
2972 4587 3178 4641 Paulus
3239 4578 3422 4642 Romae
3465 4578 3846 4658 prmi-ticalian
3940 4647 3941 4654 χ

2295 4668 2345 4714 et
2375 4675 2444 4713 ea
2478 4648 2828 4713 pampinum
2860 4660 2920 4712 in
2978 4660 3312 4712 memoriam
3367 4648 3564 4727 scripta
3611 4648 3842 4727 ρεπηαπξέὲζ
3940 4648 3941 4724 l

2297 4732 2432 4794 Quae
2466 4747 2607 4784 sane
2638 4731 2889 4784 maxime
2913 4745 3172 4785 consona
3194 4730 3271 4784 iis
3290 4714 3776 4801 perhibentur,qum
3790 4714 3844 4768 hic

2297 4803 2497 4858 statim
2524 4801 2726 4856 subdit
2757 4808 2953 4856 noster
2984 4817 3340 4872 anonymus.
3377 4802 3671 4872 ΘΑμιΑκι).Α
3768 4857 3776 4867 .

2368 4874 2491 4948 (37)
2510 4875 2592 4928 Ad
2619 4873 2832 4948 salutis
2847 4873 3100 4943 praemia.
3125 4865 3290 4948 Puto.
3317 4870 3622 4948 Rigaltii_et
3640 4865 3842 4948 91οεὶξῖ

2299 4931 3009 5015 εἰιὶῐῐι’ἰηῐθι·ρι]ῐιοῖὶὸηθω
3032 4945 3364 5015 sequimur.
3389 4931 3457 4998 Ᾰῑ
3479 4931 3846 5015 Balusiuszf‘esti:

2301 5018 2534 5070 nuntius
2557 5009 2833 5085 perveniri
2849 5032 2947 5086 per
2965 5009 3352 5084 compendium
3374 5017 3451 5070 ad
3472 5013 3657 5068 salutis
3691 5009 3847 5078 praeut

2303 5092 2457 5157 puto,
2486 5093 2595 5142 etc.
2631 5088 2826 5142 Minus
2855 5093 3028 5143 recte.
3061 5089 3344 5143 GALLAND.
