4088 6174
204 331 344 391 1257

1186 329 1390 391 PARS
1435 330 1484 390 Ι.
1515 360 1594 374 —-—
1632 324 2136 390 MONUMENTA
2179 327 2592 390 VETERUM.

3436 330 3595 392 1258

201 464 282 534 12)
309 461 487 534 paleis
517 460 778 528 similat;
810 477 956 533 quos
991 461 1268 517 Dominus
1327 461 1596 518 Christus
1636 461 1820 532 (Joan.
1851 460 1906 526 Α
1937 459 1982 516 si
2013 460 2325 526 voluerint,
2363 461 2646 517 Dominus
2684 458 3034 532 prohibebit,
3095 459 3195 531 qui
3235 459 3417 529 Moysi
3450 478 3594 533 pra-

201 569 252 619 x,
282 553 327 619 1)
360 552 519 606 fures
549 555 607 606 et
637 551 897 606 latrones
923 551 1424 623 designat,l208
1444 551 1596 606 sicut
1617 550 1744 623 ipse
1773 550 1833 605 in

202 640 493 710 Evangelia
542 638 799 694 declarat
858 640 1105 695 dicens:
1141 640 1282 707 Quia
1339 642 1437 711 qui
1481 655 1588 695 non
1620 639 1838 694 introiit

200 745 290 801 per
314 730 512 784 ostium
540 730 602 784 in
633 730 773 784 ovile
800 731 981 784 ovium
1011 728 1103 784 sed
1153 729 1425 784 descendit
1461 745 1558 800 per
1603 729 1836 783 alteram

195 823 420 890 partem,
455 818 551 872 ille
569 820 667 887 fur
693 825 744 873 et
774 819 913 874 latro
933 824 1036 873 est.
1068 820 1209 874 Item
1239 819 1300 873 in
1353 819 1552 874 eodem
1604 833 1835 889 quoque

203 909 318 963 ait:
350 910 544 964 Omnes
591 907 686 979 qui
729 916 1014 975 venerunt,
1073 910 1223 977 fures
1277 912 1406 962 sunt
1464 916 1514 962 et
1562 908 1832 962 latrones.

205 999 369 1066 (Joan.
401 997 478 1067 8).
511 997 617 1059 Qui
641 996 740 1051 isti
769 1000 926 1060 sunt,
961 995 1073 1051 nisi
1104 997 1432 1051 desertores
1485 995 1564 1066 (2)
1613 994 1744 1049 ﬁdei
1779 998 1836 1049 et

200 1092 654 1158 transgressores
686 1084 954 1140 Ecclesiae
984 1083 1084 1139 Dei
1139 1085 1236 1157 qui
1280 1089 1482 1140 contra
1526 1082 1834 1139 ordinatio-

199 1192 324 1231 nem
358 1174 452 1230 |)ei
473 1174 547 1245 (3)
577 1174 848 1229 nituntur
867 1174 896 1228 ‘I
926 1190 1074 1246 quos
1097 1174 1304 1229 merito
1326 1173 1575 1245 Spiritus
1596 1175 1836 1229 sanctus

199 1280 298 1337 per
322 1263 706 1335 phropbetam
735 1263 1255 1336 increpat,dicens:
1282 1263 1511 1319 Fecistis
1540 1262 1838 1317 consilium

197 1369 303 1409 non
328 1368 424 1424 per
449 1368 556 1419 me,
587 1361 639 1408 et
667 1355 1085 1408 conventionem
1129 1353 1202 1423 )4)
1257 1367 1370 1407 non
1425 1369 1523 1422 per
1575 1353 1838 1423 spiritum

197 1459 391 1509 meum,
422 1441 656 1513 adjicere
691 1451 916 1513 peccata
945 1457 1106 1512 super
1149 1449 1369 1512 peccata
1417 1445 1547 1510 (Isa.
1595 1457 1726 1508 xxx,
1762 1441 1834 1512 1).

202 1531 340 1596 Quid
372 1530 443 1585 ad
479 1530 592 1584 ista
620 1530 1016 1600 respondeant
1047 1529 1474 1600 perversissimi
1521 1529 1620 1584 isti
1654 1533 1838 1584 Nova-

199 1619 356 1687 tiani,
386 1618 473 1674 vel
506 1634 660 1673 nunc
690 1616 1075 1673 infelicissimi
1118 1618 1192 1689 (5)
1243 1617 1433 1690 pauci,
1484 1619 1583 1690 qui
1616 1618 1688 1673 ad
1718 1622 1842 1674 tan-

201 1714 318 1765 tam
351 1708 560 1764 furoris
611 1705 967 1762 dementiam
1009 1713 1419 1778 proruperunt,
1464 1711 1529 1762 ut
1576 1723 1680 1762 nec
1727 1706 1841 1762 Deo

202 1814 303 1854 nec
330 1795 553 1853 homini
575 1794 953 1852 reverentiam
971 1795 1313 1851 habuerint?
1330 1795 1452 1850 Illic
1470 1796 1845 1867 impudenter

198 1896 256 1944 et
287 1889 408 1942 sine
458 1884 578 1941 ulla
625 1885 1011 1940 ordinationis
1068 1883 1193 1955 lege
1241 1885 1612 1956 episcopatus
1662 1901 1840 1956 appe-

196 1977 366 2042 titur;
401 1974 528 2030 heic
581 1978 778 2029 autem
835 1972 1087 2044 propriis
1144 1973 1381 2029 sedibus
1439 1978 1495 2028 et
1550 1973 1839 2028 cathedras

196 2065 306 2122 sibi
363 2063 588 2119 tradita:
644 2079 678 2118 a
752 2067 866 2117 Deo
926 2062 1321 2118 renuntiatur.
1392 2062 1513 2118 Illic
1571 2062 1837 2118 Veritas:

195 2163 584 2227 dspernantur
627 2169 734 2219 me,
772 2163 834 2207 ut
883 2153 1188 2222 sacriﬁcent
1250 2153 1414 2220 mihi,
1457 2168 1554 2208 nec
1609 2152 1842 2223 offerunt

194 2246 490 2303 oblationes
542 2250 734 2299 sancta
805 2240 1063 2313 ﬁliorum
1139 2242 1328 2307 Israel,
1409 2257 1510 2296 nec
1583 2240 1843 2296 accedunt

199 2335 396 2406 oﬂerre
423 2339 615 2388 sancta
642 2333 953 2386 sanctorum
979 2347 1001 2392 ;
1030 2329 1123 2384 sed
1162 2330 1430 2401 accipient
1478 2330 1844 2400 ignominiam

196 2439 355 2479 suam
383 2423 444 2476 in
468 2435 660 2476 errore
680 2436 782 2492 quo
813 2426 1137 2474 erraverunt
1167 2419 1384 2488 (Ezech.
1435 2435 1581 2485 xmv,
1633 2416 1842 2486 10-13).

207 2511 360 2568 Satis
383 2511 462 2566 sit
490 2509 691 2582 paucis
723 2508 1002 2580 probasse
1026 2508 1306 2578 quidnam
1343 2508 1480 2562 sint.
1507 2506 1718 2562 Audite
1743 2505 1847 2576 igi-

202 2597 810 2669 tur,Novatiani,apud
839 2613 987 2668 quos
1017 2597 1325 2668 Scriptura
1357 2597 1617 2652 ccslesles
1641 2594 1845 2666 legun-

208 2697 302 2745 tur
331 2689 527 2759 potius
559 2703 732 2756 quam
767 2685 1404 2756 intelliguntur,parutu
1438 2685 1486 2740 si
1519 2702 1632 2740 non
1668 2684 1847 2738 inter-

207 2777 498 2851 polentur.
533 2777 684 2831 Sunt
708 2773 864 2830 enim
899 2774 1100 2844 (Matth.
1134 2791 1257 2839 xui,
1309 2775 1396 2840 14)
1448 2779 1653 2830 vestrae
1704 2789 1850 2843 prie-

207 2868 380 2924 clusa:
413 2881 583 2921 aures
612 2870 670 2920 et
701 2863 1235 2934 cordacaecata,qui
1261 2863 1490 2918 nullum
1522 2864 1592 2918 de
1622 2861 1852 2933 spirita-

205 2955 362 3009 libus
416 2969 482 3007 ac
540 2951 899 3007 salutaribus
959 2950 1198 3005 monitis
1259 2949 1458 3005 lumen
1519 2949 1851 3013 admittitis,

206 3045 359 3100 sicut
387 3042 563 3097 Isaias
584 3042 664 3096 ait
696 3042 1015 3096 :Eaccaecati
1030 3049 1158 3094 sunt
1177 3049 1306 3094 sunt
1324 3041 1469 3095 servi
1493 3040 1590 3095 Dei
1610 3040 1853 3111 (lsa.xr.u

209 3135 317 3194 19).
353 3133 418 3186 Et
447 3129 653 3186 merito
684 3129 1119 3199 excaecati,quia
1145 3128 1415 3184 voluntas
1445 3127 1851 3184 schismatico-

1944 549 2118 621 cepit,
2169 548 2369 606 dicens
2411 568 2425 606 :
2479 551 2648 606 Omne
2693 550 2917 605 varium
2971 553 3021 604 et
3068 547 3415 605 immundum
3462 552 3598 622 ejice

1941 641 2096 708 foras
2142 649 2302 695 extra
2356 644 2538 696 castra
2585 642 2762 709 (Num.
2817 655 2873 708 ν,
2925 642 2999 710 2).

1942 726 2160 783 emissa
2190 729 2575 784 incontinenti
2625 729 2995 800 signiﬁcatur
3041 743 3292 797 reversa,
3345 744 3411 782 eo
3444 730 3599 800 quod

1943 816 2203 887 requiem
2234 833 2351 872 non
2374 817 2615 872 haberet
2647 818 2894 889 pedibus
2926 817 3051 872 suis
3082 832 3266 888 quam
3298 815 3418 871 Noe
3448 833 3601 873 rece-

3073 637 3354 694 Columba
3400 644 3597 694 autem

1943 905 2030 977 pit
2055 905 2114 960 in
2148 907 2351 962 I209
2381 911 2663 972 arcam,et
2690 912 2822 978 post
2853 907 3170 977 septimum
3205 906 3360 961 diem
3393 906 3598 963 iterato

1943 994 2244 1061 emissam,
2303 995 2518 1067 recepit
2572 1011 2699 1050 eam
2767 999 3093 1066 portantem
3159 1009 3264 1050 suo
3308 1010 3404 1050 ore
3435 995 3596 1053 olivis

1945 1080 2148 1138 folium
2174 1084 2322 1154 (Gen.
2354 1100 2475 1151 vm,
2507 1084 2560 1151 9,
2597 1084 2701 1148 11).

2019 1172 2114 1226 ΙΙΙ.
2152 1173 2221 1227 Et
2249 1188 2354 1244 ego
2386 1173 2646 1244 quidem,
2681 1173 2891 1229 fratres
2935 1173 3323 1243 dilectissimi,
3357 1191 3472 1230 non
3506 1180 3594 1230 te-

1945 1275 2103 1316 mere
2132 1261 2246 1316 ista
2274 1261 2557 1334 cogitans,
2600 1277 2706 1317 nec
2735 1261 2994 1317 humana
3044 1263 3330 1334 sapientia
3358 1261 3595 1335 conspi-

1946 1366 2105 1415 rans,
2138 1352 2238 1407 sed
2273 1356 2337 1406 ut
2367 1349 2618 1406 caalestis
2649 1351 2879 1406 Domini
2911 1352 3246 1423 dignatione
3269 1352 3598 1409 necessarie

1947 1443 2005 1495 et
2030 1440 2388 1510 pertinenter
2415 1439 2714 1496 mentibus
2745 1439 2964 1496 nostris
2984 1443 3286 1514 concipere
3309 1441 3597 1514 permitti-

1947 1532 2084 1594 tur;
2115 1528 2243 1584 dico
2271 1527 2455 1597 illam,
2482 1528 2538 1583 id
2572 1533 2680 1593 est,
2710 1528 3068 1599 columbam,
3105 1532 3398 1603 duplicem
3430 1531 3601 1586 nobis

1951 1631 2054 1688 per
2085 1617 2464 1688 semetipsam
2497 1617 2827 1687 signiﬁcare
2872 1618 3146 1690 ﬁguram.
3181 1619 3437 1674 Primam
3467 1619 3602 1690 qui-

1951 1705 2084 1760 dem
2115 1709 2172 1760 et
2203 1705 2582 1778 principalem
2617 1708 2711 1776 (6),
2760 1723 2951 1775 suam,
2985 1707 3096 1764 hoc
3143 1712 3231 1764 est
3256 1707 3603 1780 spiritalem,

1952 1793 2114 1860 olim,
2140 1793 2199 1849 id
2229 1795 2417 1860 est,ab
2450 1795 2620 1851 initio
2653 1796 2864 1851 divinas
2897 1796 3430 1853 administrationis
3461 1794 3604 1852 insi-

1950 1885 2072 1955 stit,
2103 1888 2161 1940 et
2189 1890 2623 1942 sacramentum
2655 1887 3031 1959 baptismatis
3061 1889 3218 1960 quod
3249 1889 3307 1944 in
3350 1888 3600 1944 salutem

1947 1973 2179 2046 generis
2208 1973 2452 2029 humani
2484 1975 2805 2046 provisum,
2838 1982 2896 2032 et
2926 1976 3034 2032 soli
3083 1976 3354 2034 Ecclesiae
3381 1976 3602 2033 ccslesti

1949 2063 2172 2119 ratione
2202 2062 2513 2131 celebrare,
2548 2081 2650 2135 per
2677 2080 2742 2119 os
2801 2081 2975 2120 suum
3034 2068 3427 2136 prteostendit.
3490 2067 3604 2121 Ter

1949 2151 2107 2207 enim
2138 2152 2355 2207 emissa
2386 2168 2454 2207 ex
2501 2168 2655 2223 arca,
2716 2153 2967 2209 volitans
3019 2171 3122 2226 per
3177 2171 3370 2211 aerem
3424 2170 3604 2227 super

1951 2256 2193 2312 aquam,
2224 2240 2739 2312 signiﬁcabatjam
2771 2246 2910 2298 tunc
2950 2243 3217 2300 Ecclesia)
3266 2249 3478 2301 nostris
3505 2260 3602 2300 sa—

1951 2333 2270 2384 cramenta.
2308 2329 2467 2384 Unde
2497 2335 2555 2385 et
2592 2330 2880 2387 Dominus
2935 2332 3199 2388 Christus
3256 2334 3446 2401 Petro,
3502 2333 3605 2389 sed

1952 2418 2171 2474 caeteris
2192 2417 2497 2489 discipulis
2518 2418 2643 2474 suis
2665 2421 2925 2488 mandat,
2947 2421 3180 2478 dicens:
3212 2424 3412 2478 Euntes
3440 2437 3606 2477 evan-

1951 2509 2186 2579 gelizate
2212 2509 2481 2580 gentibus,
2517 2509 2863 2580 baptizantes
2901 2525 2991 2566 eos
3020 2512 3083 2566 in
3119 2513 3344 2566 nomine
3387 2513 3606 2577 Patris,

1955 2605 2011 2652 et
2043 2598 2195 2664 Filii,
2230 2601 2284 2652 et
2341 2597 2588 2668 Spiritus
2637 2601 2816 2654 sancti
2862 2599 3066 2670 (Matth.
3119 2615 3314 2667 xxvm,
3351 2601 3457 2661 19).
3491 2600 3610 2654 Ηοο

1956 2690 2066 2752 est,
2097 2689 2164 2740 ut
2192 2685 2450 2741 Trinitas
2481 2687 2551 2757 (7)
2583 2685 2684 2742 illa
2710 2703 2836 2758 quae
2869 2689 2980 2743 sub
3004 2687 3124 2744 Noe
3147 2705 3249 2760 per
3271 2687 3605 2743 columbam

1958 2774 2282 2847 ﬁguraliter
2309 2779 2545 2845 operata
2574 2781 2681 2844 est,
2734 2778 2858 2832 haec
2900 2793 3056 2832 nunc
3109 2778 3166 2832 in
3209 2776 3463 2833 Ecclesia
3509 2791 3611 2848 per

1965 2862 2071 2918 hos
2103 2863 2446 2934 spiritaliter
2469 2869 2759 2935 operetur.

2035 2952 2121 3008 IV.
2150 2951 2464 3008 Sumamus
2485 2955 2610 3024 jam
2652 2971 2807 3009 nunc
2836 2959 2892 3010 et
2934 2956 3252 3010 secundam
3298 2970 3608 3027 personam

1963 3039 2247 3096 columbas
2281 3057 2351 3096 ex
2397 3058 2531 3096 arca
2578 3044 2845 3110 emissae;
2880 3043 3042 3098 dilvii
3083 3043 3306 3099 scilicet
3323 3050 3606 3114 tempore,

1961 3130 2194 3201 quando
2226 3146 2430 3184 omnes
2459 3130 2654 3202 abyssi
2681 3137 3092 3203 proruperunt,
3125 3133 3356 3203 qurndo
3385 3136 3612 3187 catara-

207 3239 362 3292 rum,
397 3236 511 3274 non
534 3224 624 3274 est
653 3218 711 3272 in
744 3217 890 3289 lege,
925 3193 1052 3288 quas
1078 3216 1169 3272 lex
1203 3233 1378 3272 unam
1431 3217 1600 3272 nobis
1646 3221 1704 3272 et
1733 3216 1852 3271 sin-
1881 3193 1924 3260 (ἶ
1963 3193 2064 3274 etas
2093 3217 2222 3275 coeli
2253 3193 2556 3290 petefacta;
2581 3193 2720 3275 sunt
2745 3193 2924 3291 super
2951 3193 3446 3292 terram,propter
3476 3219 3612 3274 faci-

205 3310 473 3383 gularem
519 3307 791 3380 designat
839 3305 1194 3373 Ecclesiam;
1249 3306 1307 3359 in
1347 3305 1444 3360 illa
1478 3305 1698 3363 scilicet
1729 3322 1855 3376 quae

204 3401 318 3455 sub
345 3399 463 3454 Noe
491 3405 621 3452 ante
660 3395 947 3450 diluvium
1010 3394 1106 3450 Dei
1163 3395 1524 3466 providentia
1579 3395 1858 3450 fabricata

203 3495 298 3544 est
345 3503 500 3553 arca,
531 3487 590 3541 in
619 3502 736 3557 qua
767 3500 880 3538 non
909 3487 1140 3538 tantum
1174 3484 1394 3539 munda
1425 3482 1721 3551 animalia,
1755 3482 1856 3537 sed

203 3583 260 3635 et
295 3577 615 3640 immunda,
643 3579 707 3629 ut
735 3572 840 3627 tibi
872 3572 984 3628 cito
1030 3573 1469 3644 respondeatur,
1519 3572 1856 3635 Novatiane,

203 3667 540 3723 invenimus
571 3679 699 3718 esse
730 3660 975 3716 reclusa.
1001 3663 1133 3724 Quze
1157 3677 1290 3717 arca
1312 3659 1437 3716 sola
1457 3678 1589 3716 cum
1616 3661 1708 3715 bis
1729 3677 1858 3731 qua:

203 3772 413 3813 secum
447 3755 695 3818 fuerant,
727 3750 974 3806 liberata
1001 3754 1123 3816 est;
1158 3750 1217 3804 in
1249 3767 1362 3820 qua
1393 3755 1449 3805 et
1477 3755 1685 3805 caetera
1732 3767 1860 3822 qua:

201 3848 263 3901 in
318 3862 386 3900 ea
438 3843 673 3898 inventa
704 3856 820 3894 non
853 3842 1011 3906 sunt,
1044 3837 1262 3893 diluvio
1295 3839 1614 3910 perierunt.
1649 3840 1730 3894 Ex
1760 3840 1861 3895 illa

203 3935 394 4007 igitur
423 3947 556 3987 arca
585 3930 938 3984 remituntur
959 3930 1089 3983 duae
1107 3944 1262 3999 aves,
1295 3943 1467 3983 corax
1487 3933 1544 3983 et
1568 3928 1858 4000 columba,

198 4021 318 4087 Qui
345 4036 517 4076 corax
543 4035 674 4074 vere
704 4016 1010 4072 hominum
1043 4017 1509 4084 immundorum,
1531 4022 1590 4073 et
1618 4017 1677 4072 in
1709 4022 1862 4073 tene-

202 4112 336 4166 bris
387 4108 682 4181 perpetuis
733 4107 1060 4162 futurorum
1104 4121 1207 4177 per
1250 4105 1444 4160 saeculi
1475 4105 1652 4161 latam
1683 4106 1859 4177 viam,

202 4209 266 4256 et
295 4198 605 4253 immunda
638 4196 993 4252 vescentium
1044 4199 1448 4266 apostatarum
1507 4195 1859 4261 futurorum,

203 4296 268 4346 et
321 4290 391 4343 ad
422 4285 741 4342 Ecclesiam
779 4301 840 4340 se
873 4285 1027 4339 ultra
1057 4301 1170 4339 non
1202 4284 1575 4349 vertentium,
1610 4283 1862 4356 figuram

204 4378 520 4450 portabat;
552 4391 726 4447 quem
758 4372 1015 4444 legentes
1063 4373 1397 4428 invenimus
1442 4373 1748 4440 emissum,
1811 4379 1866 4428 et

200 4485 333 4525 non
392 4464 646 4538 amplius
705 4479 1022 4518 reversum.
1081 4462 1228 4518 Huic
1278 4479 1414 4534 ergo
1472 4462 1581 4532 avi,
1639 4461 1696 4517 id
1754 4467 1862 4534 est,

1967 3324 2109 3363 nora
2161 3307 2468 3363 hominum
2532 3325 2658 3379 quae
2716 3310 2980 3379 quotidie
3038 3311 3382 3365 exercebant
3420 3325 3617 3363 coram

1965 3395 2236 3457 Domino.
2296 3396 2449 3450 sicut
2499 3399 2726 3468 Moyses
2779 3398 2926 3452 dixit
2969 3415 2982 3452 :
3036 3399 3106 3453 Et
3160 3397 3294 3453 vidit
3353 3399 3620 3453 Dominus

1967 3488 2107 3542 Deus
2134 3485 2448 3540 redundare
2468 3487 2746 3558 nequitias
2777 3487 3063 3542 hominum
3105 3503 3270 3558 super
3314 3494 3540 3555 terram,
3571 3492 3622 3540 et

1965 3575 2107 3646 quod
2133 3589 2315 3630 omnes
2341 3590 2402 3628 in
2424 3574 2638 3629 malum
2666 3577 3087 3632 recordarentur
3123 3592 3157 3631 a
3203 3575 3479 3646 principio
3502 3573 3622 3630 die-

1966 3679 2092 3718 rum
2114 3677 2359 3728 suorum,
2392 3666 2442 3716 et
2470 3662 2619 3716 dixit
2652 3679 2664 3717 :
2725 3663 2972 3718 Perdam
3018 3664 3294 3718 hominem
3325 3679 3487 3733 quem
3514 3663 3624 3733 feci

1969 3770 2002 3807 a
2026 3755 2171 3823 facie
2199 3755 2357 3806 terrae
2394 3752 2462 3805 ab
2513 3750 2740 3806 homine
2791 3767 2964 3823 usque
3014 3752 3086 3807 ad
3135 3768 3317 3823 pecus,
3351 3758 3402 3807 et
3430 3768 3466 3805 α
3491 3767 3619 3822 rep-

1967 3842 2061 3896 tili
2086 3855 2257 3910 usque
2285 3840 2354 3894 ad
2383 3840 2646 3895 volatilia
2689 3842 2812 3897 cteli
2840 3841 2992 3913 (Cm.
3037 3859 3114 3912 v1,
3144 3842 3285 3911 5-7).
3319 3839 3624 3895 Emittitur

1970 3944 2106 4000 ergo
2137 3933 2430 3999 temprore
2463 3929 2799 4001 cataclysmi
2830 3929 3101 3984 columba
3146 3945 3216 3984 ex
3257 3944 3412 3997 arca,
3445 3927 3618 3998 aquis

1971 4017 2251 4073 violenter
2273 4020 2392 4072 toto
2413 4017 2553 4072 orbe
2584 4023 2796 4072 terram
2828 4016 3268 4073 infestantibus.

2043 4110 2111 4160 V.
2146 4105 2250 4161 llla
2274 4121 2409 4160 arca
2439 4105 2687 4177 ﬁguram
2720 4104 3005 4169 Ecclesiae,
3038 4105 3190 4161 sicut
3237 4105 3506 4176 superius
3537 4104 3622 4159 di-

1971 4195 2184 4263 ximus,
2208 4195 2499 4265 portabat,
2531 4210 2658 4265 quze
2697 4194 3111 4250 verberabatur
3131 4195 3266 4249 hinc
3294 4199 3467 4266 atque
3488 4193 3624 4249 inde

1973 4284 2141 4356 aquis
2204 4284 2646 4355 insurgentibus
2702 4287 2954 4339 tantum.
3017 4282 3432 4356 Cataclysmus
3488 4299 3627 4355 ergo

1975 4373 2072 4444 qui
2108 4373 2220 4427 sub
2253 4372 2370 4427 Noe
2405 4372 2591 4427 factus
2623 4377 2730 4438 est,
2765 4373 3013 4444 ﬁguram
3048 4372 3468 4443 persecutionis
3499 4389 3626 4442 quae

1974 4479 2077 4534 per
2103 4467 2288 4518 totum
2318 4462 2517 4518 orbem
2557 4478 2715 4516 nunc
2744 4478 2932 4534 nuper
2951 4462 3332 4532 supereﬁusa,
3351 4461 3624 4517 ostendit.

201 4555 526 4613 immundo
555 4551 811 4626 spiritui,
846 4552 1064 4623 quique
1095 4551 1310 4607 iuerint
1353 4549 1576 4607 similes
1625 4551 1866 4618 inventi,
1902 4554 1948 4618 Ι)
1976 4551 2162 4623 Aquis
2222 4556 2440 4617 autem,
2485 4549 2737 4622 diruptis
2785 4551 3116 4619 cataractis,
3187 4549 3426 4623 indique
3493 4565 3628 4607 con-

200 4648 284 4704 ad
320 4643 640 4700 Ecelesiam
673 4640 930 4713 amplius
959 4640 1297 4696 revertinon
1329 4642 1601 4712 poterunt
1629 4657 1642 4707 ;
1681 4641 1781 4711 qui
1805 4647 1862 4696 et

1971 4639 2340 4696 venientibus
2362 4643 2420 4696 et
2433 4641 2902 4696 excrescentibus
2919 4639 3406 4712 signiﬁcabantur
3424 4645 3629 4714 gentes

1647 4812 1984 4874 Variorum
2025 4817 2212 4872 notae.

291 4952 376 5023 (2)
407 4951 526 5006 Nisi
554 4949 872 5023 desertores.
906 4946 1067 5001 Sicut
1097 4949 1154 5000 et
1202 4943 1363 5023 alibi,
1415 4945 1695 5001 mendum
1748 4945 1876 5002 heic

195 5016 545 5094 irrepserat
580 5021 734 5092 apud
784 5019 1114 5094 Eras_mum,
1160 5021 1224 5070 ut
1278 5016 1752 5094 legereturJnon,
1809 5034 1875 5073 eo

198 5089 382 5170 quod
414 5099 580 5170 vetus
609 5089 887 5170 echusum
919 5089 1076 5170 legat
1113 5103 1261 5155 non;
1295 5104 1428 5144 cum
1490 5090 1685 5160 potius
1709 5090 1879 5160 juxta

199 5163 342 5226 liis.
370 5166 497 5220 cod.
533 5163 790 5234 signiﬁet
817 5163 952 5228 nisi,
986 5163 1201 5234 Patren.

293 5239 376 5309 (3)
409 5230 963 5309 Ordinationempei.
998 5233 1382 5309 Hocquoque
1433 5233 1585 5309 recte
1634 5230 1880 5309 Gravius

199 5317 272 5368 et
301 5301 418 5364 his.
447 5308 711 5378 cod.,pro
743 5305 988 5360 ordinem
1019 5321 1037 5358 :
1069 5301 1448 5378 alluditenim
1478 5303 1548 5357 ad
1569 5303 1881 5359 ordinatio-

203 5398 365 5440 nem
397 5373 665 5445 Cornelii,
699 5378 770 5432 de
801 5393 918 5447 qua
948 5375 1308 5448 pauloipost.
1337 5373 1554 5448 PAMBL.

295 5454 375 5520 (4)
411 5452 610 5507 Fecisti
635 5444 1064 5504 conventionem.
1099 5444 1266 5520 Hunc
1295 5444 1486 5500 locum
1503 5445 1594 5520 _sic
1627 5444 1880 5512 restitui,

201 5532 284 5581 tu
301 5516 368 5579 ω’
397 5540 465 5579 ex
495 5521 664 5593 epist.
699 5538 764 5576 LV
782 5521 975 5593 Cypn,
998 5523 1125 5573 tum
1157 5518 1239 5593 ob
1252 5533 1458 5593 vocem
1492 5516 1749 5593 Grazcam
1765 5537 1886 5569 συν-

201 5598 431 5666 θήκας,
461 5589 754 5649 Hactenus
774 5589 1092 5666 legebatur
1117 5590 1524 5658 cogitationem.
1540 5589 1773 5666 tamen.

297 5671 378 5741 (5)
409 5660 803 5737 Infelicissimi.
837 5660 1136 5719 Costerius
1165 5666 1222 5718 et
1279 5677 1391 5717 ms.
1453 5661 1580 5717 cod.
1615 5660 1883 5731 infelicis-

523 5793 788 5853 Puaon.
836 5789 942 5851 III.

1987 4945 2139 5001 sime.
2168 4944 2292 5019 Non
2328 4941 2650 5019 male._Sed_
2664 4943 2821 5019 illud
2855 4945 3042 5018 placet
3070 4948 3352 5019 magis,ut
3370 4963 3470 5019 per
3489 4943 3632 5000 ἀντί-

1987 5036 2179 5091 φρᾳσιγ
2208 5015 2430 5091 alludat
2454 5015 2526 5070 ad
2562 5015 3002 5091 Felicissimum
3031 5037 3044 5086 ;
3076 5015 3247 5090 cujus
3277 5015 3431 5091 saepe
3455 5018 3512 5071 in
3529 5019 3632 5087 Cy-

1989 5087 2205 5160 prianis
2237 5087 2480 5155 mentio,
2510 5093 2568 5144 et
2597 5090 2885 5146 oassertim
2915 5089 3082 5161 epist.
3120 5087 3248 5161 jam
3279 5087 3515 5145 laudata
3547 5105 3633 5154 LV,

1988 5165 2202 5216 Pansae.

2056 5233 2134 5301 (6)
2165 5232 2411 5286 Primrm
2440 5230 2659 5304 quidem
2680 5235 2730 5286 et
2747 5232 3328 5304 principalem.Locus
3349 5232 3638 5304 obscurus

1989 5307 2047 5359 et
2077 5307 2410 5374 corruptus,
2432 5302 2617 5374 etiam
2653 5304 2710 5357 in
2743 5302 2852 5359 ms.
2888 5304 3038 5372 cod.,
3071 5309 3453 5373 prasterquam
3485 5303 3637 5374 quod

1989 5375 2085 5446 hic
2116 5373 2267 5430 satis
2290 5373 2810 5446 signiﬁcet_auctor
2840 5374 3025 5430 solam
3067 5375 3382 5432 Ecclesiam
3415 5373 3638 5446 baptis-

1992 5445 2075 5518 mi
2104 5443 2545 5518 sacramentum
2583 5443 2796 5501 habere
2828 5463 2848 5501 :
2878 5447 3033 5518 quod
3093 5449 3161 5502 ad
3225 5443 3512 5504 errorem_
3539 5445 3642 5515 Cy-

1994 5517 2181 5590 priani
2216 5517 2480 5590 pertinet.
2521 5517 2731 5590 PaMBL.

2065 5591 2141 5660 (7)
2176 5587 2687 5660 Trinitas.Quidam
2730 5591 2982 5645 ternitas.
3008 5588 3242 5646 Rectius
3277 5604 3402 5644 meo
3423 5587 3650 5659 judicio

1998 5658 2237 5716 Trinitas
2271 5675 2283 5714 :
2320 5659 2404 5714 sic
2433 5658 2596 5714 enim
2626 5676 2734 5716 ms.
2766 5660 2971 5719 codex.
3002 5661 3215 5717 PAMBL.

3304 5789 3387 5844 ΔΟ
