4088 6174
524 308 550 362 1
563 303 684 363 259

1565 301 1666 362 DE
1712 301 2309 365 HERETICOHUM
2358 304 2449 362 BA
2462 303 2886 366 PTISMA'I‘E.

3675 323 3788 382 1260

522 450 650 505 quae
711 433 782 488 ad
829 433 1176 489 vastandam
1226 433 1541 489 Ecclesiam
1603 435 1996 490 excreverunt.
2025 431 2189 488 Sicut
2213 437 2268 500 Α
2298 450 2401 489 nec
2431 434 2610 491 ullam
2675 435 2975 492 insaniens
3029 437 3253 509 tyranni
3297 439 3532 498 saevitiam
3576 463 3790 508 recusare.

518 520 896 594 Apocalypsis
925 523 1110 593 docet,
1156 521 1355 578 dicens
1388 539 1401 577 :
1437 522 1600 594 Aquae
1639 539 1774 594 quas
1821 521 2028 586 vidisti,
2077 537 2176 593 po-

516 612 642 683 puli
659 615 806 679 sunt,
847 617 898 666 et
941 614 1150 682 gentes,
1195 615 1246 666 et
1290 626 1459 681 regna
1519 611 1702 682 (Apoc.
1752 627 1892 682 xvn,
1931 611 2038 678 15).
2069 610 2176 666 Co-

517 699 722 756 lumba
751 704 946 755 autem
970 717 1098 772 quae
1129 699 1375 772 pedibus
1398 701 1523 756 suis
1546 701 1801 772 requiem
1825 699 2038 755 habere
2058 715 2173 754 non

519 794 766 862 poterat,
793 788 1089 861 lapsorum
1125 789 1443 862 imaginem
1478 791 1746 861 portabat
1781 807 1793 856 ;
1831 789 1933 860 qui
1966 789 2172 844 imme-

518 895 712 934 mores
741 878 1078 933 divinarum
1111 878 1559 950 praedictionum
1593 877 1798 950 (8),vel
1831 877 2176 949 simpliciter

516 967 875 1040 ignorantes,
905 966 994 1022 vel
1022 968 1300 1023 audacter
1328 967 1778 1022 dissimulantes
1809 967 2170 1022 ceciderunt:

517 1073 767 1128 quorum
800 1056 1086 1112 Dominus
1117 1057 1348 1111 ruinam
1381 1055 1440 1111 in
1462 1055 1766 1128 Evangelio
1802 1057 2058 1110 futuram
2078 1054 2173 1110 his

517 1145 712 1200 verbis
742 1143 1402 1216 significaverat,dicens
1439 1161 1450 1198 :
1487 1144 1593 1212 Qui
1611 1145 1769 1199 audit
1791 1145 1956 1199 verba
1983 1160 2106 1199 mea
2124 1152 2175 1199 et

515 1233 663 1288 121
675 1234 842 1288 0non
870 1233 1012 1304 facit
1035 1249 1118 1300 ea,
1140 1234 1392 1289 similabo
1416 1249 1538 1288 eum
1557 1235 1676 1288 viro
1695 1234 1857 1288 stulto
1883 1235 1981 1303 qui
1998 1232 2172 1302 aediﬁ-

514 1324 658 1378 cavit
678 1321 900 1378 domum
917 1339 1078 1377 suam
1107 1338 1274 1393 super
1319 1338 1546 1378 arenam
1575 1339 1597 1384 ,'
1625 1326 1892 1378 venerunt
1937 1329 2171 1390 tempes-

514 1415 684 1478 tates,
713 1416 766 1466 et
794 1413 1138 1483 impegerunt
1188 1412 1248 1466 in
1293 1412 1515 1468 domum
1545 1412 1725 1476 illam,
1770 1419 1824 1466 et
1869 1410 2087 1480 cecidit,
2120 1414 2172 1465 et

511 1503 672 1572 facta
699 1503 776 1556 est
805 1502 973 1556 ruina
1001 1501 1120 1572 ejus
1146 1517 1348 1572 magna
1379 1501 1586 1568 (Matth.
1645 1517 1746 1564 vn,
1797 1501 1890 1568 26,
1933 1498 2044 1571 27).
2101 1499 2170 1553 Et

514 1605 588 1645 ne
616 1593 833 1646 temere
865 1605 1237 1661 comparasse
1273 1589 1599 1656 videamur,
1644 1587 1975 1644 columbam
2005 1586 2166 1642 illam

509 1677 810 1750 lapsorum
830 1677 1147 1750 imaginem
1167 1681 1396 1749 portare
1423 1677 1740 1750 ;propheta
1780 1677 2068 1731 civitatem
2102 1678 2169 1730 ut

515 1766 874 1838 columbam,
907 1767 1016 1823 hoc
1047 1770 1136 1823 est
1163 1765 1464 1838 lapsorum
1515 1783 1849 1837 personam,
1880 1764 2162 1836 increpat,

511 1856 714 1912 dicens
747 1873 760 1912 ε
795 1857 1114 1916 Columbam
1142 1872 1253 1912 non
1272 1855 1498 1911 exaudit
1518 1855 1782 1921 vocem,id
1812 1859 1893 1910 est
1916 1852 2158 1925 praecla-

509 1963 576 2002 ra
605 1950 655 2001 et
684 1946 966 2018 redempta
987 1947 1181 2002 civitas
1237 1961 1347 2000 non
1404 1946 1598 2017 recipit
1652 1944 1990 2010 doctrinam,
2021 1950 2072 1998 et
2104 1944 2162 1998 in

510 2035 804 2090 Dominum
831 2035 1006 2106 ﬁdens
1035 2050 1146 2090 non
1175 2035 1286 2105 fuit
1314 2034 1573 2105 (Saphon.
1606 2049 1689 2104 ιιι,
1725 2034 1777 2099 1,
1806 2034 1886 2100 2).

581 2123 675 2179 Vl.
708 2125 870 2190 Quod
901 2128 1097 2180 autem
1131 2122 1391 2195 requiem
1431 2122 1677 2194 pedibus
1728 2121 2001 2177 columba
2039 2120 2160 2189 illa,

511 2213 664 2267 sicut
694 2212 966 2284 superius
996 2211 1272 2275 diximus,
1303 2211 1562 2266 invenire
1613 2227 1726 2265 non
1778 2214 2020 2282 poterat,
2054 2209 2163 2265 hoc

509 2300 878 2373 signiﬁcabat
903 2301 1151 2372 vestigia
1177 2299 1538 2370 negantium,
1571 2299 1678 2354 hoc
1723 2304 1835 2366 est,
1867 2298 2160 2354 sacrifica-

507 2389 939 2457 torum,lubrici
966 2404 1185 2445 veneno
1206 2391 1493 2458 serpentis
1529 2388 1811 2458 sauciata,
1834 2388 1894 2442 in
1926 2387 2159 2459 lapsum

507 2494 784 2536 conversa
817 2496 830 2535 :
864 2495 990 2550 qua
1013 2477 1260 2534 ulterius
1293 2493 1410 2532 non
1433 2482 1673 2549 possent
1695 2493 1873 2549 super
1893 2476 2157 2548 aspidem

503 2573 561 2624 et
588 2567 930 2624 basiliscum
962 2567 1371 2636 conscendere,
1404 2571 1462 2622 et
1487 2567 1801 2622 draconem
1848 2569 1904 2621 et
1930 2565 2158 2620 leonem

502 2656 723 2713 calcare
756 2658 930 2729 (Psal.
968 2675 1056 2722 xc,
1112 2656 1216 2727 t3).
1273 2659 1460 2720 Quam
1517 2659 1865 2727 potestatem
1915 2654 2159 2709 tradidit

499 2744 784 2802 Dominus
827 2745 1135 2818 discipulis
1185 2745 1310 2800 suis
1353 2745 1506 2800 sicut
1546 2743 1606 2799 in
1667 2742 1976 2816 Evangelio
2025 2743 2154 2798 ait:

501 2836 636 2892 Ecce
665 2837 735 2891 do
765 2837 914 2892 vobis
939 2839 1265 2908 potestatem
1295 2833 1545 2890 calcandi
1598 2849 1764 2905 super
1810 2849 2025 2887 omnem
2054 2847 2154 2902 po-

496 2926 742 2980 testatem
770 2924 1012 2986 inimici,
1061 2929 1114 2977 ct
1160 2938 1328 2993 super
1380 2925 1655 2992 serpentes
1713 2929 1764 2975 et
1819 2921 2151 2992 scorpiones,

498 3017 551 3070 et
579 3029 688 3068 non
706 3014 974 3068 nocebunt
1002 3012 1152 3066 vobis
1182 3010 1258 3081 (9)
1292 3011 1446 3081 (Luc.
1496 3027 1551 3078 x,
1605 3010 1714 3078 19).
1762 3008 1863 3063 Isti
1890 3024 2027 3080 ergo
2067 3011 2152 3062 tot

499 3105 556 3156 et
583 3101 762 3156 tantis
785 3099 1059 3172 malignis
1082 3097 1384 3170 spiritibus
1410 3097 1911 3164 infestantibus,et
1940 3097 1999 3150 in
2025 3095 2147 3166 lap-

2355 522 2479 578 νη.
2514 524 2675 590 Ecce,
2711 541 2887 596 quam
2911 524 3215 597 gloriosos,
3246 545 3399 597 quam
3422 533 3617 589 Domino
3643 538 3795 595 charos

2285 611 2641 668 schismatici
2671 614 2767 668 isti
2819 615 3000 685 ligna,
3051 617 3280 686 faenum,
3313 620 3540 690 stipulam
3577 625 3797 695 appellare

2284 718 2398 756 non
2429 702 2703 759 dubitant
2736 703 2786 774 (I
2822 703 2941 760 Cor.
2994 721 3078 770 ιη,
3116 705 3223 776 12).
3271 705 3496 770 Quorum
3551 727 3698 781 pares,
3722 715 3798 771 hoc

2281 791 2458 858 est,in
2491 793 2693 846 eodem
2725 792 2968 848 crimine
3000 794 3201 863 lapsus
3231 795 3315 850 sui
3344 797 3508 851 adhuc
3532 815 3681 871 usque
3703 819 3800 857 con-

2281 879 2651 948 stitutos,nec
2683 882 2754 936 ad
2785 882 3184 953 paenitentiam
3208 884 3559 942 admittendos
3585 904 3685 944 esse
3698 907 3800 960 pra-

2282 974 2566 1036 sumunt;
2616 986 2684 1025 ex
2718 969 2818 1024 illa
2848 970 3080 1025 Domini
3129 972 3560 1042 pronuntiatione
3602 992 3694 1047 qua
3714 978 3804 1034 ait:

2283 1056 2386 1123 Qui
2414 1073 2504 1112 me
2531 1060 2816 1128 negaverit
2842 1074 3026 1114 coram
3053 1061 3377 1124 hominibus,
3419 1064 3592 1132 negabo
3629 1081 3727 1119 eum
3748 1082 3806 1120 ce

2279 1161 2401 1199 ram
2432 1147 2596 1201 Patre
2621 1162 2758 1212 meo,
2793 1149 2891 1217 qui
2921 1149 2978 1202 in
3011 1149 3166 1205 caelis
3195 1157 3271 1204 est
3300 1149 3486 1218 (Matth.
3515 1168 3564 1217 ι,
3587 1152 3677 1218 33).
3701 1153 3809 1208 Proh

2280 1234 2480 1290 dolor!
2541 1235 2680 1306 quid
2749 1237 2945 1292 1211
3014 1243 3218 1293 contra
3280 1239 3552 1294 Dominica
3598 1247 3811 1312 precepts

2278 1321 2659 1391 contendunt,
2693 1327 2758 1376 ut
2788 1339 2855 1377 ea
2885 1339 3010 1394 qua
3041 1323 3505 1394 Christusjudicii
3522 1325 3599 1380 sui
3619 1332 3813 1397 tempore

2277 1410 2356 1464 sit
2386 1415 2644 1477 acturus,
2681 1411 2800 1465 haec
2831 1429 2987 1466 nunc
3020 1413 3203 1484 stirps
3250 1413 3546 1478 Novatiani,
3587 1416 3733 1485 patris
3751 1415 3814 1470 sui

2276 1498 2608 1570 exemplum
2631 1499 2847 1555 diaboli
2873 1505 3356 1567 secuta,exercere
3377 1505 3627 1557 conetur?
3650 1504 3817 1558 dicente

2276 1587 2626 1658 Scriptura:
2661 1588 2802 1644 Mihi
2841 1591 3101 1661 vindicta,
3159 1599 3217 1646 et
3274 1607 3362 1660 ego
3415 1591 3697 1657 retribuam,
3723 1592 3816 1645 dicit

2274 1677 2539 1731 Dominus
2568 1677 2720 1746 (Heb.
2756 1695 2810 1732 χ.
2842 1680 2954 1747 30).

2346 1765 2463 1820 VII.
2494 1766 3002 1838 Respondebimus
3031 1767 3114 1823 eis
3145 1769 3220 1824 ad
3271 1769 3434 1824 istam
3481 1768 3816 1840 pronuntiatio-

2274 1871 2405 1909 nem
2439 1854 2692 1922 Domini,
2729 1873 2904 1927 quam
2950 1855 3101 1912 male
3143 1856 3462 1928 intelligant
3502 1860 3553 1912 et
3599 1856 3718 1912 male
3739 1857 3815 1912 sibi

2271 1942 2730 2014 interpretentur
2762 1944 2893 2016 (11).
2927 1944 3088 2008 Quod
3121 1945 3279 2000 enim
3320 1946 3398 2001 ait
3430 1963 3442 1999 :
3477 1947 3574 2014 Qui
3610 1961 3684 2000 me
3703 1961 3818 2015 nega-

2270 2034 2408 2087 verit
2439 2049 2623 2088 coram
2654 2032 2988 2099 hominibus,
3048 2039 3100 2091 et
3144 2050 3240 2105 ego
3296 2035 3492 2106 negabo
3539 2050 3647 2089 eum
3691 2050 3816 2088 coram

2270 2125 2436 2176 Patre
2465 2138 2602 2193 meo,
2632 2125 2730 2195 qui
2749 2125 2809 2178 in
2836 2125 2990 2180 extis
3021 2127 3121 2191 est,
3166 2125 3369 2196 utique
3401 2123 3559 2179 futuri
3611 2121 3819 2194 temporis

2271 2209 2618 2282 signiﬁcatio
2648 2217 2772 2279 est;
2805 2229 2916 2283 quo
2949 2216 3214 2284 tempore
3244 2213 3474 2284 incipiet
3505 2213 3734 2267 Dominus
3755 2226 3815 2264 se-

2271 2304 2428 2356 creta
2459 2300 2766 2356 hominum
2808 2302 3078 2371 judicare
3113 2342 3125 2355 .
3158 2318 3276 2373 quo
3323 2306 3568 2372 tempore
3608 2297 3816 2354 tribunali

2268 2389 2480 2445 Christi
2511 2405 2714 2446 omnes
2747 2407 2851 2446 nos
2881 2395 3107 2462 oportet
3144 2392 3378 2446 adstare
3412 2391 3478 2461 (II
3523 2389 3626 2444 Cor.
3651 2405 3696 2454 v,
3725 2388 3816 2454 10);

2269 2493 2383 2548 quo
2423 2483 2683 2550 tempore
2716 2479 2884 2534 multi
2925 2479 3209 2551 incipient
3267 2479 3452 2535 dicere
3482 2497 3493 2534 :
3529 2479 3727 2544 Domine,
3753 2475 3821 2528 Do-

2265 2569 2612 2632 mint,nonne
2642 2569 2702 2622 in
2730 2573 2828 2624 tuo
2854 2570 3076 2623 nomine
3097 2569 3596 2640 prophetavimus,et
3619 2569 3667 2620 in
3691 2565 3820 2618 nomi-

2265 2671 2334 2711 ne
2361 2665 2454 2711 tuo
2483 2656 2753 2712 dcemonia
2785 2658 3142 2722 exclusimus,
3177 2661 3229 2712 et
3259 2660 3320 2712 in
3350 2666 3437 2712 tuo
3464 2657 3657 2712 nomine
3695 2653 3820 2706 virtu-

2265 2749 2342 2799 tes
2370 2747 2573 2800 multas
2597 2747 2831 2812 fecimus
2862 2746 3091 2817 (Matth.
3151 2763 3254 2815 vn,
3313 2749 3402 2810 22,
3457 2744 3587 2815 23)?
3612 2745 3659 2798 et
3683 2747 3819 2795 tamen

2267 2833 2509 2888 audient
2538 2851 2736 2889 vocem
2773 2833 2998 2889 Domini
3021 2835 3272 2890 dicentis
3301 2853 3312 2891 :
3347 2833 3640 2889 Disceditea
3657 2846 3723 2884 me
3744 2843 3820 2881 om-

2261 2939 2360 2977 nes
2389 2924 2484 2993 qui
2511 2924 2724 2993 operati
2751 2925 2879 2977 estis
2910 2924 3258 2995 iniquitatem
3287 2942 3298 2979 :
3331 2939 3436 2978 non
3457 2923 3575 2977 novi
3598 2937 3674 2974 vos
3698 2919 3820 2985 (toan.

2259 3028 2337 3078 v1,
2392 3011 2503 3083 68).
2571 3013 2652 3067 Ibi
2706 3011 3126 3084 adimplebitur
3182 3013 3339 3084 quod
3399 3008 3724 3079 aitzNegabo
3757 3017 3820 3072 ego

2260 3109 2308 3156 et
2343 3101 2648 3164 illos.Quos
2681 3108 2873 3155 autem
2904 3101 3156 3156 maxime
3189 3101 3426 3173 negabit
3451 3100 3693 3154 Dominus
3711 3092 3821 3148 Chri-

498 3205 698 3246 sorum
733 3205 927 3245 necem
959 3187 1425 3260 insurgentibus,
1451 3188 1683 3258 provisa
1705 3190 1793 3242 est
1823 3185 2146 3241 vulneratis
2176 3168 2217 3233 (ἶ
2257 3194 2404 3257 stus,
2437 3189 2546 3244 nisi
2573 3206 2670 3244 vos
2702 3206 2906 3244 omnes
2939 3189 3267 3259 haereticos,
3301 3195 3357 3244 et
3399 3185 3766 3250 schismaticos,
3787 3186 3824 3232 et

497 3275 708 3332 salutis
737 3275 832 3331 via
862 3291 876 3331 :
911 3279 978 3330 ut
1006 3274 1457 3346 quibuscunque
1493 3273 1718 3329 viribus
1751 3278 1990 3344 possent
2019 3277 2138 3328 toto

495 3380 558 3421 se
579 3381 818 3438 corpore
847 3361 1422 3437 protrahere,castris
1437 3363 1561 3418 suis
1595 3362 1852 3434 recipere
1877 3379 1890 3430 ;
1924 3363 2139 3433 quibus

495 3456 706 3527 recepti
742 3459 981 3527 possent
1000 3452 1244 3509 medelis
1273 3451 1639 3524 spiritalibus
1654 3451 1898 3510 vulnera
1920 3470 2028 3509 sua
2048 3470 2142 3510 cu-

493 3561 640 3600 rare.
677 3543 931 3616 Recepta
959 3542 1142 3615 igitur
1171 3540 1464 3609 columba,
1499 3541 1703 3613 paucis
1722 3541 1898 3598 etiam
1932 3542 2141 3598 diebus

492 3631 839 3704 interiectis,
873 3631 1078 3687 iterato
1107 3630 1398 3687 emittitur
1427 3647 1495 3685 ex
1523 3646 1678 3698 arca,
1732 3647 1856 3701 quae
1887 3647 2138 3698 reversa,

493 3738 610 3777 non
642 3725 868 3776 tantum
900 3721 1069 3776 firma
1095 3718 1358 3792 vestigia,
1393 3720 1494 3775 sed
1526 3725 1582 3775 et
1611 3719 1870 3792 insignia
1899 3737 2017 3776 sum
2047 3737 2142 3792 pa-

492 3810 578 3868 cis
607 3813 782 3882 atque
810 3809 1084 3877 victorias,
1119 3825 1222 3880 per
1251 3807 1353 3863 illa
1383 3807 1546 3863 olivae
1576 3806 1716 3863 folia
1745 3824 1873 3880 quae
1904 3825 2012 3865 suo
2045 3827 2142 3865 ore

491 3899 780 3971 portabat,
812 3897 1085 3954 ostendit.
1119 3895 1342 3968 Duplex
1363 3911 1500 3967 ergo
1532 3895 1632 3950 illa
1661 3897 1922 3964 emissio,
1955 3897 2144 3969 dupli-

493 4005 618 4044 cem
651 3987 820 4044 nobis
849 3985 1272 4059 persecutionis
1291 3986 1671 4041 tentationem
1694 3987 1949 4041 ostendit
1981 4002 1993 4042 :
2025 3987 2141 4059 pri-

493 4093 592 4133 ma
621 4077 677 4132 in
703 4093 820 4149 qua
835 4075 934 4148 qui
964 4073 1114 4147 lapsi
1141 4078 1299 4145 sunt,
1314 4074 1447 4129 victi
1479 4068 1815 4130 ceniderunt
1849 4092 1862 4132 :
1887 4077 2144 4132 secunda

490 4167 552 4224 in
581 4184 698 4240 qua
725 4166 786 4222 hi
819 4165 919 4238 qui
949 4165 1304 4231 ceciderunt,
1327 4163 1578 4219 victores
1609 4164 2141 4221 exstiterunt.Nulli

490 4257 647 4313 enim
684 4259 948 4311 nostrum
980 4255 1228 4309 dubium
1261 4253 1349 4309 vel
1382 4254 1671 4308 incertum
1704 4253 2138 4323 est,i‘ratresdi-

488 4343 794 4400 lectissimi
827 4341 958 4400 illos
991 4341 1092 4414 qui
1124 4341 1315 4414 prima
1345 4347 1489 4410 acte,
1522 4341 1580 4397 id
1613 4347 1720 4407 est,
1745 4342 1988 4399 deciana
2019 4361 2142 4415 per-

486 4433 786 4490 secutione
813 4431 1100 4488 vulnerati
1133 4432 1368 4486 fuerunt
1395 4447 1408 4498 ;
1441 4431 1548 4487 hos
1574 4435 1794 4503 postea,
1825 4432 1882 4486 id
1913 4437 2022 4502 est,
2054 4450 2140 4489 se-

2252 3277 2510 3330 nominis
2539 3277 2627 3332 sui
2655 3276 2874 3331 alienos
2893 3276 3030 3340 i’Qui
3053 3277 3210 3332 enim
3237 3277 3542 3348 aliquando
3567 3269 3822 3328 Christiani.

2250 3381 2404 3419 nunc
2433 3364 2757 3429 Novatiani,
2782 3365 2906 3435 jam
2935 3381 3048 3420 non
3080 3365 3422 3432 Christiani,
3448 3364 3668 3436 primam
3689 3359 3822 3420 fidem,

2250 3461 2499 3508 vestram
2535 3453 2779 3525 perﬁdia
2810 3454 3125 3523 posteriore
3161 3471 3269 3526 per
3299 3452 3548 3509 nominis
3568 3445 3824 3522 appellatio-

2251 3559 2384 3598 nem
2418 3543 2689 3597 mutastis
2720 3543 2832 3613 (12)
2859 3568 2872 3609 ;
2904 3542 3076 3597 velim
3132 3541 3515 3614 propositioni
3559 3545 3726 3593 vestra
3763 3549 3818 3586 re-

2251 3631 2609 3704 spondeatis.
2647 3632 2843 3702 Legite
2873 3637 2933 3687 et
2962 3632 3375 3704 docete,quem
3407 3629 3668 3687 Dominus
3693 3626 3745 3679 de
3762 3622 3822 3675 his

2251 3720 2352 3791 qui
2383 3737 2445 3776 se
2475 3720 2908 3792 dereliquerant
2938 3721 3024 3777 vel
3055 3725 3568 3794 negaverant,cum
3597 3714 3750 3772 adhuc
3765 3711 3821 3780 ip-

2252 3825 2314 3866 se
2345 3813 2521 3876 esset,
2555 3810 2806 3882 negavit,
2839 3809 3016 3882 Atqui
3056 3815 3114 3865 et
3145 3809 3376 3865 caeteris
3421 3807 3518 3880 qui
3561 3819 3725 3861 secum
3767 3813 3824 3853 re-

2254 3903 2594 3954 manserant
2625 3900 2694 3953 de
2727 3897 3032 3970 discipulis
3058 3899 3140 3953 ait
3175 3915 3188 3953 :
3223 3897 3485 3969 Nunquid
3520 3901 3569 3950 et
3610 3908 3685 3948 vos
3710 3887 3824 3944 vultis

2250 3989 2408 4043 abire
2437 3989 2614 4059 (Joan.
2649 4004 2721 4053 γι,
2753 3988 2839 4056 68)
2871 3986 2899 4040 ‘?
2933 3988 3158 4042 Petrum
3210 3990 3395 4042 etiam
3444 4000 3606 4057 quem
3647 3980 3824 4050 negatu-

2251 4094 2381 4131 rum
2414 4081 2548 4131 ante
2580 4075 2941 4145 praedixerat,
2974 4093 3109 4131 cum
3153 4080 3453 4148 negasset,
3504 4075 3616 4144 ipse
3644 4083 3734 4122 non
3760 4078 3823 4115 ne-

2250 4165 2535 4236 gavit,sed
2569 4165 2855 4220 sustinuit
2885 4190 2898 4232 ;
2931 4169 2988 4220 et
3016 4182 3217 4221 amare
3253 4166 3415 4220 illam
3447 4177 3605 4219 suam
3634 4151 3825 4228 negatio-

2251 4270 2383 4309 nem
2410 4254 2684 4309 ﬂuentem
2716 4253 2842 4325 ipse
2873 4254 3250 4325 postmodum
3290 4254 3452 4310 lenit.

2322 4343 2408 4397 IX.
2445 4345 2719 4409 Quianam
2769 4345 2861 4397 est
2915 4347 3036 4409 tua,
3087 4341 3433 4409 Novatiane,
3501 4329 3829 4394 dementiam

2248 4430 2349 4485 illa
2377 4447 2501 4502 quae
2535 4430 2606 4486 ad
2638 4429 2879 4486 exitium
2911 4430 3122 4486 salutis
3180 4431 3535 4503 pertineant,
3556 4430 3751 4481 tantum
3777 4415 3828 4468 le-

487 4523 678 4578 cundo
710 4522 904 4594 proelio
934 4524 1016 4577 ita
1045 4520 1274 4576 fortiter
1303 4533 1728 4592 perseverasse,
1763 4525 1828 4575 ut
1873 4525 2137 4577 contem-
2169 4525 2217 4589 D
2249 4536 2373 4593 gas,
2405 4524 2463 4576 et
2493 4536 2620 4591 quae
2651 4520 2720 4574 ad
2756 4519 3568 4591 misericordiam,pra3tereas
3589 4513 3614 4568 τ
3639 4511 3825 4565 clamas

486 4617 694 4667 nentes
722 4611 913 4665 edicta
933 4608 1300 4666 saecularium
1326 4609 1658 4681 principum
1682 4609 1933 4680 (tO),boc
1954 4610 2134 4666 invic-

486 4703 612 4754 tum
650 4698 1112 4770 haberent,quod
1131 4705 1182 4754 et
1214 4713 1329 4753 non
1348 4701 1684 4753 metuerant
1713 4698 1977 4770 exemplo
2001 4699 2134 4755 boni

485 4787 739 4860 pastoris
751 4785 1012 4842 animam
1025 4802 1192 4842 suam
1205 4785 1518 4856 tradere,et
1530 4785 1877 4858 sanguinem
1895 4787 2137 4844 fundere

2249 4614 2306 4665 te
2335 4609 2632 4681 Scriptura
2661 4613 2716 4664 et
2747 4609 2976 4664 dicente
3009 4626 3022 4664 :
3054 4610 3453 4665 Pwnitentiam
3503 4606 3638 4674 agite
3658 4599 3748 4670 (13)
3770 4607 3829 4662 φη

2255 4702 2476 4764 erratis,
2509 4699 2904 4754 convertimini
2931 4698 3100 4754 corde
3129 4698 3354 4769 (Ezech.
3381 4711 3536 4762 xvm,
3566 4690 3664 4762 30.)
3698 4687 3751 4741 Et
3772 4695 3829 4735 ec-

2246 4790 2377 4844 dcm
2407 4804 2641 4859 quoque
2671 4787 2958 4859 propheta
3007 4787 3287 4844 similiter
3342 4787 3666 4843 exhortante
3705 4771 3829 4830 etdi-

1893 4972 2229 5035 Variorum
2282 4978 2471 5034 notae.

556 5131 632 5204 (8)
664 5131 1126 5204 Praedictionum
1159 5129 1254 5185 Sic
1297 5126 1428 5204 lego
1478 5143 1580 5204 pro
1625 5127 2094 5204 praedicationum
2115 5151 2139 5197 ;

480 5199 730 5276 ecquod
754 5204 1023 5276 sequitur
1046 5220 1059 5259 :
1094 5202 1335 5276 Quorum
1351 5199 1612 5255 Dominus
1637 5202 1861 5257 ruinam
1883 5205 1941 5258 in
1963 5205 2138 5259 Evan-

483 5273 633 5347 gelia
661 5273 941 5347 futuram.
972 5279 1082 5347 etc.
1113 5273 1327 5347 PAMsp.

551 5346 626 5414 (9)
661 5341 804 5402 ’Νοη
853 5346 1122 5402 nocebant
1171 5343 1337 5398 vobis.
1387 5341 1476 5414 Sic
1526 5341 1748 5397 Manut.
1800 5348 1856 5398 et
1910 5344 2132 5401 Morel].

474 5432 579 5490 pro
607 5434 719 5485 vos,
771 5419 925 5490 quod
950 5414 1364 5490 tamenhabet
1393 5413 2131 5490 eti9m_Ams.codex.PAMsL.

512 5557 524 5571 O
548 5487 659 5571 (ιφ)
689 5483 1062 5546 Βκὲαιανίωπ
1087 5488 1423 5559 principum.
1458 5483 1606 5540 Galli
1642 5503 1852 5559 nempe
1881 5495 1937 5543 et
1961 5487 2135 5544 Volu-

477 5574 1025 5705 millibulntelligant
1078 5632 1526 5704 interpretentur.
1559 5627 1666 5684 Ms.
1727 5629 1856 5685 cod.
1918 5630 2128 5686 intelli-

2247 5139 2383 5203 gunt
2411 5139 2462 5187 et
2493 5131 2950 5202 interpretantur.
2986 5129 3210 5203 HaMEL.

2319 5185 2427 5273 (172}
2448 5185 2570 5278 ’Pgr
2586 5185 2853 5278 inbminisi
2867 5185 3298 5278 appellationem
3329 5198 3595 5278 mutastis.
3610 5185 3831 5278 Igtudjf'

2248 5259 2365 5350 nu‘o
2396 5259 2464 5350 es
2494 5273 2720 5344 Gravio,
2755 5291 2857 5346 pro
2882 5259 2954 5350 ed
2989 5274 3140 5344 quod
3171 5271 3274 5350 alii
3303 5288 3404 5350 per
3449 5266 3669 5350 nominis
3697 5259 3827 5350 mula.-

2244 5349 2343 5400 stis
2377 5347 2554 5401 velum
2583 5365 2604 5400 :
2636 5339 2958 5416 praesertim
2993 5339 3125 5400 cum
3156 5339 3340 5400 etiam
3368 5343 3520 5416 legat
3562 5339 3730 5398 velim,
3752 5341 3829 5382 m5-

2244 5418 2442 5472 codex.
2475 5419 2694 5472 AAMEL.
3791 5465 3799 5474 .

2316 5489 2359 5559 (l
2373 5490 2424 5558 3)
2460 5490 2846 5567 Petulantiam
2877 5489 3049 5567 agite,
3071 5491 3188 5567 _et_c.
3239 5487 3368 5541 llzec
3409 5475 3827 5567 qupque

2241 5564 2300 5615 et
2320 5549 2781 5618 ‘ms's.codicibus
2803 5549 3509 5684 accepta'debemusialibi
3537 5549 3819 5610 desider

3375 5645 3511 5684 nam.

3375 5645 3511 5684 DEM.

3949 1247 3951 1382 ψ
