4088 6174
317 293 468 354 1261

1325 285 1528 346 PARS
1573 284 1622 344 Ι.
1653 316 1728 326 ——
1761 280 2262 344 MONUMENTA
2306 281 2715 344 VETERUM.

3567 286 3724 344 12δῖ

314 430 482 482 cente
514 442 529 480 :
565 421 964 479 Convertimint
1001 421 1072 475 ad
1098 435 1184 474 me
1221 419 1284 474 in
1313 421 1418 473 toto
1466 416 1635 474 cordo
1679 417 1872 485 vestro,
1903 415 1964 468 in
1993 414 2048 480 Α
2147 413 2237 468 ΧΙ.
2272 413 2532 486 Denique
2565 414 2674 470 hoc
2703 414 2762 469 in
2805 414 3111 487 Evangelio
3158 416 3593 487 comprobatur,
3626 417 3727 472 ubi

307 516 548 588 jejunio,
580 518 631 568 et
672 509 1010 583 ploratione,
1042 517 1092 564 et
1137 509 1366 578 planctu
1396 525 1414 561 :
1447 509 1494 560 et
1542 504 1776 560 scindite
1805 502 1969 558 corda

2080 503 2227 572 (Luc.
2259 504 2362 572 vn)
2411 502 2513 558 illa
2571 503 2779 559 mulier
2836 505 3126 575 peccatrix
3184 505 3554 574 describitur,
3599 522 3728 576 quas

321 614 514 668 vestra,
546 611 600 657 et
625 616 737 656 non
763 600 1118 655 vestimenta:
1145 597 1532 651 convertimini
1560 593 1629 649 ad
1676 594 1969 648 Dominum
2077 591 2238 646 venit
2267 591 2336 647 ad
2369 594 2608 647 domum
2644 594 2951 664 cujusdam
2989 593 3286 664 Pharisaei,
3322 593 3419 648 ubi
3464 598 3588 649 erat
3617 594 3728 648 Do-

319 696 495 750 Deum
524 699 787 757 vestrum,
807 688 1068 759 quoniam
1111 685 1419 740 misericors
1453 692 1549 752 est,
1585 687 1634 738 et
1676 683 1972 736 miserator

323 782 510 836 multae
543 776 924 834 miserationis
956 774 1118 844 (Jeel.
1154 791 1214 838 ιι,
1249 774 1338 837 12,
1372 772 1479 832 13).

396 870 462 924 Χ.
499 868 652 923 Adeo
684 865 818 936 quia
848 863 1045 919 multas
1096 860 1488 917 miserationis
1536 863 1622 915 est
1672 857 1973 924 Dominus,

325 945 1978 1023 audivimuszaudiamusquidperDavidconstcstaturSpi-

327 1049 479 1104 ritus
509 1049 783 1101 sanctus:
817 1042 877 1097 Si
895 1041 1294 1112 dereliquerint
1313 1039 1424 1110 filii
1441 1039 1560 1109 ejus
1583 1038 1756 1107 legem
1776 1051 1973 1101 meam,

324 1141 382 1192 et
402 1135 607 1191 I212
641 1135 702 1188 in
728 1131 1008 1186 mandatis
1037 1130 1178 1185 meis
1223 1144 1334 1184 non
1372 1124 1820 1191 ambulaverint;
1847 1127 1899 1178 et
1925 1123 1980 1177 si

319 1224 751 1298 justiﬁcationes
773 1234 929 1275 meas
976 1218 1415 1290 profanaverint,
1449 1223 1500 1270 et
1542 1218 1815 1287 praecepta
1856 1227 1978 1266 mea

329 1329 442 1370 non
479 1309 875 1369 custodierint:
907 1308 1138 1362 visitabo
1182 1309 1243 1361 in
1269 1308 1426 1376 virga
1469 1305 1722 1374 facinora
1767 1316 1975 1357 eorum.

330 1411 382 1458 et
430 1403 490 1456 in
536 1399 773 1470 ﬂagellis
805 1396 1002 1452 delicta
1048 1411 1270 1451 eorum:
1311 1391 1748 1449 misericordiam
1793 1394 1980 1445 autem

331 1506 514 1547 meam
545 1505 656 1544 non
677 1487 992 1556 dispergam
1039 1485 1110 1542 ab
1135 1485 1213 1540 eis
1261 1483 1430 1555 (Psal.
1467 1498 1732 1551 Lxxxvm,
1764 1480 1977 1545 31-32).

332 1581 434 1637 His
464 1576 687 1645 similia
707 1579 764 1631 et
792 1591 896 1646 per
922 1572 1278 1630 Ezechielem
1329 1570 1580 1644 legimus
1621 1568 1838 1625 dixisse
1868 1567 1982 1623 Do-

335 1669 564 1724 minum
619 1682 630 1720 :
711 1664 821 1719 Fili
894 1663 1175 1728 hominis,
1219 1661 1411 1717 domus
1484 1660 1655 1715 Israel
1714 1658 1982 1713 habitavit

331 1774 498 1830 super
562 1759 770 1810 terram
832 1770 1009 1823 suam,
1061 1761 1112 1808 et
1184 1751 1682 1822 coinquinaverunt
1740 1763 1856 1802 eam
1887 1749 1982 1817 fa-

333 1845 621 1902 cinoribus
681 1845 820 1898 suis.
880 1841 1032 1897 Sicut
1113 1841 1367 1896 mulieris
1426 1842 1784 1894 menstruales:
1837 1838 1986 1908 facta

334 1938 417 1992 est
461 1921 832 1990 immunditia
875 1946 1067 1987 eorum
1124 1937 1251 1986 ante
1303 1930 1503 2000 faciem
1558 1943 1756 1982 meam.
1807 1924 1992 1997 Effudi

338 2027 518 2080 iram,
548 2037 730 2078 meam
780 2036 946 2091 super
999 2035 1091 2075 eos
1112 2064 1127 2090 ,
1182 2026 1234 2074 et
1284 2017 1648 2073 disseminavi
1701 2031 1788 2071 eos
1845 2016 1993 2069 inter

338 2121 546 2184 gentes,
571 2115 624 2167 et
653 2109 950 2166 secundum
977 2112 1202 2179 peccata
1228 2122 1418 2162 eorum
1436 2105 1688 2178 judicavi
1715 2120 1804 2159 eos
1827 2120 1839 2158 :
1862 2104 1993 2174 quia

338 2203 840 2274 coinquinaverunt
868 2206 1121 2255 sanctum
1146 2212 1344 2253 nomen
1373 2211 1576 2251 meum.
1607 2196 1674 2249 Et
1703 2194 1836 2264 quia
1865 2193 1992 2248 dic-

341 2302 461 2348 tum
487 2299 566 2348 est
591 2290 656 2346 de
678 2289 763 2344 his
792 2304 806 2344 :
848 2289 947 2343 Hic
986 2289 1065 2343 est
1093 2284 1330 2359 populus
1378 2285 1642 2348 Domini;
1663 2284 1889 2354 peperci
1913 2284 1993 2337 eis

341 2385 568 2452 prepter
598 2393 801 2434 nomen
830 2383 1083 2432 sanctum
1128 2392 1332 2442 meum,
1358 2374 1508 2446 quod
1551 2374 1755 2444 sprevit
1802 2371 1993 2427 domus

340 2470 518 2527 Israel
546 2477 691 2524 mter
718 2470 902 2536 gentes
932 2465 1145 2537 (Ezech.
1177 2481 1369 2530 xxxvr,
1405 2462 1613 2535 18-22).
1636 2466 1704 2516 Et
1746 2462 1992 2532 conjun-

342 2575 488 2632 gens
520 2557 603 2613 ait
623 2575 643 2612 :
670 2558 961 2627 Propterea
989 2555 1079 2610 dic
1102 2555 1303 2626 populo
1332 2553 1538 2609 Israel:
1560 2553 1687 2609 Haec
1716 2551 1857 2607 dicit
1888 2554 1992 2606 Do—

342 2650 569 2703 minus:
602 2646 717 2700 Non
764 2644 912 2701 vobis
953 2659 1145 2715 parco,
1175 2642 1369 2697 domus
1419 2641 1610 2711 Israel,
1640 2639 1733 2694 sed
1777 2641 1996 2710 propter

342 2752 539 2793 nomen
565 2737 822 2791 sanctum
872 2748 1052 2789 meum
1110 2747 1357 2804 parcam,
1386 2729 1534 2801 quod
1588 2729 1994 2799 coinquinastis

344 2827 497 2882 inter
523 2832 746 2895 gentes;
772 2829 824 2878 et
849 2823 1031 2878 scietis
1062 2822 1194 2893 quia
1222 2835 1314 2891 ego
1363 2819 1648 2887 Dominus,
1685 2834 1809 2873 cum
1837 2832 1994 2872 sanc-

344 2915 588 2985 tiﬁcatus
648 2913 804 2982 fuero
837 2910 894 2966 in
920 2911 1244 2966 vobis.ltem
1278 2905 1564 2962 Dominus
1596 2906 1666 2962 ad
1682 2905 1954 2961 eumdem
1981 2921 1995 2959 :

343 3002 461 3058 Fili
489 3001 747 3066 hominis,
775 2999 866 3055 die
919 2998 1119 3070 populo
1176 2997 1350 3053 Israel
1383 3012 1395 3049 :
1433 2997 1610 3065 Quare
1667 2995 1836 3051 locuti
1872 2993 2000 3049 estis

349 3093 596 3148 dicentes
618 3107 637 3144 :
688 3087 977 3143 Erroribus
1025 3087 1228 3141 nostris
1274 3085 1728 3152 contabescimus,
1771 3091 1821 3138 et
1863 3098 1996 3155 quo-

2082 680 2279 736 minus
2301 686 2538 737 vocatus
2561 698 2692 736 cum
2712 681 3396 754 discipulis,portansvas
3418 685 3722 754 unguenti:

2082 787 2209 842 quas
2242 770 2406 825 stetit
2437 771 2507 825 ad
2544 771 2722 842 pedes
2754 771 3007 837 Domini,
3041 777 3098 828 et
3129 771 3403 844 lacrymis
3433 772 3558 827 suis
3589 772 3731 827 lavit

2083 858 2258 929 pedes
2289 859 2437 929 ejus,
2471 864 2528 913 et
2557 858 2785 930 capillis
2816 860 3071 930 extersit,
3103 865 3160 915 et
3196 859 3400 916 oscula
3429 861 3633 932 inﬁxit,
3668 866 3733 916 ut

2083 946 2433 1001 excitaretur
2462 946 2557 1002 ille
2605 947 2930 1004 Pharisaeus
2990 959 3047 1004 et
3102 949 3352 1004 diceret:
3386 952 3485 1006 Hic
3510 953 3561 1005 si
3596 955 3733 1006 esset

2083 1035 2354 1106 Propheta
2383 1037 2589 1093 1213
2617 1039 2782 1092 sciret
2814 1053 2940 1109 quae
2958 1041 3008 1094 et
3038 1039 3220 1110 qualis
3240 1048 3372 1094 esset
3395 1041 3506 1095 ista
3532 1040 3735 1096 mulier

2086 1139 2211 1194 quae
2237 1140 2362 1179 eum
2393 1128 2590 1195 tangit.
2623 1128 2755 1199 quia
2779 1129 3062 1198 peccatrix
3091 1131 3170 1183 est
3212 1129 3362 1199 (Luc.
3383 1145 3487 1193 vn,
3519 1129 3733 1200 39-47).

2088 1211 2249 1268 Unde
2271 1213 2657 1270 incontinenti
2679 1215 2963 1272 Dominus
2988 1221 3360 1288 peccatorum
3385 1216 3662 1273 remissor
3683 1223 3739 1272 et

2089 1302 2496 1372 pcenitentium
2555 1309 2837 1375 receptor,
2871 1305 2983 1360 ait:
3021 1306 3229 1373 Simon,
3261 1305 3429 1362 habeo
3485 1307 3589 1362 tibi
3630 1307 3737 1361 ali-

2087 1390 2220 1462 quid
2242 1390 2438 1447 dicere.
2472 1393 2536 1447 At
2585 1392 2688 1448 ille
2725 1395 3009 1466 respondit
3063 1395 3287 1451 dicens:
3309 1397 3588 1467 Magister,
3622 1396 3738 1452 dic.

2091 1481 2158 1535 Et
2187 1479 2512 1536 Dominus:
2539 1483 2655 1538 Duo
2677 1484 2949 1539 debitores
2987 1493 3147 1540 erant
3188 1486 3412 1540 cuidam
3441 1487 3739 1557 faenerato-

2090 1571 2162 1637 ri,
2195 1586 2338 1625 unus
2377 1572 2473 1641 qui
2530 1570 2764 1627 habebat
2813 1573 3066 1629 denarios
3118 1575 3455 1646 quingentos,
3489 1578 3542 1629 et
3595 1575 3742 1630 alius

2091 1658 2525 1730 quinquaginta:
2549 1676 2675 1716 cum
2705 1677 2814 1716 non
2833 1661 3098 1717 haberent
3125 1662 3271 1718 unde
3310 1665 3595 1734 solverent,
3615 1681 3743 1719 am-

2092 1747 2255 1803 bobus
2312 1747 2555 1805 donavit.
2595 1753 2662 1804 Et
2708 1750 3126 1823 interrogavit:
3155 1754 3292 1822 Quis
3350 1753 3582 1808 illorum
3616 1753 3741 1824 plus

2098 1836 2416 1908 diligit?Et
2442 1839 2722 1910 respondit
2761 1839 2986 1896 Simon:
3025 1841 3218 1912 Utique
3245 1842 3341 1897 ille
3368 1843 3460 1898 cui
3483 1844 3608 1914 plus
3647 1842 3742 1898 do-

2097 1929 2274 1981 navit.
2318 1931 2384 1982 Et
2433 1928 2644 1999 adjecit
2703 1928 2939 1984 dicens:
2980 1929 3131 1985 Vides
3188 1933 3349 1986 istam
3405 1933 3745 1987 mulierem?

2100 2017 2310 2071 Intraui
2336 2018 2397 2071 in
2436 2015 2654 2072 domum
2687 2025 2859 2086 tuam,
2891 2019 3138 2074 osculum
3179 2019 3319 2074 mihi
3355 2036 3466 2076 non
3498 2020 3745 2082 dedisti;

2101 2106 2221 2162 haec
2249 2115 2433 2162 autem
2461 2121 2572 2161 non
2601 2109 2828 2163 cessavit
2857 2107 3145 2162 osculando
3189 2108 3345 2178 pedes
3378 2125 3556 2166 meos:
3585 2110 3748 2180 pedes

2099 2210 2244 2250 meos
2262 2211 2373 2250 non
2403 2195 2642 2253 levasti:
2674 2196 2792 2252 haec
2829 2199 3013 2252 autem
3059 2199 3323 2269 lacrymts
3365 2201 3480 2253 suis
3509 2199 3663 2261 lavit,
3695 2203 3750 2253 et

2101 2284 2318 2356 capillis
2347 2285 2604 2340 extersit:
2638 2285 2753 2340 oleo
2800 2285 2962 2356 pedes
3018 2302 3164 2342 meos
3190 2303 3300 2342 non
3349 2290 3602 2348 auxisti;
3634 2288 3752 2344 haec

2102 2381 2296 2430 autem
2325 2376 2511 2429 unxit.
2551 2375 2789 2444 Propter
2834 2373 2975 2446 quod
3028 2375 3147 2430 dico
3215 2377 3334 2446 tibi,
3366 2375 3585 2443 Simon,
3619 2379 3752 2448 quia

2101 2464 2463 2519 remittuntur
2477 2462 2573 2518 illi
2596 2467 2822 2534 peccata
2841 2464 2980 2534 ejus.
3006 2463 3148 2519 Ecce
3178 2464 3463 2520 Dominus
3488 2465 3752 2537 utrisque

2104 2551 2466 2607 debitoribus
2513 2550 2677 2624 larga
2722 2568 2831 2607 sua
2893 2551 3106 2624 pietate
3151 2553 3412 2608 debitum
3464 2553 3747 2608 concedit.

2104 2644 2244 2695 Ecce
2274 2639 2488 2695 delicta
2518 2640 2858 2708 donantem,
2876 2640 3021 2696 Ecce
3041 2640 3347 2697 mulierem
3371 2643 3750 2714 peccatricem

2105 2729 2502 2801 pmnitentem,
2552 2728 2810 2796 flentem,
2860 2729 3287 2802 deprecantem,
3337 2735 3395 2786 et
3441 2731 3751 2787 remissam

2106 2822 2475 2890 peccatorum
2509 2818 2913 2890 accipientem.

2178 2899 2277 2962 XII
2315 2908 2602 2962 Erubesce
2652 2909 2779 2979 jam
2829 2925 3005 2974 nunc,
3040 2908 3090 2964 si
3149 2908 3271 2963 fieri
3323 2913 3536 2980 potest,
3568 2913 3753 2965 Nova-

2108 2996 2264 3052 tiane
2293 3012 2306 3051 :
2345 2996 2545 3052 desine
2568 2996 2933 3070 argumentis
2970 2997 3090 3053 tuis
3123 2996 3322 3068 impiis
3353 2996 3621 3053 incautos
3651 2998 3754 3053 de-

2110 3086 2299 3158 cipere
2324 3102 2336 3140 :
2362 3086 2565 3140 desine
2596 3086 2773 3141 unius
2793 3085 3031 3158 capituli
3055 3085 3489 3158 praescriptione
3517 3091 3754 3143 terrere.

351 3180 509 3236 modo
533 3179 676 3234 salvi
703 3192 816 3234 esse
855 3177 1200 3248 poterimus?
1228 3175 1325 3230 Dic
1377 3176 1459 3230 eis
1481 3191 1500 3228 :
1540 3176 1663 3230 Vivo
1710 3189 1830 3244 ego,
1863 3173 1997 3227 dicit
2029 3148 2072 3214 Ο
2111 3174 2802 3246 Legimusetadoramus,
2822 3190 2928 3230 nec
2942 3174 3440 3247 praetermittimus
3463 3176 3754 3232 ccelestem

353 3270 619 3326 Dominus
637 3285 656 3322 :
687 3268 820 3337 quia
849 3281 961 3320 non
1010 3263 1256 3320 desidero
1292 3271 1525 3318 mortem
1553 3264 1852 3335 peccatoris
1870 3278 1892 3324 ;
1907 3260 2002 3316 sed

352 3357 606 3414 desidero
642 3359 704 3411 ut
730 3357 1020 3411 avertatur
1049 3361 1296 3422 peccator
1323 3371 1357 3407 a
1399 3354 1490 3407 via
1517 3368 1619 3406 sua
1659 3353 1917 3422 pessima,
1950 3357 2001 3404 et

358 3450 527 3504 vivat.
559 3443 748 3501 Redite
771 3459 895 3514 ergo
925 3460 959 3498 a
996 3445 1086 3498 via
1127 3450 1304 3497 vestra
1348 3443 1611 3512 pessima.
1646 3440 1787 3508 Quid
1832 3440 2002 3496 morti

344 3552 438 3592 vos
484 3534 735 3602 traditis,
794 3531 984 3588 domus
1045 3532 1215 3587 Israel
1245 3529 1459 3600 (Επειδὴ.
1510 3529 1826 3597 xxx1n,lO,
1865 3527 2000 3600 lt)?

347 3624 445 3681 Sic
487 3640 587 3696 per
617 3622 828 3678 Isaiam
861 3620 1237 3693 prophetam:
1272 3621 1386 3675 Non
1438 3620 1498 3674 in
1547 3623 1814 3674 atemum
1846 3618 1994 3672 indi-

348 3714 562 3784 gnabor
597 3712 763 3781 vobis,
794 3725 968 3782 neque
1011 3725 1226 3780 semper
1271 3723 1380 3764 non
1419 3707 1712 3779 defendam
1759 3722 1847 3761 vos
1887 3706 1999 3778 (14)

350 3803 479 3873 (Isa.
515 3817 644 3871 Lvn,
696 3799 803 3859 16).
846 3799 915 3854 Et
963 3797 1242 3870 quoniam
1291 3797 1579 3852 Jeremias
1628 3795 1912 3867 propheta
1939 3794 2000 3850 in

350 3907 601 3963 persona
622 3887 823 3960 p0puli
855 3886 1174 3959 peccatoris
1192 3886 1538 3956 deprecatur
1562 3885 1890 3951 Dominum,
1915 3884 2002 3939 di-

352 3995 492 4035 cens
519 3997 532 4034 :
565 3977 814 4033 Emenda
837 3993 952 4043 nos,
990 3977 1232 4042 Domine,
1262 3975 1358 4030 sed
1387 3976 1452 4030 in
1483 3974 1693 4046 judicio
1725 3977 1773 4028 et
1801 3990 1910 4029 non
1944 3975 2006 4029 in

355 4071 468 4132 ira,
501 4083 569 4122 ne
621 4081 824 4138 paucos
869 4067 1044 4135 facias
1093 4080 1186 4118 nos
1243 4063 1462 4133 (Jerem.
1487 4079 1542 4127 χ,
1572 4063 1702 4133 24),·
1731 4062 1931 4134 adjecit
1957 4069 2008 4118 et

357 4157 505 4211 dixit
553 4157 778 4212 Isaias:
832 4155 1063 4224 Propter
1105 4157 1388 4224 peccatum
1433 4151 1641 4208 modice
1686 4153 2011 4208 contristavi

359 4259 509 4311 eum,
539 4250 590 4297 et
614 4243 873 4313 percussi
901 4257 1046 4310 eum,
1080 4244 1131 4295 et
1160 4241 1336 4294 averti
1363 4241 1564 4310 faciem
1589 4256 1771 4295 meam
1803 4241 1871 4296 ab
1892 4257 1951 4296 eo
1989 4256 2010 4302 ;

359 4339 413 4386 et
441 4331 790 4385 contristatus
832 4334 929 4399 est,
957 4337 1010 4384 et
1068 4329 1209 4384 abiit
1256 4329 1435 4383 tristis
1492 4331 1554 4384 in
1609 4330 1710 4384 viis
1745 4332 1864 4386 suis
1895 4331 2012 4401 (lsa

364 4437 499 4487 LVII,
532 4419 641 4491 17).
677 4419 744 4473 Et
801 4419 939 4490 quia
986 4423 1277 4489 operatur,
1313 4418 1526 4487 adjecit
1572 4422 1630 4473 et
1671 4419 1854 4474 dixit:
1896 4421 2016 4475 Vias

2114 3261 2342 3318 Domini
2370 3263 2741 3331 sententiam,
2771 3278 2888 3334 qua
2925 3262 3007 3317 ait
3037 3267 3388 3335 negaturum
3421 3280 3482 3318 se
3533 3281 3757 3336 negan-

2110 3355 2226 3407 tem
2254 3370 2266 3419 ;
2301 3351 2568 3422 nunquid
2600 3356 2658 3406 et
2688 3351 3063 3422 ptenitentem
3083 3352 3112 3406 ?
3140 3353 3211 3406 Et
3239 3353 3378 3423 quid
3419 3368 3525 3424 ego
3551 3352 3755 3407 tandiu

2110 3441 2180 3495 de
2201 3439 2678 3496 miserationibus
2692 3441 2936 3512 probare
2953 3440 3187 3513 singula
3205 3441 3453 3513 gestiam
3471 3444 3492 3495 Ρ
3512 3442 3753 3505 Quando

2111 3529 2348 3600 quidem
2372 3529 2642 3584 Ninivitis
2663 3528 3010 3602 Allophylis,
3034 3535 3092 3585 et
3125 3529 3297 3603 longe
3319 3547 3351 3585 a
3372 3529 3496 3603 lege
3519 3530 3750 3586 Domini

2110 3618 2466 3686 constitutis,
2498 3623 2736 3690 propter
2763 3618 3010 3675 civitatis
3032 3636 3149 3675 sua:
3172 3619 3580 3675 annuntiatam
3604 3637 3758 3676 ever-

2111 3708 2336 3764 sionem
2370 3707 2848 3780 deprecantibus,
2882 3708 3281 3764 misericordia
3315 3707 3409 3764 Dei
3437 3726 3553 3764 non
3585 3710 3758 3766 dene-

2111 3803 2286 3872 gatur
2309 3800 2447 3870 (Ion.
2482 3798 2616 3870 In)?
2650 3799 2764 3871 Ipsi
2791 3799 2874 3855 illi
2915 3799 3203 3855 Pharaoni
3255 3800 3541 3872 sacrilega
3569 3807 3762 3856 teme-

2115 3888 2284 3944 ritate
2315 3888 2684 3960 repugnanti,
2709 3905 2842 3943 cum
2876 3889 3174 3960 quondam
3207 3888 3542 3944 cmlestibus
3575 3889 3761 3960 plagis

2114 3977 2536 4046 verberaretur,
2557 3981 2614 4031 et
2636 3993 2953 4033 conversus
2977 3977 3154 4050 Moysi
3180 3982 3237 4032 et
3259 3977 3418 4031 t'ratri
3442 3979 3570 4049 ejus
3592 3978 3766 4032 dixis-

2115 4070 2206 4122 set
2233 4082 2246 4121 :
2283 4066 2442 4122 Orate
2471 4081 2568 4136 pro
2616 4081 2702 4120 me
2731 4066 2804 4120 ad
2848 4067 3162 4130 Dominum,
3195 4081 3304 4137 qua
3325 4068 3542 4136 peccavi
3573 4065 3764 4135 (Exod.

2119 4172 2196 4224 1x,
2228 4156 2342 4226 28),
2376 4153 2760 4209 incontinenti
2791 4155 2861 4208 ab
2893 4170 2959 4209 eo
3009 4155 3484 4226 suspendebatur
3515 4154 3602 4209 ira
3649 4155 3767 4209 Dei.

2125 4246 2192 4300 Et
2222 4245 2446 4315 tujam,
2470 4243 2808 4311 Novatiane,
2828 4243 3064 4314 judicas
3085 4247 3142 4298 et
3175 4242 3394 4298 nullam
3418 4259 3580 4315 spem
3616 4245 3774 4314 pacis

2124 4350 2190 4389 ac
2222 4331 2633 4388 misericordiae
2667 4331 2878 4387 habere
2931 4331 3129 4403 lapsos
3183 4332 3464 4402 praedicas
3502 4348 3515 4399 ;
3552 4348 3655 4387 nec
3688 4332 3772 4386 in-

2127 4420 2386 4493 crepanti
2411 4420 2687 4492 Apostolo
2717 4436 2916 4476 aurem
2951 4421 3360 4475 accommodas
3401 4420 3610 4476 dicenti
3645 4439 3656 4476 :
3693 4427 3779 4476 Tu

361 4509 484 4580 ejus
514 4508 648 4574 vidi,
681 4511 733 4562 et
753 4510 946 4563 curavi
974 4523 1122 4571 eum,
1144 4515 1194 4562 et
1225 4506 1349 4561 dedi
1376 4508 1430 4561 ei
1456 4506 1896 4563 exhortationem
1924 4526 2016 4563 ve-
2047 4515 2094 4580 Β
2125 4512 2247 4581 quis
2276 4509 2699 4581 es,quijudicas
2724 4525 2941 4565 servum
2963 4509 3257 4564 alienum?
3283 4510 3510 4565 Domino
3530 4526 3626 4566 suo
3646 4516 3779 4576 stat,

365 4615 512 4668 ram,
542 4613 735 4670 pacem
762 4613 927 4668 super
967 4611 1195 4668 pacem:
1231 4594 1645 4666 pmnitentibus
1667 4597 1800 4668 (15),
1821 4597 2020 4668 depre-

2131 4607 2228 4653 aut
2274 4597 2440 4653 cadit.
2474 4597 2650 4653 Stabit
2706 4606 2930 4654 autem:
2958 4600 3142 4669 potens
3201 4602 3280 4654 est
3334 4599 3477 4654 Deus
3531 4599 3785 4654 stabilire

367 4687 661 4755 cantibus,
694 4691 748 4742 et
779 4685 1159 4758 cperantibus
1203 4683 1432 4740 restitui
1465 4701 1656 4755 posse,
1683 4687 1836 4757 quod
1872 4686 2023 4742 male
2131 4704 2257 4743 eum
2298 4687 2474 4758 (Rom.
2501 4703 2616 4754 x1v,
2654 4687 2728 4758 4).
2762 4686 2926 4742 Unde
2974 4687 3330 4758 pertinenter
3376 4692 3433 4743 et
3461 4682 3786 4743 necessarie

372 4775 672 4847 perierint,
706 4775 979 4847 quodque
1010 4791 1043 4829 a
1073 4773 1302 4829 Christo
1330 4771 1770 4830 declinaverint.

2135 4793 2204 4831 ex
2233 4791 2484 4848 persona
2511 4775 2850 4832 eorumdem
2870 4775 3174 4847 lapsorum
3195 4776 3460 4849 increpat
3488 4793 3587 4832 vos
3614 4777 3787 4847 Spiri-

1784 4945 2115 5006 Variorum
2176 4950 2363 5007 notae.

453 5105 561 5177 (15)
592 5105 770 5176 Neque
799 5117 1162 5177 sempergnon
1203 5101 1493 5177 defendam
1528 5118 1635 5177 vos.
1671 5102 1822 5177 Mira
1844 5108 2038 5177 trans-

374 5169 650 5249 lat'io'ad
677 5169 940 5249 iverbum
984 5173 1196 5249 _Grzece
1241 5169 1318 5228 sit
1365 5169 1489 5226 οὐδὲ
1535 5169 1623 5226 διὰ
1667 5173 1864 5234 παντὸς
1895 5173 2042 5249 ἀργία

381 5247 822 5317 σθήσομαιὺμῖν,
847 5246 1002 5317 quod
1042 5245 1240 5300 Latine
1272 5251 1442 5301 sonat
1474 5262 1647 5316 neque
1673 5263 1885 5317 semper
1904 5245 2042 5302 iras-

381 5335 479 5373 car
511 5321 656 5373 vobis
675 5319 967 5373 Costerius
991 5317 1268 5370 omittens
1303 5318 1622 5371 secundam
1649 5319 2042 5387 negationem,

387 5390 597 5459 accipit
617 5389 905 5460 defendam
930 5407 1030 5460 pro
1054 5389 1294 5442 ulciscar
1317 5405 1329 5442 :
1358 5405 1470 5459 qua
1495 5389 1921 5459 significatione
1948 5391 2048 5445 ali-

2150 5121 2253 5178 pro
2302 5105 2604 5171 vindicare,
2634 5103 2847 5178 ulcisci,
2881 5104 3218 5178 frequenter
3256 5103 3511 5161 adhibet.
3542 5101 3664 5178 Vid.
3695 5104 3796 5158 Ju-

2151 5174 2289 5256 ditli.
2326 5195 2366 5256 1,
2401 5178 2501 5244 l2;
2532 5177 2696 5256 n,_l;
2732 5177 2890 5256 Rom._
2923 5174 3022 5256 xii,
3058 5177 3144 5232 19.
3178 5177 3326 5256 Quin
3372 5179 3435 5256 et_
3479 5174 3800 5256 apudpro-

2151 5249 2492 5304 batissimos
2529 5247 2760 5301 Latinos
2782 5247 3092 5317 scriptores
3125 5248 3363 5303 verbum
3387 5245 3674 5316 ejusmodi
3704 5262 3799 5300 eo-

2155 5321 2284 5374 dem
2321 5336 2495 5374 sensu
2530 5323 2878 5388 usurpatum
2912 5319 3322 5388 comperimus.
3356 5319 3638 5374 GALLAND.

2229 5391 2340 5457 (l5)
2370 5389 2786 5454 Paenitentibus,
2821 5395 2929 5443 etc.
2964 5390 3110 5444 Sunt
3140 5392 3260 5446 haec
3303 5392 3478 5446 verba
3526 5388 3804 5453 auctoris,

392 5462 447 5516 bi
475 5459 707 5533 quoque
732 5459 2052 5533 utiturCyprianus.Certe_negandiparticula
2160 5479 2272 5516 non
2297 5460 2595 5533 Isaiae,_uti
2649 5459 2800 5533 male
2847 5461 3075 5516 censuit
3122 5461 3435 5519 Morellus:
3469 5466 3560 5518 est
3609 5465 3804 5516 tamen

433 5539 595 5588 ostea
616 5531 735 5588 'fuit
765 5533 993 5602 adjecta
1023 5531 1080 5585 in
1112 5531 1269 5602 wood.
1305 5547 1415 5586 ms.
1455 5531 1537 5586 In.
1571 5531 1638 5570 4
1668 5531 1795 5587 Non
1856 5532 2050 5588 solum

434 5605 740 5677 yprianus,
773 5601 873 5660 sed
902 5602 1080 5660 etiam
1109 5601 1400 5675 Vulgatus
1444 5602 1732 5675 interpres
1762 5602 2053 5676 defendere

2160 5535 2240 5589 ita
2271 5533 2463 5588 adhuc
2493 5531 2658 5589 locus
2688 5532 2994 5590 obscurus.
3028 5537 3237 5591 Ρλιιεῐ..
