4088 6174
456 315 612 375 1263

1503 311 1604 370 DE
1651 311 2247 373 HERE’I‘ICORUM
2292 310 2815 372 BAPTlSMATE.

3651 323 3774 384 1261

452 450 550 501 tus
608 445 869 510 sanctus,
928 442 1071 495 dum
1129 439 1311 495 dicit:
1360 441 1490 497 Noli
1533 444 1814 512 gratulari
1869 445 2098 499 inimica
2128 444 2185 512 Α
2213 443 2426 499 delicta
2453 443 2762 516 ingerens:
2793 441 3186 512 Pmnitemini,
3217 442 3777 517 dicebat.0uibus,nisi

446 549 568 588 mea
595 532 706 603 (16)
727 530 887 598 mihi,
918 530 1181 602 quoniam
1237 530 1286 584 si
1340 531 1537 597 eccidi,
1568 536 1620 587 et
1677 548 1968 600 exsurgam
1990 550 2010 594 ;
2041 542 2094 588 et

441 625 493 677 si
521 623 581 676 in
613 621 848 676 tenebris
877 618 1252 689 ambulavero,
1282 621 1546 676 Dominus
1595 621 1782 676 lumen
1819 625 1903 678 est
1933 622 2093 677 mihi.

443 712 594 766 Iram
642 712 863 766 Domini
895 709 1162 773 tolerabo,
1194 711 1458 780 quoniam
1517 713 1752 782 peccari,
1787 709 1901 779 illi,
1928 727 2097 781 usque

439 801 570 856 dum
585 800 860 870 justiﬁcel
913 815 1139 853 causam
1188 814 1386 859 meam,
1433 804 1485 853 et
1527 799 1706 871 faciat
1740 799 2017 872 judicium
2047 804 2097 854 et

430 891 727 961 justitiam,
757 893 808 943 et
835 887 1098 960 producat
1131 903 1217 942 me
1246 886 1318 942 ad
1346 885 1562 943 lucem.
1609 889 1796 944 l’ibebo
1815 889 2098 959 justitiam

444 979 648 1034 illius:
680 987 732 1032 et
783 977 986 1032 videbit
1038 993 1124 1030 me
1182 977 1419 1031 inimica
1465 993 1591 1033 mea
1648 985 1699 1034 et
1729 979 1996 1050 cooperiet
2043 993 2098 1032 se

441 1070 764 1140 confusione
793 1067 973 1137 (Mich.
999 1082 1125 1130 νιιι,
1158 1068 1210 1132 8,
1250 1065 1358 1137 10).

516 1160 724 1214 1214
776 1157 922 1212 ΧΙΙΙ.
957 1156 1088 1222 Oro,
1123 1172 1238 1210 non
1273 1156 1479 1228 legisti
1508 1172 1518 1212 :
1549 1157 1726 1212 Nolite
1754 1157 2012 1227 gloriari,
2043 1165 2096 1212 et

439 1248 608 1304 nolite
639 1248 790 1319 loqui
832 1245 1066 1314 excelsa,
1099 1249 1150 1300 et
1204 1261 1272 1299 ne
1323 1248 1481 1300 exeat
1530 1246 2004 1317 magniloquentia
2029 1262 2099 1301 ex

439 1355 536 1393 ore
568 1345 740 1392 vestro
762 1353 784 1397 ;
803 1337 1062 1407 quoniam
1095 1335 1264 1402 erigit
1294 1351 1328 1388 a
1357 1338 1511 1389 terra
1553 1351 1874 1406 pauperem,
1903 1352 1936 1390 a
1960 1344 2094 1390 ster-

438 1427 652 1499 quilino
681 1427 849 1496 erigit
879 1427 1114 1496 inopem,
1148 1426 1198 1478 el
1251 1422 1436 1479 sedere
1490 1441 1617 1478 eum
1667 1427 1804 1495 facit
1845 1441 1968 1480 cum
1995 1440 2094 1496 po-

437 1516 674 1572 tentibus
701 1515 893 1586 populi
946 1513 993 1584 (I
1024 1518 1147 1583 Reg.
1184 1529 1243 1575 xx,
1273 1513 1326 1577 3,
1359 1513 1414 1576 8)
1446 1516 1471 1564 ?
1500 1513 1623 1568 Non
1685 1513 1914 1585 legisti:
1955 1515 2098 1582 Quia

437 1611 698 1662 Dominus
727 1603 975 1675 superbis
1005 1603 1228 1668 resistit,
1261 1600 1567 1657 humilibus
1615 1610 1798 1656 autem
1852 1602 1944 1658 dat
1967 1620 2095 1673 gra-

437 1698 577 1750 tiam
621 1694 755 1766 (lae.
788 1710 862 1759 xv,
889 1693 962 1752 5,·
991 1693 1018 1747 I
1044 1691 1193 1746 Pelr.
1227 1707 1281 1758 v,
1313 1690 1416 1758 5)?
1445 1690 1572 1745 Non
1635 1689 1824 1758 legisti
1851 1708 1863 1746 :
1909 1691 2014 1760 Qui
2040 1707 2096 1746 se

435 1781 668 1851 exultat,
727 1781 1115 1835 humiliabitur
1164 1778 1373 1850 (Matth.
1416 1795 1579 1849 xxxix,
1643 1779 1749 1840 12;
1788 1781 1919 1834 Luc.
1977 1797 2091 1846 xxv,
2128 1814 2173 1879 Β

440 1872 496 1928 11
534 1889 554 1934 ;
584 1888 742 1939 xvxxx,
799 1871 886 1937 14)
917 1871 944 1924 ἳ
975 1867 1098 1923 Non
1154 1867 1341 1939 legisti
1379 1883 1392 1922 :
1422 1868 1538 1934 Qua
1587 1873 1730 1924 Deus
1757 1869 1948 1936 perdit
1979 1884 2096 1924 me-

437 1963 671 2018 moriam
699 1961 1075 2031 superborum,
1108 1965 1158 2012 et
1215 1973 1324 2011 non
1363 1959 1586 2027 reliquit
1639 1960 1957 2012 memoriam
1989 1959 2097 2012 hu-

438 2050 666 2106 milium
697 2048 864 2115 (Psal.
899 2063 975 2113 xx,
1004 2045 1060 2111 7,
1099 2045 1185 2116 11)
1220 2048 1241 2098 Ρ
1271 2045 1395 2100 Non
1429 2044 1621 2116 legisti
1657 2061 1669 2100 :
1705 2047 1842 2113 Quia
1872 2063 1975 2117 quo
1995 2048 2098 2118 ju-

437 2139 584 2194 dicio
605 2137 726 2210 quis
743 2136 1102 2206 judicaveril,
1121 2149 1246 2188 eum
1248 2133 1510 2204 judicari
1529 2150 1746 2190 necesse
1775 2144 1854 2191 est
1888 2137 2096 2210 (Matth.

438 2244 538 2298 vxx,
569 2227 622 2296 2)
652 2227 678 2280 ‘l
701 2226 821 2281 Non
865 2223 1057 2295 legisti
1090 2239 1103 2278 :
1141 2223 1282 2290 Quia
1330 2224 1428 2293 qui
1483 2224 1596 2278 odit
1624 2225 1858 2294 fratrem
1911 2242 2098 2294 suum,

440 2319 500 2371 in
548 2315 786 2371 tenebris
816 2317 912 2379 est,
944 2317 995 2368 et
1053 2314 1112 2366 in
1159 2311 1404 2367 tenebris
1454 2313 1697 2368 ambulat
1727 2334 1746 2381 ί
1775 2318 1828 2368 et
1860 2330 1971 2370 non
1996 2316 2103 2370 scit

441 2421 544 2476 quo
567 2411 672 2472 eat,
690 2405 820 2473 quia
849 2401 1078 2456 tenebrae
1100 2405 1512 2456 excusaverunt
1534 2402 1714 2456 oculos
1734 2403 1851 2472 ejus
1873 2405 1920 2472 (Ι
1940 2404 2100 2459 Joan.

447 2511 510 2559 xx,
543 2493 626 2563 11)
656 2492 682 2546 ?
715 2492 878 2545 Unde
910 2489 1089 2562 igitur
1117 2494 1174 2544 et
1203 2495 1324 2544 tam
1355 2489 1696 2557 sceleratus,
1723 2497 1779 2547 et
1819 2496 1939 2547 tam
1973 2509 2103 2564 per-

449 2583 630 2647 ditus,
667 2591 780 2635 tam
813 2578 1120 2634 discordia:
1150 2579 1343 2633 furore
1374 2595 1627 2634 vesanus
1677 2579 1964 2636 exstiterit
1993 2583 2105 2638 iste

455 2670 832 2736 Novatianus,
865 2667 1124 2723 invenire
1172 2684 1286 2722 non
1335 2683 1611 2738 possum;
1644 2669 1744 2739 qui
1791 2673 2102 2740 semperin

455 2761 626 2815 domo
688 2775 822 2825 una,
857 2757 911 2811 id
973 2761 1062 2811 est
1117 2755 1330 2811 Christi
1391 2756 1664 2826 Ecclesia,
1707 2759 2103 2830 proximorum

455 2848 668 2905 delicta
697 2851 762 2901 ut
795 2845 1028 2918 pr0pria
1046 2845 1266 2898 ﬂeverit
1284 2845 1395 2914 (17)
1421 2862 1435 2913 ;
1459 2861 1637 2900 onera
1658 2845 1930 2917 fratrum,
1954 2848 2107 2904 sicut

463 2937 777 3011 Apostolus
825 2935 1092 2990 hortatur
1137 2931 1335 3004 (Galat.
1370 2951 1442 3000 vx,
1494 2937 1570 3005 2),
1605 2935 1986 3005 sustinuerit;
2015 2938 2104 2993 lu-

462 3024 650 3080 bricos
680 3022 740 3078 in
773 3023 882 3078 [ide
913 3020 1133 3078 caelesti
1165 3020 1510 3077 allocutione
1540 3025 2013 3080 corroboraverit.
2037 3028 2108 3081 At

463 3131 617 3170 nunc
647 3130 716 3168 ex
744 3129 858 3184 quo
890 3111 1128 3167 Cainam
1160 3109 1321 3166 illam
1364 3111 1632 3166 haeresim
1665 3114 1798 3183 (18),
1835 3131 1958 3186 qua:
1990 3132 2105 3170 non

461 3203 575 3258 nisi
623 3206 855 3256 tantum
904 3199 1163 3256 occidere
1211 3199 1408 3271 gestit,
1441 3217 1704 3256 exercere
1752 3184 1925 3274 cmpit
1955 3222 1967 3270 ;
2003 3221 2106 3260 nec
2138 3184 2180 3250 (ἶ

457 3291 569 3346 sibi
602 3290 915 3346 novissime
947 3289 1149 3361 parcit.
1185 3287 1462 3344 Caeterum
1507 3288 1556 3344 si
1585 3289 1825 3361 legisset
1854 3293 1991 3362 quia
2012 3294 2111 3362 ju-

455 3383 613 3436 stitia
633 3381 779 3451 justi
805 3395 913 3434 non
935 3378 1197 3434 liberabit
1223 3395 1349 3433 eum
1378 3379 1439 3433 in
1467 3379 1556 3433 die
1585 3397 1690 3450 qua
1732 3384 2027 3446 erraverit,
2059 3386 2113 3436 et

459 3472 722 3541 iniquitas
750 3469 909 3539 impii
938 3484 1047 3522 non
1092 3467 1304 3522 nocebit
1334 3469 1386 3522 ei
1441 3484 1510 3522 ex
1564 3485 1675 3538 qua
1703 3469 1794 3524 die
1821 3485 2112 3526 conversus

454 3562 633 3630 fuerit
661 3559 874 3629 (Ezech.
907 3573 1102 3626 χχχιιι,
1141 3556 1250 3627 13),
1275 3556 1401 3627 jam
1433 3556 1570 3611 olim
1605 3557 1664 3612 in
1695 3559 1890 3614 cinere
1921 3560 2111 3631 poeni-

463 3653 624 3714 teret,
659 3646 754 3701 ille
798 3645 897 3718 qui
956 3661 1186 3716 semper
1245 3645 1660 3716 pmnitentibus
1718 3648 2104 3704 adversatur:

464 3737 644 3808 quiin
678 3735 850 3790 ruina
891 3733 1122 3789 facilius
1170 3734 1588 3790 aadiﬁcatorum
1643 3736 1925 3793 stantium
1972 3755 2111 3810 ope-

466 3833 691 3891 rantur,
725 3841 901 3896 quam
934 3823 991 3878 in
1023 3822 1344 3879 structione
1383 3825 1704 3895 iacentium
1756 3825 2065 3885 ruinarum
2097 3846 2111 3897 ;

466 3915 568 3986 qui
598 3914 812 3970 multos
843 3929 912 3968 ex
959 3911 1238 3968 fratribus
1283 3915 1502 3969 nostris
1555 3915 1919 3972 miserrimos
1950 3916 2116 3973 falsis

465 4004 592 4064 suis
624 4002 1126 4060 adversationibus
1147 4001 1502 4073 perterritos,
1524 4003 1736 4059 iterum
1763 4005 1894 4062 fecit
1924 4005 2112 4060 ethni-

467 4111 584 4160 cos,
619 4093 866 4148 dicendo
897 4091 1051 4163 quod
1086 4090 1424 4162 paenitentia
1467 4089 1768 4162 lapsorum
1820 4093 1897 4149 sit
1944 4111 2114 4159 vana,

467 4201 572 4238 nec
604 4182 792 4254 possit
812 4181 896 4236 eis
923 4180 1200 4252 prolicere
1223 4180 1290 4234 ad
1327 4179 1579 4236 salutem
1608 4181 1932 4246 ;clamante
1960 4183 2116 4239 Scri-

462 4277 634 4344 ptura
677 4276 732 4324 et
780 4271 1039 4324 dicente:
1093 4269 1353 4324 Memento
1400 4268 1547 4323 unde
1583 4271 1855 4325 excideris
1912 4279 1964 4326 et
2019 4289 2118 4342 age

461 4361 837 4433 paenitentiam
854 4375 876 4420 ;
897 4361 946 4413 si
974 4374 1078 4429 quo
1101 4359 1304 4425 minus,
1327 4359 1542 4412 veniam
1574 4359 1697 4426 tibi,
1717 4360 1834 4414 nisi
1849 4362 2115 4431 poeniten-

463 4453 602 4507 tiam
631 4450 808 4520 egeris
835 4447 1015 4520 (Apoc.
1049 4463 1112 4517 ιι,
1143 4447 1222 4517 5).
1254 4450 1316 4500 Et
1349 4447 1583 4518 quidem
1635 4447 1708 4504 ad
1757 4454 1981 4520 septem
2013 4451 2114 4505 Ec-

462 4539 672 4597 clesiae
721 4537 1002 4603 scribens,
1036 4535 1283 4608 singulis
1313 4552 1421 4592 sua
1477 4553 1724 4608 quisque
1774 4537 2032 4596 facinora
2059 4544 2117 4595 et

2204 531 2339 602 illis,
2373 533 2615 603 scilicet,
2650 549 2764 604 quo
2795 532 2980 604 pretio
3004 549 3215 605 magno
3245 534 3331 588 sui
3354 537 3627 607 sanguinis
3646 542 3776 597 rede-

2209 625 2398 676 merat
2412 622 2439 676 ‘I

2275 710 2416 765 XIV.
2449 710 2492 766 Ο
2527 715 2580 766 te
2613 709 2861 782 impium
2895 711 3344 782 scelestumque,
3376 712 3613 769 hazretice
3630 716 3777 772 Nova-

2202 800 2382 867 tiane,
2406 801 2504 871 qui
2526 806 2655 872 post
2687 806 2772 855 tot
2791 807 2848 855 et
2868 806 3028 856 tanta
3051 800 3109 854 in
3146 800 3408 871 Ecclesia,
3431 819 3462 857 a
3482 805 3779 874 quibusdam

2206 893 2359 944 retro
2390 888 2719 944 voluntarie
2747 888 3066 944 commissa
3095 889 3358 957 crimina,
3381 906 3498 960 quae
3525 897 3576 946 et
3600 898 3652 947 tu
3684 894 3781 965 ipse

2208 977 2266 1032 in
2300 978 2472 1033 domo
2503 977 2604 1032 Dei
2638 977 2976 1049 priusquam
3010 983 3276 1049 apostata
3303 994 3424 1033 esse
3453 996 3782 1050 cognoveras;

2205 1070 2262 1121 et
2292 1065 2413 1120 haec
2442 1082 2613 1136 posse
2639 1065 2858 1122 aboleri
2879 1067 2949 1122 de
2980 1066 3282 1134 memoria,
3309 1069 3626 1124 succedente
3647 1071 3786 1140 bono,

2207 1156 2413 1226 utique
2444 1155 2749 1224 docueras,
2781 1156 3104 1212 secundum
3125 1156 3299 1210 fidem
3329 1156 3616 1228 Scriptura:
3636 1159 3791 1215 dicen-

2205 1243 2282 1299 tis
2306 1261 2318 1298 :
2345 1245 2486 1311 Quia
2513 1246 2567 1299 si
2594 1260 2880 1300 conversus
2909 1245 3094 1318 fuerit
3140 1247 3476 1315 facinorosus
3502 1247 3562 1300 ab
3587 1250 3792 1304 omnibus

2203 1333 2544 1404 facinoribus
2589 1337 2706 1388 suis
2759 1349 2884 1405 quae
2940 1335 3236 1403 commisit,
3265 1341 3315 1388 et
3327 1336 3597 1406 justitiam
3621 1338 3793 1406 fecerit.

2205 1424 2316 1477 vita
2347 1427 2557 1477 xterna
2604 1423 2767 1488 vivet,
2796 1427 2846 1478 et
2900 1439 3015 1478 non
3045 1425 3312 1478 morietur
3367 1425 3421 1478 in
3462 1427 3684 1494 facinore
3719 1443 3795 1482 suo

2205 1511 2416 1582 (Ezech.
2453 1511 2654 1567 I215
2690 1527 2852 1576 xvm,
2882 1511 2995 1582 21).
3029 1511 3273 1583 (Delicta
3315 1513 3467 1567 enim
3512 1529 3626 1583 qua:
3666 1529 3796 1570 com-

2206 1600 2387 1670 misit,
2419 1599 2811 1655 abolebuntur
2835 1600 2905 1656 de
2937 1601 3220 1655 memoria
3268 1601 3684 1656 succedentibus
3720 1602 3795 1657 bo-

2205 1689 2297 1744 nis
2329 1689 2543 1759 factis.)
2573 1689 2661 1744 Tu
2692 1688 2864 1744 hodie
2904 1694 3206 1754 retractas,
3241 1706 3312 1744 an
3364 1690 3594 1744 debeant
3644 1690 3796 1761 lapso-

2206 1795 2333 1833 rum
2359 1777 2552 1833 curari
2583 1776 2842 1845 vulnera,
2875 1778 2978 1849 qui
3030 1777 3235 1832 nudati
3280 1795 3315 1833 a
3357 1777 3575 1833 diabolo
3621 1780 3796 1833 cecide-

2207 1870 2363 1936 runt,
2424 1866 2686 1922 violentia
2738 1882 2896 1937 aquae
2951 1867 3064 1937 (19)
3121 1883 3290 1937 quam
3354 1882 3449 1921 suo
3488 1882 3573 1921 ore
3624 1882 3798 1938 serpens

2205 1957 2389 2012 emisit
2410 1959 2526 2026 post
2544 1956 2836 2011 mulierem
2863 1955 3046 2027 (Apoc.
3072 1973 3173 2022 xxx,
3201 1956 3313 2025 15).
3339 1955 3435 2010 Sed
3471 1955 3593 2026 quid
3621 1955 3798 2010 dicam?

2208 2046 2291 2100 ait
2336 2044 2686 2116 Apostolus:
2721 2045 2906 2101 Laudo
2948 2061 3034 2101 vos
3063 2044 3091 2098 ?
3119 2046 3180 2100 In
3210 2046 3315 2100 hoc
3350 2061 3458 2100 non
3490 2044 3673 2099 laudo:
3699 2047 3798 2116 quia

2207 2150 2317 2190 non
2347 2136 2408 2189 in
2435 2135 2633 2190 melius
2655 2134 2751 2189 sed
2781 2135 2838 2188 in
2871 2135 3030 2206 pejus
3069 2135 3297 2189 venistis
3317 2133 3364 2203 (l
3393 2133 3509 2188 Cor.
3534 2149 3604 2198 xx,
3636 2135 3710 2202 12,
3737 2133 3800 2187 17.

2210 2223 2316 2279 Ubi
2345 2223 2502 2279 enim
2536 2227 2673 2279 sunt
2717 2223 3102 2280 aemulationes
3133 2227 3184 2278 et
3213 2223 3571 2278 dissensiones
3590 2224 3644 2276 in
3669 2222 3798 2288 vobis,

2208 2329 2391 2368 nonne
2416 2314 2667 2368 carnales
2687 2314 2839 2378 estis,
2859 2321 2911 2367 et
2930 2312 3236 2368 secundum
3267 2313 3537 2367 hominem
3563 2311 3802 2366 ambulans

2210 2402 2254 2473 (1
2274 2401 2701 2473 Cor.ux,3}?Nec
2733 2419 2840 2458 nos
2871 2401 3107 2473 quidem
3142 2401 3344 2456 mirari
3378 2400 3798 2472 oportet,curiste

2214 2491 2570 2548 Novatianus
2600 2496 2720 2546 tam
2752 2490 3026 2559 nefanda,
3057 2494 3178 2545 tam
3213 2490 3420 2562 gravia
3444 2489 3500 2544 in
3549 2504 3799 2560 personam

2211 2578 2510 2652 lapsorum
2561 2595 2827 2635 exercere
2879 2595 3033 2634 nunc
3084 2579 3335 2634 audeat:
3389 2577 3800 2648 quandoquidem

2212 2669 2499 2724 habemus
2529 2669 2794 2740 exempla
2815 2667 3312 2740 pravaricationis
3334 2667 3508 2738 hujus
3536 2666 3801 2738 praeceden-

2213 2758 2313 2813 tia.
2349 2757 2487 2813 Saul
2520 2757 2614 2813 ille
2659 2758 2826 2813 bonus
2867 2758 2913 2826 (I
2941 2757 3068 2828 Reg.
3102 2774 3178 2824 xx,
3210 2760 3271 2822 2,
3304 2773 3461 2823 xvm,
3489 2756 3662 2826 seqq.),
3691 2771 3800 2824 prte-

2214 2851 2302 2902 ter
2322 2852 2548 2913 caetera,
2574 2850 2777 2918 postea
2805 2845 2982 2902 livore
3011 2845 3320 2911 evertitur,
3353 2849 3414 2901 et
3454 2851 3642 2900 contra
3669 2840 3798 2897 David

2215 2937 2415 2992 omnia
2437 2937 2680 2992 adversa
2708 2940 2766 2990 et
2789 2935 3026 2990 inimica
3055 2951 3228 3008 agere
3262 2934 3523 2990 molitur.
3547 2933 3704 2990 ludas
3728 2930 3797 2984 ille

2216 3024 2368 3080 inter
2396 3024 2690 3097 apostolos
2732 3024 2952 3080 electus
2998 3024 3203 3096 (Matth.
3242 3042 3299 3091 κ,
3333 3026 3363 3078 4
3391 3042 3404 3092 ;
3436 3040 3578 3087 xxvi,
3616 3022 3707 3092 15),
3732 3017 3804 3090 qui

2219 3131 2450 3187 semper
2502 3115 2560 3169 in
2619 3115 2794 3170 domo
2856 3114 2950 3169 Dei
3001 3114 3306 3169 unanimis
3364 3119 3421 3168 et
3473 3107 3805 3180 ﬁdelis(Psal.

2224 3220 2334 3269 Liv,
2369 3205 2478 3274 12),
2513 3203 2637 3274 ipse
2668 3202 3044 3274 postmodum
3080 3207 3264 3258 Deum
3288 3200 3544 3257 tradidit.

2294 3293 2644 3348 Praedixerat
2673 3292 2913 3362 quidem
2935 3297 2992 3346 et
3025 3291 3315 3348 Dominus
3345 3290 3557 3346 multos
3577 3303 3688 3346 esse
3712 3301 3808 3340 ven-

2223 3387 2389 3438 turos
2426 3382 2537 3436 sub
2590 3380 2848 3450 pellibus
2888 3382 3107 3445 ovium,
3141 3397 3391 3452 rapaces
3444 3379 3601 3450 lupos
3650 3372 3806 3447 (Matth.

2220 3485 2320 3535 vn,
2357 3471 2460 3535 15).
2486 3469 2592 3534 Qui
2626 3473 2766 3524 sunt
2795 3468 2891 3524 isti
2925 3485 3163 3540 rapaces
3192 3468 3344 3540 lupi,
3380 3468 3495 3524 nisi
3527 3482 3683 3522 sensu
3709 3463 3809 3518 sub-

2223 3559 2356 3615 dolo
2388 3557 2786 3629 conspirantes
2809 3558 2880 3613 ad
2912 3557 3320 3613 infestandum
3355 3572 3581 3630 gregem
3610 3548 3809 3609 Christi?

2222 3649 2376 3705 sicut
2405 3647 2656 3719 legimus
2679 3647 2827 3718 apud
2863 3646 3200 3702 Zachariam
3240 3648 3354 3719 (20)
3415 3647 3688 3719 positum:
3717 3643 3808 3696 Em

2222 3753 2324 3810 ego
2353 3737 2550 3792 suscito
2568 3739 2838 3807 pastorem
2866 3737 2925 3790 in
2968 3739 3138 3802 terra,
3173 3738 3277 3807 qui
3303 3737 3452 3808 quod
3500 3734 3810 3790 aversumest,

2222 3843 2334 3883 non
2360 3825 2628 3891 visitabit,
2661 3832 2713 3880 et
2750 3839 2941 3880 carnes
2988 3825 3288 3880 electorum
3335 3822 3687 3890 manducabit,
3705 3823 3746 3874 et
3762 3824 3815 3871 ta-

2226 3916 2310 3972 los
2367 3915 2600 3971 illorum
2648 3916 2917 3985 torquebit
2959 3913 3144 3984 (Zach.
3192 3931 3276 3984 xx,
3345 3914 3453 3983 16).
3495 3911 3738 3968 Similiter
3775 3907 3812 3958 et

2225 4022 2328 4078 per
2358 4002 2713 4060 Ezechielem
2751 4004 3010 4074 increpat
3069 4003 3416 4074 hujusmodi
3452 4006 3708 4074 pastores,
3735 3993 3811 4050 sci-

2225 4093 2358 4150 licet
2388 4092 2689 4165 prtedones
2718 4097 2778 4147 et
2804 4092 3068 4148 laniones
3125 4093 3348 4162 (dicam
3377 4098 3443 4146 ut
3473 4083 3811 4148 existimaverat)

2223 4183 2463 4238 dicens:
2498 4183 2537 4237 0
2562 4184 2823 4252 pastores,
2848 4197 3018 4250 quare
3046 4181 3132 4236 lac
3162 4182 3409 4249 ebibitis,
3440 4185 3489 4236 et
3533 4176 3812 4246 coagulatum

2223 4271 2521 4338 comeditis,
2548 4275 2602 4326 et
2658 4274 2799 4326 torte
2827 4269 2896 4325 ad
2952 4270 3199 4325 nihilum
3251 4269 3604 4340 perduxistis,
3631 4274 3674 4320 et
3699 4262 3813 4328 inﬁr-

2226 4375 2380 4414 mum
2393 4375 2500 4415 non
2533 4361 2824 4425 visitastis,
2866 4359 3278 4415 claudicantem
3310 4374 3419 4415 non
3449 4356 3679 4420 eurastis,
3699 4355 3739 4406 et
3760 4364 3816 4403 er-

2224 4453 2439 4504 rantem
2493 4464 2604 4504 non
2638 4450 2953 4517 revocastis,
2987 4457 3040 4503 ct
3067 4449 3410 4516 permisisti:
3426 4446 3669 4519 populum
3685 4452 3815 4494 meum

2224 4554 2414 4594 errare
2444 4541 2590 4594 inter
2645 4539 2832 4610 spinas
2863 4540 2913 4594 et
2969 4537 3244 4593 tribulos?
3265 4542 3558 4608 Propterea
3595 4533 3692 4588 hac
3721 4524 3815 4582 didi

1902 4683 2231 4745 Variorum
2289 4689 2477 4743 nota).

535 4797 647 4875 (ίίξ)
679 4795 806 4851 Νοίί
845 4795 1142 4875 gratulari,
1175 4795 1402 4875 inimica
1459 4812 1600 4875 mea.
1634 4795 1793 4875 Non"
1819 4797 2017 4875 minus
2065 4803 2122 4854 et
2156 4812 2198 4875 ι)
2232 4797 2289 4852 in
2319 4798 2632 4875 Scorpiaco.
2662 4800 2854 4875 Atque
2899 4795 3042 4875 adeo
3079 4795 3279 4875 etiam
3307 4795 3512 4875 nguina
3553 4787 3810 4875 legenda}!

465 4866 650 4937 istud,
685 4884 787 4939 pro
809 4883 874 4922 eo
899 4866 1051 4991 quod
1078 4869 1346 4937 corrupte
1377 4873 1499 4921 erat
1529 4869 1723 4923 amica.
1747 4868 1894 4923 Nam
1926 4870 2119 4926 Graece

471 4941 628 4991 anud
657 4956 764 4991 LXX
793 4943 883 4991 est
940 4936 1083 4991 γθοά
1118 4956 1241 4991 μου.
1274 4938 1488 4991 ΡΑιιιει..

471 4936 764 5014 apudnng
793 4943 883 5014 est
913 4936 1083 5010 ἐχθρά
1117 4936 1488 5014 μορ-[ΡΑΜΕΒ.

541 5013 651 5084 (17)
683 5009 1093 5084 Proximoruin_
1122 5009 1319 5084 delicta
1374 5017 1436 5084 ut
1486 5011 1712 5084 propria
1739 5013 1977 5084 ﬂeverit.
2010 5011 2117 5068 Re-

471 5079 644 5156 spicit
673 5079 1196 5156 auctorepistolam
1228 5079 1552 5156 Novatiani,
1579 5079 1821 5156 Romani
1845 5083 1983 5156 cleri
2017 5101 2118 5139 no-

475 5150 630 5211 mine
660 5150 1488 5226 scriptam—Lquam‘superius
1509 5167 1643 5206 cum
1691 5153 1821 5208 aliis
1852 5155 2116 5223 ejusdem

471 5221 793 5282 Novatiani'
810 5221 1084 5296 operibus
1102 5221 1415 5296 edidimus.
1447 5221 1733 5296 QALLANn.

541 5301 652 5368 (18)
686 5293 916 5353 Cainam
954 5296 1113 5368 illam
1148 5294 1436 5368 haeresim.
1473 5293 1642 5348 Recte
1693 5295 1986 5368 Erasmus,
2015 5313 2116 5367 pro

468 5365 748 5424 caninam.
776 5369 868 5424 Sic
891 5367 1045 5423 enim
1068 5373 1125 5422 et
1147 5365 1533 5438 Hieronymus
1564 5367 1817 5438 appellat
1837 5383 1964 5422 eam
1987 5365 2116 5438 quae

468 5442 677 5496 adimit
706 5457 867 5511 spem
901 5437 1234 5494 remittendi
1290 5436 1525 5506 peccati.
1561 5436 1746 5511 Locus
1789 5436 2116 5511 Hicrosj'mi

468 5515 558 5568 est
587 5509 762 5580 Epist.
795 5512 865 5568 ad
896 5511 1215 5581 Oceanum;
1248 5509 1602 5581 etrmeminit
1650 5510 1911 5579 ejusdem
1946 5509 2115 5581 quasi

468 5583 728 5639 tollentis
760 5583 1124 5651 martyrium,
1158 5580 1254 5635 lib.
1285 5580 1485 5636 Contra
1518 5582 1911 5650 Vigilantiam:
1946 5580 2012 5637 ut
2040 5583 2118 5637 sit

469 5655 673 5728 eadem
705 5671 834 5725 quae
867 5653 1296 5720 Gnosticorum,
1332 5653 1402 5708 de
1446 5653 1664 5723 quibus
1715 5651 2114 5710 Tertullianus

2230 4885 2437 4925 censeo
2456 4859 2620 4939 'apud
2656 4859 2928 4922 eumdem
2959 4866 3201 4922 Tertull.
3236 4866 3405 4921 initio
3438 4863 3564 4939 libri
3591 4859 3648 4939 de
3673 4859 3812 4939 Daplt'

2228 4957 2367 5009 smo,
2399 4932 2737 4994 aut-saltem
2790 4940 3034 5004 Gaiana,
3068 4955 3170 5009 pro
3201 4954 3269 4992 eo
3319 4937 3473 5008 quod
3507 4932 3810 5009 estGaiangI

2229 4997 2444 5083 quippe
2475 5028 2600 5082 qua:
2624 5011 2944 5066 remedium
2976 4997 3153 5083 etiam
3187 4997 3808 5083 baptismoAtolleretLDf

2232 5073 2572 5153 alii-s‘huj'us
2608 5086 2780 5138 secta
2832 5082 3131 5136 erroribus
3170 5073 3302 5153 vide
3345 5077 3606 5153 eumdem
3631 5074 3686 5128 ἀι
3710 5073 3814 5153 θεῖ’

2225 5157 2414 5226 script.
2473 5142 2593 5209 adv.
2627 5154 2760 5210 hear.
2784 5169 2806 5216 ,ο
2839 5153 3140 5226 Irenaeum,
3174 5150 3275 5206 lib.
3313 5168 3351 5226 ι,
3401 5167 3525 5221 cap.
3551 5147 3681 5226 _ult.;
3712 5142 3807 5226 Eg),-

2227 5209 2510 5289 pha'nium
2567 5209 2795 5280 haeres;
2834 5225 2921 5279 38.
2991 5230 3048 5280 et
3105 5209 3808 5294 Augustinum,haeres.18.

2229 5303 2440 5352 PAMEL.

2298 5370 2407 5441 (19)
2447 5369 2709 5441 Violentia
2741 5384 2917 5441 aquae,
2950 5371 3059 5441 etc.
3098 5363 3373 5441 intelligit
3418 5357 3808 5441 persecutionem

2234 5435 2410 5512 quam
2439 5439 2708 5512 diabolus
2740 5435 2990 5494 immisit
3009 5439 3078 5512 _i_n
3110 5435 3448 5512 Ecclesiam.
3482 5437 3675 5512 PAMEL;

2298 5514 2404 5581 (‘20)
2435 5511 2589 5583 Αρηά
2618 5512 2965 5566 Zachariam.
3008 5509 3123 5583 Hoc
3153 5525 3220 5564 ex
3279 5507 3544 5583 conjecta
3588 5518 3618 5556 a
3656 5497 3803 5553 Caste-

2225 5577 2316 5655 rii,
2351 5577 2452 5656 pro
2476 5577 2594 5638 "ad:
2627 5583 2915 5638 consentit
2943 5581 3116 5638 etiam
3147 5596 3256 5635 ms.
3291 5584 3486 5635 codex.
3510 5577 3691 5631 ΡΑιιει.
