4088 6174
252 381 278 438 1
290 379 407 438 265

1267 382 1468 442 PARS
1511 380 1562 440 Ι.
1593 413 1671 424 ——
1703 367 2202 439 MONUMENTA
2245 381 2652 443 VETERUM.

3513 383 3670 442 1268

244 512 550 568 Dominus:
607 511 737 567 Ecce
791 528 888 582 ego
939 516 1160 569 veniam
1217 513 1475 570 adversus
1516 517 1784 585 pastores,
1842 517 1894 564 et
1921 509 1974 575 Α
2004 521 2347 580 peccatorum
2374 515 2567 581 mala;
2595 515 2767 584 (Psal.
2816 529 3012 580 xxxm,
3045 512 3138 584 22)
3182 520 3233 568 et
3281 513 3427 584 apud
3460 513 3667 585 inferos

241 603 537 672 exquiram
567 618 687 658 oves
716 619 866 658 meas
894 604 963 657 de
991 605 1247 659 manibus
1279 605 1506 659 illorum
1537 603 1670 674 (21),
1726 611 1775 658 et
1805 617 1896 657 re-

242 691 451 762 pellam
480 707 566 746 eos
599 696 657 746 ut
686 709 797 746 non
822 703 1050 763 pascant
1108 709 1229 748 oves
1272 709 1438 759 meas,
1497 703 1547 749 et
1594 709 1706 748 non
1743 699 1903 747 erunt

247 782 330 834 eis
350 781 592 850 amplius
619 797 744 836 oves
771 798 905 836 mea:
926 784 989 837 in
1045 783 1445 839 devorationem
1473 787 1561 839 :et
1606 784 1901 856 exquiram

246 886 341 923 cas
369 871 516 924 sicut
545 879 730 941 pastor
750 887 968 940 gregem
989 889 1150 926 suum
1182 874 1240 926 in
1271 873 1367 928 die
1387 890 1496 944 qua
1524 872 1696 942 fuerit
1718 872 1899 940 caligo

246 967 298 1013 et
326 960 530 1014 nebula
551 977 572 1014 :
601 962 682 1015 sic
710 963 1000 1032 exquiram
1031 977 1151 1017 oves
1178 977 1350 1027 meas,
1381 966 1432 1018 et
1463 963 1755 1034 exquiram
1811 976 1900 1015 eas

245 1049 304 1102 in
348 1051 499 1102 omni
554 1050 672 1104 loco
719 1065 1038 1121 quocunque
1064 1050 1291 1122 dipcrsa’.
1320 1054 1484 1106 sunt:
1519 1053 1571 1106 et
1627 1049 1766 1122 quod
1802 1065 1896 1120 pe-

240 1139 437 1204 rierat,
487 1139 770 1208 requiram
789 1155 810 1199 ,°
860 1146 1079 1209 etquod
1135 1145 1436 1207 erraverat,
1496 1141 1788 1195 revocabo:
1848 1143 1898 1189 et

236 1226 379 1298 quod
433 1226 855 1294 claudicaverat,
906 1228 1140 1283 curabo:
1169 1233 1221 1284 et
1260 1228 1400 1299 quod
1459 1229 1741 1298 inﬁrmum
1792 1233 1894 1294 est,

234 1314 538 1370 custodiam
573 1332 584 1370 :
617 1319 668 1371 et
680 1332 908 1386 pascam
938 1333 1060 1372 oves
1083 1333 1229 1372 meas
1258 1334 1383 1371 cum
1419 1317 1633 1389 judicio
1679 1316 1894 1389 (Ezech.

237 1421 430 1472 xxxxv,
453 1405 508 1471 3,
542 1406 596 1470 4,
630 1406 719 1470 10,
752 1405 837 1476 1l,
876 1405 982 1476 16).

308 1493 424 1548 XV.
456 1493 593 1549 Cuis
653 1493 768 1549 ista
824 1493 1129 1565 loquitur?
1188 1495 1392 1566 Utique
1423 1494 1518 1550 ille
1549 1495 1649 1567 qui
1681 1494 1899 1551 relictis

237 1583 560 1654 nonaginta
619 1599 825 1638 novem
888 1584 1115 1649 ovibus,
1150 1584 1417 1654 quaesivit
1450 1583 1609 1640 illam
1642 1601 1772 1656 quae
1831 1585 1900 1639 de

239 1687 350 1726 suo
379 1676 672 1726 erraverat
701 1687 895 1742 grege,
931 1670 1085 1726 sicut
1116 1672 1294 1726 David
1319 1671 1492 1728 dicit:
1517 1675 1731 1728 Erravi
1757 1674 1900 1728 velut

241 1762 358 1814 ovis
389 1773 516 1828 qua?
537 1761 708 1829 periit
737 1759 914 1824 (Psat.
951 1777 1144 1828 cxvm,
1173 1761 1334 1831 176):
1371 1777 1544 1832 quam
1604 1761 1900 1816 inventam

245 1847 516 1902 Christus
567 1847 734 1918 redit,
785 1848 1029 1903 humero
1077 1865 1185 1904 suo
1217 1853 1458 1919 portans
1516 1848 1895 1920 peccatricem
1928 1876 1978 1942 Β

247 1935 560 1992 delicatam
587 1954 600 1991 :
626 1936 725 2007 qui
748 1938 1012 2009 gaudens
1035 1942 1093 1992 et
1112 1938 1437 2005 exsultans,
1456 1939 1671 1994 vocatis
1694 1937 1900 1993 amicis

247 2029 307 2080 et
338 2025 695 2081 domesticis.
729 2026 810 2081 ait
842 2044 854 2082 :
915 2027 1394 2097 Congratulamini
1447 2027 1609 2098 mihi,
1641 2028 1902 2099 quoniam

248 2116 477 2170 inventa
506 2119 590 2170 est
618 2117 730 2170 ovis
754 2131 882 2170 mea
913 2131 1037 2188 quae
1064 2118 1324 2188 perierat.
1350 2117 1498 2187 Dico,
1541 2117 1747 2187 inquit,
1809 2133 1900 2173 vo-

247 2205 352 2274 bis,
376 2205 506 2276 quia
534 2204 652 2260 tale
671 2205 933 2276 gaudium
965 2207 1170 2265 I216
1198 2207 1303 2263 erit
1345 2208 1407 2262 in
1434 2208 1569 2264 coelo
1584 2223 1749 2278 super
1780 2211 1901 2278 ,uno

249 2302 533 2361 peccatore
558 2295 936 2364 paenitentiam
963 2299 1154 2365 agente
1183 2296 1331 2368 (Luc.
1365 2313 1458 2362 xv,
1488 2297 1643 2350 6-10.
1667 2297 1737 2351 Et
1759 2296 1898 2354 sub-

232 2382 503 2456 jungens
520 2383 631 2438 ait:
664 2384 770 2441 Aut
799 2399 925 2458 quae
952 2385 1158 2440 mulier
1187 2385 1386 2443 habens
1413 2385 1666 2443 denarios
1692 2387 1898 2458 decem,

247 2475 301 2528 et
322 2487 448 2529 cum
475 2471 778 2543 perdiderit
805 2489 878 2528 ex
905 2473 1150 2528 denariis
1181 2490 1374 2544 unum,
1432 2490 1614 2531 nonne
1654 2475 1900 2534 accendit

243 2561 766 2628 lucernam,ettota
815 2561 905 2616 die
932 2561 1152 2616 domum
1200 2578 1360 2618 suam
1416 2563 1693 2630 emundat,
1745 2578 1898 2635 quae-

240 2666 374 2706 rens
403 2649 570 2704 donec
596 2651 886 2706 inveniat?
913 2652 978 2706 Et
1004 2668 1129 2705 cum
1150 2653 1444 2715 invenerit,
1465 2661 1722 2708 convocat
1750 2655 1896 2708 ami-

241 2754 341 2793 cas
370 2746 421 2793 et
473 2740 703 2805 vicinas,
755 2739 978 2795 dicens:
1021 2741 1510 2810 Congratulamini
1556 2741 1713 2807 mihi,
1764 2758 1896 2814 quo-

240 2830 404 2882 niam
429 2829 619 2884 inveni
653 2828 943 2884 denarium
971 2845 1128 2900 quem
1151 2828 1526 2897 perdideram.
1563 2831 1686 2885 Dico
1723 2831 1896 2896 vobis,

244 2918 382 2988 quia
407 2917 516 2972 tale
545 2917 810 2986 gaudium
849 2919 954 2972 erit
984 2920 1044 2973 in
1091 2927 1377 2989 conspectu
1424 2919 1748 2987 angelorum
1805 2921 1900 2974 Dei

243 3022 412 3076 super
440 3022 548 3061 uno
577 3014 858 3075 peccatore
885 3009 1262 3078 plenitentiam
1291 3011 1503 3075 agente.
1538 3011 1578 3063 E
1610 3009 1900 3067 contrario

247 3097 448 3148 autem
470 3109 583 3148 non
603 3097 838 3164 agentes
855 3093 1177 3148 facinorum
1201 3111 1441 3149 suorum
1465 3095 1898 3166 pmnitentiam;

248 3199 383 3253 quae
413 3197 510 3236 eos
540 3187 835 3249 maneant,
869 3199 938 3237 ex
969 3183 1152 3254 ipsius
1185 3183 1416 3238 Domini
1463 3201 1743 3256 responsa
1798 3202 1898 3245 co-

2005 605 2336 672 paenitentia
2364 606 2522 658 nulla
2567 604 2858 676 (Eccll.x1,
2909 603 2998 674 17)
3029 619 3041 658 :
3075 602 3360 657 habentes
3407 602 3466 656 in
3527 619 3663 657 con-

2009 690 2390 762 templatione
2423 693 2671 748 maxime
2693 694 2846 747 diem
2875 692 3086 765 judicii
3117 696 3173 746 et
3217 691 3664 748 retributionis:

2010 785 2065 834 et
2099 781 2251 851 quod
2284 782 2356 835 ab
2390 781 2663 836 omnibus
2699 781 2866 836 nobis
2890 781 3269 848 credendum,
3304 786 3362 835 et
3419 782 3664 836 firmiter

2008 874 2098 923 est
2129 871 2470 939 tenendum,
2521 870 2659 943 quia
2711 872 2954 941 acceptio
3010 885 3369 940 personarum
3421 887 3531 926 non
3588 879 3667 926 est

2006 958 2152 1030 apud
2184 964 2358 1014 Deum
2381 960 2554 1030 (Rom.
2579 977 2640 1029 ιι,
2673 960 2798 1030 il);
2832 976 2965 1013 cum
3002 959 3338 1030 praeceperit
3383 959 3441 1013 in
3513 966 3660 1015 Deu-

2005 1048 2329 1103 teronomio
2360 1065 2476 1103 non
2508 1048 2907 1122 accipiendam
2938 1063 3248 1118 personam
3281 1047 3340 1101 in
3399 1048 3620 1118 judicio
3647 1066 3659 1104 :

2007 1140 2124 1192 Non
2157 1138 2406 1207 accipies,
2442 1138 2540 1203 ait,
2572 1152 3005 1206 personam,nec
3023 1136 3320 1191 secundum
3341 1139 3663 1200 minimum.

2004 1243 2106 1281 nec
2133 1228 2431 1282 secundum
2471 1229 2785 1281 mamimum
2798 1224 3074 1297 judicabis
3099 1225 3274 1296 (Deut.
3334 1243 3373 1294 ι,
3429 1226 3524 1292 l7;
3589 1244 3664 1280 xv

2009 1316 2115 1387 19).
2150 1315 2253 1371 His
2283 1315 2501 1371 similia
2549 1319 2604 1372 et
2661 1331 2764 1388 per
2809 1313 3167 1372 Ezechielem
3219 1314 3395 1370 dixit:
3440 1315 3633 1371 Omnes

2007 1405 2217 1475 inquit,
2277 1406 2478 1460 animo:
2531 1421 2668 1460 mere
2695 1414 2849 1475 sunt,
2903 1407 3047 1460 sicut
3102 1405 3294 1459 anima
3356 1407 3557 1476 patris,
3609 1409 3663 1459 et

2007 1496 2200 1549 anima
2228 1493 2372 1561 ﬁlii:
2413 1496 2603 1548 anima
2655 1510 2776 1565 quae
2823 1493 3155 1566 peccaverit,
3225 1495 3346 1564 ipsa
3392 1495 3663 1549 morietur

2009 1581 2222 1655 (Enech.
2253 1599 2413 1651 xvm,
2441 1583 2515 1653 4).
2578 1583 2679 1638 Hic
2708 1581 2817 1638 erit
2845 1581 3022 1654 igitur
3074 1599 3107 1637 a
3162 1581 3332 1638 nobis
3387 1598 3663 1638 veneran-

2009 1672 2140 1738 dus,
2177 1671 2266 1726 bio
2294 1671 2605 1737 tenendus,
2636 1671 2732 1726 hic
2764 1687 2866 1744 per
2888 1670 3121 1742 plenam
3153 1674 3209 1726 et
3263 1671 3503 1743 dignam
3563 1689 3662 1727 no-

2009 1765 2193 1815 stram
2245 1760 2674 1816 confessionem
2721 1760 3147 1831 propitiandos,
3205 1761 3304 1830 qui
3349 1759 3511 1815 habet
3558 1777 3661 1832 po-

2011 1852 2252 1904 testatem
2280 1851 2529 1904 animam
2542 1857 2593 1905 et
2609 1865 2802 1920 corpus
2821 1849 3078 1904 mittendi
3107 1850 3166 1903 in
3176 1849 3481 1920 gehennam
3510 1851 3664 1919 ignis

2008 1938 2220 2010 (Matth.
2253 1955 2310 2006 x,
2340 1939 2453 2006 28),
2479 1939 2634 1994 sicut
2679 1937 2965 2009 scriptum
3007 1941 3130 1994 est:
3164 1954 3284 1994 ecce
3329 1939 3484 1993 venit
3536 1954 3664 1994 cum

2007 2028 2196 2082 multis
2225 2028 2477 2085 millibus
2503 2029 2832 2082 nuntiorum
2857 2043 3082 2082 suorum
3101 2031 3283 2094 facere
3294 2027 3576 2098 judicium
3597 2027 3662 2082 de

2008 2118 2278 2184 omnibus,
2309 2119 2359 2171 et
2385 2116 2612 2188 perdere
2631 2132 2817 2172 omnes
2846 2116 3062 2185 impios,
3092 2120 3145 2170 et
3183 2131 3414 2187 arguere
3441 2132 3662 2171 omnem

2007 2221 2238 2263 carnem
2264 2207 2332 2261 de
2360 2206 2610 2261 omnibus
2637 2206 2801 2277 factis
2822 2204 3124 2275 impiorum
3142 2205 3255 2277 (22)
3287 2205 3488 2260 1217
3535 2217 3661 2274 qua

2003 2298 2253 2368 fecerunt
2281 2297 2470 2366 impie,
2502 2298 2551 2350 et
2585 2295 2656 2350 de
2687 2293 2938 2350 omnibus
2967 2293 3146 2350 verbis
3187 2294 3376 2365 impiis
3424 2309 3544 2366 quae
3588 2291 3663 2348 de

2007 2385 2114 2440 Deo
2136 2385 2304 2440 locuti
2321 2392 2450 2442 sunt
2474 2388 2778 2454 peccatores
2805 2383 2986 2455 (Iudae
3017 2383 3103 2453 14,
3139 2383 3246 2453 15).

2077 2474 2254 2533 XVII.
2286 2474 2388 2532 His
2430 2473 2650 2531 similia
2695 2477 2753 2531 et
2794 2471 3027 2529 Daniel:
3066 2471 3186 2528 Vidi
3239 2471 3451 2543 inquit,
3510 2471 3662 2528 thro-

2003 2582 2139 2620 num
2166 2564 2425 2635 positum,
2447 2570 2498 2618 et
2530 2564 2773 2618 Vetustas
2805 2562 3021 2618 dierum
3049 2561 3262 2618 sedebat
3289 2577 3457 2632 super
3508 2577 3655 2626 eum,

2005 2660 2060 2709 et
2090 2655 2311 2708 vestitus
2338 2653 2453 2722 ejus
2497 2659 2618 2706 erat
2665 2658 2933 2721 tanquam
2952 2652 3077 2720 nix,
3108 2658 3159 2706 et
3217 2651 3416 2720 capilli
3457 2652 3658 2721 capitis

2003 2744 2119 2812 ejus
2150 2745 2414 2812 tanquam
2444 2742 2575 2795 lana
2613 2741 2760 2808 alba,
2793 2744 3020 2794 thronus
3050 2740 3205 2794 illius
3235 2741 3462 2809 ﬂamma
3491 2741 3658 2809 ignis,

2005 2838 2138 2886 rotae
2195 2832 2348 2885 illius
2388 2830 2532 2900 ignis
2578 2829 2793 2884 ardens.
2855 2830 3081 2883 Flumen
3128 2830 3273 2896 ignis
3336 2829 3448 2894 (23)
3473 2829 3658 2899 prodi-

2009 2922 2100 2975 bat
2125 2924 2256 2974 ante
2275 2935 2396 2973 eum
2421 2936 2433 2973 :
2467 2919 2650 2972 millia
2676 2918 2920 2972 millium
2948 2917 3255 2972 serviebant
3283 2919 3353 2987 ei,
3385 2925 3436 2972 et
3477 2916 3662 2971 millia

2007 3009 2254 3068 millium
2283 3007 2605 3066 assistebant
2661 3009 2732 3062 ei.
2765 3006 2844 3061 Ad
2886 3006 3165 3078 judicium
3220 3006 3375 3075 sedit,
3421 3015 3474 3061 et
3529 3006 3666 3060 libri

2005 3099 2188 3170 aperti
2239 3101 2364 3152 sunt
2405 3098 2542 3165 (Dan
2598 3113 2699 3165 vn,
2758 3097 2813 3164 9,
2880 3097 2965 3150 10.
3005 3095 3260 3150 Joannes
3283 3098 3479 3150 autem
3539 3111 3662 3149 ma-

2017 3187 2287 3246 nifestius
2318 3192 2373 3240 et
2403 3186 2472 3240 de
2520 3185 2614 3239 die
2664 3183 2872 3254 judicii
2902 3188 2959 3238 et
2993 3183 3502 3239 consummatione
3559 3199 3665 3238 saa-

247 3237 558 3344 énoscant.
586 3237 858 3341 Legimus
879 3237 1032 3326 enim
1061 3271 1118 3325 in
1142 3272 1480 3344 Evangelio:
1505 3237 1658 3344 qliod
1674 3275 1907 3344 quidam
1935 3237 1980 3305 α
2018 3262 2133 3332 culi
2192 3273 2466 3339 declarat,
2509 3237 2737 3328 dicenas:
2790 3273 2857 3327 Et
2910 3289 3036 3326 cum
3061 3275 3384 3343 aperuisset,
3455 3272 3665 3342 inquit,

241 3363 516 3416 venerunt
544 3361 608 3414 de
640 3360 884 3416 Galilaeis
907 3359 977 3417 ad
1006 3362 1324 3432 Dominum,
1352 3366 1747 3419 annuntio-ales
1772 3366 1825 3420 ei
1843 3364 1908 3420 de

246 3451 331 3504 eis
355 3465 586 3520 quorum
616 3451 942 3518 sanguinem
973 3451 1192 3506 miscuit
1221 3452 1442 3506 Pilatus
1499 3469 1624 3506 cum
1681 3455 1907 3519 sacriﬁ-

248 3539 354 3594 ciis
383 3540 623 3609 ipsorum
650 3555 672 3599 ;
701 3538 900 3608 quibus
929 3539 1210 3610 respondit
1243 3542 1511 3595 Dominus
1535 3541 1753 3596 dicens:
1799 3543 1907 3596 Pu-

246 3628 382 3683 tatis
411 3629 542 3697 quia
573 3627 663 3681 illi
691 3627 922 3683 Gaelilazi
947 3644 1116 3699 super
1144 3637 1369 3683 caeteros
1397 3629 1658 3685 Gmlilwos
1717 3646 1912 3701 pecca-

249 3723 398 3773 tores
425 3719 666 3787 fuerant,
700 3719 831 3786 quia
858 3720 1009 3788 passi
1036 3725 1165 3772 sunt
1193 3717 1338 3773 talia
1369 3718 1396 3772 ’ἶ
1416 3719 1550 3773 Non.
1587 3720 1714 3774 Dico
1741 3723 1913 3775 cnim-

243 3808 438 3861 vobis:
478 3807 595 3860 nisi
618 3808 1000 3877 paenitentiam
1028 3809 1278 3875 egeritis,
1311 3823 1496 3862 omnes
1524 3810 1794 3863 similiter
1820 3824 1910 3874 pe-

245 3897 431 3950 riclis.
467 3896 568 3949 Aut
596 3895 690 3950 illi
717 3898 902 3950 decem
931 3897 986 3950 ei
1012 3904 1146 3960 octo,
1169 3912 1329 3966 super
1356 3913 1486 3967 quos
1515 3897 1712 3956 cecidit
1742 3900 1915 3957 turris

249 3986 315 4039 in
348 3983 517 4048 Siloa,
539 3988 728 4053 putats
757 3987 852 4054 qui
875 4000 916 4038 a
945 3983 1208 4038 debitores
1264 3987 1495 4054 fuerunt
1518 3988 1685 4041 morti
1746 4003 1914 4054 super

250 4090 443 4131 omnes
491 4074 733 4140 homines
771 4076 868 4145 qui
924 4075 1246 4129 habitabant
1304 4076 1364 4129 in
1410 4077 1709 4133 Jerusalem
1736 4077 1763 4131 ‘l
1796 4079 1913 4136 Non

251 4165 390 4218 Dico
421 4163 586 4229 vobis,
638 4162 850 4234 inquit,
909 4164 1040 4233 quia
1094 4165 1209 4218 nisi
1251 4166 1631 4234 paenitentiam
1666 4167 1909 4234 egeritis,

251 4267 442 4308 omnes
470 4251 732 4305 similiter
757 4253 1017 4322 per/“etis.
1043 4251 1192 4322 (Luc.
1229 4269 1354 4317 x111,
1388 4253 1526 4325 1-5).

330 4339 451 4393 XV.
484 4339 816 4394 Excitemus
852 4339 1044 4410 itaque
1075 4356 1181 4394 nos
1231 4346 1518 4411 quantum
1569 4358 1907 4413 possumus,

257 4430 470 4484 fratres
502 4427 896 4496 dilectissimi,
921 4433 976 4483 et
1006 4428 1254 4500 abrupto
1288 4430 1504 4486 inertia:
1546 4434 1602 4486 et
1631 4432 1909 4492 securita.

257 4519 340 4573 tis
397 4533 625 4584 somno,
658 4517 727 4570 ad
763 4517 1125 4572 observanda
1151 4517 1372 4573 Domini
1409 4525 1692 4591 pracepta
1712 4521 1908 4592 vigile-

2015 3365 2268 3436 sigillum
2300 3371 2535 3432 sextum,
2566 3378 2682 3420 ecce
2703 3365 2870 3420 terra:
2897 3369 3076 3416 motus
3095 3363 3273 3431 factus
3295 3365 3372 3416 est
3401 3376 3666 3431 magnus;

2017 3461 2068 3508 et
2086 3454 2267 3525 factus
2313 3457 2391 3506 est
2419 3453 2496 3506 sol
2547 3452 2708 3521 niger
2761 3455 2822 3504 ut
2873 3466 3057 3505 saccus
3109 3449 3389 3518 cilicinus,
3444 3457 3495 3504 et
3533 3449 3669 3502 luna

2020 3546 2129 3597 tota
2169 3543 2470 3611 sanguinea
2509 3543 2656 3611 facta
2711 3544 2831 3595 est:
2894 3543 2948 3594 et
3002 3539 3172 3594 stellte
3225 3539 3542 3594 ceciderunt
3606 3539 3667 3592 in

2022 3636 2251 3700 terram,
2276 3630 2534 3702 quomodo
2564 3633 2695 3690 ficus
2726 3647 2758 3683 α
2787 3637 2945 3683 vento
2990 3643 3186 3698 magno
3243 3628 3448 3698 agitata
3499 3626 3670 3680 mittit

2021 3737 2226 3792 grossos
2252 3735 2408 3774 suos‘
2443 3724 2494 3774 et
2548 3720 2744 3774 caelum
2797 3718 3016 3773 recessit
3057 3725 3117 3772 ut
3146 3717 3284 3772 liber
3327 3732 3455 3772 cum
3487 3713 3669 3771 invol-

2023 3812 2207 3864 vitur:
2239 3817 2288 3864 et
2317 3810 2492 3864 omnis
2523 3824 2674 3863 mons
2716 3811 2768 3862 et
2816 3807 3016 3861 insula:
3064 3806 3128 3861 de
3167 3806 3303 3861 locis
3357 3807 3473 3858 suis
3508 3807 3670 3858 motae

2021 3907 2148 3956 sunt
2174 3916 2188 3966 ;
2218 3906 2271 3953 et
2300 3913 2455 3970 reges
2481 3907 2663 3962 terrae,
2689 3900 2737 3951 et
2768 3897 3006 3950 maximi
3062 3895 3264 3964 quique
3290 3901 3340 3948 et
3360 3893 3573 3947 tribuni
3622 3895 3673 3946 et

2021 3987 2218 4042 divites
2267 3995 2317 4042 et
2373 3988 2556 4056 fortes,
2589 3994 2641 4040 et
2671 3986 2853 4039 omnis
2901 3999 3086 4040 servus
3103 3986 3154 4038 et
3184 3982 3323 4037 liber
3377 3980 3674 4037 absconde-

2019 4080 2228 4134 runtu
2257 4077 2314 4132 in
2344 4074 2622 4145 speluncis
2649 4077 2701 4128 et
2739 4076 2798 4130 in
2854 4073 3103 4129 cavernis
3143 4073 3432 4139 montium,
3489 4069 3676 4124 dicen-

2021 4173 2096 4226 tes
2124 4165 2400 4223 montibus
2429 4167 2479 4222 et
2505 4163 2714 4234 petris:
2749 4161 2930 4219 Cadite
2951 4176 3116 4230 super
3162 4175 3285 4223 nos,
3345 4168 3399 4214 et
3447 4159 3673 4213 abscon-

2019 4255 2134 4308 dite
2162 4271 2257 4308 nos
2290 4271 2323 4307 α
2352 4259 2636 4324 conspectu
2667 4251 2848 4306 Patris
2894 4250 3142 4305 sedentis
3195 4263 3357 4317 super
3393 4246 3672 4310 thronum,

2017 4351 2068 4398 et
2090 4344 2156 4397 ab
2187 4345 2275 4397 ira
2297 4342 2442 4414 Agni
2462 4359 2482 4395 .·
2540 4340 2803 4412 quoniam
2849 4339 2998 4393 venit
3030 4337 3151 4392 dies
3198 4335 3548 4390 interitionis
3575 4351 3594 4388 :
3623 4343 3677 4389 et

2019 4449 2140 4503 quis
2201 4433 2402 4502 poterit
2447 4438 2594 4484 stare
2642 4429 2822 4500 (Apoc.
2892 4444 2970 4491 v1,
3034 4426 3101 4479 12
3186 4422 3319 4495 17)?
3393 4425 3538 4478 ltem
3614 4423 3673 4478 in

2018 4523 2218 4576 eadem
2275 4517 2610 4591 Apocalypsi
2671 4517 2778 4572 hoc
2813 4531 3046 4587 quoque
3076 4514 3333 4569 Joannes
3361 4511 3501 4567 dicit
3560 4511 3673 4567 sibi

258 4623 420 4670 mus,
450 4608 792 4669 Quaeramus
822 4609 942 4660 tota
964 4611 1157 4661 mente
1207 4608 1358 4677 quod
1406 4608 1773 4678 perdidimus
1807 4656 1820 4681 ,
1853 4616 1916 4665 ut
1945 4601 1992 4667 D
2023 4609 2339 4664 revelatum
2366 4625 2378 4662 ε
2418 4607 2552 4672 Vidi,
2577 4605 2787 4672 inquit,
2820 4604 3075 4658 thronum
3096 4617 3404 4671 magnum;
3437 4604 3489 4656 et
3542 4617 3674 4657 can-

256 4693 523 4751 invenire
545 4693 880 4765 possimus;
943 4695 1081 4766 quia
1113 4695 1410 4764 Quaerenti,
1473 4696 1554 4752 ait
1598 4699 1916 4770 Scriptura,

257 4783 518 4858 dabitur,
550 4787 601 4837 et
626 4783 872 4854 pulsanti
901 4786 1181 4853 aperietur
1210 4784 1360 4855 (Luc.
1389 4803 1466 4856 x1,
1501 4785 1610 4855 l0).
1673 4788 1912 4843 Munde-

258 4889 400 4928 mus
429 4872 670 4926 domum
703 4877 965 4926 nostram
991 4873 1281 4928 munditia
1304 4874 1577 4946 spiritali,
1603 4880 1665 4930 ut
1696 4882 1919 4936 secreta

2023 4697 2213 4752 didam
2241 4697 2515 4752 sedentem
2542 4709 2704 4768 super
2732 4709 2878 4760 eum,
2919 4709 2951 4746 a
2991 4693 3142 4762 cujus
3198 4693 3340 4764 facie
3369 4690 3517 4763 fugit
3569 4706 3675 4745 ca:-

2027 4791 2142 4843 lum
2171 4789 2224 4840 et
2252 4790 2406 4842 terra
2435 4827 2447 4851 ,
2475 4788 2525 4839 et
2584 4784 2734 4840 locus
2777 4798 2968 4836 eorum
3000 4783 3252 4836 inve-ntus
3308 4796 3418 4834 non
3470 4789 3568 4851 est,
3627 4782 3679 4832 et

2027 4877 2141 4932 vidi
2170 4881 2401 4933 mortuos
2431 4888 2656 4941 magnos
2707 4877 2758 4928 et
2817 4871 3046 4944 pusillos
3073 4872 3274 4925 stantes
3302 4872 3432 4926 ante
3459 4883 3677 4937 conspe-

260 4978 513 5036 quaeque
545 4966 601 5015 et
657 4961 856 5016 abdita
900 4962 1151 5034 pectoris
1196 4965 1399 5031 nostri,
1444 4981 1578 5020 vero
1625 4965 1921 5038 Evangelii
2027 4975 2175 5022 ctum
2204 4963 2392 5024 throni
2442 4961 2662 5031 Dominj
2685 4979 2698 5018 :
2731 4968 2782 5020 et
2812 4961 2944 5014 libri
3002 4960 3184 5030 aperti
3226 4967 3374 5014 sunt.
3434 4958 3497 5010 Et
3535 4956 3682 5010 alius

259 5050 490 5108 lumine
521 5051 763 5120 radiata,
799 5051 1028 5108 dicant:
1065 5051 1181 5107 Tibi
1218 5054 1324 5108 soli
1344 5055 1572 5126 deliqui,
1602 5065 1651 5112 et
1699 5059 1921 5126 nequis-

2031 5055 2167 5112 liber
2195 5057 2418 5122 apertus
2458 5059 2534 5110 est
2584 5051 2681 5120 qui
2701 5053 2776 5104 est
2805 5050 2967 5104 vitaz:
3027 5057 3078 5104 et
3114 5046 3361 5116 judicati
3405 5048 3530 5100 sunt
3566 5044 3686 5098 sin-

256 5141 466 5195 simum
493 5141 549 5194 in
583 5147 870 5210 conspectu
899 5148 987 5196 tuo
1016 5142 1127 5211 feci
1156 5142 1399 5212 (Psal-L,
1432 5144 1526 5214 6);
1579 5144 1727 5208 Quia
1779 5161 1926 5201 mors
2033 5145 2125 5216 gul
2152 5146 2172 5198 i
2200 5141 2495 5199 secundum
2546 5155 2610 5194 ea
2659 5155 2779 5210 quae
2826 5139 3037 5207 scripta
3084 5138 3242 5190 erant
3290 5136 3350 5188 in
3394 5133 3532 5187 libro
3601 5147 3684 5188 se-

1702 5299 2033 5364 Variorum
2076 5304 2266 5359 nolm.

339 5423 455 5496 (2|)
515 5428 594 5480 De
666 5426 922 5480 manibus
984 5427 1232 5481 illorum.
1277 5427 1502 5496 Adjecit
1548 5429 1707 5486 istud
1767 5436 1919 5487 recte

269 5495 557 5572 Gravius:
593 5513 728 5572 nam
791 5497 1010 5572 habent
1078 5498 1230 5572 LXX.
1265 5504 1321 5553 et
1363 5495 1685 5572 Cyprianus
1743 5505 1921 5572 epist.

272 5586 386 5635 LIV,
417 5567 500 5623 sic
531 5567 706 5623 etiam
745 5584 854 5634 me,
895 5571 1096 5625 cortex.
1130 5571 1343 5625 PAMEL.

346 5639 554 5718 (22)_D_e
578 5641 830 5718 omnibus
855 5712 864 5718 _
888 5643 1116 5718 factis,”
1150 5643 1336 5712 impie.
1402 5641 1510 5718 lta_
1539 5660 1606 5696 ex
1666 5647 1927 5718 margins

275 5710 485 5765 (ἂι-ωνῘί
515 5711 574 5765 in
605 5715 828 5766 textum
852 5710 1238 5781 inseruimus,
1263 5729 1328 5768 eo
1360 5714 1515 5784 quod
1563 5710 1933 5786 reperiantur

2032 5430 2184 5503 apud
2207 5428 2419 5503 ludam
2448 5423 2800 5497 apostolum,
2809 5422 3132 5494 praisertim
3156 5420 3556 5477 consentiente
3577 5435 3688 5475 ms.

2034 5500 2255 5558 codice.
2286 5500 2497 5552 PAMBL.

2108 5573 2218 5649 (23)
2253 5573 2475 5649 Flumen
2508 5567 2674 5649 ignsi.
2710 5564 3351 5649 CravinsIetnMinutius
3411 5566 3642 5635 ﬂamma
3675 5578 3688 5619 :

2039 5637 2137 5702 sed
2174 5637 2394 5716 pugnat
2418 5657 2523 5696 vox
2543 5645 2740 5696 Graeca
2760 5637 3006 5712 ποταμός
3039 5637 3249 5708 ΡΑΜει,
