4088 6174
291 279 321 335 1
332 278 451 337 069

1199 274 1400 335 PARS
1449 274 1523 333 lI.
1557 307 1635 318 —
1680 271 2240 335 RECENTIORUM
2290 273 2727 336 EXCURSUS.

3553 274 3715 335 1070

285 409 396 464 tiat
424 407 656 462 Nicaana
686 407 966 478 synodus.
998 407 1197 477 Itaque
1240 422 1593 477 permagnus
1626 411 1682 460 et
1742 404 1932 459 admi-
1961 405 2017 470 Α
2048 404 2215 473 sime,
2242 408 2305 458 ut
2326 403 2440 459 sibi
2466 404 2714 472 videtur,
2749 408 2919 475 urget
2947 404 3209 477 exemplo
3245 405 3513 461 mulieris
3538 422 3709 462 vene-

282 496 489 551 rabilis
524 493 832 565 utrobique
858 510 1239 565 personarum
1256 510 1569 565 rerumque
1603 496 1939 549 concentus.

280 586 363 640 Ad
413 583 718 640 cumulum
776 584 1029 655 denique
1084 587 1148 637 ut
1196 582 1510 649 Victorem,
1568 581 1650 636 ita
1695 581 1940 653 Stepha-

281 691 425 729 num
461 690 563 746 per
592 678 676 727 tot
735 678 887 728 retro
921 673 1269 727 saeculorum
1330 671 1634 726 volumina
1691 686 1937 726 summa:

280 761 657 818 admirationi
688 761 978 828 habitum,
1012 761 1278 816 omnium
1312 759 1717 832 procacissimi
1768 775 1940 814 nova-

282 856 441 907 tores
490 851 551 906 in
596 850 705 905 hac
751 856 1011 905 extrema
1063 856 1389 920 temporum
1439 850 1574 905 fmce
1631 848 1940 920 denigrare

280 956 531 1012 cmpere,
590 940 757 1012 quasi
816 939 1034 994 aversis
1094 940 1327 1007 quidem
1386 938 1648 1009 vestigiis
1687 942 1941 993 errasset

276 1034 480 1084 tamen
524 1028 644 1100 ipse
698 1029 934 1100 perinde
989 1045 1055 1083 ac
1105 1028 1448 1099 Cyprianus.
1496 1027 1567 1082 Ut
1624 1027 1717 1081 hic
1779 1025 1935 1081 enim

279 1135 488 1174 omnes
520 1134 758 1189 prorsus
791 1117 1025 1172 arcebat
1056 1116 1355 1172 haereticos
1386 1135 1418 1172 a
1447 1115 1625 1170 dandi
1656 1115 1934 1186 baptismi

278 1211 607 1278 potestate:
642 1207 723 1262 ita
753 1206 868 1271 ille,
914 1211 980 1261 ut
1036 1206 1320 1276 garriunt,
1378 1221 1581 1261 omnes
1629 1222 1697 1260 ea
1751 1205 1932 1259 dona-

277 1296 382 1351 bat
408 1296 956 1362 indiscriminatim,
989 1295 1107 1350 sive
1134 1294 1415 1367 legitima,
1477 1295 1598 1350 sive
1648 1293 1848 1365 spuria
1878 1296 1936 1348 et

276 1385 524 1457 profana
557 1388 860 1439 uterentur
882 1385 937 1438 in
973 1384 1252 1456 tingendo
1284 1384 1597 1438 verborum
1658 1381 1930 1437 formula.

278 1475 479 1545 Itaque
501 1473 899 1545 propulsanda
926 1474 1047 1528 hac
1080 1475 1269 1544 primo
1301 1492 1334 1528 a
1383 1471 1754 1528 sanctissimo
1783 1487 1935 1542 papa

278 1567 339 1617 et
367 1566 620 1634 martyre
652 1561 965 1617 calumnia.
1002 1562 1153 1616 Tum
1200 1561 1601 1633 ingrediemur
1658 1576 1723 1615 ac
1756 1559 1931 1613 aliam

280 1667 521 1723 quoque
555 1653 1030 1714 controversiam,
1065 1650 1169 1721 qui
1200 1649 1520 1722 Cyprianus
1551 1649 1622 1704 ab
1657 1647 1931 1720 Augusti-

2053 491 2171 545 ﬁca:
2203 490 2622 563 hzsreticasque,
2667 510 2794 563 quae
2858 491 3074 548 multos
3132 492 3381 549 solemni
3441 492 3708 549 Ecclesia;

2052 580 2239 635 forma
2267 580 2516 636 tinxerat
2548 597 2559 634 :
2597 603 2624 630 «
2658 586 2799 635 Cum
2832 581 3159 652 baptizaret
3199 599 3433 654 quoque
3467 581 3707 652 multos,

2050 668 2272 723 usitata
2298 674 2357 724 et
2386 668 2647 740 legitima
2677 671 2853 725 verba
2883 669 3359 743 interrogationis
3390 687 3707 741 usurpans,

2052 762 2115 810 ut
2138 756 2285 811 nihil
2318 758 2651 830 discrepare
2681 758 2752 814 ab
2780 758 3181 815 ecclesiastica
3238 760 3442 832 regula
3486 760 3708 815 videre-

2048 848 2167 901 tur.
2201 846 2347 911 Quid
2380 847 2564 919 igitur
2595 848 2665 902 de
2717 847 2895 917 hujus
2954 849 3250 920 baptismo
3301 850 3566 905 dicemus
3595 867 3706 920 quo

2050 936 2451 1007 nequissimus
2468 937 2694 992 daemon
2717 952 2820 1007 per
2832 936 3137 994 mulierem
3152 938 3504 1011 baptizavit?
3523 939 3705 993 Num-

2048 1025 2187 1096 quid
2236 1032 2293 1080 et
2349 1025 2458 1080 hoc
2516 1025 2848 1097 Stephanus
2923 1030 2980 1081 et
3027 1027 3128 1098 qui
3192 1025 3276 1081 illi
3329 1027 3706 1083 consentiunt

2047 1113 2479 1185 comprobant?
2510 1114 2754 1169 Maxime
2785 1114 2879 1170 cui
2910 1115 3359 1188 necsymbolum
3378 1116 3700 1186 Trinitatis,

2046 1218 2151 1258 nec
2200 1203 2579 1275 interrogatio
2628 1202 2890 1276 legitima
2944 1207 3002 1259 et
3040 1203 3435 1260 ecclesiastica
3463 1204 3647 1260 defuit
3676 1204 3704 1260 7

2046 1291 2240 1347 Potest
2288 1292 2444 1348 credi
2499 1297 2600 1347 aut
2651 1292 2917 1349 remissio
2982 1298 3354 1365 peccatorum
3413 1294 3569 1360 data,
3602 1300 3704 1349 aut

2045 1379 2259 1436 lavacri
2324 1381 2601 1437 salutaris
2676 1382 3040 1454 regeneratio
3109 1382 3218 1437 rite
3266 1381 3539 1453 perfecta,
3600 1383 3700 1438 ubi

2045 1469 2244 1525 omnia
2276 1470 2548 1541 quamvis
2579 1471 2650 1525 ad
2696 1470 3012 1543 imaginem
3046 1471 3331 1538 veritatis,
3372 1475 3569 1526 tamen
3601 1488 3705 1544 per

2045 1559 2368 1614 daemonem
2395 1564 2564 1631 gesta
2595 1564 2736 1615 sunt
2763 1560 2791 1614 ‘2
2822 1559 2945 1615 Nisi
2974 1563 3031 1615 et
3062 1561 3385 1615 daemonem
3417 1559 3476 1615 in
3507 1560 3701 1615 nomi-

2044 1664 2117 1704 ne
2174 1648 2361 1704 Patris
2414 1653 2472 1704 et
2515 1649 2670 1717 Filii,
2744 1654 2799 1704 et
2865 1649 3121 1720 Spiritus
3189 1648 3397 1719 sancti,
3447 1650 3697 1720 gratiam

274 1756 353 1838 np
384 1740 556 1838 culpa
584 1757 728 1811 pene
760 1740 1068 1838 absolutus
1100 1740 1199 1805 sit,
1248 1741 1433 1838 ‘quod‘
1451 1744 1584 1838 ante
1617 1738 1928 1838 concilium
1961 1773 2009 1838 B
2040 1739 2323 1838 baptismi
2381 1740 2629 1838 ‘dedis‘se
2714 1740 3076 1838 contendunt
3136 1739 3257 1838 qui.
3289 1738 3695 1838 hereticorum

271 1829 603 1902 plenarium
635 1830 883 1884 necdum
906 1829 1122 1883 veritas
1175 1828 1319 1883 satis
1365 1827 1622 1899 eliquata
1672 1826 1878 1881 luisset
1911 1850 1927 1895 ;

274 1934 415 1974 eum
444 1917 599 1972 idem
626 1918 991 1988 Augustinus
1012 1934 1128 1972 una
1158 1917 1359 1987 primas
1393 1914 1550 1972 sedis
1584 1915 1931 1971 auctoritate

272 2011 334 2062 at
364 2007 656 2062 sententia
688 2006 830 2061 alibi
850 2006 1193 2078 Pelagianos
1211 2005 1513 2061 hareticos
1544 2006 1774 2060 abunde
1798 2020 1929 2075 pro-

277 2096 511 2153 nuntiet
540 2096 831 2152 confectos
860 2112 1008 2166 esse,
1041 2112 1147 2151 nec
1181 2094 1438 2168 plenario
1472 2095 1598 2164 jam
1628 2110 1774 2164 opus
1804 2110 1931 2149 esse

276 2184 546 2241 concilio.

277 2416 350 2472 II.
386 2418 503 2472 Non
533 2431 748 2470 errasse
778 2414 1117 2485 Stephanum
1173 2415 1233 2468 in
1270 2414 1518 2468 omnium
1546 2413 1932 2469 haereticorum

388 2488 655 2556 baptismo
686 2486 1016 2558 recipiendo,
1064 2486 1336 2554 probatur
1379 2502 1448 2542 ex
1487 2486 1824 2542 Firmiliano

348 2663 788 2719 Hallucinatum
823 2679 958 2735 ergo
999 2666 1057 2718 et
1091 2662 1282 2733 ipsum
1336 2661 1698 2734 Stephanum
1751 2660 1933 2715 fuisse

273 2754 339 2808 in
373 2753 638 2809 omnium
671 2752 1081 2807 haereticorum
1125 2752 1418 2823 baptismo
1450 2751 1768 2822 probando,
1802 2766 1931 2820 per-

273 2858 441 2913 aeque
474 2846 538 2895 ut
557 2841 909 2913 Cyprianum
940 2840 996 2894 in
1041 2840 1308 2895 omnium
1341 2839 1718 2911 repudiando,
1748 2837 1932 2891 hallu-

271 2929 589 2985 cinabundi
627 2929 946 2997 somniant,
1001 2927 1360 2999 eliciuntque
1399 2945 1464 2983 ex
1514 2927 1622 2982 hoc
1668 2928 1796 2997 ejus
1827 2926 1931 2979 de-

273 3024 431 3074 creto
463 3019 617 3090 apud
649 3019 1001 3091 Cyprianum
1037 3018 1217 3072 relato
1278 3016 1448 3088 epist.
1479 3017 1551 3070 74
1584 3034 1596 3071 :
1631 3039 1658 3065 «
1692 3014 1749 3070 Si
1797 3013 1931 3086 quis

268 3123 411 3179 ergo
471 3125 504 3161 a
547 3124 891 3179 quacunque
938 3106 1145 3162 haeresi
1194 3105 1416 3161 venerit
1471 3107 1542 3160 ad
1601 3121 1727 3173 nos,
1778 3095 1925 3158 nihil

258 3197 604 3263 innovetur,
639 3197 749 3251 nisi
778 3197 933 3268 quod
965 3195 1247 3250 traditum
1288 3201 1396 3262 est,
1455 3200 1520 3250 ut
1577 3210 1788 3249 manus
1836 3192 1921 3248 illi

256 3286 616 3356 imponatur
658 3286 727 3340 ad
782 3284 1184 3357 paenitentiam
1233 3302 1245 3351 ;
1305 3301 1437 3339 cum
1499 3284 1610 3355 ipsi
1670 3282 1921 3338 haeretici

259 3374 500 3446 proprie
535 3374 885 3429 alterutrum
921 3375 991 3428 ad
1023 3390 1085 3428 se
1116 3373 1411 3429 venientes
1450 3391 1564 3428 non
1607 3373 1922 3443 baptizent,

264 3464 372 3519 sed
408 3464 849 3519 communicent
878 3466 1132 3518 tantum.
1164 3462 1361 3517 »Nihil
1385 3479 1519 3534 ergo
1542 3460 1924 3530 discriminis,

260 3551 571 3623 inquiunt,
605 3551 1015 3622 interponebat
1045 3551 1395 3623 Stephanus,
1455 3555 1511 3606 et
1558 3550 1924 3621 quibuscun-

260 3658 382 3712 que
402 3641 639 3696 demum
689 3640 899 3710 verbis,
930 3644 1105 3695 etiam
1166 3642 1237 3696 ab
1298 3639 1640 3711 Evangelica
1686 3640 1925 3694 veritate

261 3730 650 3786 alienissimis
672 3735 1012 3785 consecrato
1044 3730 1451 3784 subscribebat
1509 3728 1822 3799 baptismo.
1854 3729 1926 3784 At

258 3818 555 3889 Stephano
588 3819 845 3890 primum
881 3819 1231 3890 patrocinari
1288 3818 1424 3873 licet
1455 3833 1523 3872 ex
1552 3817 1680 3888 ipsa
1721 3816 1924 3872 Firmi-

258 3906 409 3962 liani
446 3909 726 3963 adversus
748 3925 881 3963 eum
916 3908 1134 3980 scripta
1169 3908 1238 3962 ad
1273 3908 1623 3979 Cyprianum
1657 3905 1920 3977 epistola.

260 3997 341 4052 Ut
377 3995 834 4051 invictissimum
870 3997 947 4051 sit
968 3997 1121 4068 quod
1178 3997 1249 4050 ab
1311 3997 1439 4068 ipso
1481 3994 1805 4050 adversario
1836 3994 1924 4050 vis

255 4085 382 4141 veri
423 4091 731 4156 extorquet
761 4086 1189 4141 testimonium.
1250 4084 1440 4140 Verba
1491 4085 1694 4139 I220
1725 4082 1926 4138 Firmi-

261 4174 409 4230 liani
444 4178 585 4229 sunt
619 4191 630 4228 :
666 4173 864 4229 «Illud
925 4190 1157 4245 quoque
1190 4174 1539 4239 absurdum,
1591 4173 1745 4244 quod
1807 4189 1922 4227 non

260 4267 478 4335 putant
509 4263 888 4335 quaerendum
921 4279 1048 4317 esse
1079 4262 1211 4333 quis
1244 4262 1321 4317 sit
1361 4261 1458 4317 ille
1507 4262 1607 4333 qui
1665 4261 1923 4333 baptiza-

260 4353 449 4419 verit;
482 4368 547 4407 eo
581 4352 737 4423 quod
789 4352 889 4422 qui
946 4350 1274 4421 baptizatus
1333 4350 1429 4419 sit,
1482 4351 1730 4423 gratiam
1785 4366 1923 4405 con-

265 4440 441 4511 sequi
472 4440 726 4513 potuerit
757 4440 1023 4494 invocata
1042 4438 1329 4494 Trinitate
1371 4438 1677 4493 nominum
1713 4437 1921 4505 Patris,

2042 1828 2336 1899 baptisma
2365 1829 2706 1884 defendunt.
2734 1850 2761 1878 ››
2784 1830 3098 1901 Netingere
3121 1828 3359 1901 quidem
3388 1829 3531 1883 mihi
3562 1845 3695 1900 pos-

2042 1934 2175 1973 sum
2207 1918 2533 1990 quidquam
2559 1917 2654 1973 his
2685 1918 2964 1990 apertius.

2502 2068 2596 2125 IlI.
2632 2071 2704 2124 Et
2736 2068 2879 2124 idem
2908 2084 2977 2123 ex
3016 2068 3219 2124 eodem.

2113 2214 2182 2269 Et
2212 2212 2367 2268 idem
2402 2213 2617 2268 ibidem
2651 2230 2886 2270 rursum
2910 2217 2969 2270 et
3013 2231 3122 2270 sua
3150 2219 3207 2270 et
3225 2214 3503 2284 Stephani
3525 2231 3700 2270 sensa

2041 2302 2285 2374 prodere
2306 2303 2493 2373 pergit
2547 2318 2615 2356 ex
2672 2301 2885 2357 Christi
2942 2302 3306 2358 invocatione
3365 2302 3696 2357 sanctiﬁca-

2039 2394 2165 2445 tum
2198 2390 2558 2461 baptismum
2590 2391 2915 2462 exagitans,
2977 2391 3089 2446 nisi
3142 2408 3177 2446 a
3233 2391 3357 2447 viro
3405 2390 3694 2446 catholico

2039 2479 2428 2534 exhiberetur.
2464 2480 2625 2534 «Sed
2657 2479 2717 2534 in
2743 2478 3021 2549 multum,
3078 2480 3294 2551 inquit,
3326 2480 3555 2551 proficit
3590 2496 3692 2534 no-

2041 2585 2175 2624 men
2207 2567 2419 2623 Christi
2449 2568 2521 2623 ad
2550 2568 2726 2624 ﬁdem
2759 2573 2817 2624 et
2831 2569 3109 2640 baptismi
3135 2568 3695 2625 sanctiﬁcationem:

2042 2663 2107 2713 ut
2128 2657 2465 2729 quicunque
2497 2658 2556 2711 in
2607 2657 2843 2713 nomine
2900 2658 3114 2713 Christi
3158 2658 3491 2729 baptizatus
3524 2657 3700 2713 fuerit

2041 2752 2436 2817 consequatur
2473 2746 2673 2801 statim
2707 2747 2958 2819 gratiam
2996 2746 3228 2801 Christi.
3288 2747 3527 2810 Quando
3560 2746 3697 2801 huic

2038 2834 2165 2889 loco
2198 2835 2448 2889 breviter
2470 2834 2695 2889 occurri
2729 2843 2948 2906 posset,
2988 2839 3047 2890 et
3077 2835 3210 2901 diei,
3244 2835 3521 2905 quoniam
3555 2837 3605 2889 si
3636 2835 3693 2889 in

2042 2923 2281 2977 nomine
2302 2923 2519 2978 Christi
2554 2922 2740 2978 valuit
2771 2922 2913 2978 foris
2943 2922 3237 2994 baptisma
3289 2922 3359 2976 ad
3392 2922 3690 2977 hominem

2042 3012 2415 3083 purgandum
2443 3029 2455 3079 ;
2479 3011 2539 3065 in
2563 3011 2829 3082 ejusdem
2860 3011 3071 3067 Christi
3101 3011 3338 3066 nomine
3364 3010 3555 3066 valere
3575 3010 3695 3066 illic

2043 3100 2231 3172 potuit
2274 3105 2331 3155 et
2382 3117 2593 3155 manus
2652 3100 2950 3171 impositio
2992 3101 3063 3155 ad
3125 3100 3527 3171 accipiendum
3570 3101 3695 3172 Spi-

2038 3189 2216 3244 ritum
2248 3194 2539 3244 sanctum.
2576 3211 2603 3239 »
2640 3192 2785 3261 Ergo
2818 3190 2875 3243 id
2907 3188 3238 3260 Stephanus
3268 3190 3562 3261 baptisma
3591 3189 3694 3245 ad-

2034 3278 2326 3344 mittebat,
2351 3278 2502 3349 quod
2536 3278 2593 3332 in
2629 3277 2865 3333 nomine
2893 3277 3216 3345 Trinitatis,
3277 3278 3428 3348 quod
3490 3278 3551 3332 in
3590 3295 3693 3333 no-

2034 3367 2191 3422 mine
2219 3367 2434 3422 Christi
2487 3379 2944 3422 consecraretur.
3004 3367 3074 3421 Et
3130 3382 3364 3420 rursum
3420 3366 3689 3421 ibidem:

2033 3478 2062 3506 ‹‹
2094 3455 2178 3510 Ad
2234 3454 2377 3510 illud
2419 3459 2613 3510 autem
2645 3456 2800 3526 quod
2860 3471 2962 3526 pro
3018 3454 3309 3509 haereticis
3376 3459 3603 3526 ponunt
3634 3459 3690 3509 et

2034 3545 2221 3611 aiunt,
2280 3543 2611 3616 apostolum
2669 3544 2911 3610 dixisse,
2969 3544 3090 3599 sive
3151 3559 3253 3615 per
3299 3543 3688 3612 occasionem,

2034 3634 2153 3689 sive
2184 3650 2283 3704 per
2312 3633 2613 3688 veritatem
2646 3631 2914 3687 Christus
2948 3631 3344 3687 annuntietur.
3375 3653 3404 3681 ι»
3449 3636 3538 3685 An
3570 3632 3689 3686 for-

2035 3721 2237 3778 multis
2275 3721 2555 3794 baptismi
2587 3720 2937 3776 adulterinis
2969 3720 3186 3792 quibus
3215 3720 3428 3775 Christi
3478 3724 3535 3775 et
3562 3720 3689 3775 Tri-

2035 3810 2238 3866 nitatis
2267 3810 2663 3866 ecclesiastica
2705 3810 2845 3865 ﬁdes
2904 3810 3396 3881 proscinderetur,
3420 3809 3689 3878 jactitas-

2033 3904 2122 3954 set
2151 3898 2482 3969 Stephanus
2513 3915 2645 3953 cum
2695 3898 3180 3969 astipulatoribus
3237 3898 3361 3952 suis
3391 3897 3688 3952 Christum

2033 3986 2549 4043 annuntiari?llle
2607 4004 2746 4041 sane
2806 3986 3063 4057 Apostoli
3123 3986 3286 4041 locus
3318 3986 3691 4057 prmdicantis

2032 4076 2169 4132 vitio
2204 4082 2401 4132 monet
2430 4092 2545 4130 non
2576 4075 2859 4130 infuscari
2920 4092 3076 4130 same
3130 4074 3555 4147 praedicationis
3595 4090 3689 4129 ve-

2033 4166 2285 4222 ritatem.

2387 4371 2456 4423 V.
2506 4368 2629 4422 Alia
2669 4383 2740 4422 ex
2768 4366 2956 4422 eodem
2985 4374 3330 4439 argumenta.

259 4535 323 4587 et
360 4507 509 4595 li‘ilii,
541 4534 598 4584 et
625 4528 875 4600 Spiritus
909 4528 1117 4583 sancti.
1149 4529 1221 4582 At
1246 4528 1379 4598 quis
1426 4532 1516 4581 est
1566 4527 1624 4581 in
1658 4526 1922 4601 Ecclesiae
1953 4507 2002 4573 D
2101 4531 2155 4585 Si
2185 4546 2319 4585 vero
2351 4529 2727 4584 admisssusa
2747 4527 3029 4584 Romanis
3060 4532 3216 4583 esset
3233 4528 3686 4601 baptismusim-

263 4618 562 4693 perfectus
589 4623 646 4672 et
677 4618 929 4689 sapiens,
965 4617 1065 4688 qui
1099 4617 1203 4671 hoc
1233 4624 1329 4671 aut
1363 4616 1636 4671 defendat
1665 4619 1768 4671 aut
1796 4632 1919 4671 cre-

261 4707 388 4772 dat,
424 4707 575 4777 quod
610 4706 893 4761 invocatio
927 4706 1047 4760 haec
1097 4705 1405 4760 nominum
1455 4706 1613 4760 nuda
1671 4703 1923 4759 sufﬁciat

260 4796 338 4851 ad
366 4795 769 4849 remissionem
800 4799 1173 4866 peccatorum
1197 4798 1253 4849 et
1282 4794 1558 4864 baptismi
1590 4794 1920 4849 sanctiﬁca-

258 4885 481 4940 tionem
512 4884 538 4938 ‘I
561 4901 694 4938 cum
741 4884 859 4937 haec
890 4890 1029 4938 tunc
1088 4883 1289 4954 utique
1323 4882 1649 4954 proficiant,
1700 4900 1833 4937 cum
1866 4886 1924 4937 et

261 4972 369 5044 qui
410 4972 667 5043 baptizat
699 4972 872 5027 habet
899 4972 1180 5043 Spiritum
1206 4976 1502 5039 sanctum,
1545 4976 1601 5025 et
1632 4972 1924 5043 baptisma

265 5076 505 5133 quoque
536 5062 731 5131 ipsum
766 5078 879 5115 non
915 5062 991 5115 sit
1023 5060 1151 5116 sine
1181 5060 1396 5131 Spiritu
1451 5060 1858 5115 constitutum.
1894 5080 1921 5109 »

269 5150 422 5204 Hinc
455 5149 645 5219 palam
689 5155 779 5204 est
839 5150 1001 5203 illum
1055 5150 1292 5204 demum
1343 5149 1575 5219 probari
1632 5150 1924 5219 Stephano

268 5238 586 5308 baptisma,
622 5239 777 5308 quod
821 5238 1086 5293 invocata
1114 5237 1371 5292 Trinitas
1425 5238 1763 5303 sanctilicet,
1828 5238 1923 5291 ubi

270 5326 561 5381 invocatio
599 5324 900 5380 nominum
935 5326 1194 5381 sufﬁciat
1212 5326 1282 5380 ad
1300 5325 1700 5381 remissionem
1728 5344 1925 5398 pecca-

276 5422 475 5469 torum
512 5433 523 5468 ;
559 5432 592 5469 a
642 5415 979 5470 Firmiliano
1033 5420 1226 5469 autem
1285 5414 1603 5469 desiderari
1654 5422 1930 5485 pceterea

278 5510 345 5557 ut
379 5503 427 5558 is
478 5503 575 5574 qui
636 5503 891 5575 baptizat
946 5504 1164 5575 Spiritu
1232 5508 1436 5558 sancto
1490 5508 1802 5572 vegetetur.
1867 5506 1934 5558 Et

278 5609 491 5648 rursus
520 5591 737 5647 ibidem
796 5593 1165 5648 Firmilianus
1213 5591 1577 5663 Stephanum
1636 5592 1932 5648 validissi-

2030 4619 2127 4691 pia
2155 4619 2355 4675 I221
2396 4623 2453 4673 et
2510 4616 2782 4673 haeretica
2825 4616 3023 4690 aliqua
3074 4617 3381 4672 verborum
3461 4618 3648 4668 (δν-τηατ

2031 4705 2391 4779 profanatus,
2426 4706 2578 4761 hanc
2611 4706 2864 4761 maxime
2900 4706 3187 4762 haereseos
3219 4706 3530 4763 formulam
3554 4725 3687 4779 pro-

2030 4796 2298 4861 didisset,
2332 4795 2482 4850 hanc
2505 4796 2861 4867 exagitasset
2893 4796 3270 4852 Firmilianus
3302 4795 3360 4851 in
3405 4801 3522 4851 tam
3552 4813 3689 4867 pro-

2028 4885 2144 4941 lixa
2182 4884 2446 4957 epistola,
2481 4890 2538 4939 et
2592 4885 2673 4938 ita
2724 4902 2966 4957 prorsus
3011 4884 3319 4940 victoriam
3379 4890 3479 4939 aut
3530 4885 3599 4938 ad
3629 4900 3691 4940 se

2030 4973 2394 5038 inclinasset,
2432 4977 2534 5027 aut
2579 4972 2876 5044 Stephano
2908 4972 3270 5028 extorsisset.
3315 4973 3423 5028 Sed
3458 4988 3591 5027 cum
3626 4972 3691 5025 ﬁ-

2031 5063 2164 5119 dem
2196 5060 2651 5133 perﬁdissimam
2682 5061 3093 5117 haereticorum
3117 5061 3439 5116 insectetur
3469 5060 3555 5115 vir
3595 5078 3692 5116 us-

2033 5168 2381 5223 quequaque
2413 5149 2817 5220 doctissimus,
2845 5167 3142 5222 nusquam
3174 5150 3348 5205 verba
3370 5149 3500 5220 ipsa
3528 5151 3697 5205 attin-

2034 5242 2117 5313 git
2148 5241 2217 5295 ad
2248 5240 2606 5311 baptismum
2667 5239 3180 5309 constuprandum
3229 5239 3302 5294 ab
3361 5237 3443 5294 eis
3485 5239 3691 5293 effusa.

2035 5332 2327 5395 Quorsum
2361 5335 2557 5382 autem
2584 5327 2931 5400 suggillaret
2963 5327 3289 5382 invocatam
3321 5327 3393 5383 ab
3428 5326 3692 5383 haeretico

2038 5435 2135 5473 ore
2178 5416 2523 5471 Trinitatem
2583 5423 2684 5471 aut
2747 5417 3121 5486 majestatem
3189 5415 3441 5484 Christi;
3495 5416 3694 5473 sileret

2042 5512 2235 5562 autem
2266 5508 2336 5561 ab
2368 5506 2569 5560 eodem
2604 5506 2663 5561 in
2694 5505 3020 5576 Trinitatis,
3056 5505 3114 5559 in
3174 5505 3388 5562 Christi
3434 5507 3693 5563 nominis

2045 5593 2459 5652 contumeliam
2491 5598 2785 5651 eructatas
2816 5594 3077 5651 insanias
3099 5593 3127 5647 ‘I
