4088 6174
448 299 601 359 1271

1007 425 1074 481 V.
1109 427 1176 481 Et
1195 442 1388 482 rursus
1417 426 1553 482 alia.

521 570 680 632 Adde
710 571 865 642 quod
899 574 1058 627 totus
1087 574 1178 627 est
1211 569 1584 625 Firmilianus
1627 567 1684 626 in
1738 567 2099 640 baptizatore

449 660 720 720 hasretico
750 658 1138 724 exsibilando,
1161 663 1220 714 et
1248 673 1317 714 ex
1371 658 1499 729 ejus
1543 657 1680 714 vitio
1738 655 2097 726 baptismum

451 750 728 812 inﬁrmat.
766 747 806 806 E
831 752 1031 808 contra
1060 751 1218 804 totus
1239 751 1362 802 erat
1407 746 1758 818 Stephanus,
1818 750 1884 802 ut
1916 743 2002 804 vel
2031 760 2101 800 ex

449 843 580 912 ejus
610 837 956 896 refutatione
990 835 1195 912 liquet,
1228 835 1286 892 in
1318 835 1506 910 ipsius
1565 852 1667 907 per
1723 851 1852 892 sese
1904 849 2099 892 sacra-

453 927 636 987 menti
667 931 724 988 ct
742 925 904 986 verbi
936 924 1150 982 Christi
1185 929 1240 982 et
1271 923 1654 984 invocationis
1710 921 2014 984 Trinitatis
2045 920 2098 978 vi

452 1015 886 1086 ampliﬁcanda,
919 1030 1096 1085 quam
1129 1013 1435 1069 exhaurire
1474 1029 1846 1086 nequaquam
1907 1016 2103 1082 posset

451 1104 538 1163 vel
571 1120 845 1180 nequam,
871 1102 959 1159 vel
982 1102 1292 1160 haereticus
1321 1101 1635 1177 quisquam
1674 1103 1845 1174 cujus
1885 1102 1956 1159 ab
2004 1115 2102 1156 ore

449 1210 519 1252 ea
549 1197 908 1254 resonarent.
950 1192 1133 1248 Cardo
1182 1191 1380 1264 itaque
1426 1190 1828 1248 controversiae
1860 1189 2100 1270 tunc‘in

451 1299 516 1340 eo
541 1282 873 1342 vertebatur
892 1299 964 1340 an
990 1281 1114 1336 sola
1134 1281 1441 1336 verborum
1467 1279 1797 1336 divinorum
1823 1280 2101 1351 majestas

450 1377 508 1427 et
537 1371 796 1430 efﬁcacia
825 1368 1346 1428 sanctiﬁcationem
1393 1368 1671 1440 baptismi
1707 1368 1981 1443 perﬁcere
2011 1384 2102 1424 va-

452 1459 615 1530 leret,
645 1475 678 1514 a
699 1473 1050 1534 quocunque
1075 1459 1314 1514 demum
1339 1457 1611 1515 ministro
1642 1457 1743 1516 illa
1775 1457 2099 1529 proferren-

457 1553 554 1607 tur
585 1565 598 1619 ;
631 1565 704 1607 an
737 1546 992 1607 ministri
1023 1546 1268 1620 perﬁdia
1305 1547 1616 1605 verborum
1675 1545 1949 1606 virtutem
1983 1561 2102 1602 cor-

455 1652 727 1712 rumpere
756 1641 814 1696 et
833 1651 1112 1694 evacuare
1153 1638 1368 1708 posset.
1427 1634 1540 1692 Nec
1593 1635 1663 1694 ad
1714 1639 1933 1694 statum
1965 1650 2102 1706 ergo

453 1723 798 1802 quaestionis
829 1723 1093 1784 animum
1125 1721 1410 1794 adjecisse
1438 1721 1706 1782 videntur
1724 1723 1823 1795 qui
1855 1721 2099 1800 Stepha-

453 1830 597 1869 num
629 1811 956 1874 maledictis
979 1811 1302 1870 incessunt.

766 1981 860 2036 VI.
893 1980 1042 2036 Idem
1087 1982 1358 2036 evincitur
1385 1995 1455 2035 ex
1484 1979 1778 2051 Cypriane.

524 2124 740 2179 Eadem
771 2123 1196 2195 propemodum
1227 2127 1575 2195 argumenta
1599 2122 1826 2196 exculpi
1857 2125 2106 2196 possunt

453 2230 524 2275 ex
551 2210 852 2288 opusculis
871 2211 1143 2284 Cypriani
1175 2211 1285 2268 hac
1315 2212 1374 2270 in
1404 2228 1582 2272 causa
1601 2212 1796 2272 editis.
1827 2212 1920 2270 Sic
1944 2213 2102 2270 enim

456 2302 554 2362 ille
584 2301 646 2358 in
677 2304 850 2376 Epist.
888 2301 961 2360 ad
991 2303 1254 2373 Pompei:
1289 2323 1318 2353 α
1372 2301 1581 2372 Utique
1620 2302 1916 2377 baptisma
1946 2303 2102 2374 quod

455 2391 516 2452 in
547 2391 750 2450 eadem
781 2390 1010 2448 unitate
1040 2389 1327 2460 consistit,
1347 2405 1480 2450 esse
1495 2391 1648 2462 apud
1675 2391 1975 2452 hereticos
1989 2407 2102 2451 non

456 2484 666 2553 potest,
699 2478 840 2552 quia
870 2477 1130 2552 separari
1163 2495 1354 2550 neque
1409 2479 1482 2536 ab
1550 2478 1805 2541 Ecclesia
1854 2495 2041 2551 neque
2071 2497 2105 2540 a

454 2569 671 2643 Spiritu
704 2572 906 2628 sancto
936 2572 1148 2640 potest.
1181 2570 1294 2626 Aut
1313 2567 1364 2624 si
1394 2567 1664 2628 eﬁ'ectum
1695 2568 2105 2640 baptismima-

449 2658 651 2733 jestati
684 2657 1241 2728 noministribuunt,
1265 2661 1329 2712 ut
1348 2657 1450 2726 qui
1477 2657 1714 2718 nomine
1732 2657 1944 2716 Christi
1962 2658 2103 2719 Jesu

461 2747 797 2820 ubicunque
825 2752 884 2801 et
939 2746 1465 2818 quomodocunque
1512 2746 1902 2817 baptizantur,
1944 2747 2104 2804 inno-

457 2836 572 2892 vati
603 2840 662 2892 et
689 2836 1036 2894 sanctiﬁcati
1057 2834 1416 2906 judicentur,
1431 2839 1540 2892 etc.
1575 2858 1603 2885 »
1632 2835 1948 2895 Tribuebat
1967 2853 2104 2908 ergo

457 2925 790 2999 Stephanus
818 2925 1088 2982 eﬁ‘ectum
1115 2923 1388 2995 baptismi
1407 2923 1697 2993 majestati
1721 2924 2026 2985 nominum
2048 2929 2107 2985 et

458 3012 808 3072 invocationi
843 3011 1098 3070 nominis
1129 3011 1365 3070 Christi.
1398 3013 1468 3070 Et
1486 3015 1542 3067 in
1577 3014 1745 3084 Epist.
1779 3012 1850 3071 ad
1877 3014 2102 3074 Jubaia-

461 3119 596 3165 num
619 3120 637 3156 :
662 3125 689 3151 ‹‹
725 3102 849 3162 Non
880 3106 969 3161 est
1004 3106 1198 3160 autem
1234 3102 1388 3172 quod
1423 3101 1636 3173 aliquis
1677 3103 1746 3162 ad
1782 3103 2104 3164 circumvec-

465 3191 743 3250 niendam
777 3190 1075 3251 veritatem
1105 3166 1497 3248 Christianam
1520 3166 1736 3251 Christi
1769 3208 1980 3252 nomen
2007 3209 2107 3264 op-
2135 3166 2178 3233 C

465 3283 678 3352 ponat:
716 3279 1013 3339 utdicatin
1037 3280 1272 3338 nomine
1291 3279 1430 3336 Jesu
1463 3279 1678 3340 Christi
1703 3280 2038 3353 ubicunque
2053 3286 2112 3341 et

463 3369 996 3441 quomodocunque
1030 3368 1328 3439 baptizati,
1382 3370 1633 3440 gratiam
1665 3371 1943 3442 baptismi
1973 3375 2113 3431 sunt

463 3457 783 3516 consecuti.
834 3456 976 3517 Cum
1006 3456 1132 3528 ipse
1177 3457 1438 3514 Christus
1489 3457 1764 3529 loquatur
1813 3463 1871 3519 ct
1908 3459 2111 3518 dicat:

463 3549 580 3604 Non
605 3548 782 3603 omnis
805 3547 902 3617 qui
929 3547 1067 3602 dicit
1096 3545 1240 3602 mihi
1285 3565 1303 3600 :
1356 3547 1600 3617 Domine,
1632 3549 1881 3620 Domine,
1934 3551 2113 3610 intra-

468 3637 548 3694 bit
578 3638 636 3692 in
668 3652 898 3706 regnum
929 3636 1212 3694 calorum.
1245 3635 1407 3700 Quod
1441 3641 1635 3694 autem
1667 3642 1869 3698 contra
1898 3637 2120 3698 nitatur

465 3725 793 3798 Cyprianus
823 3730 1146 3798 urgeatque
1178 3742 1291 3782 non
1324 3724 1512 3784 solum
1531 3726 1744 3785 Christi
1775 3727 2118 3798 nomen,sed

467 3816 650 3874 totius
680 3814 983 3872 Trinitatis
1025 3815 1468 3886 imprecandum
1529 3832 1658 3874 esse
1713 3821 1776 3873 ut
1828 3821 1990 3873 ratus
2043 3817 2122 3873 sit

468 3904 820 3975 baptismus,
853 3904 998 3960 nihil
1030 3905 1086 3960 id
1122 3905 1361 3976 quidem
1385 3920 1574 3962 causa
1606 3905 1890 3977 Stephani
1917 3907 2118 3964 ofﬁcit.

469 3993 616 4050 Nam
661 3993 983 4052 multorum
1053 3994 1314 4062 Patrum,
1399 3994 1840 4065 recentiumque
1909 3994 2122 4053 schola:

471 4081 806 4154 theologicae
835 4085 1252 4154 magistrorum
1285 4083 1575 4139 sententia
1605 4088 1711 4148 est,
1745 4084 1918 4143 etiam
1943 4089 2000 4140 et
2030 4101 2124 4140 εον

473 4173 590 4227 lius
611 4172 826 4228 Christi
858 4171 1116 4226 nominis
1165 4171 1530 4227 invocatione
1579 4172 1772 4243 perlici
1833 4173 2128 4245 baptisma

470 4278 662 4333 posse,
694 4265 796 4316 aut
826 4259 1033 4316 saltem
1067 4259 1384 4332 aliquando
1418 4261 1777 4332 potuisse.Et
1809 4262 2008 4316 ututid
2031 4262 2134 4317 ha-

467 4351 623 4418 beat,
647 4349 860 4406 Christi
892 4349 1254 4406 invocatione
1286 4350 1641 4422 Stephanus,
1675 4357 1742 4405 ut
1779 4357 1836 4406 et
1865 4349 2128 4422 complu-

468 4440 601 4494 rimi
632 4446 895 4494 veterum
924 4437 1352 4511 theologorum,
1371 4439 1556 4494 totius
1578 4439 1882 4495 Trinitatis
1913 4455 2130 4496 numen

467 4527 1017 4600 comprehendebat,
1064 4527 1241 4602 idque
1271 4532 1430 4601 patet
1474 4543 1544 4589 ex
1588 4528 1781 4588 verbis
1811 4527 2137 4590 Firmiliani
2163 4537 2212 4604 Ῑ)

469 4633 650 4689 supra
689 4615 908 4674 relatis.

1050 4767 1171 4823 VII.
1212 4769 1297 4824 Ex
1324 4768 1524 4825 eodem.

542 4909 660 4966 Etsi
693 4913 889 4964 autem
921 4909 1174 4966 haeretici
1207 4911 1460 4977 Patrem,
1493 4915 1550 4967 et
1580 4911 1817 4977 Filium,
1851 4915 1909 4966 et
1937 4910 2120 4983 Spiri-

471 5007 597 5057 tum
623 5000 831 5056 1222
863 5003 1130 5054 sanctum
1181 5005 1284 5054 aut
1340 4999 1552 5055 Christi
1588 5015 1800 5054 nomen
1832 4999 2125 5071 impreca-

470 5095 811 5156 rentur,non
825 5088 1097 5143 eumdem
1113 5087 1471 5156 illisjPatrem
1487 5087 1907 5159 Christumque
1923 5106 1986 5144 ac
2001 5087 2128 5160 Spi-

470 5177 649 5232 ritum
672 5181 945 5236 sanctum
965 5175 1459 5248 atqueCatholicis
1474 5192 1603 5231 esse
1626 5175 2127 5248 interpretabatur

469 5267 814 5339 Cyprianus,
837 5265 976 5337 quia
1020 5282 1134 5320 non
1194 5265 1395 5320 eadem
1457 5265 1602 5321 ﬁdes
1661 5269 1769 5333 est,
1829 5265 1958 5320 ideo
2009 5283 2124 5321 non

472 5355 746 5411 eumdem
792 5371 920 5410 esse
979 5354 1359 5425 baptismum.
1409 5355 1581 5422 Epist.
1631 5355 1702 5410 ad
1741 5354 2123 5411 Jubaianum:

477 5466 506 5496 «
542 5445 686 5500 Nam
719 5443 769 5498 si
799 5443 943 5498 ﬁdes
975 5460 1092 5498 una
1130 5448 1220 5497 est
1251 5441 1418 5498 nobis
1448 5450 1506 5498 et
1537 5443 1844 5508 haereticis,
1867 5459 1994 5498 esse
2028 5458 2124 5514 po-

476 5537 588 5588 test
619 5538 675 5586 et
697 5533 882 5601 gratia
916 5549 1050 5587 una.
1082 5532 1137 5585 Si
1172 5532 1438 5587 eumdem
1472 5533 1716 5599 Patrem,
1741 5534 2013 5588 eumdem
2040 5532 2124 5587 Fi-

476 5620 644 5688 lium,
679 5621 948 5676 eumdem
981 5620 1263 5693 Spiritum
1295 5627 1587 5690 sanctum,
1630 5623 1899 5679 eamdem
1928 5621 2121 5678 Eccle-

1497 294 1600 354 ΒΕ
1643 288 2232 352 ΗΕΒΕΤΙΕΟΗῸΜ
2278 287 2806 350 BAPTISMATE.

2123 425 2179 491 Α
2209 420 2358 476 siam
2391 419 2743 476 conﬁtentur
2778 437 2791 488 ;
2822 423 3015 491 potest
3052 417 3172 473 illic
3214 422 3266 474 et
3306 419 3553 492 baptisma
3594 441 3729 484 unum

3613 298 3726 356 13Ἵί

2206 525 2359 580 esse,
2391 509 2442 565 si
2463 515 2554 566 est
2579 514 2637 566 et
2657 508 2802 564 ﬁdes
2827 525 2964 576 una,
2998 513 3108 563 etc.
3151 507 3417 580 Numquid
3444 509 3569 568 hanc
3591 515 3734 570 Trini-

2206 602 2385 653 tatem
2417 598 2670 653 Marcion
2704 603 2861 653 tenet
2886 597 2915 651 ?
2955 597 3246 669 Numquid
3291 600 3523 654 eumdem
3564 606 3734 669 asserit,

2208 703 2382 757 quem
2404 692 2462 741 et
2491 703 2597 742 nos
2627 687 2813 740 Deum
2867 690 3100 740 Patrem
3147 690 3435 740 creatorem
3461 688 3484 741 ?
3509 688 3736 762 Numquid

2208 776 2481 831 eumdem
2515 792 2700 830 unum
2730 773 2941 830 Filium
2975 773 3264 829 Christum
3297 774 3361 828 de
3386 775 3542 830 Maria
3565 777 3740 850 Virgins

2208 869 2414 920 natum
2437 864 2466 918 ‘I
2485 869 2593 920 etc.
2627 865 2821 936 Longe
2859 862 2973 918 alia
3001 868 3092 918 est
3121 863 3265 930 apud
3296 862 3744 930 Maroionem,sedst

2211 953 2362 1025 apud
2397 958 2633 1009 caeteros
2664 953 2807 1007 ﬁdes
2842 968 2855 1017 ;
2888 953 3009 1008 imo
3033 951 3179 1006 nihil
3221 955 3304 1006 est
3331 952 3466 1022 apud
3518 952 3641 1022 illos,
3665 956 3745 1011 nisi

2211 1042 2472 1114 perﬁdia.
2503 1062 2530 1094 ιι
2567 1041 2786 1097 Anxius
2819 1043 3068 1096 rimatur
3097 1039 3401 1111 Cyprianus
3429 1057 3526 1095 non
3553 1043 3662 1113 quid
3685 1044 3748 1098 in-

2210 1136 2465 1196 vocetur,
2489 1132 2588 1186 sed
2615 1131 2754 1203 quid
2785 1131 3060 1186 credatur
3089 1147 3122 1183 a
3153 1129 3464 1200 baptizante
3491 1149 3507 1182 :
3534 1146 3642 1184 cum
3665 1132 3753 1186 Sto-

2210 1219 2441 1291 phanus
2475 1237 2585 1275 non
2620 1220 2793 1274 ﬁdem
2826 1219 3198 1290 baptizantis,
3225 1219 3317 1273 sed
3348 1222 3642 1289 potestatem
3667 1236 3754 1274 ver-

2210 1309 2417 1364 borum
2449 1314 2833 1366 scrutaretur.
2876 1309 2940 1362 Et
2968 1307 3151 1362 intra:
3185 1307 3403 1371 «Quare
3429 1307 3759 1378 baptismano-

2212 1397 2303 1453 bis
2327 1402 2384 1453 et
2412 1397 2699 1453 haereticis
2725 1413 2838 1452 non
2897 1400 3089 1468 potest
3135 1411 3282 1461 esse,
3335 1411 3456 1450 cum
3485 1395 3666 1466 quibus
3689 1412 3761 1455 nec

2211 1491 2380 1544 Pater
2409 1487 2582 1556 Deus,
2609 1502 2714 1541 nec
2739 1485 3010 1542 Christus
3041 1484 3242 1550 Filius,
3275 1500 3374 1540 nec
3396 1484 3614 1556 Spiritus
3642 1501 3765 1540 sanc-

2210 1581 2328 1646 tus,
2363 1593 2466 1632 nec
2498 1577 2643 1632 ﬁdes
2673 1577 2801 1646 ipsa
2829 1575 2888 1630 in
2914 1574 3166 1630 Ecclesia
3187 1574 3498 1628 communis
3512 1578 3604 1630 est.
3633 1593 3655 1621 η
3679 1576 3765 1638 Quo

2211 1665 2441 1721 decreto
2463 1681 2568 1720 suo
2581 1665 2905 1737 Cyprianus
2926 1679 3060 1720 cum
3081 1662 3418 1718 Novatianos
3435 1676 3637 1734 quoque
3653 1677 3766 1718 com-

2212 1754 2500 1826 plectatur
2528 1771 2676 1825 quos
2706 1757 2938 1809 constat
2984 1751 3289 1807 Trinitatis
3318 1755 3373 1806 et
3401 1751 3573 1806 carnis
3609 1750 3767 1805 Christi

2211 1844 2386 1900 ﬁdem
2410 1843 2822 1904 intaminatam
2854 1841 3400 1913 custodisse,palam
3417 1844 3498 1896 est
3523 1839 3586 1895 ab
3611 1855 3665 1894 eo
3688 1854 3770 1895 non

2209 1933 2484 1988 eumdem
2516 1938 2720 2002 Deum,
2769 1949 2888 1988 non
2919 1933 3196 1989 eumdem
3245 1929 3523 1986 Christum
3572 1929 3709 1983 nobis
3736 1934 3771 1982 et

2211 2020 2497 2078 haereticis
2526 2037 2900 2078 communem
2943 2021 3077 2089 dici,
3133 2019 3246 2078 etsi
3296 2019 3486 2075 eadem
3536 2016 3773 2071 nominum

2209 2110 2496 2168 invocatio
2526 2112 2626 2167 sit.

2525 2299 2676 2354 VIII.
2709 2299 2793 2354 Ex
2816 2300 3050 2355 concilio
3097 2297 3534 2366 Carthaginensi.

2287 2444 2366 2499 Ex
2387 2442 2633 2504 concilio
2655 2443 2796 2498 item
2847 2440 3301 2514 Carthaginensi
3328 2438 3570 2514 aperitur
3617 2436 3668 2491 in
3704 2450 3783 2506 quo

2215 2550 2449 2589 summa
2477 2533 2656 2602 huius
2687 2530 3478 2604 disputationisconsisteret.
3499 2551 3524 2578 «
3550 2523 3782 2581 Haereticis

2215 2627 2317 2677 aut
2346 2622 2490 2678 nihil
2512 2621 2670 2690 licet,
2703 2626 2804 2676 aut
2836 2627 3025 2676 totum
3084 2620 3242 2676 licet.
3291 2619 3348 2673 Si
3405 2616 3667 2690 baptizare
3688 2630 3783 2688 pos-

2215 2716 2376 2776 sunt,
2408 2717 2464 2767 et
2493 2711 2775 2784 Spiritum
2809 2715 3077 2766 sanctum
3111 2710 3257 2764 dare
3289 2710 3542 2780 possunt.
3570 2705 3620 2760 Si
3641 2707 3782 2758 autem

2211 2799 2489 2872 Spiritum
2515 2805 2784 2855 sanctum
2816 2800 2954 2854 dare
2986 2817 3100 2854 non
3134 2803 3406 2870 possunt,
3438 2795 3567 2874 quia
3592 2809 3687 2848 non
3709 2789 3785 2845 ha-

2214 2889 2355 2947 bent
2384 2889 2661 2960 Spiritum
2693 2893 2983 2955 sanctum,
3018 2903 3124 2943 nec
3179 2886 3474 2958 baptizare
3516 2878 3785 2954 spiritaliter

2215 2984 2482 3054 possunt.
2519 3000 2546 3026 ››
2579 2978 2800 3034 Ibidem
2823 2983 2879 3032 et
2909 2976 3060 3032 alius
3091 2976 3368 3050 Cypriani
3399 2971 3604 3029 assecla
3621 2967 3784 3042 episco-

2216 3085 2325 3140 pus
2345 3068 2461 3122 ait:
2500 3089 2527 3115 ‹‹
2578 3066 2838 3122 Ηωιιθῐίοἰ
2900 3065 3222 3122 Christiani
3276 3068 3434 3129 sunt,
3475 3077 3543 3117 au
3595 3053 3791 3114 non‘?Si

2213 3155 2525 3216 Christiani
2558 3159 2715 3223 sunt,
2745 3171 2850 3210 cur
2879 3155 2936 3209 in
2952 3153 3213 3209 Ecclesia
3249 3153 3471 3208 Deinon
3501 3153 3624 3204 sunt
3653 3165 3666 3216 ς
3691 3158 3791 3218 quo-

2220 3246 2390 3302 modo
2416 3245 2781 3300 Christianos
2814 3243 3036 3298 faciunt
3066 3243 3092 3298 ?
3117 3265 3146 3292 »
3181 3243 3384 3299 Solam
3416 3256 3544 3312 ergo
3575 3235 3798 3294 ministro-

2221 3351 2353 3390 rum
2383 3350 2691 3405 personam
2723 3333 3069 3407 Cyprianus,
3093 3333 3284 3386 solam
3319 3329 3630 3402 Stephanus
3650 3323 3801 3378 verbo-

2219 3431 2354 3478 rum
2385 3422 2597 3480 Christi
2631 3422 2952 3478 efﬁcaciam
2986 3420 3516 3494 contemplabatur.
3546 3420 3672 3470 Nam
3698 3412 3735 3466 si
3769 3411 3806 3462 et

2226 3511 2496 3569 minister
2523 3511 2832 3567 haereticus
2868 3516 2925 3566 et
2955 3511 3143 3566 forma
3199 3511 3414 3565 fuisset
3468 3505 3648 3578 impia,
3685 3513 3806 3556 ϐαϐαῖ

2225 3600 2561 3674 Stephanus
2590 3600 2700 3658 hoc
2723 3599 2807 3655 vel
2841 3601 3080 3658 nomine
3098 3603 3280 3654 tenus
3299 3596 3587 3671 baptisma
3611 3591 3808 3659 dicipas-

2227 3707 2331 3750 sus
2362 3689 2564 3745 esset?
2593 3692 2708 3744 Cur
2738 3688 3044 3762 probasset
3083 3688 3141 3742 in
3175 3687 3454 3742 heretico
3500 3682 3634 3754 quod
3660 3676 3729 3733 vel
3770 3675 3808 3726 in

2229 3777 2513 3834 catholico
2539 3776 2777 3833 homine
2808 3778 3186 3832 abominatus
3217 3780 3380 3831 esset
3408 3774 3435 3829 ?
3461 3771 3694 3843 Denique
3715 3765 3811 3840 ipsa

2227 3884 2396 3923 voces
2419 3883 2539 3921 rem
2581 3865 2865 3922 indicant.
2918 3865 3210 3930 Quaeritur
3261 3864 3420 3919 enim
3476 3862 3544 3916 de
3588 3854 3811 3930 baptismo

2233 3955 2661 4020 haereticorum,
2696 3955 2752 4010 id
2785 3955 2970 4021 est,de
3002 3955 3305 4026 baptismo
3338 3947 3687 4008 abhaareticis
3705 3945 3815 3997 dato:

2238 4045 2335 4102 ubi
2367 4061 2434 4102 ea
2455 4061 2666 4116 nempe
2705 4044 2829 4100 sola
2860 4043 3196 4115 ambigendi
3227 4043 3378 4098 ratio
3410 4037 3644 4096 occurrit
3662 4045 3816 4106 quaex

2236 4134 2491 4192 haeretici
2523 4133 2879 4204 baptizantis
2933 4149 3187 4205 persona
3237 4131 3516 4187 trahitur.
3555 4127 3683 4183 Nam
3709 4121 3746 4176 si
3783 4120 3822 4171 el

2237 4223 2546 4280 haereticus
2576 4223 2785 4295 tingat,
2818 4227 2875 4278 et
2901 4223 3184 4293 tingendo
3219 4222 3498 4294 profanas
3519 4218 3716 4270 invocet
3732 4205 3822 4263 Dei-

2238 4312 2376 4368 tatis
2402 4311 2612 4384 larvas,
2645 4312 2777 4386 quis
2807 4312 2928 4366 haec
2960 4311 3296 4384 promiscue
3327 4309 3536 4364 habeat
3563 4305 3588 4360 ?
3617 4301 3727 4376 quis
3749 4297 3825 4352 hoc

2238 4402 2534 4477 baptisma
2567 4399 2654 4457 vel
2689 4399 2949 4456 nominet
2978 4400 3005 4454 ‘I
3053 4400 3188 4471 quis
3216 4399 3332 4454 hoc
3365 4414 3498 4453 cum
3553 4389 3828 4448 Novatiano-

2242 4507 2374 4546 rum
2392 4490 2690 4566 baptismo
2721 4491 3072 4566 permisceat
3104 4493 3161 4545 et
3190 4505 3361 4562 aeque
3384 4478 3697 4559 approbet?

2763 4679 2834 4736 IX
2848 4720 2861 4738 .
2894 4680 2978 4734 Es:
3003 4677 3204 4734 Tertull
3214 4679 3367 4733 iano.

2301 4822 2458 4878 Idem
2493 4821 2746 4877 efﬁcitur
2776 4837 2844 4876 ex
2883 4819 3264 4876 Tertulliano.
3309 4819 3457 4874 Nam
3488 4817 3586 4872 lib.
3617 4811 3676 4867 de
3701 4806 3829 4866 Pudi-

2231 4913 2365 4967 citia
2396 4911 2475 4966 ait
2507 4910 2563 4965 in
2596 4910 2776 4981 hujus
2808 4909 2996 4982 ipsius
3017 4909 3288 4982 Cypriani
3315 4906 3610 4964 sententiae
3640 4894 3831 4976 patroci-

2233 4999 2395 5056 nium
2431 5017 2444 5054 :
2480 5022 2507 5048 ‹‹
2542 4998 2614 5054 Ut
2635 4999 2866 5054 ethnico
2905 5015 3029 5069 par,
3063 4998 3182 5053 imo
3232 5003 3290 5053 et
3353 5013 3529 5068 super
3582 4989 3828 5049 ethnicum

2233 5088 2539 5144 haereticus
2595 5087 2766 5141 etiam
2819 5104 2921 5158 per
2972 5087 3266 5158 baptisma
3314 5083 3576 5140 veritatis
3624 5071 3829 5136 admitti-

2234 5184 2347 5234 tur.
2386 5201 2412 5227 »
2447 5177 2514 5232 Et
2547 5178 2565 5231 l
2597 5176 2662 5231 de
2693 5176 2956 5247 baptismo
2989 5192 3052 5231 τα
3076 5176 3198 5230 Non
3232 5175 3390 5229 idem
3417 5174 3566 5230 Deus
3594 5174 3674 5226 est
3701 5162 3830 5220 nobis

2233 5272 2289 5322 et
2326 5265 2443 5320 illis
2475 5283 2488 5321 :
2521 5282 2626 5320 nec
2658 5266 2864 5320 I223
2898 5282 3050 5320 unus
3107 5263 3401 5329 Christus,
3453 5262 3509 5316 id
3567 5264 3667 5327 est,
3696 5255 3829 5309 idem.

2233 5356 2482 5426 Ideoque
2512 5371 2618 5409 nec
2666 5353 2996 5424 baptismus
3058 5369 3230 5418 unus,
3287 5351 3427 5422 quia
3484 5365 3584 5404 nec
3633 5346 3781 5398 idem.
3808 5357 3826 5383 ν

2231 5445 2365 5508 Qua:
2394 5461 2463 5499 ne
2493 5445 2562 5497 ad
2590 5441 2743 5496 solos
2776 5442 3178 5497 Marcionistas
3231 5445 3500 5511 spectare
3539 5427 3826 5506 suspiceris.

2231 5532 2472 5589 consule
2503 5548 2708 5587 rursus
2737 5531 3114 5604 Cyprianum,
3169 5529 3279 5596 1.1,
3341 5529 3513 5600 epist.
3561 5526 3612 5593 6,
3663 5519 3824 5576 eadem

2226 5619 2512 5693 prolixius
2549 5619 2621 5676 de
2660 5618 2998 5676 Novatianis
3027 5617 3448 5692 disputantem.
