4088 6174
234 301 388 359 1273

584 429 648 489 Χ.
681 431 813 485 Item
842 444 911 486 ea:
939 428 1170 485 concilio
1204 426 1548 484 Arelatensi.

301 555 485 610 Venio
536 555 608 609 ad
659 569 940 609 canonem
994 555 1027 608 8
1086 551 1313 609 concilii
1364 549 1739 615 Arelatensis,
1784 566 1877 603 an.

228 646 372 699 314:
411 667 438 695 ‹‹
474 648 548 701 De
574 644 728 699 Afris
762 644 913 715 quod
962 642 1196 716 propria
1235 641 1358 715 lege
1390 658 1496 696 sua
1544 644 1790 695 utuntur
1821 642 1885 692 ut

228 732 607 806 rebaptizent,
638 732 859 805 placuit
907 741 970 787 ut
1000 732 1047 786 si
1079 733 1148 786 ad
1197 730 1515 786 Ecclesiam
1566 727 1779 800 aliquis
1813 727 1885 782 de

229 822 436 877 haeresi
486 822 710 877 venerit
756 822 1117 893 interrogent
1164 836 1297 875 eum
1349 818 1714 891 Symbolum.
1762 817 1883 872 Etsi

236 910 593 983 perviderint
652 926 785 964 eum
843 909 902 963 in
959 912 1149 975 Patre,
1211 912 1269 962 et
1328 906 1490 973 Filio,
1551 911 1607 961 et
1661 904 1883 977 Spiritu

232 1001 439 1052 sancto
471 1012 598 1051 esse
646 996 1026 1068 baptizatum,
1081 1012 1288 1050 manus
1309 994 1887 1065 eitantumimpona-

229 1090 351 1152 tur,
384 1091 447 1140 ut
476 1086 722 1158 accipiat
744 1085 1026 1158 Spiritum
1050 1088 1340 1140 sanctum.
1375 1084 1537 1148 Quod
1566 1083 1613 1137 si
1637 1083 1883 1138 interro-

226 1179 402 1245 gatus
446 1191 559 1229 non
605 1174 974 1245 responderit
1022 1173 1173 1228 hanc
1223 1172 1591 1236 Trinitatem,
1626 1170 1884 1242 baptize-

226 1269 345 1319 tur.
384 1287 410 1313 ››
443 1265 631 1328 Quare
661 1264 769 1318 hoc
801 1279 1022 1318 canone
1070 1262 1176 1318 soli
1206 1261 1547 1317 vellicantur
1592 1261 1735 1327 Afri,
1767 1277 1881 1315 non

224 1355 407 1407 etiam
427 1353 694 1420 Romani,
720 1353 771 1407 si
790 1353 897 1407 etsi
920 1351 1395 1419 dissimili,juxta
1410 1356 1605 1405 tamen
1625 1350 1880 1404 absurdo

222 1442 460 1517 utrique
490 1442 875 1497 versabantur
896 1442 955 1496 in
982 1458 1176 1497 errore
1194 1440 1221 1494 ?
1254 1444 1354 1495 aut
1380 1440 1428 1495 si
1453 1440 1732 1496 Romanis
1757 1456 1883 1511 par-

224 1547 354 1586 cere
386 1531 620 1585 animus
651 1536 793 1601 erat,
827 1531 968 1603 quin
1000 1530 1351 1599 parcebatur
1386 1534 1441 1583 et
1474 1529 1739 1584 Afrorum
1772 1544 1875 1582 no-

221 1619 391 1689 mini,
422 1637 489 1677 ac
518 1618 640 1675 sola
670 1619 946 1693 baptismi
997 1617 1195 1688 regula
1244 1618 1653 1691 praeﬁgebatur
1673 1616 1700 1671 ?
1730 1615 1877 1679 Quin

219 1708 344 1765 imo
377 1709 703 1783 configendi
749 1709 945 1781 potius
993 1708 1245 1763 fuissent
1292 1707 1559 1770 Romani,
1611 1710 1675 1761 ut
1708 1704 1877 1779 longe

218 1798 459 1871 turpius
488 1802 772 1860 errantes,
806 1798 856 1855 si
880 1797 1239 1871 baptismum
1264 1797 1453 1851 aliena
1482 1794 1733 1867 fideique
1766 1794 1879 1848 ini-
1904 1789 1954 1859 Β

220 1886 377 1945 mica
402 1887 591 1943 forma
619 1886 895 1943 collatum
928 1904 1030 1960 pro
1062 1890 1186 1941 rato
1218 1885 1581 1941 habuissent.
1618 1885 1679 1939 Id
1713 1884 1870 1939 enim

214 1975 478 2035 atrocius
510 1980 599 2033 est
628 1993 802 2048 quam
849 1974 1247 2048 quorumlibet.
1292 1974 1694 2030 haereticorum
1726 1973 1869 2046 bap-

213 2064 399 2120 tisma
430 2065 779 2122 rescindere.
804 2064 908 2120 Hic
939 2065 1095 2121 enim
1133 2063 1493 2119 detestabilis
1523 2079 1754 2135 semper
1781 2066 1871 2117 est

210 2153 596 2227 baptizatoris
627 2154 918 2230 impietas,
949 2153 1079 2210 ideo
1105 2158 1416 2211 excusatur
1445 2156 1760 2225 utrumque
1781 2169 1869 2209 ze-

205 2240 311 2296 lus
340 2242 706 2299 detestantis.
735 2244 808 2298 At
837 2242 955 2299 illic
987 2247 1046 2298 et
1075 2241 1355 2314 baptismi
1403 2246 1461 2297 et
1492 2240 1864 2315 baptizatoris

202 2329 541 2407 profanitas
572 2331 629 2387 in
653 2335 924 2404 promptu
947 2335 1053 2401 est,
1079 2332 1235 2388 unde
1254 2330 1677 2387 enexcusabilis
1698 2347 1861 2402 pror-

202 2436 317 2474 sus
349 2419 494 2475 foret
524 2420 974 2496 approbantium
1004 2418 1260 2475 inscitia.

797 2562 889 2616 Χῐ.
921 2562 1004 2616 Ex
1034 2562 1280 2617 Eusebio.

284 2687 694 2743 Patrocinatur
735 2691 791 2741 et
836 2686 1123 2742 Eusebius
1166 2685 1460 2757 Stephano
1507 2702 1861 2760 omnemque

208 2778 288 2833 ab
321 2793 389 2831 eo
419 2775 697 2832 amolitur
744 2775 957 2831 erroris
1006 2776 1421 2847 suspicionem,
1474 2776 1511 2829 l.
1560 2793 1657 2843 vn,
1709 2794 1756 2831 c.
1788 2780 1857 2834 2:

209 2888 243 2917 ‹‹
281 2866 365 2920 Ad
396 2866 553 2923 hunc
599 2864 961 2936 Stephanum
1012 2864 1321 2937 Dionysius
1369 2880 1619 2935 primam
1660 2880 1859 2919 earum

212 2970 349 3026 quae
379 2952 450 3007 de
480 2953 771 3023 baptismo
797 2952 1136 3025 conscripta:
1167 2958 1305 3007 sunt
1331 2952 1639 3026 epistolam
1670 2971 1865 3013 exara-

205 3043 316 3101 vit.
350 3042 491 3098 Cum
527 3059 625 3116 per
654 3042 711 3097 id
747 3047 980 3113 tempus
1004 3058 1113 3096 non
1147 3041 1452 3097 mediocris
1474 3044 1863 3103 controversia

205 3139 414 3187 exorta
464 3136 636 3200 esset,
696 3136 893 3185 utrum
952 3148 1049 3187 eos
1102 3131 1200 3202 qui
1251 3147 1319 3185 ex
1367 3131 1627 3203 qualibet
1654 3132 1858 3188 haeresi
1890 3154 1934 3224 ο

206 3225 634 3276 convertuntur
676 3220 967 3292 baptismo
1018 3218 1255 3291 purgari
1302 3225 1613 3293 oporteret,
1644 3222 1861 3293 quippe

200 3310 457 3380 antiqua
486 3309 846 3363 consuetudo
878 3308 1202 3363 invaluerat
1236 3313 1297 3363 ut
1338 3309 1396 3363 in
1430 3310 1719 3380 ejusmodi
1754 3310 1861 3365 ho-

200 3398 469 3455 minibus
493 3398 617 3451 sola
639 3414 924 3453 manuum
948 3397 1245 3469 impositio
1268 3414 1399 3452 cum
1426 3398 1857 3470 precationibus

194 3486 602 3542 adhiberetur.
628 3486 860 3540 Primus
910 3486 1171 3541 omnium
1224 3486 1548 3559 Cyprianus
1591 3488 1687 3560 qui
1718 3493 1858 3545 tunc

192 3574 485 3650 temporis
518 3574 1035 3647 Carthaginensem
1077 3576 1313 3649 regebat
1354 3575 1677 3644 ecclesiam,
1713 3594 1857 3634 non-

196 3663 318 3718 nisi
356 3679 454 3732 per
486 3663 846 3733 baptismum
878 3664 951 3718 ab
973 3680 1164 3718 errore
1188 3664 1348 3734 prius
1369 3665 1736 3733 emundatos,
1760 3650 1860 3723 ad?

194 3751 518 3807 mittendos
548 3768 677 3807 esse
708 3752 1187 3807 censuit.Verum
1222 3752 1556 3823 Stephanus
1587 3754 1731 3809 nihil
1754 3755 1854 3811 ad-

193 3857 407 3896 versus
442 3840 818 3895 traditionem
852 3858 978 3912 qua»
1002 3841 1128 3911 jam
1156 3841 1289 3896 inde
1320 3843 1391 3896 ab
1424 3843 1685 3914 antiquis
1718 3851 1858 3901 lem,

191 3929 447 4005 poribus
478 3928 807 3985 obtinuerat
849 3929 1249 3983 innovandum
1295 3934 1478 3995 ratus,
1512 3931 1856 4001 gravissime

191 4020 255 4073 id
295 4016 451 4073 tulit.
486 4040 512 4067 ››
540 4018 937 4074 Innovationis
960 4016 1193 4089 culpam
1217 4034 1448 4073 omnem
1481 4024 1776 4091 retorquet
1797 4021 1853 4075 in

186 4099 577 4171 Cyprianum,
612 4098 732 4152 sive
765 4098 823 4152 in
847 4097 1113 4169 Cypriani
1142 4098 1623 4168 praedecessorem
1656 4100 1856 4173 Agrip-

184 4187 425 4261 pinum,
460 4185 751 4258 Stephano
785 4191 979 4241 autem
1014 4202 1128 4239 non
1173 4185 1331 4240 aliud
1363 4186 1444 4241 ait
1492 4204 1668 4259 quam
1701 4191 1854 4245 anti-

186 4291 375 4347 quam
407 4274 895 4329 consuetudinem
927 4274 1163 4329 retineri
1212 4272 1523 4347 placuisse,
1557 4293 1675 4349 qua
1703 4278 1761 4333 in
1796 4296 1855 4336 re

187 4380 391 4419 errare
424 4363 579 4423 haud
615 4380 754 4419 sane
788 4364 997 4435 potuit.

554 4506 674 4561 XII.
703 4506 786 4561 Ea:
814 4506 1077 4577 Stephani
1101 4508 1275 4577 ipsius
1306 4507 1500 4563 verbis.

271 4632 435 4695 Quod
466 4630 724 4703 idipsum
756 4631 1195 4703 apertissimum
1230 4632 1293 4687 fit
1328 4649 1395 4686 ex
1425 4633 1695 4703 ipsismet
1728 4638 1853 4694 Ste-

185 4721 381 4793 phani
411 4722 601 4777 verbis
632 4740 666 4777 a
693 4723 975 4794 Cypriano
1006 4725 1062 4777 et
1096 4721 1431 4777 Firmiliano
1477 4722 1676 4781 relatis
1706 4726 1854 4782 nihil

183 4810 464 4867 innovari
494 4830 508 4878 ;
544 4813 699 4883 quod
732 4813 1015 4868 traditum
1047 4815 1155 4878 est,
1190 4811 1427 4867 retineri
1451 4812 1679 4871 debere.
1713 4817 1854 4881 Quis

184 4916 317 4955 non
350 4899 624 4971 intelligit
655 4901 804 4955 hanc
830 4901 1108 4957 adversus
1128 4916 1335 4957 omnes
1356 4916 1581 4957 errores
1613 4904 1851 4961 medici-

182 5004 335 5044 nam
368 5004 497 5044 esse
522 4989 932 5055 certissimam,
967 4989 1181 5044 nedum
1210 4994 1273 5043 ut
1302 5005 1463 5044 error
1482 4990 1694 5062 aliquis
1726 5010 1857 5064 prov

179 5077 387 5150 pinari
415 5076 508 5135 bis
523 5078 762 5135 vocibus
783 5077 997 5149 queat?
1018 5077 1102 5133 Ab
1123 5076 1288 5132 initio
1305 5077 1463 5134 enim
1484 5080 1851 5151 praedicatio-

175 5166 281 5222 nis
334 5166 687 5237 Evangelicae
733 5165 1061 5223 invaluerat
1105 5166 1218 5220 ista
1268 5171 1539 5225 Romanae
1582 5169 1850 5229 Ecclesia

174 5254 524 5325 disciplina,
559 5261 623 5310 ut
666 5255 951 5311 Eusebius
1002 5254 1215 5310 innuit.
1265 5257 1380 5312 Aut
1428 5256 1643 5328 siquid
1679 5275 1850 5318 secus

177 5360 371 5415 quam
398 5353 435 5397 Α
452 5343 656 5413 postoli
682 5342 1098 5415 apostolicique
1112 5342 1220 5396 viri
1242 5343 1627 5411 fartitassenl,
1652 5363 1685 5400 a
1706 5364 1849 5416 prte-

178 5432 320 5488 sule
352 5433 561 5490 I224
584 5433 856 5503 quopiam
892 5432 1153 5487 Romano
1184 5438 1461 5489 novatum
1496 5439 1694 5504 postea
1724 5435 1847 5491 fus-

183 5526 306 5585 rat,
338 5538 452 5577 non
487 5526 604 5576 tam
640 5522 884 5577 fidenter
915 5519 1249 5591 Stephanus
1283 5521 1576 5576 traditioni
1609 5527 1665 5576 et
1695 5524 1845 5581 anti-

184 5610 407 5683 quitati
452 5609 834 5667 incumberet.
887 5616 1155 5666 Romanis
1204 5609 1536 5665 traditionis
1583 5627 1686 5666 seu
1715 5628 1841 5670 cor-

1164 299 1369 357 PARS
1418 297 1499 357 II.
1535 328 1612 345 ——
1652 292 2223 354 RECENTIORUM
2280 292 2721 385 EXCU‘RSUS.

1905 424 1963 491 Α
1996 422 2239 494 ruptelas
2271 422 2505 480 initium
2546 423 2804 495 aliquod,
2838 420 2993 477 velut
3030 420 3327 477 cunabula
3358 422 3509 492 ejus,
3540 422 3657 493 Cy-

3499 292 3659 351 1274

1997 511 2237 583 prianus
2267 517 2369 567 aut
2419 511 2802 568 Firmilianus
2854 511 3169 582 aliquando
3213 510 3652 582 indigitassent.

1994 617 2243 673 quorum
2275 607 2333 658 et
2363 602 2613 656 eruditio
2656 606 2713 657 et
2743 601 3006 656 aestuatio
3041 601 3101 655 in
3147 600 3257 654 hoc
3288 600 3518 670 negotio
3548 616 3648 654 ex-

1998 688 2393 760 ploratissima
2448 697 2556 745 est.
2626 690 2916 745 Eusebius
2976 688 3255 743 Africanae
3326 686 3647 758 disciplinae

1994 778 2231 833 exordia
2260 795 2484 850 nupera
2516 781 2700 845 notat,
2724 778 3184 849 haudquaquam
3220 776 3512 831 Romanas.
3552 778 3651 831 De-

1994 867 2172 938 nique
2194 868 2519 940 Cyprianus
2536 868 2660 939 ipse
2683 874 2975 921 auctorem
2997 882 3058 920 se
3076 865 3241 936 sequi
3260 864 3651 937 Agrippinum

1996 957 2320 1026 profitetur,
2348 973 2523 1027 quem
2546 972 2679 1010 vero
2702 956 2909 1009 ducem
2938 955 3197 1025 primum
3235 958 3515 1024 sequatur
3535 953 3655 1009 Ste-

1995 1045 2225 1117 phanus
2258 1062 2373 1101 non
2408 1061 2659 1115 usquam
2707 1043 2983 1108 declarat,
3018 1043 3118 1098 sed
3152 1043 3563 1098 consuetudini
3597 1046 3654 1097 et

1992 1133 2296 1189 traditioni
2330 1133 2423 1188 cui
2455 1134 2733 1204 derogare
2765 1149 2878 1186 non
2914 1136 3138 1202 poterat
3160 1131 3459 1186 veritatem
3483 1131 3648 1186 iden-

1992 1223 2172 1278 tidem
2204 1222 2468 1278 clamitat
2498 1222 2990 1291 anteponendam.
3020 1222 3218 1291 Itaque
3241 1219 3411 1290 epist.
3442 1219 3532 1273 7i.
3570 1220 3650 1273 ita

1993 1311 2169 1367 habet
2196 1315 2219 1367 Ρ
2250 1333 2278 1361 «ι
2308 1311 2469 1374 Quod
2500 1310 2735 1381 quidem
2765 1314 2821 1365 et
2857 1309 3214 1381 Agrippinus
3245 1325 3379 1363 cum
3428 1308 3649 1362 caeteris

1990 1400 2353 1471 coepiscOpis
2376 1399 2502 1457 suis
2526 1398 2625 1469 qui
2647 1397 2745 1453 illo
2773 1404 3033 1469 tempore
3057 1398 3115 1453 in
3142 1396 3438 1468 provincia
3456 1396 3649 1451 Africa

1989 1494 2047 1544 et
2071 1488 2349 1544 Numidia
2369 1486 2683 1543 Ecclesium
2711 1486 2941 1541 Domini
2966 1486 3392 1558 gubernabant,
3415 1486 3648 1554 statuit,

1989 1583 2047 1634 et
2096 1577 2308 1635 librato
2367 1576 2596 1633 concilii
2653 1576 2987 1631 communis
3042 1574 3309 1631 examine
3375 1574 3649 1629 ﬁrmavit.

1990 1670 2247 1732 Quorum
2271 1665 2625 1721 sententiam
2649 1681 2755 1720 nos
2778 1665 2949 1720 etiam
2974 1664 3155 1720 secuti
3190 1680 3417 1719 sumus.
3446 1684 3466 1713 ιο
3494 1664 3564 1719 Et
3585 1664 3642 1719 in

1987 1757 2161 1827 Epist.
2194 1755 2265 1811 ad
2287 1756 2626 1811 Jubaianum
2650 1772 2668 1810 :
2704 1775 2730 1803 α
2762 1753 2925 1824 Apud
2960 1770 3064 1809 nos
3096 1755 3212 1808 non
3245 1768 3390 1807 nova
3420 1757 3522 1807 aut
3553 1768 3644 1807 re-

1985 1844 2225 1917 pentina
2252 1860 2345 1900 res
2378 1847 2469 1898 est
2498 1846 2563 1897 ut
2609 1840 2989 1912 baptizandos
3033 1857 3380 1897 censeamus
3407 1856 3506 1896 eos
3537 1841 3638 1911 qui

1982 1934 2055 1990 ab
2086 1932 2371 1989 hareticis
2402 1932 2474 1988 ad
2513 1930 2829 1987 Ecclesiam
2875 1931 3261 2001 perveniunt:
3294 1946 3427 1985 cum
3464 1929 3641 1985 multi

1973 2024 2100 2094 jam
2132 2024 2270 2077 anni
2301 2020 2422 2077 sint
2451 2024 2509 2077 et
2536 2019 2712 2091 longa
2743 2023 2904 2085 istas,
2936 2036 3003 2078 ex
3028 2036 3141 2089 quo
3173 2018 3284 2077 sub
3316 2018 3639 2091 Agrippino

1979 2112 2144 2169 bona
2176 2108 2468 2166 memoriae.
2490 2108 2613 2166 viro
2637 2107 3049 2165 convenientes
3075 2108 3135 2165 in
3165 2124 3349 2164 unum
3381 2106 3639 2180 episcOpi

1978 2198 2218 2271 plurimi
2247 2199 2359 2255 hoc
2388 2201 2741 2263 statuerunt.
2766 2201 2941 2268 atque
2964 2196 3171 2253 exinde
3193 2197 3251 2253 in
3285 2196 3633 2252 hodiernum

1976 2292 2060 2344 tot
2089 2287 2275 2344 millia
2304 2286 2713 2345 hareticorum
2748 2286 2806 2342 in
2840 2285 3154 2357 provinciis
3186 2284 3406 2341 nostris
3433 2285 3503 2341 ad
3538 2286 3636 2341 Ec-

1973 2377 2213 2435 olesiam
2249 2376 2537 2440 conversi,
2560 2375 2838 2431 salutaris
2860 2375 3140 2447 baptismi
3166 2374 3413 2445 gratiam
3436 2390 3633 2430 conse-

1972 2469 2092 2523 cuti
2125 2468 2264 2523 sint.
2321 2489 2340 2516 ι
2394 2467 2522 2522 Sum
2572 2464 3016 2522 consuetudinis
3064 2464 3377 2520 novitatem
3406 2464 3625 2534 prodit,

1972 2558 2112 2612 dum
2143 2555 2402 2612 venditat
2448 2558 2820 2609 vetustatem.
2868 2555 2940 2610 At
2990 2553 3262 2608 Romana:
3294 2552 3621 2625 disciplinas

1971 2646 2383 2717 antiquitatem
2434 2644 2753 2699 detrectare
2802 2658 2917 2696 non
2970 2641 3184 2707 valens,
3237 2641 3337 2696 uni
3392 2641 3621 2696 veritati

1972 2735 2343 2791 serviendum
2372 2733 2634 2789 clamitat
2678 2730 2851 2804 paulo
2883 2734 3052 2802 post:
3114 2751 3139 2781 α
3163 2730 3374 2786 Prinde
3405 2731 3621 2785 frustra

1971 2825 2210 2894 quidam
2244 2823 2345 2895 qui
2376 2822 2599 2877 ratione
2637 2821 2949 2876 vincuntur
2996 2820 3481 2876 consuetudinem
3515 2836 3619 2874 no-

1973 2913 2063 2968 bis
2077 2910 2573 2984 opponunt,quasi
2587 2910 2947 2965 consuetudo
2961 2909 3150 2979 major
3161 2908 3239 2963 sit
3254 2906 3622 2973 veritate;aut

1973 3019 2089 3058 non
2126 3002 2293 3057 fuerit
2339 3002 2398 3056 in
2449 2998 2859 3073 spiritualibus
2906 2998 3292 3069 sequendum,
3326 2996 3376 3052 si
3406 2996 3619 3051 melius

1973 3091 2147 3147 fuerit
2172 3109 2205 3147 a
2235 3094 2437 3147 sancto
2466 3088 2681 3161 Spiritu
2738 3088 3078 3143 revelatum.
3116 3108 3142 3136 ››
3176 3085 3285 3150 Qui
3325 3102 3462 3157 ergo
3493 3085 3619 3140 Ste-

1972 3180 2167 3252 phanc
2199 3196 2377 3246 error,
2410 3179 2563 3235 idem
2587 3176 2883 3232 traditioni
2912 3174 3303 3231 Ecclesiarum
3336 3174 3621 3245 antiquis-

1968 3271 2152 3337 sima,
2168 3269 2323 3325 idem
2338 3266 2618 3340 apostolis
2631 3266 2776 3337 ipsis
2787 3266 2914 3335 ejus
2932 3264 3233 3337 magistris
3248 3262 3618 3335 impingitur,

1967 3427 2111 3488 XIII.
2175 3427 2495 3501 Defenditur
2565 3434 2956 3501 argumentum
3022 3423 3290 3496 Stephani
3358 3422 3620 3479 adversus

2608 3498 2966 3568 Cyprianum.

2036 3641 2107 3696 Et
2132 3639 2496 3712 Stephanum
2529 3639 2765 3711 quidem
2799 3639 2871 3693 ab
2915 3635 3177 3707 exemplo
3208 3635 3617 3692 haereticorum

1963 3734 2477 3802 argumentantem
2500 3728 2702 3784 sannis
2721 3732 2778 3782 et
2795 3728 3052 3782 dicteriis
3070 3726 3392 3782 insectatus
3414 3728 3501 3779 est
3520 3727 3622 3794 Cy-

1966 3820 2228 3891 prianus.
2290 3820 2360 3872 At
2416 3834 2556 3889 pace
2623 3816 2987 3871 sanctissimi
3048 3815 3320 3886 martyris
3374 3813 3619 3867 dixerim

1965 3907 2073 3962 hac
2128 3904 2401 3979 Stephani
2454 3905 2961 3977 argumentatione
3012 3903 3156 3959 nihil
3206 3900 3618 3973 opportunius,

1965 3995 2112 4050 nihil
2146 3996 2254 4050 hac
2283 3994 2695 4067 suggillatione
2731 3992 3222 4049 inconsideratius
3255 3990 3376 4043 fieri
3408 3990 3615 4061 potuit.

1964 4086 2109 4141 Nam
2141 4082 2678 4156 exploratissimum
2714 4082 2850 4137 hinc
2881 4083 3056 4136 fiebat
3102 4079 3399 4135 haereticos
3430 4079 3488 4132 in
3524 4096 3618 4133 so-

1964 4174 2140 4230 lemni
2176 4172 2450 4245 baptismi
2487 4173 2673 4227 forma
2716 4170 2862 4226 nihil
2906 4186 3169 4237 novasse,
3203 4185 3307 4224 nec
3356 4168 3619 4239 propria-

1963 4280 2094 4318 rum
2126 4262 2655 4317 halluoinationum
2679 4260 2861 4316 ullam
2885 4258 2936 4315 ei
2959 4258 3373 4330 permiscuisse
3401 4258 3621 4327 labem,

1962 4352 2438 4425 quandoquidem
2472 4350 2565 4404 alii
2592 4350 2837 4405 aliorum
2867 4365 2981 4404 non
3010 4348 3364 4419 respuebant
3394 4347 3621 4419 baptis-

1963 4459 2079 4497 ma.
2113 4442 2379 4495 Errorem
2412 4439 2567 4493 enim
2626 4438 2723 4493 alii
2765 4437 3014 4492 aliorum
3069 4436 3530 4504 detestabantur,
3563 4439 3621 4491 et

1890 4525 1937 4596 D
1967 4530 2235 4586 detestati
2259 4528 2501 4601 proinde
2522 4527 2773 4582 fuissent
2801 4526 3116 4598 baptisma,
3141 4526 3190 4580 si
3222 4524 3619 4596 peculiaribus

1966 4618 2325 4689 singulorum
2352 4615 2576 4671 deliriis
2602 4614 2746 4669 illud
2770 4614 2979 4670 fuisset
2996 4614 3287 4669 vitiatum.
3313 4616 3447 4679 Quae
3479 4631 3617 4685 ergo

1965 4707 2271 4772 haereticis,
2323 4706 2527 4763 eadem
2576 4704 2873 4778 Stephano
2932 4704 3133 4759 aderat
3180 4704 3323 4758 ratio
3354 4720 3425 4757 ne
3470 4704 3617 4775 bap-

1962 4796 2141 4853 tisma
2170 4800 2331 4851 extra
2360 4793 2675 4851 Ecclesiam
2714 4794 3000 4849 tributum
3037 4792 3292 4848 iteraret.

1962 4956 2103 5011 XIV.
2163 4956 2295 5011 Item
2351 4970 2424 5008 ea:
2485 4955 2823 5025 Hieronymo
2879 4952 3187 5009 ostenditur
3240 4967 3352 5007 non
3410 4967 3618 5006 errasse

2255 5026 2598 5096 Stephanum
2631 5027 2690 5079 in
2721 5027 3013 5097 quaestione
3045 5025 3318 5095 baptismi.

2032 5169 2205 5227 Porro
2237 5168 2626 5240 Hieronymus
2689 5170 2831 5225 Dial.
2856 5167 3117 5223 adversus
3148 5166 3524 5235 Luciferianos
3547 5181 3614 5220 ea

1960 5257 2164 5315 scribit
2192 5272 2319 5327 quas
2354 5273 2458 5314 nec
2480 5257 2691 5312 frontis
2723 5255 3176 5328 perfrictissimas
3208 5254 3477 5311 homines
3510 5270 3610 5309 ne-

1956 5362 2093 5418 gare
2124 5346 2319 5401 ausint
2349 5346 2405 5401 in
2439 5345 2718 5416 Stephani
2773 5344 3161 5415 patrocinium
3210 5342 3428 5416 scripta
3457 5358 3607 5399 esse.

1960 5457 1987 5484 ‹‹
2004 5437 2255 5491 Conatus
2278 5438 2366 5490 est
2383 5439 2444 5491 Β.
2470 5434 2793 5506 Cyprianus
2811 5433 3090 5489 contritcs
3108 5434 3270 5487 lacus
3286 5433 3485 5503 fugere
3502 5448 3607 5487 nec

1954 5524 2158 5584 I225
2180 5524 2374 5581 bibere
2392 5524 2462 5579 de
2487 5540 2641 5595 aqua
2661 5522 2869 5591 aliena,
2894 5526 2949 5577 et
2969 5520 3183 5577 idcirco
3204 5522 3607 5577 haereticorum

1954 5614 2243 5686 baptisma
2282 5612 2621 5683 reprobans,
2655 5611 2727 5669 ad
2759 5611 3123 5684 Stephanum
3157 5614 3298 5667 tunc
3329 5609 3609 5668 Romanis
