  <div class='ocr_page' id='page_1' title='image "/cluster/home/n/w/nwhite01/storage/ocr_20150623/3/hvd.32044073549586/691.png"; bbox 0 0 4088 6174; ppageno 0'>
   <div class='ocr_carea' id='block_1_1' title="bbox 532 295 686 354">
    <p class='ocr_par' dir='ltr' id='par_1_1' title="bbox 532 295 686 354">
     <span class='ocr_line' id='line_1_1' title="bbox 532 295 686 354; baseline 0.019 -3"><span class='ocrx_word' id='word_1_1' title='bbox 532 295 686 354; x_wconf 75' lang='grc'><strong>1275</strong></span> 
     </span>
    </p>
   </div>
   <div class='ocr_carea' id='block_1_2' title="bbox 1591 299 2897 364">
    <p class='ocr_par' dir='ltr' id='par_1_2' title="bbox 1591 299 2897 364">
     <span class='ocr_line' id='line_1_2' title="bbox 1591 299 2897 364; baseline 0.003 -6"><span class='ocrx_word' id='word_1_2' title='bbox 1591 299 1692 359; x_wconf 85' lang='lat' dir='ltr'>DE</span> <span class='ocrx_word' id='word_1_3' title='bbox 1738 300 2329 363; x_wconf 74' lang='lat' dir='ltr'>H/ERETICORUM</span> <span class='ocrx_word' id='word_1_4' title='bbox 2375 303 2897 364; x_wconf 86' lang='lat' dir='ltr'>BAPTISMATE.</span> 
     </span>
    </p>
   </div>
   <div class='ocr_carea' id='block_1_3' title="bbox 3693 317 3802 376">
    <p class='ocr_par' dir='ltr' id='par_1_3' title="bbox 3693 317 3802 376">
     <span class='ocr_line' id='line_1_3' title="bbox 3693 317 3802 376; baseline 0.018 -2"><span class='ocrx_word' id='word_1_5' title='bbox 3693 317 3802 376; x_wconf 71' lang='lat' dir='ltr'>l216</span> 
     </span>
    </p>
   </div>
   <div class='ocr_carea' id='block_1_4' title="bbox 495 425 3805 515">
    <p class='ocr_par' dir='ltr' id='par_1_4' title="bbox 495 425 3805 515">
     <span class='ocr_line' id='line_1_4' title="bbox 495 425 3805 515; baseline 0.006 -35"><span class='ocrx_word' id='word_1_6' title='bbox 495 429 504 435; x_wconf 81' lang='grc'><strong>“</strong></span> <span class='ocrx_word' id='word_1_7' title='bbox 531 425 694 515; x_wconf 80' lang='lat' dir='ltr'>urbis</span> <span class='ocrx_word' id='word_1_8' title='bbox 722 425 1061 498; x_wconf 85' lang='lat' dir='ltr'>episcOpum</span> <span class='ocrx_word' id='word_1_9' title='bbox 1103 431 1224 500; x_wconf 90' lang='lat' dir='ltr'>qui,</span> <span class='ocrx_word' id='word_1_10' title='bbox 1259 448 1292 485; x_wconf 89' lang='lat' dir='ltr'>a</span> <span class='ocrx_word' id='word_1_11' title='bbox 1323 431 1384 486; x_wconf 92' lang='lat' dir='ltr'>B.</span> <span class='ocrx_word' id='word_1_12' title='bbox 1419 433 1584 486; x_wconf 90' lang='lat' dir='ltr'>Petro</span> <span class='ocrx_word' id='word_1_13' title='bbox 1619 432 1937 503; x_wconf 90' lang='lat' dir='ltr'>vigesimus</span> <span class='ocrx_word' id='word_1_14' title='bbox 1968 437 2170 488; x_wconf 82' lang='lat' dir='ltr'>sextus</span> <span class='ocrx_word' id='word_1_15' title='bbox 2201 437 2252 501; x_wconf 79' lang='grc' dir='ltr'><strong>Α</strong></span> <span class='ocrx_word' id='word_1_16' title='bbox 2285 451 2396 489; x_wconf 91' lang='lat' dir='ltr'>nus</span> <span class='ocrx_word' id='word_1_17' title='bbox 2415 435 2704 500; x_wconf 82' lang='lat' dir='ltr'>hortatur,</span> <span class='ocrx_word' id='word_1_18' title='bbox 2725 437 2931 493; x_wconf 72' lang='lat' dir='ltr'><strong>I226</strong></span> <span class='ocrx_word' id='word_1_19' title='bbox 2950 436 3345 507; x_wconf 88' lang='lat' dir='ltr'>etc.Nurnquid</span> <span class='ocrx_word' id='word_1_20' title='bbox 3360 439 3805 515; x_wconf 83' lang='lat' dir='ltr'>dixit,Rebaptizen-</span> 
     </span>
    </p>
   </div>
   <div class='ocr_carea' id='block_1_5' title="bbox 528 513 2176 592">
    <p class='ocr_par' dir='ltr' id='par_1_5' title="bbox 528 513 2176 592">
     <span class='ocr_line' id='line_1_5' title="bbox 528 513 2176 592; baseline 0.005 -24"><span class='ocrx_word' id='word_1_21' title='bbox 528 513 658 580; x_wconf 82' lang='lat' dir='ltr'>fuit,</span> <span class='ocrx_word' id='word_1_22' title='bbox 691 531 867 585; x_wconf 86' lang='lat' dir='ltr'>super</span> <span class='ocrx_word' id='word_1_23' title='bbox 896 515 1000 570; x_wconf 83' lang='lat' dir='ltr'>hac</span> <span class='ocrx_word' id='word_1_24' title='bbox 1034 534 1091 572; x_wconf 88' lang='lat' dir='ltr'>re</span> <span class='ocrx_word' id='word_1_25' title='bbox 1121 518 1448 574; x_wconf 83' lang='lat' dir='ltr'>Africanam</span> <span class='ocrx_word' id='word_1_26' title='bbox 1493 523 1778 592; x_wconf 83' lang='lat' dir='ltr'>synodum</span> <span class='ocrx_word' id='word_1_27' title='bbox 1810 521 2035 576; x_wconf 81' lang='lat' dir='ltr'>dixerit.</span> <span class='ocrx_word' id='word_1_28' title='bbox 2071 523 2176 576; x_wconf 89' lang='lat' dir='ltr'>Sed</span> 
     </span>
    </p>
   </div>
   <div class='ocr_carea' id='block_1_6' title="bbox 532 605 2179 682">
    <p class='ocr_par' dir='ltr' id='par_1_6' title="bbox 532 605 2179 682">
     <span class='ocr_line' id='line_1_6' title="bbox 532 605 2179 682; baseline 0.004 -25"><span class='ocrx_word' id='word_1_29' title='bbox 532 610 776 659; x_wconf 77' lang='lat' dir='ltr'>conatus</span> <span class='ocrx_word' id='word_1_30' title='bbox 807 605 935 675; x_wconf 83' lang='lat' dir='ltr'>ejus</span> <span class='ocrx_word' id='word_1_31' title='bbox 966 605 1184 662; x_wconf 83' lang='lat' dir='ltr'>frustra</span> <span class='ocrx_word' id='word_1_32' title='bbox 1213 609 1341 664; x_wconf 88' lang='lat' dir='ltr'>fuit.</span> <span class='ocrx_word' id='word_1_33' title='bbox 1377 609 1636 681; x_wconf 88' lang='lat' dir='ltr'>Denique</span> <span class='ocrx_word' id='word_1_34' title='bbox 1666 609 1751 664; x_wconf 86' lang='lat' dir='ltr'>illi</span> <span class='ocrx_word' id='word_1_35' title='bbox 1781 610 1892 682; x_wconf 87' lang='lat' dir='ltr'>ipsi</span> <span class='ocrx_word' id='word_1_36' title='bbox 1924 610 2179 682; x_wconf 89' lang='lat' dir='ltr'>episcopi</span> 
     </span>
    </p>
   </div>
   <div class='ocr_carea' id='block_1_7' title="bbox 532 691 2179 768">
    <p class='ocr_par' dir='ltr' id='par_1_7' title="bbox 532 691 2179 768">
     <span class='ocr_line' id='line_1_7' title="bbox 532 691 2179 768; baseline 0.004 -23"><span class='ocrx_word' id='word_1_37' title='bbox 532 691 634 763; x_wconf 88' lang='lat' dir='ltr'>qui</span> <span class='ocrx_word' id='word_1_38' title='bbox 667 693 1111 764; x_wconf 90' lang='lat' dir='ltr'>rebaptizandos</span> <span class='ocrx_word' id='word_1_39' title='bbox 1145 695 1444 752; x_wconf 68' lang='lat' dir='ltr'>haereticos</span> <span class='ocrx_word' id='word_1_40' title='bbox 1474 714 1607 752; x_wconf 88' lang='lat' dir='ltr'>cum</span> <span class='ocrx_word' id='word_1_41' title='bbox 1633 715 1699 753; x_wconf 91' lang='lat' dir='ltr'>eo</span> <span class='ocrx_word' id='word_1_42' title='bbox 1731 704 2074 768; x_wconf 83' lang='lat' dir='ltr'>statuerant,</span> <span class='ocrx_word' id='word_1_43' title='bbox 2109 698 2179 753; x_wconf 91' lang='lat' dir='ltr'>ad</span> 
     </span>
    </p>
   </div>
   <div class='ocr_carea' id='block_1_8' title="bbox 533 781 2180 853">
    <p class='ocr_par' dir='ltr' id='par_1_8' title="bbox 533 781 2180 853">
     <span class='ocr_line' id='line_1_8' title="bbox 533 781 2180 853; baseline 0.003 -16"><span class='ocrx_word' id='word_1_44' title='bbox 533 781 833 851; x_wconf 90' lang='lat' dir='ltr'>antiquam</span> <span class='ocrx_word' id='word_1_45' title='bbox 865 785 1349 840; x_wconf 88' lang='lat' dir='ltr'>consuetudinem</span> <span class='ocrx_word' id='word_1_46' title='bbox 1392 786 1656 853; x_wconf 83' lang='lat' dir='ltr'>revoluti,</span> <span class='ocrx_word' id='word_1_47' title='bbox 1689 803 1903 842; x_wconf 91' lang='lat' dir='ltr'>novum</span> <span class='ocrx_word' id='word_1_48' title='bbox 1935 786 2180 843; x_wconf 88' lang='lat' dir='ltr'>emisere</span> 
     </span>
    </p>
   </div>
   <div class='ocr_carea' id='block_1_9' title="bbox 530 870 2183 946">
    <p class='ocr_par' dir='ltr' id='par_1_9' title="bbox 530 870 2183 946">
     <span class='ocr_line' id='line_1_9' title="bbox 530 870 2183 946; baseline 0.004 -22"><span class='ocrx_word' id='word_1_49' title='bbox 530 870 850 926; x_wconf 89' lang='lat' dir='ltr'>decretum.</span> <span class='ocrx_word' id='word_1_50' title='bbox 888 871 1034 935; x_wconf 89' lang='lat' dir='ltr'>Quid</span> <span class='ocrx_word' id='word_1_51' title='bbox 1074 874 1360 929; x_wconf 82' lang='lat' dir='ltr'>facimus?</span> <span class='ocrx_word' id='word_1_52' title='bbox 1391 875 1473 930; x_wconf 90' lang='lat' dir='ltr'>Ita</span> <span class='ocrx_word' id='word_1_53' title='bbox 1502 881 1560 930; x_wconf 92' lang='lat' dir='ltr'>et</span> <span class='ocrx_word' id='word_1_54' title='bbox 1592 877 1758 931; x_wconf 90' lang='lat' dir='ltr'>nobis</span> <span class='ocrx_word' id='word_1_55' title='bbox 1789 878 2040 946; x_wconf 75' lang='lat' dir='ltr'>majores</span> <span class='ocrx_word' id='word_1_56' title='bbox 2086 891 2183 930; x_wconf 92' lang='lat' dir='ltr'>no-</span> 
     </span>
    </p>
   </div>
   <div class='ocr_carea' id='block_1_10' title="bbox 530 959 2178 1034">
    <p class='ocr_par' dir='ltr' id='par_1_10' title="bbox 530 959 2178 1034">
     <span class='ocr_line' id='line_1_10' title="bbox 530 959 2178 1034; baseline 0.004 -20"><span class='ocrx_word' id='word_1_57' title='bbox 530 959 638 1014; x_wconf 89' lang='lat' dir='ltr'>stri</span> <span class='ocrx_word' id='word_1_58' title='bbox 669 965 726 1014; x_wconf 91' lang='lat' dir='ltr'>et</span> <span class='ocrx_word' id='word_1_59' title='bbox 754 959 872 1015; x_wconf 87' lang='lat' dir='ltr'>illis</span> <span class='ocrx_word' id='word_1_60' title='bbox 895 962 982 1015; x_wconf 92' lang='lat' dir='ltr'>sui</span> <span class='ocrx_word' id='word_1_61' title='bbox 1006 963 1294 1018; x_wconf 86' lang='lat' dir='ltr'>tradidere</span> <span class='ocrx_word' id='word_1_62' title='bbox 1317 966 1588 1034; x_wconf 87' lang='lat' dir='ltr'>majores.</span> <span class='ocrx_word' id='word_1_63' title='bbox 1617 989 1642 1014; x_wconf 92' lang='grc'><strong>››</strong></span> <span class='ocrx_word' id='word_1_64' title='bbox 1670 967 1844 1020; x_wconf 87' lang='lat' dir='ltr'>Vides</span> <span class='ocrx_word' id='word_1_65' title='bbox 1869 970 1930 1020; x_wconf 89' lang='lat' dir='ltr'>ut</span> <span class='ocrx_word' id='word_1_66' title='bbox 1964 965 2178 1020; x_wconf 87' lang='lat' dir='ltr'>novita-</span> 
     </span>
    </p>
   </div>
   <div class='ocr_carea' id='block_1_11' title="bbox 530 1048 2178 1125">
    <p class='ocr_par' dir='ltr' id='par_1_11' title="bbox 530 1048 2178 1125">
     <span class='ocr_line' id='line_1_11' title="bbox 530 1048 2178 1125; baseline 0.003 -21"><span class='ocrx_word' id='word_1_67' title='bbox 530 1054 648 1104; x_wconf 90' lang='lat' dir='ltr'>tem</span> <span class='ocrx_word' id='word_1_68' title='bbox 681 1048 987 1120; x_wconf 89' lang='lat' dir='ltr'>Cypriano,</span> <span class='ocrx_word' id='word_1_69' title='bbox 1021 1056 1372 1107; x_wconf 82' lang='lat' dir='ltr'>vetustatem</span> <span class='ocrx_word' id='word_1_70' title='bbox 1405 1054 1733 1109; x_wconf 89' lang='lat' dir='ltr'>traditionis</span> <span class='ocrx_word' id='word_1_71' title='bbox 1762 1054 2052 1125; x_wconf 87' lang='lat' dir='ltr'>Stephano</span> <span class='ocrx_word' id='word_1_72' title='bbox 2085 1071 2178 1109; x_wconf 89' lang='lat' dir='ltr'>as-</span> 
     </span>
    </p>
   </div>
   <div class='ocr_carea' id='block_1_12' title="bbox 530 1137 2177 1214">
    <p class='ocr_par' dir='ltr' id='par_1_12' title="bbox 530 1137 2177 1214">
     <span class='ocr_line' id='line_1_12' title="bbox 530 1137 2177 1214; baseline 0.003 -22"><span class='ocrx_word' id='word_1_73' title='bbox 530 1137 745 1208; x_wconf 90' lang='lat' dir='ltr'>signet,</span> <span class='ocrx_word' id='word_1_74' title='bbox 761 1139 1051 1210; x_wconf 84' lang='lat' dir='ltr'>Cypriani,</span> <span class='ocrx_word' id='word_1_75' title='bbox 1069 1141 1319 1210; x_wconf 89' lang='lat' dir='ltr'>denique</span> <span class='ocrx_word' id='word_1_76' title='bbox 1337 1142 1590 1214; x_wconf 84' lang='lat' dir='ltr'>collegas</span> <span class='ocrx_word' id='word_1_77' title='bbox 1608 1143 1921 1212; x_wconf 86' lang='lat' dir='ltr'>aliquando</span> <span class='ocrx_word' id='word_1_78' title='bbox 1944 1143 2177 1198; x_wconf 86' lang='lat' dir='ltr'>tandem</span> 
     </span>
    </p>
   </div>
   <div class='ocr_carea' id='block_1_13' title="bbox 532 1225 2179 1303">
    <p class='ocr_par' dir='ltr' id='par_1_13' title="bbox 532 1225 2179 1303">
     <span class='ocr_line' id='line_1_13' title="bbox 532 1225 2179 1303; baseline 0.004 -23"><span class='ocrx_word' id='word_1_79' title='bbox 532 1225 624 1280; x_wconf 90' lang='lat' dir='ltr'>sui</span> <span class='ocrx_word' id='word_1_80' title='bbox 658 1227 1003 1296; x_wconf 78' lang='lat' dir='ltr'>paenituisse</span> <span class='ocrx_word' id='word_1_81' title='bbox 1042 1235 1307 1295; x_wconf 87' lang='lat' dir='ltr'>conatus,</span> <span class='ocrx_word' id='word_1_82' title='bbox 1357 1236 1414 1284; x_wconf 89' lang='lat' dir='ltr'>et</span> <span class='ocrx_word' id='word_1_83' title='bbox 1443 1233 1515 1286; x_wconf 90' lang='lat' dir='ltr'>ad</span> <span class='ocrx_word' id='word_1_84' title='bbox 1565 1234 1866 1302; x_wconf 91' lang='lat' dir='ltr'>antiquam</span> <span class='ocrx_word' id='word_1_85' title='bbox 1901 1232 2179 1303; x_wconf 84' lang='lat' dir='ltr'>Stephani</span> 
     </span>
    </p>
   </div>
   <div class='ocr_carea' id='block_1_14' title="bbox 535 1314 2180 1387">
    <p class='ocr_par' dir='ltr' id='par_1_14' title="bbox 535 1314 2180 1387">
     <span class='ocr_line' id='line_1_14' title="bbox 535 1314 2180 1387; baseline 0.004 -20"><span class='ocrx_word' id='word_1_86' title='bbox 535 1314 938 1384; x_wconf 90' lang='lat' dir='ltr'>majorumque</span> <span class='ocrx_word' id='word_1_87' title='bbox 969 1315 1228 1387; x_wconf 91' lang='lat' dir='ltr'>ipsorum</span> <span class='ocrx_word' id='word_1_88' title='bbox 1261 1336 1500 1375; x_wconf 89' lang='lat' dir='ltr'>suorum</span> <span class='ocrx_word' id='word_1_89' title='bbox 1539 1323 1977 1376; x_wconf 89' lang='lat' dir='ltr'>cosuetudinem</span> <span class='ocrx_word' id='word_1_90' title='bbox 2015 1336 2180 1375; x_wconf 86' lang='lat' dir='ltr'>revo-</span> 
     </span>
    </p>
   </div>
   <div class='ocr_carea' id='block_1_15' title="bbox 534 1402 2178 1482">
    <p class='ocr_par' dir='ltr' id='par_1_15' title="bbox 534 1402 2178 1482">
     <span class='ocr_line' id='line_1_15' title="bbox 534 1402 2178 1482; baseline 0.004 -25"><span class='ocrx_word' id='word_1_91' title='bbox 534 1402 688 1458; x_wconf 91' lang='lat' dir='ltr'>lutos</span> <span class='ocrx_word' id='word_1_92' title='bbox 721 1403 901 1459; x_wconf 85' lang='lat' dir='ltr'>fuisse</span> <span class='ocrx_word' id='word_1_93' title='bbox 932 1405 1102 1460; x_wconf 80' lang='lat' dir='ltr'>dicat.</span> <span class='ocrx_word' id='word_1_94' title='bbox 1140 1411 1206 1461; x_wconf 90' lang='lat' dir='ltr'>Et</span> <span class='ocrx_word' id='word_1_95' title='bbox 1251 1408 1404 1463; x_wconf 89' lang='lat' dir='ltr'>idem</span> <span class='ocrx_word' id='word_1_96' title='bbox 1453 1427 1584 1465; x_wconf 87' lang='lat' dir='ltr'>mox</span> <span class='ocrx_word' id='word_1_97' title='bbox 1633 1410 1912 1482; x_wconf 88' lang='lat' dir='ltr'>Stephani</span> <span class='ocrx_word' id='word_1_98' title='bbox 1945 1415 2178 1465; x_wconf 89' lang='lat' dir='ltr'>senten-</span> 
     </span>
    </p>
   </div>
   <div class='ocr_carea' id='block_1_16' title="bbox 534 1492 2178 1570">
    <p class='ocr_par' dir='ltr' id='par_1_16' title="bbox 534 1492 2178 1570">
     <span class='ocr_line' id='line_1_16' title="bbox 534 1492 2178 1570; baseline 0.003 -22"><span class='ocrx_word' id='word_1_99' title='bbox 534 1492 675 1548; x_wconf 86' lang='lat' dir='ltr'>tiam</span> <span class='ocrx_word' id='word_1_100' title='bbox 733 1498 789 1547; x_wconf 92' lang='lat' dir='ltr'>et</span> <span class='ocrx_word' id='word_1_101' title='bbox 847 1495 1216 1552; x_wconf 85' lang='lat' dir='ltr'>traditionem</span> <span class='ocrx_word' id='word_1_102' title='bbox 1277 1515 1404 1552; x_wconf 84' lang='lat' dir='ltr'>vere</span> <span class='ocrx_word' id='word_1_103' title='bbox 1463 1499 1860 1570; x_wconf 84' lang='lat' dir='ltr'>apostolicam,</span> <span class='ocrx_word' id='word_1_104' title='bbox 1919 1516 2047 1554; x_wconf 82' lang='lat' dir='ltr'>vere</span> <span class='ocrx_word' id='word_1_105' title='bbox 2108 1499 2178 1553; x_wconf 91' lang='lat' dir='ltr'>ab</span> 
     </span>
    </p>
   </div>
   <div class='ocr_carea' id='block_1_17' title="bbox 535 1580 2179 1660">
    <p class='ocr_par' dir='ltr' id='par_1_17' title="bbox 535 1580 2179 1660">
     <span class='ocr_line' id='line_1_17' title="bbox 535 1580 2179 1660; baseline 0.005 -25"><span class='ocrx_word' id='word_1_106' title='bbox 535 1580 813 1652; x_wconf 88' lang='lat' dir='ltr'>apostolis</span> <span class='ocrx_word' id='word_1_107' title='bbox 845 1583 1037 1637; x_wconf 87' lang='lat' dir='ltr'>adhuc</span> <span class='ocrx_word' id='word_1_108' title='bbox 1083 1586 1502 1656; x_wconf 87' lang='lat' dir='ltr'>superstitibus</span> <span class='ocrx_word' id='word_1_109' title='bbox 1553 1594 1953 1660; x_wconf 87' lang='lat' dir='ltr'>propagatam,</span> <span class='ocrx_word' id='word_1_110' title='bbox 1984 1604 2179 1643; x_wconf 79' lang='lat' dir='ltr'>exem-</span> 
     </span>
    </p>
   </div>
   <div class='ocr_carea' id='block_1_18' title="bbox 534 1669 2180 1749">
    <p class='ocr_par' dir='ltr' id='par_1_18' title="bbox 534 1669 2180 1749">
     <span class='ocr_line' id='line_1_18' title="bbox 534 1669 2180 1749; baseline 0.005 -26"><span class='ocrx_word' id='word_1_111' title='bbox 534 1669 765 1741; x_wconf 91' lang='lat' dir='ltr'>plisque</span> <span class='ocrx_word' id='word_1_112' title='bbox 795 1672 1196 1729; x_wconf 82' lang='lat' dir='ltr'>confirmatam</span> <span class='ocrx_word' id='word_1_113' title='bbox 1251 1675 1432 1731; x_wconf 86' lang='lat' dir='ltr'>fuisse</span> <span class='ocrx_word' id='word_1_114' title='bbox 1477 1679 1708 1743; x_wconf 89' lang='lat' dir='ltr'>astruit,</span> <span class='ocrx_word' id='word_1_115' title='bbox 1757 1677 2180 1749; x_wconf 89' lang='lat' dir='ltr'>pernumeratis</span> 
     </span>
    </p>
   </div>
   <div class='ocr_carea' id='block_1_19' title="bbox 536 1765 2180 1837">
    <p class='ocr_par' dir='ltr' id='par_1_19' title="bbox 536 1765 2180 1837">
     <span class='ocr_line' id='line_1_19' title="bbox 536 1765 2180 1837; baseline 0.002 -23"><span class='ocrx_word' id='word_1_116' title='bbox 536 1765 936 1830; x_wconf 83' lang='lat' dir='ltr'>apostatarum</span> <span class='ocrx_word' id='word_1_117' title='bbox 993 1768 1050 1817; x_wconf 88' lang='lat' dir='ltr'>et</span> <span class='ocrx_word' id='word_1_118' title='bbox 1111 1765 1510 1820; x_wconf 77' lang='lat' dir='ltr'>haereticorum</span> <span class='ocrx_word' id='word_1_119' title='bbox 1567 1767 1811 1821; x_wconf 86' lang='lat' dir='ltr'>catervis</span> <span class='ocrx_word' id='word_1_120' title='bbox 1869 1782 1994 1837; x_wconf 77' lang='lat' dir='ltr'>quas</span> <span class='ocrx_word' id='word_1_121' title='bbox 2052 1765 2180 1836; x_wconf 77' lang='lat' dir='ltr'>ipsa</span> 
     </span>
    </p>
   </div>
   <div class='ocr_carea' id='block_1_20' title="bbox 541 1811 2258 1926">
    <p class='ocr_par' dir='ltr' id='par_1_20' title="bbox 541 1811 2258 1926">
     <span class='ocr_line' id='line_1_20' title="bbox 541 1811 2180 1837; baseline 0.003 -23"><span class='ocrx_word' id='word_1_122' title='bbox 541 1811 936 1830; x_wconf 37' lang='grc' dir='ltr'>Ἲήηητη---</span> <span class='ocrx_word' id='word_1_123' title='bbox 999 1811 1049 1817; x_wconf 69' lang='lat'>--</span> <span class='ocrx_word' id='word_1_124' title='bbox 1112 1811 1510 1820; x_wconf 66' lang='lat'>....---.----..-</span> <span class='ocrx_word' id='word_1_125' title='bbox 1567 1811 1713 1821; x_wconf 53' lang='grc' dir='ltr'>νην,</span> <span class='ocrx_word' id='word_1_126' title='bbox 1739 1811 1811 1821; x_wconf 60' lang='grc' dir='ltr'>..ν</span> <span class='ocrx_word' id='word_1_127' title='bbox 1870 1811 1994 1837; x_wconf 53' lang='grc' dir='ltr'>νυν</span> <span class='ocrx_word' id='word_1_128' title='bbox 2053 1811 2180 1836; x_wconf 60' lang='grc' dir='ltr'>,ιη-</span> 
     </span>
     <span class='ocr_line' id='line_1_21' title="bbox 541 1811 2258 1926; baseline 0.003 -24"><span class='ocrx_word' id='word_1_129' title='bbox 541 1848 805 1904; x_wconf 73' lang='lat' dir='ltr'>Ecclesia:</span> <span class='ocrx_word' id='word_1_130' title='bbox 837 1851 1129 1906; x_wconf 87' lang='lat' dir='ltr'>cunabula</span> <span class='ocrx_word' id='word_1_131' title='bbox 1153 1853 1524 1922; x_wconf 81' lang='lat' dir='ltr'>infestarunt,</span> <span class='ocrx_word' id='word_1_132' title='bbox 1549 1871 1797 1926; x_wconf 89' lang='lat' dir='ltr'>quorum</span> <span class='ocrx_word' id='word_1_133' title='bbox 1830 1859 2028 1909; x_wconf 84' lang='lat' dir='ltr'>tamen</span> <span class='ocrx_word' id='word_1_134' title='bbox 2051 1852 2181 1907; x_wconf 88' lang='lat' dir='ltr'>nul-</span> <span class='ocrx_word' id='word_1_135' title='bbox 2212 1811 2258 1876; x_wconf 85' lang='lat' dir='ltr'><strong>B</strong></span> 
     </span>
    </p>
   </div>
   <div class='ocr_carea' id='block_1_21' title="bbox 535 1937 2180 2014">
    <p class='ocr_par' dir='ltr' id='par_1_21' title="bbox 535 1937 2180 2014">
     <span class='ocr_line' id='line_1_22' title="bbox 535 1937 2180 2014; baseline 0.003 -22"><span class='ocrx_word' id='word_1_136' title='bbox 535 1937 650 1993; x_wconf 92' lang='lat' dir='ltr'>lius</span> <span class='ocrx_word' id='word_1_137' title='bbox 680 1937 954 1995; x_wconf 87' lang='lat' dir='ltr'>iteratum</span> <span class='ocrx_word' id='word_1_138' title='bbox 985 1941 1200 2013; x_wconf 87' lang='lat' dir='ltr'>legitur</span> <span class='ocrx_word' id='word_1_139' title='bbox 1229 1943 1538 2014; x_wconf 88' lang='lat' dir='ltr'>baptisma.</span> <span class='ocrx_word' id='word_1_140' title='bbox 1579 1965 1604 1995; x_wconf 75' lang='grc' dir='ltr'><strong><em>α</em></strong></span> <span class='ocrx_word' id='word_1_141' title='bbox 1636 1945 1744 1999; x_wconf 90' lang='lat' dir='ltr'>Sed</span> <span class='ocrx_word' id='word_1_142' title='bbox 1773 1944 1913 2014; x_wconf 93' lang='lat' dir='ltr'>quid</span> <span class='ocrx_word' id='word_1_143' title='bbox 1946 1943 2016 1998; x_wconf 87' lang='lat' dir='ltr'>de</span> <span class='ocrx_word' id='word_1_144' title='bbox 2046 1958 2180 2013; x_wconf 89' lang='lat' dir='ltr'>pos-</span> 
     </span>
    </p>
   </div>
   <div class='ocr_carea' id='block_1_22' title="bbox 528 2027 2178 2103">
    <p class='ocr_par' dir='ltr' id='par_1_22' title="bbox 528 2027 2178 2103">
     <span class='ocr_line' id='line_1_23' title="bbox 528 2027 2178 2103; baseline 0.003 -22"><span class='ocrx_word' id='word_1_145' title='bbox 528 2027 844 2084; x_wconf 89' lang='lat' dir='ltr'>terioribus</span> <span class='ocrx_word' id='word_1_146' title='bbox 873 2028 1129 2100; x_wconf 80' lang='lat' dir='ltr'>loquar?</span> <span class='ocrx_word' id='word_1_147' title='bbox 1174 2032 1468 2103; x_wconf 86' lang='lat' dir='ltr'>Apostolis</span> <span class='ocrx_word' id='word_1_148' title='bbox 1508 2033 1699 2088; x_wconf 93' lang='lat' dir='ltr'>adhuc</span> <span class='ocrx_word' id='word_1_149' title='bbox 1746 2032 1804 2086; x_wconf 91' lang='lat' dir='ltr'>in</span> <span class='ocrx_word' id='word_1_150' title='bbox 1837 2031 2047 2087; x_wconf 83' lang='lat' dir='ltr'>saeculo</span> <span class='ocrx_word' id='word_1_151' title='bbox 2079 2049 2178 2086; x_wconf 90' lang='lat' dir='ltr'>su-</span> 
     </span>
    </p>
   </div>
   <div class='ocr_carea' id='block_1_23' title="bbox 528 2117 2175 2191">
    <p class='ocr_par' dir='ltr' id='par_1_23' title="bbox 528 2117 2175 2191">
     <span class='ocr_line' id='line_1_24' title="bbox 528 2117 2175 2191; baseline 0.002 -20"><span class='ocrx_word' id='word_1_152' title='bbox 528 2117 895 2188; x_wconf 89' lang='lat' dir='ltr'>perstitibus,</span> <span class='ocrx_word' id='word_1_153' title='bbox 930 2119 1121 2174; x_wconf 90' lang='lat' dir='ltr'>adhuc</span> <span class='ocrx_word' id='word_1_154' title='bbox 1153 2122 1307 2191; x_wconf 90' lang='lat' dir='ltr'>apud</span> <span class='ocrx_word' id='word_1_155' title='bbox 1348 2121 1610 2176; x_wconf 85' lang='lat' dir='ltr'>Judaeam</span> <span class='ocrx_word' id='word_1_156' title='bbox 1645 2121 1858 2176; x_wconf 88' lang='lat' dir='ltr'>Christi</span> <span class='ocrx_word' id='word_1_157' title='bbox 1891 2120 2175 2191; x_wconf 85' lang='lat' dir='ltr'>sanguine</span> 
     </span>
    </p>
   </div>
   <div class='ocr_carea' id='block_1_24' title="bbox 526 2205 2171 2282">
    <p class='ocr_par' dir='ltr' id='par_1_24' title="bbox 526 2205 2171 2282">
     <span class='ocr_line' id='line_1_25' title="bbox 526 2205 2171 2282; baseline 0.003 -23"><span class='ocrx_word' id='word_1_158' title='bbox 526 2205 766 2274; x_wconf 85' lang='lat' dir='ltr'>recenti,</span> <span class='ocrx_word' id='word_1_159' title='bbox 822 2207 1173 2278; x_wconf 88' lang='lat' dir='ltr'>phantasma</span> <span class='ocrx_word' id='word_1_160' title='bbox 1227 2209 1458 2264; x_wconf 88' lang='lat' dir='ltr'>Domini</span> <span class='ocrx_word' id='word_1_161' title='bbox 1505 2227 1717 2282; x_wconf 93' lang='lat' dir='ltr'>corpus</span> <span class='ocrx_word' id='word_1_162' title='bbox 1762 2209 2171 2265; x_wconf 89' lang='lat' dir='ltr'>asserebatur:</span> 
     </span>
    </p>
   </div>
   <div class='ocr_carea' id='block_1_25' title="bbox 525 2294 2174 2370">
    <p class='ocr_par' dir='ltr' id='par_1_25' title="bbox 525 2294 2174 2370">
     <span class='ocr_line' id='line_1_26' title="bbox 525 2294 2174 2370; baseline 0.003 -22"><span class='ocrx_word' id='word_1_163' title='bbox 525 2294 760 2350; x_wconf 88' lang='lat' dir='ltr'>Galatas</span> <span class='ocrx_word' id='word_1_164' title='bbox 792 2295 863 2350; x_wconf 91' lang='lat' dir='ltr'>ad</span> <span class='ocrx_word' id='word_1_165' title='bbox 891 2295 1349 2352; x_wconf 87' lang='lat' dir='ltr'>observationem</span> <span class='ocrx_word' id='word_1_166' title='bbox 1371 2297 1514 2370; x_wconf 90' lang='lat' dir='ltr'>legis</span> <span class='ocrx_word' id='word_1_167' title='bbox 1539 2298 1840 2353; x_wconf 89' lang='lat' dir='ltr'>traductos</span> <span class='ocrx_word' id='word_1_168' title='bbox 1861 2297 2174 2369; x_wconf 86' lang='lat' dir='ltr'>Apostolus</span> 
     </span>
    </p>
   </div>
   <div class='ocr_carea' id='block_1_26' title="bbox 522 2381 2168 2457">
    <p class='ocr_par' dir='ltr' id='par_1_26' title="bbox 522 2381 2168 2457">
     <span class='ocr_line' id='line_1_27' title="bbox 522 2381 2168 2457; baseline 0.002 -21"><span class='ocrx_word' id='word_1_169' title='bbox 522 2381 736 2437; x_wconf 85' lang='lat' dir='ltr'>iterum</span> <span class='ocrx_word' id='word_1_170' title='bbox 769 2384 1053 2454; x_wconf 83' lang='lat' dir='ltr'>parturit:</span> <span class='ocrx_word' id='word_1_171' title='bbox 1079 2384 1410 2441; x_wconf 89' lang='lat' dir='ltr'>Corinthios</span> <span class='ocrx_word' id='word_1_172' title='bbox 1451 2387 1933 2442; x_wconf 89' lang='lat' dir='ltr'>resurrectionem</span> <span class='ocrx_word' id='word_1_173' title='bbox 1967 2402 2168 2457; x_wconf 91' lang='lat' dir='ltr'>corpo-</span> 
     </span>
    </p>
   </div>
   <div class='ocr_carea' id='block_1_27' title="bbox 523 2471 2167 2547">
    <p class='ocr_par' dir='ltr' id='par_1_27' title="bbox 523 2471 2167 2547">
     <span class='ocr_line' id='line_1_28' title="bbox 523 2471 2167 2547; baseline 0.001 -21"><span class='ocrx_word' id='word_1_174' title='bbox 523 2471 606 2526; x_wconf 88' lang='lat' dir='ltr'>ris</span> <span class='ocrx_word' id='word_1_175' title='bbox 639 2487 754 2526; x_wconf 90' lang='lat' dir='ltr'>non</span> <span class='ocrx_word' id='word_1_176' title='bbox 786 2473 1084 2529; x_wconf 89' lang='lat' dir='ltr'>credentes</span> <span class='ocrx_word' id='word_1_177' title='bbox 1123 2473 1393 2545; x_wconf 89' lang='lat' dir='ltr'>pluribus</span> <span class='ocrx_word' id='word_1_178' title='bbox 1441 2477 1805 2547; x_wconf 86' lang='lat' dir='ltr'>argumentis</span> <span class='ocrx_word' id='word_1_179' title='bbox 1847 2477 1917 2530; x_wconf 87' lang='lat' dir='ltr'>ad</span> <span class='ocrx_word' id='word_1_180' title='bbox 1965 2491 2167 2530; x_wconf 90' lang='lat' dir='ltr'>verum</span> 
     </span>
    </p>
   </div>
   <div class='ocr_carea' id='block_1_28' title="bbox 517 2559 2167 2637">
    <p class='ocr_par' dir='ltr' id='par_1_28' title="bbox 517 2559 2167 2637">
     <span class='ocr_line' id='line_1_29' title="bbox 517 2559 2167 2637; baseline 0.003 -24"><span class='ocrx_word' id='word_1_181' title='bbox 517 2559 630 2614; x_wconf 86' lang='lat' dir='ltr'>iter</span> <span class='ocrx_word' id='word_1_182' title='bbox 647 2560 875 2616; x_wconf 88' lang='lat' dir='ltr'>trahere</span> <span class='ocrx_word' id='word_1_183' title='bbox 897 2568 1158 2618; x_wconf 90' lang='lat' dir='ltr'>conatur.</span> <span class='ocrx_word' id='word_1_184' title='bbox 1181 2565 1342 2619; x_wconf 90' lang='lat' dir='ltr'>Tunc</span> <span class='ocrx_word' id='word_1_185' title='bbox 1365 2565 1564 2619; x_wconf 90' lang='lat' dir='ltr'>Simon</span> <span class='ocrx_word' id='word_1_186' title='bbox 1591 2581 1797 2637; x_wconf 89' lang='lat' dir='ltr'>magus</span> <span class='ocrx_word' id='word_1_187' title='bbox 1841 2571 1897 2620; x_wconf 89' lang='lat' dir='ltr'>et</span> <span class='ocrx_word' id='word_1_188' title='bbox 1932 2565 2167 2619; x_wconf 89' lang='lat' dir='ltr'>Menan-</span> 
     </span>
    </p>
   </div>
   <div class='ocr_carea' id='block_1_29' title="bbox 521 2649 2166 2722">
    <p class='ocr_par' dir='ltr' id='par_1_29' title="bbox 521 2649 2166 2722">
     <span class='ocr_line' id='line_1_30' title="bbox 521 2649 2166 2722; baseline 0.003 -20"><span class='ocrx_word' id='word_1_189' title='bbox 521 2649 622 2703; x_wconf 89' lang='lat' dir='ltr'>der</span> <span class='ocrx_word' id='word_1_190' title='bbox 652 2649 982 2722; x_wconf 88' lang='lat' dir='ltr'>discipulus</span> <span class='ocrx_word' id='word_1_191' title='bbox 1013 2652 1140 2721; x_wconf 86' lang='lat' dir='ltr'>ejus</span> <span class='ocrx_word' id='word_1_192' title='bbox 1173 2652 1265 2706; x_wconf 86' lang='lat' dir='ltr'>Uei</span> <span class='ocrx_word' id='word_1_193' title='bbox 1300 2669 1360 2707; x_wconf 91' lang='lat' dir='ltr'>se</span> <span class='ocrx_word' id='word_1_194' title='bbox 1391 2669 1695 2708; x_wconf 89' lang='lat' dir='ltr'>asseruere</span> <span class='ocrx_word' id='word_1_195' title='bbox 1725 2653 2166 2708; x_wconf 89' lang='lat' dir='ltr'>virtutes.Tunc</span> 
     </span>
    </p>
   </div>
   <div class='ocr_carea' id='block_1_30' title="bbox 516 2737 2166 2813">
    <p class='ocr_par' dir='ltr' id='par_1_30' title="bbox 516 2737 2166 2813">
     <span class='ocr_line' id='line_1_31' title="bbox 516 2737 2166 2813; baseline 0.002 -23"><span class='ocrx_word' id='word_1_196' title='bbox 516 2737 820 2805; x_wconf 90' lang='lat' dir='ltr'>Basilides,</span> <span class='ocrx_word' id='word_1_197' title='bbox 880 2744 988 2794; x_wconf 89' lang='lat' dir='ltr'>etc.</span> <span class='ocrx_word' id='word_1_198' title='bbox 1073 2741 1347 2796; x_wconf 90' lang='lat' dir='ltr'>Nicolaus</span> <span class='ocrx_word' id='word_1_199' title='bbox 1418 2757 1669 2813; x_wconf 90' lang='lat' dir='ltr'>quoque,</span> <span class='ocrx_word' id='word_1_200' title='bbox 1730 2747 1839 2797; x_wconf 88' lang='lat' dir='ltr'>etc.</span> <span class='ocrx_word' id='word_1_201' title='bbox 1899 2741 2166 2798; x_wconf 89' lang='lat' dir='ltr'>Saturni-</span> 
     </span>
    </p>
   </div>
   <div class='ocr_carea' id='block_1_31' title="bbox 517 2827 2165 2902">
    <p class='ocr_par' dir='ltr' id='par_1_31' title="bbox 517 2827 2165 2902">
     <span class='ocr_line' id='line_1_32' title="bbox 517 2827 2165 2902; baseline 0.004 -22"><span class='ocrx_word' id='word_1_202' title='bbox 517 2842 682 2896; x_wconf 89' lang='lat' dir='ltr'>num,</span> <span class='ocrx_word' id='word_1_203' title='bbox 733 2832 842 2882; x_wconf 89' lang='lat' dir='ltr'>etc.</span> <span class='ocrx_word' id='word_1_204' title='bbox 893 2827 1320 2898; x_wconf 88' lang='lat' dir='ltr'>Carpocratem,</span> <span class='ocrx_word' id='word_1_205' title='bbox 1375 2833 1432 2885; x_wconf 90' lang='lat' dir='ltr'>et</span> <span class='ocrx_word' id='word_1_206' title='bbox 1479 2830 1840 2900; x_wconf 90' lang='lat' dir='ltr'>Cerinthum,</span> <span class='ocrx_word' id='word_1_207' title='bbox 1891 2835 1948 2886; x_wconf 91' lang='lat' dir='ltr'>et</span> <span class='ocrx_word' id='word_1_208' title='bbox 1987 2830 2165 2902; x_wconf 86' lang='lat' dir='ltr'>hujus</span> 
     </span>
    </p>
   </div>
   <div class='ocr_carea' id='block_1_32' title="bbox 517 2916 2163 2990">
    <p class='ocr_par' dir='ltr' id='par_1_32' title="bbox 517 2916 2163 2990">
     <span class='ocr_line' id='line_1_33' title="bbox 517 2916 2163 2990; baseline 0.002 -21"><span class='ocrx_word' id='word_1_209' title='bbox 517 2931 915 2971; x_wconf 90' lang='lat' dir='ltr'>successorem</span> <span class='ocrx_word' id='word_1_210' title='bbox 949 2916 1287 2986; x_wconf 88' lang='lat' dir='ltr'>Hebionem,</span> <span class='ocrx_word' id='word_1_211' title='bbox 1322 2923 1380 2972; x_wconf 91' lang='lat' dir='ltr'>et</span> <span class='ocrx_word' id='word_1_212' title='bbox 1409 2923 1645 2974; x_wconf 81' lang='lat' dir='ltr'>caeteras</span> <span class='ocrx_word' id='word_1_213' title='bbox 1676 2924 1890 2990; x_wconf 89' lang='lat' dir='ltr'>pestes,</span> <span class='ocrx_word' id='word_1_214' title='bbox 1915 2935 2163 2990; x_wconf 91' lang='lat' dir='ltr'>quorum</span> 
     </span>
    </p>
   </div>
   <div class='ocr_carea' id='block_1_33' title="bbox 518 3003 2161 3081">
    <p class='ocr_par' dir='ltr' id='par_1_33' title="bbox 518 3003 2161 3081">
     <span class='ocr_line' id='line_1_34' title="bbox 518 3003 2161 3081; baseline 0.004 -24"><span class='ocrx_word' id='word_1_215' title='bbox 518 3003 757 3076; x_wconf 89' lang='lat' dir='ltr'>plurimi</span> <span class='ocrx_word' id='word_1_216' title='bbox 787 3004 1014 3061; x_wconf 90' lang='lat' dir='ltr'>vivente</span> <span class='ocrx_word' id='word_1_217' title='bbox 1044 3006 1236 3062; x_wconf 89' lang='lat' dir='ltr'>adhuc</span> <span class='ocrx_word' id='word_1_218' title='bbox 1265 3008 1490 3064; x_wconf 90' lang='lat' dir='ltr'>Joanne</span> <span class='ocrx_word' id='word_1_219' title='bbox 1519 3008 1780 3080; x_wconf 88' lang='lat' dir='ltr'>apostolo</span> <span class='ocrx_word' id='word_1_220' title='bbox 1823 3013 2161 3081; x_wconf 90' lang='lat' dir='ltr'>eruperunt.</span> 
     </span>
    </p>
   </div>
   <div class='ocr_carea' id='block_1_34' title="bbox 516 3093 2157 3169">
    <p class='ocr_par' dir='ltr' id='par_1_34' title="bbox 516 3093 2157 3169">
     <span class='ocr_line' id='line_1_35' title="bbox 516 3093 2157 3169; baseline 0 -21"><span class='ocrx_word' id='word_1_221' title='bbox 516 3093 586 3148; x_wconf 91' lang='lat' dir='ltr'>Et</span> <span class='ocrx_word' id='word_1_222' title='bbox 615 3097 810 3148; x_wconf 89' lang='lat' dir='ltr'>tamen</span> <span class='ocrx_word' id='word_1_223' title='bbox 841 3093 1071 3150; x_wconf 90' lang='lat' dir='ltr'>nullum</span> <span class='ocrx_word' id='word_1_224' title='bbox 1105 3113 1306 3152; x_wconf 91' lang='lat' dir='ltr'>eorum</span> <span class='ocrx_word' id='word_1_225' title='bbox 1351 3097 1602 3168; x_wconf 88' lang='lat' dir='ltr'>legimus</span> <span class='ocrx_word' id='word_1_226' title='bbox 1648 3098 2098 3169; x_wconf 89' lang='lat' dir='ltr'>rebaptizatum.</span> <span class='ocrx_word' id='word_1_227' title='bbox 2130 3119 2157 3148; x_wconf 84' lang='grc'><strong>››</strong></span> 
     </span>
    </p>
   </div>
   <div class='ocr_carea' id='block_1_35' title="bbox 2289 525 3810 604">
    <p class='ocr_par' dir='ltr' id='par_1_35' title="bbox 2289 525 3810 604">
     <span class='ocr_line' id='line_1_36' title="bbox 2289 525 3810 604; baseline 0.008 -27"><span class='ocrx_word' id='word_1_228' title='bbox 2289 530 2386 578; x_wconf 92' lang='lat' dir='ltr'>tur</span> <span class='ocrx_word' id='word_1_229' title='bbox 2402 525 2499 594; x_wconf 89' lang='lat' dir='ltr'>qui</span> <span class='ocrx_word' id='word_1_230' title='bbox 2521 525 2581 579; x_wconf 90' lang='lat' dir='ltr'>in</span> <span class='ocrx_word' id='word_1_231' title='bbox 2603 525 3022 580; x_wconf 82' lang='lat' dir='ltr'>Nicolaitarum</span> <span class='ocrx_word' id='word_1_232' title='bbox 3048 526 3159 580; x_wconf 83' lang='lat' dir='ltr'>fide</span> <span class='ocrx_word' id='word_1_233' title='bbox 3180 527 3427 596; x_wconf 80' lang='lat' dir='ltr'>baptizati</span> <span class='ocrx_word' id='word_1_234' title='bbox 3447 535 3565 582; x_wconf 89' lang='lat' dir='ltr'>sunt</span> <span class='ocrx_word' id='word_1_235' title='bbox 3580 529 3730 594; x_wconf 84' lang='lat' dir='ltr'>?Quin</span> <span class='ocrx_word' id='word_1_236' title='bbox 3744 552 3810 604; x_wconf 84' lang='lat' dir='ltr'>po-</span> 
     </span>
    </p>
   </div>
   <div class='ocr_carea' id='block_1_36' title="bbox 2288 613 3810 686">
    <p class='ocr_par' dir='ltr' id='par_1_36' title="bbox 2288 613 3810 686">
     <span class='ocr_line' id='line_1_37' title="bbox 2288 613 3810 686; baseline 0.007 -20"><span class='ocrx_word' id='word_1_237' title='bbox 2288 613 2428 679; x_wconf 86' lang='lat' dir='ltr'>tius,</span> <span class='ocrx_word' id='word_1_238' title='bbox 2452 614 2588 684; x_wconf 85' lang='lat' dir='ltr'>Age,</span> <span class='ocrx_word' id='word_1_239' title='bbox 2614 615 2826 685; x_wconf 89' lang='lat' dir='ltr'>inquit,</span> <span class='ocrx_word' id='word_1_240' title='bbox 2851 614 3268 686; x_wconf 72' lang='lat' dir='ltr'>pmnitentiam,</span> <span class='ocrx_word' id='word_1_241' title='bbox 3291 622 3390 669; x_wconf 86' lang='lat' dir='ltr'>etc.</span> <span class='ocrx_word' id='word_1_242' title='bbox 3425 643 3441 663; x_wconf 77' lang='grc' dir='ltr'>ι</span> <span class='ocrx_word' id='word_1_243' title='bbox 3464 619 3539 670; x_wconf 82' lang='lat' dir='ltr'>Sic</span> <span class='ocrx_word' id='word_1_244' title='bbox 3559 618 3639 674; x_wconf 89' lang='lat' dir='ltr'>ille</span> <span class='ocrx_word' id='word_1_245' title='bbox 3658 621 3810 678; x_wconf 80' lang='lat' dir='ltr'>invete-</span> 
     </span>
    </p>
   </div>
   <div class='ocr_carea' id='block_1_37' title="bbox 2293 703 3814 775">
    <p class='ocr_par' dir='ltr' id='par_1_37' title="bbox 2293 703 3814 775">
     <span class='ocr_line' id='line_1_38' title="bbox 2293 703 3814 775; baseline 0.007 -20"><span class='ocrx_word' id='word_1_246' title='bbox 2293 707 2475 757; x_wconf 84' lang='lat' dir='ltr'>ratam</span> <span class='ocrx_word' id='word_1_247' title='bbox 2493 720 2664 773; x_wconf 87' lang='lat' dir='ltr'>quam</span> <span class='ocrx_word' id='word_1_248' title='bbox 2689 704 3021 775; x_wconf 88' lang='lat' dir='ltr'>Stephanus</span> <span class='ocrx_word' id='word_1_249' title='bbox 3038 703 3326 758; x_wconf 89' lang='lat' dir='ltr'>mordicus</span> <span class='ocrx_word' id='word_1_250' title='bbox 3342 705 3814 765; x_wconf 78' lang='lat' dir='ltr'>defensabatcoasue-</span> 
     </span>
    </p>
   </div>
   <div class='ocr_carea' id='block_1_38' title="bbox 2289 790 3815 868">
    <p class='ocr_par' dir='ltr' id='par_1_38' title="bbox 2289 790 3815 868">
     <span class='ocr_line' id='line_1_39' title="bbox 2289 790 3815 868; baseline 0.006 -24"><span class='ocrx_word' id='word_1_251' title='bbox 2289 791 2554 846; x_wconf 89' lang='lat' dir='ltr'>tudinem</span> <span class='ocrx_word' id='word_1_252' title='bbox 2581 794 2653 846; x_wconf 88' lang='lat' dir='ltr'>ab</span> <span class='ocrx_word' id='word_1_253' title='bbox 2677 792 2822 864; x_wconf 90' lang='lat' dir='ltr'>ipsis</span> <span class='ocrx_word' id='word_1_254' title='bbox 2847 809 3032 864; x_wconf 89' lang='lat' dir='ltr'>usque</span> <span class='ocrx_word' id='word_1_255' title='bbox 3055 790 3326 864; x_wconf 80' lang='lat' dir='ltr'>apostolis</span> <span class='ocrx_word' id='word_1_256' title='bbox 3348 794 3702 861; x_wconf 88' lang='lat' dir='ltr'>derivatam,et</span> <span class='ocrx_word' id='word_1_257' title='bbox 3718 798 3815 868; x_wconf 80' lang='lat' dir='ltr'>ipsis</span> 
     </span>
    </p>
   </div>
   <div class='ocr_carea' id='block_1_39' title="bbox 2288 879 3815 952">
    <p class='ocr_par' dir='ltr' id='par_1_39' title="bbox 2288 879 3815 952">
     <span class='ocr_line' id='line_1_40' title="bbox 2288 879 3815 952; baseline 0.006 -20"><span class='ocrx_word' id='word_1_258' title='bbox 2288 879 2596 950; x_wconf 84' lang='lat' dir='ltr'>Scripturea</span> <span class='ocrx_word' id='word_1_259' title='bbox 2645 882 2849 935; x_wconf 70' lang='lat' dir='ltr'>divinae</span> <span class='ocrx_word' id='word_1_260' title='bbox 2901 881 3128 952; x_wconf 86' lang='lat' dir='ltr'>paginis</span> <span class='ocrx_word' id='word_1_261' title='bbox 3180 881 3548 950; x_wconf 79' lang='lat' dir='ltr'>consignatam</span> <span class='ocrx_word' id='word_1_262' title='bbox 3587 883 3727 939; x_wconf 79' lang='lat' dir='ltr'>fuisse</span> <span class='ocrx_word' id='word_1_263' title='bbox 3750 887 3815 941; x_wconf 85' lang='lat' dir='ltr'>de-</span> 
     </span>
    </p>
   </div>
   <div class='ocr_carea' id='block_1_40' title="bbox 2289 969 3819 1043">
    <p class='ocr_par' dir='ltr' id='par_1_40' title="bbox 2289 969 3819 1043">
     <span class='ocr_line' id='line_1_41' title="bbox 2289 969 3819 1043; baseline 0.004 -22"><span class='ocrx_word' id='word_1_264' title='bbox 2289 973 2597 1022; x_wconf 88' lang='lat' dir='ltr'>monstrat.</span> <span class='ocrx_word' id='word_1_265' title='bbox 2655 973 2832 1023; x_wconf 87' lang='lat' dir='ltr'>Porro</span> <span class='ocrx_word' id='word_1_266' title='bbox 2893 974 2957 1024; x_wconf 90' lang='lat' dir='ltr'>ut</span> <span class='ocrx_word' id='word_1_267' title='bbox 3013 969 3355 1040; x_wconf 88' lang='lat' dir='ltr'>Stephanus,</span> <span class='ocrx_word' id='word_1_268' title='bbox 3413 971 3483 1025; x_wconf 90' lang='lat' dir='ltr'>ita</span> <span class='ocrx_word' id='word_1_269' title='bbox 3527 972 3819 1043; x_wconf 80' lang='lat' dir='ltr'>Hieronymus</span> 
     </span>
    </p>
   </div>
   <div class='ocr_carea' id='block_1_41' title="bbox 2290 1055 3819 1128">
    <p class='ocr_par' dir='ltr' id='par_1_41' title="bbox 2290 1055 3819 1128">
     <span class='ocr_line' id='line_1_42' title="bbox 2290 1055 3819 1128; baseline 0.004 -19"><span class='ocrx_word' id='word_1_270' title='bbox 2290 1055 2448 1110; x_wconf 92' lang='lat' dir='ltr'>nullo</span> <span class='ocrx_word' id='word_1_271' title='bbox 2479 1057 2815 1112; x_wconf 87' lang='lat' dir='ltr'>discrimine</span> <span class='ocrx_word' id='word_1_272' title='bbox 2848 1057 3148 1112; x_wconf 75' lang='lat' dir='ltr'>haereticos</span> <span class='ocrx_word' id='word_1_273' title='bbox 3181 1058 3465 1128; x_wconf 87' lang='lat' dir='ltr'>dispescit,</span> <span class='ocrx_word' id='word_1_274' title='bbox 3491 1075 3661 1114; x_wconf 85' lang='lat' dir='ltr'>omnes</span> <span class='ocrx_word' id='word_1_275' title='bbox 3677 1077 3764 1115; x_wconf 86' lang='lat' dir='ltr'>una</span> <span class='ocrx_word' id='word_1_276' title='bbox 3783 1063 3819 1115; x_wconf 86' lang='lat' dir='ltr'>in</span> 
     </span>
    </p>
   </div>
   <div class='ocr_carea' id='block_1_42' title="bbox 2292 1144 3824 1219">
    <p class='ocr_par' dir='ltr' id='par_1_42' title="bbox 2292 1144 3824 1219">
     <span class='ocr_line' id='line_1_43' title="bbox 2292 1144 3824 1219; baseline 0.004 -22"><span class='ocrx_word' id='word_1_277' title='bbox 2292 1145 2421 1198; x_wconf 91' lang='lat' dir='ltr'>navi</span> <span class='ocrx_word' id='word_1_278' title='bbox 2457 1144 2629 1213; x_wconf 90' lang='lat' dir='ltr'>locat,</span> <span class='ocrx_word' id='word_1_279' title='bbox 2675 1163 2878 1201; x_wconf 91' lang='lat' dir='ltr'>omnes</span> <span class='ocrx_word' id='word_1_280' title='bbox 2924 1146 3266 1218; x_wconf 80' lang='lat' dir='ltr'>pcsnitentia</span> <span class='ocrx_word' id='word_1_281' title='bbox 3313 1163 3417 1200; x_wconf 91' lang='lat' dir='ltr'>non</span> <span class='ocrx_word' id='word_1_282' title='bbox 3445 1146 3824 1219; x_wconf 84' lang='lat' dir='ltr'>baptismojubet</span> 
     </span>
    </p>
   </div>
   <div class='ocr_carea' id='block_1_43' title="bbox 2290 1233 2468 1288">
    <p class='ocr_par' dir='ltr' id='par_1_43' title="bbox 2290 1233 2468 1288">
     <span class='ocr_line' id='line_1_44' title="bbox 2290 1233 2468 1288; baseline -0.006 0"><span class='ocrx_word' id='word_1_283' title='bbox 2290 1233 2468 1288; x_wconf 83' lang='lat' dir='ltr'>ablui.</span> 
     </span>
    </p>
   </div>
   <div class='ocr_carea' id='block_1_44' title="bbox 2751 1351 3451 1406">
    <p class='ocr_par' dir='ltr' id='par_1_44' title="bbox 2751 1351 3451 1406">
     <span class='ocr_line' id='line_1_45' title="bbox 2751 1351 3451 1406; baseline -0.001 0"><span class='ocrx_word' id='word_1_284' title='bbox 2751 1351 2890 1406; x_wconf 82' lang='lat' dir='ltr'>XVI.</span> <span class='ocrx_word' id='word_1_285' title='bbox 2917 1353 3001 1406; x_wconf 73' lang='lat' dir='ltr'>Ea:</span> <span class='ocrx_word' id='word_1_286' title='bbox 3028 1353 3215 1406; x_wconf 77' lang='lat' dir='ltr'>eodem</span> <span class='ocrx_word' id='word_1_287' title='bbox 3245 1354 3451 1406; x_wconf 78' lang='lat' dir='ltr'>iterum.</span> 
     </span>
    </p>
   </div>
   <div class='ocr_carea' id='block_1_45' title="bbox 2360 1490 3826 1565">
    <p class='ocr_par' dir='ltr' id='par_1_45' title="bbox 2360 1490 3826 1565">
     <span class='ocr_line' id='line_1_46' title="bbox 2360 1490 3826 1565; baseline 0.001 -20"><span class='ocrx_word' id='word_1_288' title='bbox 2360 1490 2575 1547; x_wconf 90' lang='lat' dir='ltr'>Verum</span> <span class='ocrx_word' id='word_1_289' title='bbox 2609 1492 2906 1548; x_wconf 88' lang='lat' dir='ltr'>luculenta</span> <span class='ocrx_word' id='word_1_290' title='bbox 2937 1511 3051 1565; x_wconf 75' lang='lat' dir='ltr'>prae</span> <span class='ocrx_word' id='word_1_291' title='bbox 3075 1493 3295 1548; x_wconf 61' lang='lat' dir='ltr'>cateris</span> <span class='ocrx_word' id='word_1_292' title='bbox 3317 1499 3446 1548; x_wconf 90' lang='lat' dir='ltr'>sunt</span> <span class='ocrx_word' id='word_1_293' title='bbox 3473 1510 3582 1563; x_wconf 76' lang='lat' dir='ltr'>quae</span> <span class='ocrx_word' id='word_1_294' title='bbox 3606 1493 3729 1547; x_wconf 78' lang='lat' dir='ltr'>inira</span> <span class='ocrx_word' id='word_1_295' title='bbox 3749 1494 3826 1547; x_wconf 86' lang='lat' dir='ltr'>dis-</span> 
     </span>
    </p>
   </div>
   <div class='ocr_carea' id='block_1_46' title="bbox 2289 1581 3827 1655">
    <p class='ocr_par' dir='ltr' id='par_1_46' title="bbox 2289 1581 3827 1655">
     <span class='ocr_line' id='line_1_47' title="bbox 2289 1581 3827 1655; baseline 0 -21"><span class='ocrx_word' id='word_1_296' title='bbox 2289 1585 2458 1651; x_wconf 90' lang='lat' dir='ltr'>putat</span> <span class='ocrx_word' id='word_1_297' title='bbox 2488 1581 2639 1636; x_wconf 92' lang='lat' dir='ltr'>idem</span> <span class='ocrx_word' id='word_1_298' title='bbox 2675 1582 3060 1655; x_wconf 86' lang='lat' dir='ltr'>Hieronymus</span> <span class='ocrx_word' id='word_1_299' title='bbox 3091 1584 3370 1637; x_wconf 90' lang='lat' dir='ltr'>adversus</span> <span class='ocrx_word' id='word_1_300' title='bbox 3417 1583 3666 1636; x_wconf 82' lang='lat' dir='ltr'>Hilarium</span> <span class='ocrx_word' id='word_1_301' title='bbox 3691 1582 3827 1635; x_wconf 81' lang='lat' dir='ltr'>diaco-</span> 
     </span>
    </p>
   </div>
   <div class='ocr_carea' id='block_1_47' title="bbox 2291 1671 3826 1743">
    <p class='ocr_par' dir='ltr' id='par_1_47' title="bbox 2291 1671 3826 1743">
     <span class='ocr_line' id='line_1_48' title="bbox 2291 1671 3826 1743; baseline 0 -21"><span class='ocrx_word' id='word_1_302' title='bbox 2291 1686 2430 1724; x_wconf 91' lang='lat' dir='ltr'>num</span> <span class='ocrx_word' id='word_1_303' title='bbox 2467 1671 2813 1727; x_wconf 85' lang='lat' dir='ltr'>Luciferiani</span> <span class='ocrx_word' id='word_1_304' title='bbox 2843 1672 3175 1727; x_wconf 89' lang='lat' dir='ltr'>schismalis</span> <span class='ocrx_word' id='word_1_305' title='bbox 3204 1689 3531 1743; x_wconf 69' lang='lat' dir='ltr'>praeconem,</span> <span class='ocrx_word' id='word_1_306' title='bbox 3557 1673 3668 1725; x_wconf 80' lang='lat' dir='ltr'>inde</span> <span class='ocrx_word' id='word_1_307' title='bbox 3691 1686 3826 1724; x_wconf 77' lang='lat' dir='ltr'>novum</span> 
     </span>
    </p>
   </div>
   <div class='ocr_carea' id='block_1_48' title="bbox 2289 1758 3827 1829">
    <p class='ocr_par' dir='ltr' id='par_1_48' title="bbox 2289 1758 3827 1829">
     <span class='ocr_line' id='line_1_49' title="bbox 2289 1758 3827 1829; baseline -0.001 -18"><span class='ocrx_word' id='word_1_308' title='bbox 2289 1758 2432 1811; x_wconf 60' lang='lat' dir='ltr'>orbis</span> <span class='ocrx_word' id='word_1_309' title='bbox 2469 1759 2866 1814; x_wconf 79' lang='lat' dir='ltr'>Deucalionem</span> <span class='ocrx_word' id='word_1_310' title='bbox 2899 1759 3136 1823; x_wconf 85' lang='lat' dir='ltr'>factum,</span> <span class='ocrx_word' id='word_1_311' title='bbox 3161 1761 3313 1829; x_wconf 89' lang='lat' dir='ltr'>quod</span> <span class='ocrx_word' id='word_1_312' title='bbox 3350 1761 3616 1814; x_wconf 82' lang='lat' dir='ltr'>venientes</span> <span class='ocrx_word' id='word_1_313' title='bbox 3643 1760 3700 1812; x_wconf 87' lang='lat' dir='ltr'>ab</span> <span class='ocrx_word' id='word_1_314' title='bbox 3723 1758 3827 1812; x_wconf 80' lang='lat' dir='ltr'>Aria-</span> 
     </span>
    </p>
   </div>
   <div class='ocr_carea' id='block_1_49' title="bbox 2292 1846 3828 1920">
    <p class='ocr_par' dir='ltr' id='par_1_49' title="bbox 2292 1846 3828 1920">
     <span class='ocr_line' id='line_1_50' title="bbox 2292 1846 3828 1920; baseline 0.001 -22"><span class='ocrx_word' id='word_1_315' title='bbox 2292 1846 2584 1902; x_wconf 89' lang='lat' dir='ltr'>nisdenuo</span> <span class='ocrx_word' id='word_1_316' title='bbox 2605 1848 2915 1920; x_wconf 89' lang='lat' dir='ltr'>tingendos</span> <span class='ocrx_word' id='word_1_317' title='bbox 2934 1849 3238 1904; x_wconf 89' lang='lat' dir='ltr'>insaniret.</span> <span class='ocrx_word' id='word_1_318' title='bbox 3259 1875 3283 1898; x_wconf 79' lang='lat' dir='ltr'>u</span> <span class='ocrx_word' id='word_1_319' title='bbox 3300 1849 3356 1903; x_wconf 93' lang='lat' dir='ltr'>Si</span> <span class='ocrx_word' id='word_1_320' title='bbox 3375 1849 3604 1903; x_wconf 53' lang='lat' dir='ltr'>heretici</span> <span class='ocrx_word' id='word_1_321' title='bbox 3619 1847 3828 1918; x_wconf 77' lang='lat' dir='ltr'>baptisma</span> 
     </span>
    </p>
   </div>
   <div class='ocr_carea' id='block_1_50' title="bbox 2290 1936 3828 2010">
    <p class='ocr_par' dir='ltr' id='par_1_50' title="bbox 2290 1936 3828 2010">
     <span class='ocr_line' id='line_1_51' title="bbox 2290 1936 3828 2010; baseline -0.001 -21"><span class='ocrx_word' id='word_1_322' title='bbox 2290 1951 2404 1990; x_wconf 91' lang='lat' dir='ltr'>non</span> <span class='ocrx_word' id='word_1_323' title='bbox 2437 1936 2656 1993; x_wconf 89' lang='lat' dir='ltr'>habent</span> <span class='ocrx_word' id='word_1_324' title='bbox 2687 1943 2741 1993; x_wconf 86' lang='lat' dir='ltr'>et</span> <span class='ocrx_word' id='word_1_325' title='bbox 2771 1939 2899 1993; x_wconf 90' lang='lat' dir='ltr'>ideo</span> <span class='ocrx_word' id='word_1_326' title='bbox 2931 1938 3332 2010; x_wconf 90' lang='lat' dir='ltr'>rebaptizandi</span> <span class='ocrx_word' id='word_1_327' title='bbox 3364 1939 3432 1992; x_wconf 89' lang='lat' dir='ltr'>ab</span> <span class='ocrx_word' id='word_1_328' title='bbox 3475 1937 3695 1992; x_wconf 85' lang='lat' dir='ltr'>Ecclesia</span> <span class='ocrx_word' id='word_1_329' title='bbox 3725 1942 3828 1996; x_wconf 86' lang='lat' dir='ltr'>sunt,</span> 
     </span>
    </p>
   </div>
   <div class='ocr_carea' id='block_1_51' title="bbox 2288 2023 3827 2098">
    <p class='ocr_par' dir='ltr' id='par_1_51' title="bbox 2288 2023 3827 2098">
     <span class='ocr_line' id='line_1_52' title="bbox 2288 2023 3827 2098; baseline -0.002 -20"><span class='ocrx_word' id='word_1_330' title='bbox 2288 2025 2426 2095; x_wconf 91' lang='lat' dir='ltr'>quia</span> <span class='ocrx_word' id='word_1_331' title='bbox 2457 2026 2514 2079; x_wconf 91' lang='lat' dir='ltr'>in</span> <span class='ocrx_word' id='word_1_332' title='bbox 2549 2026 2803 2081; x_wconf 88' lang='lat' dir='ltr'>Ecclesia</span> <span class='ocrx_word' id='word_1_333' title='bbox 2826 2044 2940 2081; x_wconf 90' lang='lat' dir='ltr'>non</span> <span class='ocrx_word' id='word_1_334' title='bbox 2967 2028 3207 2082; x_wconf 82' lang='lat' dir='ltr'>fuerunt</span> <span class='ocrx_word' id='word_1_335' title='bbox 3232 2045 3244 2082; x_wconf 91' lang='lat'><strong>:</strong></span> <span class='ocrx_word' id='word_1_336' title='bbox 3275 2027 3397 2098; x_wconf 88' lang='lat' dir='ltr'>ipse</span> <span class='ocrx_word' id='word_1_337' title='bbox 3423 2042 3631 2098; x_wconf 89' lang='lat' dir='ltr'>quoque</span> <span class='ocrx_word' id='word_1_338' title='bbox 3651 2023 3827 2078; x_wconf 79' lang='lat' dir='ltr'>Hilarius</span> 
     </span>
    </p>
   </div>
   <div class='ocr_carea' id='block_1_52' title="bbox 2288 2113 3829 2189">
    <p class='ocr_par' dir='ltr' id='par_1_52' title="bbox 2288 2113 3829 2189">
     <span class='ocr_line' id='line_1_53' title="bbox 2288 2113 3829 2189; baseline -0.002 -22"><span class='ocrx_word' id='word_1_339' title='bbox 2288 2131 2403 2168; x_wconf 92' lang='lat' dir='ltr'>non</span> <span class='ocrx_word' id='word_1_340' title='bbox 2417 2115 2593 2169; x_wconf 88' lang='lat' dir='ltr'>estCh</span> <span class='ocrx_word' id='word_1_341' title='bbox 2605 2115 2901 2170; x_wconf 89' lang='lat' dir='ltr'>ristianus.</span> <span class='ocrx_word' id='word_1_342' title='bbox 2919 2121 2981 2170; x_wconf 89' lang='lat' dir='ltr'>In</span> <span class='ocrx_word' id='word_1_343' title='bbox 3005 2133 3071 2171; x_wconf 91' lang='lat' dir='ltr'>ea</span> <span class='ocrx_word' id='word_1_344' title='bbox 3093 2118 3311 2189; x_wconf 90' lang='lat' dir='ltr'>quippe</span> <span class='ocrx_word' id='word_1_345' title='bbox 3330 2114 3568 2171; x_wconf 88' lang='lat' dir='ltr'>Ecclesia</span> <span class='ocrx_word' id='word_1_346' title='bbox 3590 2113 3829 2185; x_wconf 77' lang='lat' dir='ltr'>baptizatus</span> 
     </span>
    </p>
   </div>
   <div class='ocr_carea' id='block_1_53' title="bbox 2282 2201 3828 2276">
    <p class='ocr_par' dir='ltr' id='par_1_53' title="bbox 2282 2201 3828 2276">
     <span class='ocr_line' id='line_1_54' title="bbox 2282 2201 3828 2276; baseline 0.001 -21"><span class='ocrx_word' id='word_1_347' title='bbox 2282 2207 2370 2256; x_wconf 91' lang='lat' dir='ltr'>est</span> <span class='ocrx_word' id='word_1_348' title='bbox 2401 2220 2527 2275; x_wconf 68' lang='lat' dir='ltr'>qua:</span> <span class='ocrx_word' id='word_1_349' title='bbox 2569 2221 2799 2276; x_wconf 87' lang='lat' dir='ltr'>semper</span> <span class='ocrx_word' id='word_1_350' title='bbox 2843 2205 2914 2260; x_wconf 88' lang='lat' dir='ltr'>ab</span> <span class='ocrx_word' id='word_1_351' title='bbox 2966 2206 3256 2260; x_wconf 68' lang='lat' dir='ltr'>haereticis</span> <span class='ocrx_word' id='word_1_352' title='bbox 3307 2206 3637 2276; x_wconf 85' lang='lat' dir='ltr'>baptismum</span> <span class='ocrx_word' id='word_1_353' title='bbox 3665 2201 3828 2270; x_wconf 79' lang='lat' dir='ltr'>recepit.</span> 
     </span>
    </p>
   </div>
   <div class='ocr_carea' id='block_1_54' title="bbox 2281 2293 3830 2368">
    <p class='ocr_par' dir='ltr' id='par_1_54' title="bbox 2281 2293 3830 2368">
     <span class='ocr_line' id='line_1_55' title="bbox 2281 2293 3830 2368; baseline -0.002 -23"><span class='ocrx_word' id='word_1_354' title='bbox 2281 2293 2604 2363; x_wconf 84' lang='lat' dir='ltr'>Antequam</span> <span class='ocrx_word' id='word_1_355' title='bbox 2652 2295 3038 2350; x_wconf 89' lang='lat' dir='ltr'>Ariminensis</span> <span class='ocrx_word' id='word_1_356' title='bbox 3093 2297 3356 2368; x_wconf 84' lang='lat' dir='ltr'>synodus</span> <span class='ocrx_word' id='word_1_357' title='bbox 3387 2294 3556 2363; x_wconf 82' lang='lat' dir='ltr'>ﬁeret,</span> <span class='ocrx_word' id='word_1_358' title='bbox 3601 2297 3830 2361; x_wconf 83' lang='lat' dir='ltr'>antequam</span> 
     </span>
    </p>
   </div>
   <div class='ocr_carea' id='block_1_55' title="bbox 2282 2378 3829 2452">
    <p class='ocr_par' dir='ltr' id='par_1_55' title="bbox 2282 2378 3829 2452">
     <span class='ocr_line' id='line_1_56' title="bbox 2282 2378 3829 2452; baseline -0.003 -16"><span class='ocrx_word' id='word_1_359' title='bbox 2282 2381 2503 2438; x_wconf 81' lang='lat' dir='ltr'>Lucifer</span> <span class='ocrx_word' id='word_1_360' title='bbox 2536 2388 2846 2452; x_wconf 81' lang='lat' dir='ltr'>exsularet,</span> <span class='ocrx_word' id='word_1_361' title='bbox 2896 2384 3152 2440; x_wconf 86' lang='lat' dir='ltr'>Hilarius</span> <span class='ocrx_word' id='word_1_362' title='bbox 3187 2385 3458 2439; x_wconf 60' lang='lat' dir='ltr'>Romane</span> <span class='ocrx_word' id='word_1_363' title='bbox 3509 2380 3729 2437; x_wconf 70' lang='lat' dir='ltr'>Ecclesia</span> <span class='ocrx_word' id='word_1_364' title='bbox 3750 2378 3829 2431; x_wconf 88' lang='lat' dir='ltr'>dia-</span> 
     </span>
    </p>
   </div>
   <div class='ocr_carea' id='block_1_56' title="bbox 2277 2469 3829 2543">
    <p class='ocr_par' dir='ltr' id='par_1_56' title="bbox 2277 2469 3829 2543">
     <span class='ocr_line' id='line_1_57' title="bbox 2277 2469 3829 2543; baseline -0.001 -21"><span class='ocrx_word' id='word_1_365' title='bbox 2277 2485 2458 2524; x_wconf 91' lang='lat' dir='ltr'>conus</span> <span class='ocrx_word' id='word_1_366' title='bbox 2489 2471 2562 2525; x_wconf 86' lang='lat' dir='ltr'>ab</span> <span class='ocrx_word' id='word_1_367' title='bbox 2595 2472 2880 2528; x_wconf 56' lang='lat' dir='ltr'>haereticis</span> <span class='ocrx_word' id='word_1_368' title='bbox 2907 2476 3228 2540; x_wconf 83' lang='lat' dir='ltr'>venientes,</span> <span class='ocrx_word' id='word_1_369' title='bbox 3263 2473 3320 2526; x_wconf 92' lang='lat' dir='ltr'>in</span> <span class='ocrx_word' id='word_1_370' title='bbox 3354 2489 3417 2527; x_wconf 89' lang='lat' dir='ltr'>eo</span> <span class='ocrx_word' id='word_1_371' title='bbox 3452 2471 3592 2543; x_wconf 92' lang='lat' dir='ltr'>quod</span> <span class='ocrx_word' id='word_1_372' title='bbox 3619 2469 3748 2542; x_wconf 86' lang='lat' dir='ltr'>prius</span> <span class='ocrx_word' id='word_1_373' title='bbox 3768 2482 3829 2521; x_wconf 82' lang='lat' dir='ltr'>ac-</span> 
     </span>
    </p>
   </div>
   <div class='ocr_carea' id='block_1_57' title="bbox 2276 2561 3824 2634">
    <p class='ocr_par' dir='ltr' id='par_1_57' title="bbox 2276 2561 3824 2634">
     <span class='ocr_line' id='line_1_58' title="bbox 2276 2561 3824 2634; baseline -0.003 -22"><span class='ocrx_word' id='word_1_374' title='bbox 2276 2565 2570 2629; x_wconf 79' lang='lat' dir='ltr'>ceperant,</span> <span class='ocrx_word' id='word_1_375' title='bbox 2605 2562 2955 2633; x_wconf 89' lang='lat' dir='ltr'>baptismate</span> <span class='ocrx_word' id='word_1_376' title='bbox 2988 2563 3326 2634; x_wconf 87' lang='lat' dir='ltr'>recipiebat.</span> <span class='ocrx_word' id='word_1_377' title='bbox 3360 2562 3476 2615; x_wconf 89' lang='lat' dir='ltr'>Nisi</span> <span class='ocrx_word' id='word_1_378' title='bbox 3512 2561 3638 2615; x_wconf 76' lang='lat' dir='ltr'>l&#39;orte</span> <span class='ocrx_word' id='word_1_379' title='bbox 3664 2562 3824 2612; x_wconf 85' lang='lat' dir='ltr'>tantum</span> 
     </span>
    </p>
   </div>
   <div class='ocr_carea' id='block_1_58' title="bbox 2275 2647 3827 2722">
    <p class='ocr_par' dir='ltr' id='par_1_58' title="bbox 2275 2647 3827 2722">
     <span class='ocr_line' id='line_1_59' title="bbox 2275 2647 3827 2722; baseline -0.002 -21"><span class='ocrx_word' id='word_1_380' title='bbox 2275 2648 2472 2703; x_wconf 82' lang='lat' dir='ltr'>Ariani</span> <span class='ocrx_word' id='word_1_381' title='bbox 2508 2650 2756 2706; x_wconf 76' lang='lat' dir='ltr'>hzeretici</span> <span class='ocrx_word' id='word_1_382' title='bbox 2807 2657 2946 2706; x_wconf 90' lang='lat' dir='ltr'>sunt</span> <span class='ocrx_word' id='word_1_383' title='bbox 2975 2656 3031 2706; x_wconf 88' lang='lat' dir='ltr'>et</span> <span class='ocrx_word' id='word_1_384' title='bbox 3077 2651 3150 2706; x_wconf 91' lang='lat' dir='ltr'>ab</span> <span class='ocrx_word' id='word_1_385' title='bbox 3191 2652 3345 2722; x_wconf 90' lang='lat' dir='ltr'>ipsis</span> <span class='ocrx_word' id='word_1_386' title='bbox 3394 2649 3528 2706; x_wconf 86' lang='lat' dir='ltr'>solis</span> <span class='ocrx_word' id='word_1_387' title='bbox 3554 2647 3827 2719; x_wconf 81' lang='lat' dir='ltr'>baptizatum</span> 
     </span>
    </p>
   </div>
   <div class='ocr_carea' id='block_1_59' title="bbox 2274 2737 3830 2810">
    <p class='ocr_par' dir='ltr' id='par_1_59' title="bbox 2274 2737 3830 2810">
     <span class='ocr_line' id='line_1_60' title="bbox 2274 2737 3830 2810; baseline -0.005 -18"><span class='ocrx_word' id='word_1_388' title='bbox 2274 2737 2527 2810; x_wconf 87' lang='lat' dir='ltr'>recipere</span> <span class='ocrx_word' id='word_1_389' title='bbox 2559 2756 2672 2794; x_wconf 92' lang='lat' dir='ltr'>non</span> <span class='ocrx_word' id='word_1_390' title='bbox 2703 2739 2854 2807; x_wconf 86' lang='lat' dir='ltr'>licet,</span> <span class='ocrx_word' id='word_1_391' title='bbox 2907 2743 2978 2796; x_wconf 90' lang='lat' dir='ltr'>ab</span> <span class='ocrx_word' id='word_1_392' title='bbox 3009 2740 3141 2795; x_wconf 90' lang='lat' dir='ltr'>aliis</span> <span class='ocrx_word' id='word_1_393' title='bbox 3189 2740 3349 2795; x_wconf 90' lang='lat' dir='ltr'>licet.</span> <span class='ocrx_word' id='word_1_394' title='bbox 3395 2739 3660 2796; x_wconf 85' lang='lat' dir='ltr'>Diaconus</span> <span class='ocrx_word' id='word_1_395' title='bbox 3683 2749 3789 2797; x_wconf 83' lang='lat' dir='ltr'>eras,</span> <span class='ocrx_word' id='word_1_396' title='bbox 3811 2748 3830 2784; x_wconf 82' lang='grc' dir='ltr'>ο</span> 
     </span>
    </p>
   </div>
   <div class='ocr_carea' id='block_1_60' title="bbox 2274 2821 3832 2900">
    <p class='ocr_par' dir='ltr' id='par_1_60' title="bbox 2274 2821 3832 2900">
     <span class='ocr_line' id='line_1_61' title="bbox 2274 2821 3832 2900; baseline -0.004 -19"><span class='ocrx_word' id='word_1_397' title='bbox 2274 2826 2477 2896; x_wconf 88' lang='lat' dir='ltr'>Hilari,</span> <span class='ocrx_word' id='word_1_398' title='bbox 2511 2833 2567 2883; x_wconf 89' lang='lat' dir='ltr'>et</span> <span class='ocrx_word' id='word_1_399' title='bbox 2597 2846 2631 2883; x_wconf 90' lang='lat' dir='ltr'>a</span> <span class='ocrx_word' id='word_1_400' title='bbox 2669 2829 3004 2884; x_wconf 71' lang='lat' dir='ltr'>Manichmis</span> <span class='ocrx_word' id='word_1_401' title='bbox 3056 2830 3387 2900; x_wconf 88' lang='lat' dir='ltr'>baptizatos</span> <span class='ocrx_word' id='word_1_402' title='bbox 3428 2825 3725 2898; x_wconf 85' lang='lat' dir='ltr'>recipiebas.</span> <span class='ocrx_word' id='word_1_403' title='bbox 3751 2821 3832 2875; x_wconf 80' lang='lat' dir='ltr'>Dia-</span> 
     </span>
    </p>
   </div>
   <div class='ocr_carea' id='block_1_61' title="bbox 2274 2911 3832 2990">
    <p class='ocr_par' dir='ltr' id='par_1_61' title="bbox 2274 2911 3832 2990">
     <span class='ocr_line' id='line_1_62' title="bbox 2274 2911 3832 2990; baseline -0.005 -20"><span class='ocrx_word' id='word_1_404' title='bbox 2274 2932 2456 2971; x_wconf 91' lang='lat' dir='ltr'>conus</span> <span class='ocrx_word' id='word_1_405' title='bbox 2505 2933 2656 2984; x_wconf 90' lang='lat' dir='ltr'>eras,</span> <span class='ocrx_word' id='word_1_406' title='bbox 2708 2923 2764 2972; x_wconf 91' lang='lat' dir='ltr'>et</span> <span class='ocrx_word' id='word_1_407' title='bbox 2814 2918 3088 2973; x_wconf 89' lang='lat' dir='ltr'>Hebionis</span> <span class='ocrx_word' id='word_1_408' title='bbox 3139 2917 3438 2990; x_wconf 86' lang='lat' dir='ltr'>baptisma</span> <span class='ocrx_word' id='word_1_409' title='bbox 3487 2911 3832 2985; x_wconf 77' lang='lat' dir='ltr'>comprobabas.</span> 
     </span>
    </p>
   </div>
   <div class='ocr_carea' id='block_1_62' title="bbox 2273 2994 3832 3077">
    <p class='ocr_par' dir='ltr' id='par_1_62' title="bbox 2273 2994 3832 3077">
     <span class='ocr_line' id='line_1_63' title="bbox 2273 2994 3832 3077; baseline -0.01 -15"><span class='ocrx_word' id='word_1_410' title='bbox 2273 3004 2530 3076; x_wconf 80' lang='lat' dir='ltr'>Repente</span> <span class='ocrx_word' id='word_1_411' title='bbox 2580 3011 2892 3077; x_wconf 90' lang='lat' dir='ltr'>postquam</span> <span class='ocrx_word' id='word_1_412' title='bbox 2944 3011 3182 3061; x_wconf 82' lang='lat' dir='ltr'>exortus</span> <span class='ocrx_word' id='word_1_413' title='bbox 3239 3012 3330 3060; x_wconf 89' lang='lat' dir='ltr'>est</span> <span class='ocrx_word' id='word_1_414' title='bbox 3379 3005 3566 3068; x_wconf 81' lang='lat' dir='ltr'>Arius,</span> <span class='ocrx_word' id='word_1_415' title='bbox 3609 3005 3736 3055; x_wconf 88' lang='lat' dir='ltr'>totus</span> <span class='ocrx_word' id='word_1_416' title='bbox 3765 2994 3832 3049; x_wconf 86' lang='lat' dir='ltr'>tibi</span> 
     </span>
    </p>
   </div>
   <div class='ocr_carea' id='block_1_63' title="bbox 2273 3084 3836 3166">
    <p class='ocr_par' dir='ltr' id='par_1_63' title="bbox 2273 3084 3836 3166">
     <span class='ocr_line' id='line_1_64' title="bbox 2273 3084 3836 3166; baseline -0.007 -19"><span class='ocrx_word' id='word_1_417' title='bbox 2273 3093 2582 3166; x_wconf 84' lang='lat' dir='ltr'>displicere</span> <span class='ocrx_word' id='word_1_418' title='bbox 2614 3095 2857 3166; x_wconf 85' lang='lat' dir='ltr'>coepisti.</span> <span class='ocrx_word' id='word_1_419' title='bbox 2894 3117 2921 3144; x_wconf 86' lang='lat'>»</span> <span class='ocrx_word' id='word_1_420' title='bbox 2969 3099 3035 3148; x_wconf 87' lang='lat' dir='ltr'>Et</span> <span class='ocrx_word' id='word_1_421' title='bbox 3063 3094 3244 3165; x_wconf 91' lang='lat' dir='ltr'>paulo</span> <span class='ocrx_word' id='word_1_422' title='bbox 3300 3099 3433 3166; x_wconf 90' lang='lat' dir='ltr'>post</span> <span class='ocrx_word' id='word_1_423' title='bbox 3477 3089 3741 3146; x_wconf 75' lang='lat' dir='ltr'>Ecclesium</span> <span class='ocrx_word' id='word_1_424' title='bbox 3768 3084 3836 3137; x_wconf 78' lang='lat' dir='ltr'>llo-</span> 
     </span>
    </p>
   </div>
   <div class='ocr_carea' id='block_1_64' title="bbox 519 3177 3834 3258">
    <p class='ocr_par' dir='ltr' id='par_1_64' title="bbox 519 3177 3834 3258">
     <span class='ocr_line' id='line_1_65' title="bbox 519 3177 3834 3258; baseline -0.002 -24"><span class='ocrx_word' id='word_1_425' title='bbox 519 3180 694 3236; x_wconf 89' lang='lat' dir='ltr'>Vides</span> <span class='ocrx_word' id='word_1_426' title='bbox 725 3180 886 3237; x_wconf 89' lang='lat' dir='ltr'>nulla</span> <span class='ocrx_word' id='word_1_427' title='bbox 933 3183 1245 3254; x_wconf 89' lang='lat' dir='ltr'>partitione</span> <span class='ocrx_word' id='word_1_428' title='bbox 1284 3185 1372 3240; x_wconf 91' lang='lat' dir='ltr'>uti</span> <span class='ocrx_word' id='word_1_429' title='bbox 1419 3186 1833 3258; x_wconf 87' lang='lat' dir='ltr'>Hieronymum</span> <span class='ocrx_word' id='word_1_430' title='bbox 1895 3192 1954 3241; x_wconf 89' lang='lat' dir='ltr'>ut</span> <span class='ocrx_word' id='word_1_431' title='bbox 2015 3180 2236 3246; x_wconf 83' lang='lat' dir='ltr'>aliosC</span> <span class='ocrx_word' id='word_1_432' title='bbox 2276 3199 2510 3237; x_wconf 84' lang='lat' dir='ltr'>manem</span> <span class='ocrx_word' id='word_1_433' title='bbox 2572 3183 2817 3252; x_wconf 90' lang='lat' dir='ltr'>inducit,</span> <span class='ocrx_word' id='word_1_434' title='bbox 2877 3184 2947 3238; x_wconf 92' lang='lat' dir='ltr'>ad</span> <span class='ocrx_word' id='word_1_435' title='bbox 3009 3183 3303 3238; x_wconf 87' lang='lat' dir='ltr'>Hilarium</span> <span class='ocrx_word' id='word_1_436' title='bbox 3361 3183 3528 3237; x_wconf 88' lang='lat' dir='ltr'>verba</span> <span class='ocrx_word' id='word_1_437' title='bbox 3583 3177 3834 3232; x_wconf 81' lang='lat' dir='ltr'>facientem:</span> 
     </span>
    </p>
   </div>
   <div class='ocr_carea' id='block_1_65' title="bbox 519 3269 2166 3344">
    <p class='ocr_par' dir='ltr' id='par_1_65' title="bbox 519 3269 2166 3344">
     <span class='ocr_line' id='line_1_66' title="bbox 519 3269 2166 3344; baseline 0.005 -22"><span class='ocrx_word' id='word_1_438' title='bbox 519 3269 926 3326; x_wconf 67' lang='lat' dir='ltr'>hmreticorum</span> <span class='ocrx_word' id='word_1_439' title='bbox 956 3273 1267 3344; x_wconf 90' lang='lat' dir='ltr'>tingendos</span> <span class='ocrx_word' id='word_1_440' title='bbox 1299 3274 1357 3328; x_wconf 92' lang='lat' dir='ltr'>in</span> <span class='ocrx_word' id='word_1_441' title='bbox 1389 3273 1664 3343; x_wconf 85' lang='lat' dir='ltr'>Ecclesia,</span> <span class='ocrx_word' id='word_1_442' title='bbox 1711 3275 1856 3330; x_wconf 90' lang='lat' dir='ltr'>alios</span> <span class='ocrx_word' id='word_1_443' title='bbox 1903 3291 2019 3330; x_wconf 90' lang='lat' dir='ltr'>non</span> <span class='ocrx_word' id='word_1_444' title='bbox 2051 3275 2166 3330; x_wconf 87' lang='lat' dir='ltr'>tin-</span> 
     </span>
    </p>
   </div>
   <div class='ocr_carea' id='block_1_66' title="bbox 515 3360 2166 3436">
    <p class='ocr_par' dir='ltr' id='par_1_66' title="bbox 515 3360 2166 3436">
     <span class='ocr_line' id='line_1_67' title="bbox 515 3360 2166 3436; baseline 0.004 -23"><span class='ocrx_word' id='word_1_445' title='bbox 515 3360 735 3432; x_wconf 85' lang='lat' dir='ltr'>gendos</span> <span class='ocrx_word' id='word_1_446' title='bbox 766 3361 989 3417; x_wconf 89' lang='lat' dir='ltr'>doceat.</span> <span class='ocrx_word' id='word_1_447' title='bbox 1041 3363 1152 3417; x_wconf 90' lang='lat' dir='ltr'>Sed</span> <span class='ocrx_word' id='word_1_448' title='bbox 1195 3363 1511 3418; x_wconf 87' lang='lat' dir='ltr'>universim</span> <span class='ocrx_word' id='word_1_449' title='bbox 1565 3363 1815 3419; x_wconf 80' lang='lat' dir='ltr'>inficiari</span> <span class='ocrx_word' id='word_1_450' title='bbox 1858 3364 2166 3436; x_wconf 88' lang='lat' dir='ltr'>tingendos</span> 
     </span>
    </p>
   </div>
   <div class='ocr_carea' id='block_1_67' title="bbox 512 3448 2166 3524">
    <p class='ocr_par' dir='ltr' id='par_1_67' title="bbox 512 3448 2166 3524">
     <span class='ocr_line' id='line_1_68' title="bbox 512 3448 2166 3524; baseline 0.003 -21"><span class='ocrx_word' id='word_1_451' title='bbox 512 3448 721 3505; x_wconf 91' lang='lat' dir='ltr'>iterum</span> <span class='ocrx_word' id='word_1_452' title='bbox 775 3449 924 3506; x_wconf 92' lang='lat' dir='ltr'>ullos</span> <span class='ocrx_word' id='word_1_453' title='bbox 975 3468 1124 3522; x_wconf 89' lang='lat' dir='ltr'>esse,</span> <span class='ocrx_word' id='word_1_454' title='bbox 1178 3453 1328 3508; x_wconf 88' lang='lat' dir='ltr'>ullos</span> <span class='ocrx_word' id='word_1_455' title='bbox 1382 3453 1452 3507; x_wconf 91' lang='lat' dir='ltr'>ab</span> <span class='ocrx_word' id='word_1_456' title='bbox 1501 3453 1781 3524; x_wconf 92' lang='lat' dir='ltr'>apostolis</span> <span class='ocrx_word' id='word_1_457' title='bbox 1831 3453 1917 3508; x_wconf 90' lang='lat' dir='ltr'>vel</span> <span class='ocrx_word' id='word_1_458' title='bbox 1964 3470 2166 3509; x_wconf 90' lang='lat' dir='ltr'>eorum</span> 
     </span>
    </p>
   </div>
   <div class='ocr_carea' id='block_1_68' title="bbox 515 3539 2166 3613">
    <p class='ocr_par' dir='ltr' id='par_1_68' title="bbox 515 3539 2166 3613">
     <span class='ocr_line' id='line_1_69' title="bbox 515 3539 2166 3613; baseline 0.003 -19"><span class='ocrx_word' id='word_1_459' title='bbox 515 3539 954 3595; x_wconf 86' lang='lat' dir='ltr'>successoribus</span> <span class='ocrx_word' id='word_1_460' title='bbox 985 3539 1199 3596; x_wconf 90' lang='lat' dir='ltr'>tinctos</span> <span class='ocrx_word' id='word_1_461' title='bbox 1229 3542 1441 3597; x_wconf 88' lang='lat' dir='ltr'>iterum</span> <span class='ocrx_word' id='word_1_462' title='bbox 1467 3543 1667 3611; x_wconf 84' lang='lat' dir='ltr'>fuisse,</span> <span class='ocrx_word' id='word_1_463' title='bbox 1693 3541 1799 3598; x_wconf 89' lang='lat' dir='ltr'>etsi</span> <span class='ocrx_word' id='word_1_464' title='bbox 1823 3559 2024 3598; x_wconf 90' lang='lat' dir='ltr'>eorum</span> <span class='ocrx_word' id='word_1_465' title='bbox 2041 3545 2166 3613; x_wconf 90' lang='lat' dir='ltr'>jam</span> 
     </span>
    </p>
   </div>
   <div class='ocr_carea' id='block_1_69' title="bbox 513 3626 2167 3704">
    <p class='ocr_par' dir='ltr' id='par_1_69' title="bbox 513 3626 2167 3704">
     <span class='ocr_line' id='line_1_70' title="bbox 513 3626 2167 3704; baseline 0.004 -24"><span class='ocrx_word' id='word_1_466' title='bbox 513 3630 639 3680; x_wconf 92' lang='lat' dir='ltr'>tum</span> <span class='ocrx_word' id='word_1_467' title='bbox 670 3626 934 3699; x_wconf 89' lang='lat' dir='ltr'>plerique</span> <span class='ocrx_word' id='word_1_468' title='bbox 965 3633 1299 3700; x_wconf 88' lang='lat' dir='ltr'>portentosa</span> <span class='ocrx_word' id='word_1_469' title='bbox 1328 3632 1594 3702; x_wconf 60' lang='lat' dir='ltr'>quadam</span> <span class='ocrx_word' id='word_1_470' title='bbox 1624 3631 1905 3704; x_wconf 85' lang='lat' dir='ltr'>figmenta</span> <span class='ocrx_word' id='word_1_471' title='bbox 1951 3633 2020 3687; x_wconf 89' lang='lat' dir='ltr'>de</span> <span class='ocrx_word' id='word_1_472' title='bbox 2052 3632 2167 3688; x_wconf 91' lang='lat' dir='ltr'>Deo</span> 
     </span>
    </p>
   </div>
   <div class='ocr_carea' id='block_1_70' title="bbox 517 3717 2170 3792">
    <p class='ocr_par' dir='ltr' id='par_1_70' title="bbox 517 3717 2170 3792">
     <span class='ocr_line' id='line_1_71' title="bbox 517 3717 2170 3792; baseline 0.005 -24"><span class='ocrx_word' id='word_1_473' title='bbox 517 3721 901 3772; x_wconf 88' lang='lat' dir='ltr'>eructassent.</span> <span class='ocrx_word' id='word_1_474' title='bbox 963 3717 1080 3774; x_wconf 91' lang='lat' dir='ltr'>Nec</span> <span class='ocrx_word' id='word_1_475' title='bbox 1139 3718 1376 3774; x_wconf 83' lang='lat' dir='ltr'>fallebat</span> <span class='ocrx_word' id='word_1_476' title='bbox 1427 3721 1839 3792; x_wconf 81' lang='lat' dir='ltr'>Hieronymum</span> <span class='ocrx_word' id='word_1_477' title='bbox 1889 3720 1948 3775; x_wconf 90' lang='lat' dir='ltr'>in</span> <span class='ocrx_word' id='word_1_478' title='bbox 2006 3725 2170 3776; x_wconf 88' lang='lat' dir='ltr'>tanta</span> 
     </span>
    </p>
   </div>
   <div class='ocr_carea' id='block_1_71' title="bbox 520 3804 2166 3882">
    <p class='ocr_par' dir='ltr' id='par_1_71' title="bbox 520 3804 2166 3882">
     <span class='ocr_line' id='line_1_72' title="bbox 520 3804 2166 3882; baseline 0.004 -23"><span class='ocrx_word' id='word_1_479' title='bbox 520 3805 648 3873; x_wconf 87' lang='lat' dir='ltr'>ejus</span> <span class='ocrx_word' id='word_1_480' title='bbox 680 3804 780 3860; x_wconf 82' lang='lat' dir='ltr'>aevi</span> <span class='ocrx_word' id='word_1_481' title='bbox 811 3805 958 3877; x_wconf 89' lang='lat' dir='ltr'>luce,</span> <span class='ocrx_word' id='word_1_482' title='bbox 985 3807 1235 3863; x_wconf 80' lang='lat' dir='ltr'>maxime</span> <span class='ocrx_word' id='word_1_483' title='bbox 1268 3808 1469 3864; x_wconf 89' lang='lat' dir='ltr'>tandiu</span> <span class='ocrx_word' id='word_1_484' title='bbox 1494 3810 2041 3880; x_wconf 86' lang='lat' dir='ltr'>postArelatensem</span> <span class='ocrx_word' id='word_1_485' title='bbox 2074 3827 2166 3882; x_wconf 88' lang='lat' dir='ltr'>sy-</span> 
     </span>
    </p>
   </div>
   <div class='ocr_carea' id='block_1_72' title="bbox 522 3895 2164 3970">
    <p class='ocr_par' dir='ltr' id='par_1_72' title="bbox 522 3895 2164 3970">
     <span class='ocr_line' id='line_1_73' title="bbox 522 3895 2164 3970; baseline 0.004 -23"><span class='ocrx_word' id='word_1_486' title='bbox 522 3895 764 3965; x_wconf 87' lang='lat' dir='ltr'>nodum,</span> <span class='ocrx_word' id='word_1_487' title='bbox 798 3901 989 3951; x_wconf 90' lang='lat' dir='ltr'>ratum</span> <span class='ocrx_word' id='word_1_488' title='bbox 1024 3914 1137 3952; x_wconf 90' lang='lat' dir='ltr'>non</span> <span class='ocrx_word' id='word_1_489' title='bbox 1169 3913 1297 3953; x_wconf 88' lang='lat' dir='ltr'>esse</span> <span class='ocrx_word' id='word_1_490' title='bbox 1318 3898 1429 3953; x_wconf 91' lang='lat' dir='ltr'>nisi</span> <span class='ocrx_word' id='word_1_491' title='bbox 1458 3900 1612 3970; x_wconf 90' lang='lat' dir='ltr'>quod</span> <span class='ocrx_word' id='word_1_492' title='bbox 1643 3900 1701 3953; x_wconf 92' lang='lat' dir='ltr'>in</span> <span class='ocrx_word' id='word_1_493' title='bbox 1733 3899 2036 3954; x_wconf 85' lang='lat' dir='ltr'>Trinitatis</span> <span class='ocrx_word' id='word_1_494' title='bbox 2062 3915 2164 3954; x_wconf 91' lang='lat' dir='ltr'>no-</span> 
     </span>
    </p>
   </div>
   <div class='ocr_carea' id='block_1_73' title="bbox 519 3985 2165 4062">
    <p class='ocr_par' dir='ltr' id='par_1_73' title="bbox 519 3985 2165 4062">
     <span class='ocr_line' id='line_1_74' title="bbox 519 3985 2165 4062; baseline 0.004 -24"><span class='ocrx_word' id='word_1_495' title='bbox 519 3985 676 4041; x_wconf 89' lang='lat' dir='ltr'>mine</span> <span class='ocrx_word' id='word_1_496' title='bbox 707 3987 1172 4043; x_wconf 83' lang='lat' dir='ltr'>sanctiﬁcaretur</span> <span class='ocrx_word' id='word_1_497' title='bbox 1204 3989 1520 4060; x_wconf 89' lang='lat' dir='ltr'>baptisma.</span> <span class='ocrx_word' id='word_1_498' title='bbox 1552 3991 1702 4062; x_wconf 87' lang='lat' dir='ltr'>Ergo</span> <span class='ocrx_word' id='word_1_499' title='bbox 1729 3991 1778 4044; x_wconf 91' lang='lat' dir='ltr'>si</span> <span class='ocrx_word' id='word_1_500' title='bbox 1799 3989 2018 4056; x_wconf 92' lang='lat' dir='ltr'>Simon,</span> <span class='ocrx_word' id='word_1_501' title='bbox 2049 3990 2165 4045; x_wconf 91' lang='lat' dir='ltr'>Me-</span> 
     </span>
    </p>
   </div>
   <div class='ocr_carea' id='block_1_74' title="bbox 516 4075 2164 4149">
    <p class='ocr_par' dir='ltr' id='par_1_74' title="bbox 516 4075 2164 4149">
     <span class='ocr_line' id='line_1_75' title="bbox 516 4075 2164 4149; baseline 0.003 -20"><span class='ocrx_word' id='word_1_502' title='bbox 516 4075 758 4145; x_wconf 89' lang='lat' dir='ltr'>nander,</span> <span class='ocrx_word' id='word_1_503' title='bbox 825 4075 1128 4141; x_wconf 88' lang='lat' dir='ltr'>Basilides,</span> <span class='ocrx_word' id='word_1_504' title='bbox 1187 4079 1527 4149; x_wconf 90' lang='lat' dir='ltr'>Carpocras,</span> <span class='ocrx_word' id='word_1_505' title='bbox 1591 4079 1922 4146; x_wconf 88' lang='lat' dir='ltr'>Cerinthus,</span> <span class='ocrx_word' id='word_1_506' title='bbox 1983 4080 2164 4135; x_wconf 87' lang='lat' dir='ltr'>Ebion</span> 
     </span>
    </p>
   </div>
   <div class='ocr_carea' id='block_1_75' title="bbox 515 4163 2165 4234">
    <p class='ocr_par' dir='ltr' id='par_1_75' title="bbox 515 4163 2165 4234">
     <span class='ocr_line' id='line_1_76' title="bbox 515 4163 2165 4234; baseline 0.002 -16"><span class='ocrx_word' id='word_1_507' title='bbox 515 4163 792 4234; x_wconf 90' lang='lat' dir='ltr'>baptismi</span> <span class='ocrx_word' id='word_1_508' title='bbox 816 4164 1192 4221; x_wconf 90' lang='lat' dir='ltr'>ecclesiastici</span> <span class='ocrx_word' id='word_1_509' title='bbox 1219 4166 1464 4222; x_wconf 87' lang='lat' dir='ltr'>formam</span> <span class='ocrx_word' id='word_1_510' title='bbox 1483 4184 1596 4222; x_wconf 92' lang='lat' dir='ltr'>non</span> <span class='ocrx_word' id='word_1_511' title='bbox 1613 4168 1682 4222; x_wconf 90' lang='lat' dir='ltr'>ad</span> <span class='ocrx_word' id='word_1_512' title='bbox 1694 4166 2082 4223; x_wconf 86' lang='lat' dir='ltr'>ulteraverant</span> <span class='ocrx_word' id='word_1_513' title='bbox 2100 4172 2165 4222; x_wconf 85' lang='lat' dir='ltr'>ut</span> 
     </span>
    </p>
   </div>
   <div class='ocr_carea' id='block_1_76' title="bbox 513 4255 2161 4326">
    <p class='ocr_par' dir='ltr' id='par_1_76' title="bbox 513 4255 2161 4326">
     <span class='ocr_line' id='line_1_77' title="bbox 513 4255 2161 4326; baseline 0.002 -18"><span class='ocrx_word' id='word_1_514' title='bbox 513 4269 618 4309; x_wconf 90' lang='lat' dir='ltr'>nec</span> <span class='ocrx_word' id='word_1_515' title='bbox 650 4271 852 4310; x_wconf 90' lang='lat' dir='ltr'>eorum</span> <span class='ocrx_word' id='word_1_516' title='bbox 881 4255 1218 4326; x_wconf 88' lang='lat' dir='ltr'>baptismus</span> <span class='ocrx_word' id='word_1_517' title='bbox 1254 4257 1312 4310; x_wconf 91' lang='lat' dir='ltr'>in</span> <span class='ocrx_word' id='word_1_518' title='bbox 1349 4257 1580 4312; x_wconf 90' lang='lat' dir='ltr'>irritum</span> <span class='ocrx_word' id='word_1_519' title='bbox 1614 4257 1940 4312; x_wconf 90' lang='lat' dir='ltr'>mittendus</span> <span class='ocrx_word' id='word_1_520' title='bbox 1971 4261 2161 4312; x_wconf 88' lang='lat' dir='ltr'>esset:</span> 
     </span>
    </p>
   </div>
   <div class='ocr_carea' id='block_1_77' title="bbox 512 4342 2162 4418">
    <p class='ocr_par' dir='ltr' id='par_1_77' title="bbox 512 4342 2162 4418">
     <span class='ocr_line' id='line_1_78' title="bbox 512 4342 2162 4418; baseline 0.001 -20"><span class='ocrx_word' id='word_1_521' title='bbox 512 4342 668 4399; x_wconf 88' lang='lat' dir='ltr'>idem</span> <span class='ocrx_word' id='word_1_522' title='bbox 699 4345 1102 4416; x_wconf 67' lang='lat' dir='ltr'>aequissimum</span> <span class='ocrx_word' id='word_1_523' title='bbox 1133 4350 1221 4402; x_wconf 91' lang='lat' dir='ltr'>est</span> <span class='ocrx_word' id='word_1_524' title='bbox 1252 4347 1323 4401; x_wconf 92' lang='lat' dir='ltr'>de</span> <span class='ocrx_word' id='word_1_525' title='bbox 1344 4347 1564 4402; x_wconf 67' lang='lat' dir='ltr'>caeteris</span> <span class='ocrx_word' id='word_1_526' title='bbox 1587 4363 1774 4418; x_wconf 87' lang='lat' dir='ltr'>usque</span> <span class='ocrx_word' id='word_1_527' title='bbox 1795 4347 1867 4402; x_wconf 91' lang='lat' dir='ltr'>ad</span> <span class='ocrx_word' id='word_1_528' title='bbox 1887 4345 2162 4418; x_wconf 88' lang='lat' dir='ltr'>Stephani</span> 
     </span>
    </p>
   </div>
   <div class='ocr_carea' id='block_1_78' title="bbox 514 4435 1105 4507">
    <p class='ocr_par' dir='ltr' id='par_1_78' title="bbox 514 4435 1105 4507">
     <span class='ocr_line' id='line_1_79' title="bbox 514 4435 1105 4507; baseline 0.002 -19"><span class='ocrx_word' id='word_1_529' title='bbox 514 4437 631 4488; x_wconf 87' lang='lat' dir='ltr'>tem</span> <span class='ocrx_word' id='word_1_530' title='bbox 640 4450 779 4506; x_wconf 90' lang='lat' dir='ltr'>pora</span> <span class='ocrx_word' id='word_1_531' title='bbox 809 4435 1105 4507; x_wconf 87' lang='lat' dir='ltr'>augurari.</span> 
     </span>
    </p>
   </div>
   <div class='ocr_carea' id='block_1_79' title="bbox 1003 4593 1680 4651">
    <p class='ocr_par' dir='ltr' id='par_1_79' title="bbox 1003 4593 1680 4651">
     <span class='ocr_line' id='line_1_80' title="bbox 1003 4593 1680 4651; baseline 0.001 -2"><span class='ocrx_word' id='word_1_532' title='bbox 1003 4593 1118 4649; x_wconf 91' lang='lat' dir='ltr'>XV.</span> <span class='ocrx_word' id='word_1_533' title='bbox 1153 4597 1359 4651; x_wconf 81' lang='lat' dir='ltr'>Rursus</span> <span class='ocrx_word' id='word_1_534' title='bbox 1388 4611 1456 4650; x_wconf 74' lang='lat' dir='ltr'>ex</span> <span class='ocrx_word' id='word_1_535' title='bbox 1475 4595 1680 4651; x_wconf 80' lang='lat' dir='ltr'>eodem.</span> 
     </span>
    </p>
   </div>
   <div class='ocr_carea' id='block_1_80' title="bbox 586 4738 2159 4810">
    <p class='ocr_par' dir='ltr' id='par_1_80' title="bbox 586 4738 2159 4810">
     <span class='ocr_line' id='line_1_81' title="bbox 586 4738 2159 4810; baseline 0.001 -19"><span class='ocrx_word' id='word_1_536' title='bbox 586 4738 746 4792; x_wconf 88' lang='lat' dir='ltr'>Idem</span> <span class='ocrx_word' id='word_1_537' title='bbox 779 4754 847 4791; x_wconf 84' lang='lat' dir='ltr'>ex</span> <span class='ocrx_word' id='word_1_538' title='bbox 893 4738 1236 4810; x_wconf 81' lang='lat' dir='ltr'>Apocalypsi</span> <span class='ocrx_word' id='word_1_539' title='bbox 1286 4738 1680 4810; x_wconf 87' lang='lat' dir='ltr'>argumentari</span> <span class='ocrx_word' id='word_1_540' title='bbox 1735 4739 1921 4810; x_wconf 89' lang='lat' dir='ltr'>pergit</span> <span class='ocrx_word' id='word_1_541' title='bbox 1963 4739 2159 4793; x_wconf 85' lang='lat' dir='ltr'>Hiero-</span> 
     </span>
    </p>
   </div>
   <div class='ocr_carea' id='block_1_81' title="bbox 515 4827 2162 4899">
    <p class='ocr_par' dir='ltr' id='par_1_81' title="bbox 515 4827 2162 4899">
     <span class='ocr_line' id='line_1_82' title="bbox 515 4827 2162 4899; baseline 0 -17"><span class='ocrx_word' id='word_1_542' title='bbox 515 4843 729 4899; x_wconf 87' lang='lat' dir='ltr'>nymus</span> <span class='ocrx_word' id='word_1_543' title='bbox 765 4827 1002 4894; x_wconf 90' lang='lat' dir='ltr'>ibidem,</span> <span class='ocrx_word' id='word_1_544' title='bbox 1036 4828 1132 4882; x_wconf 92' lang='lat' dir='ltr'>ubi</span> <span class='ocrx_word' id='word_1_545' title='bbox 1161 4828 1492 4899; x_wconf 90' lang='lat' dir='ltr'>complures</span> <span class='ocrx_word' id='word_1_546' title='bbox 1549 4834 1953 4882; x_wconf 88' lang='lat' dir='ltr'>memorantur</span> <span class='ocrx_word' id='word_1_547' title='bbox 1981 4828 2162 4882; x_wconf 66' lang='lat' dir='ltr'>haere-</span> 
     </span>
    </p>
   </div>
   <div class='ocr_carea' id='block_1_82' title="bbox 514 4916 2162 4986">
    <p class='ocr_par' dir='ltr' id='par_1_82' title="bbox 514 4916 2162 4986">
     <span class='ocr_line' id='line_1_83' title="bbox 514 4916 2162 4986; baseline -0.001 -14"><span class='ocrx_word' id='word_1_548' title='bbox 514 4917 628 4972; x_wconf 89' lang='lat' dir='ltr'>tica</span> <span class='ocrx_word' id='word_1_549' title='bbox 661 4916 870 4971; x_wconf 91' lang='lat' dir='ltr'>imbuti</span> <span class='ocrx_word' id='word_1_550' title='bbox 922 4917 1190 4984; x_wconf 87' lang='lat' dir='ltr'>insania;</span> <span class='ocrx_word' id='word_1_551' title='bbox 1243 4933 1348 4971; x_wconf 90' lang='lat' dir='ltr'>nec</span> <span class='ocrx_word' id='word_1_552' title='bbox 1397 4916 1543 4986; x_wconf 88' lang='lat' dir='ltr'>ipsis</span> <span class='ocrx_word' id='word_1_553' title='bbox 1591 4923 1788 4970; x_wconf 90' lang='lat' dir='ltr'>tamen</span> <span class='ocrx_word' id='word_1_554' title='bbox 1819 4917 1904 4971; x_wconf 93' lang='lat' dir='ltr'>vel</span> <span class='ocrx_word' id='word_1_555' title='bbox 1961 4933 2162 4971; x_wconf 90' lang='lat' dir='ltr'>eorum</span> 
     </span>
    </p>
   </div>
   <div class='ocr_carea' id='block_1_83' title="bbox 515 5003 2164 5076">
    <p class='ocr_par' dir='ltr' id='par_1_83' title="bbox 515 5003 2164 5076">
     <span class='ocr_line' id='line_1_84' title="bbox 515 5003 2164 5076; baseline 0 -15"><span class='ocrx_word' id='word_1_556' title='bbox 515 5005 822 5076; x_wconf 88' lang='lat' dir='ltr'>discipulis</span> <span class='ocrx_word' id='word_1_557' title='bbox 854 5006 1205 5076; x_wconf 84' lang='lat' dir='ltr'>baptismus,</span> <span class='ocrx_word' id='word_1_558' title='bbox 1240 5005 1340 5060; x_wconf 89' lang='lat' dir='ltr'>sed</span> <span class='ocrx_word' id='word_1_559' title='bbox 1371 5004 1710 5075; x_wconf 72' lang='lat' dir='ltr'>poenitentia</span> <span class='ocrx_word' id='word_1_560' title='bbox 1740 5005 1812 5059; x_wconf 89' lang='lat' dir='ltr'>ad</span> <span class='ocrx_word' id='word_1_561' title='bbox 1845 5003 2164 5061; x_wconf 88' lang='lat' dir='ltr'>abluendas</span> 
     </span>
    </p>
   </div>
   <div class='ocr_carea' id='block_1_84' title="bbox 515 5093 2160 5165">
    <p class='ocr_par' dir='ltr' id='par_1_84' title="bbox 515 5093 2160 5165">
     <span class='ocr_line' id='line_1_85' title="bbox 515 5093 2160 5165; baseline -0.001 -14"><span class='ocrx_word' id='word_1_562' title='bbox 515 5097 718 5151; x_wconf 90' lang='lat' dir='ltr'>sordes</span> <span class='ocrx_word' id='word_1_563' title='bbox 753 5095 1048 5149; x_wconf 89' lang='lat' dir='ltr'>indicitur.</span> <span class='ocrx_word' id='word_1_564' title='bbox 1084 5118 1110 5144; x_wconf 87' lang='lat'><strong>«</strong></span> <span class='ocrx_word' id='word_1_565' title='bbox 1146 5094 1225 5148; x_wconf 91' lang='lat' dir='ltr'>De</span> <span class='ocrx_word' id='word_1_566' title='bbox 1256 5093 1602 5164; x_wconf 88' lang='lat' dir='ltr'>Apocalypsi</span> <span class='ocrx_word' id='word_1_567' title='bbox 1625 5110 1858 5164; x_wconf 89' lang='lat' dir='ltr'>quoque</span> <span class='ocrx_word' id='word_1_568' title='bbox 1881 5096 2160 5165; x_wconf 90' lang='lat' dir='ltr'>approbe-</span> 
     </span>
    </p>
   </div>
   <div class='ocr_carea' id='block_1_85' title="bbox 515 5181 2164 5254">
    <p class='ocr_par' dir='ltr' id='par_1_85' title="bbox 515 5181 2164 5254">
     <span class='ocr_line' id='line_1_86' title="bbox 515 5181 2164 5254; baseline 0 -16"><span class='ocrx_word' id='word_1_569' title='bbox 515 5201 645 5239; x_wconf 89' lang='lat' dir='ltr'>mus</span> <span class='ocrx_word' id='word_1_570' title='bbox 679 5183 968 5239; x_wconf 70' lang='lat' dir='ltr'>haereticis</span> <span class='ocrx_word' id='word_1_571' title='bbox 999 5185 1123 5237; x_wconf 91' lang='lat' dir='ltr'>sine</span> <span class='ocrx_word' id='word_1_572' title='bbox 1147 5181 1500 5252; x_wconf 89' lang='lat' dir='ltr'>baptismate</span> <span class='ocrx_word' id='word_1_573' title='bbox 1523 5181 1729 5237; x_wconf 90' lang='lat' dir='ltr'>debere</span> <span class='ocrx_word' id='word_1_574' title='bbox 1762 5184 2164 5254; x_wconf 80' lang='lat' dir='ltr'>paenitentiam</span> 
     </span>
    </p>
   </div>
   <div class='ocr_carea' id='block_1_86' title="bbox 515 5271 2163 5344">
    <p class='ocr_par' dir='ltr' id='par_1_86' title="bbox 515 5271 2163 5344">
     <span class='ocr_line' id='line_1_87' title="bbox 515 5271 2163 5344; baseline -0.001 -17"><span class='ocrx_word' id='word_1_575' title='bbox 515 5274 776 5327; x_wconf 88' lang='lat' dir='ltr'>concedi.</span> <span class='ocrx_word' id='word_1_576' title='bbox 814 5277 873 5326; x_wconf 90' lang='lat' dir='ltr'>In</span> <span class='ocrx_word' id='word_1_577' title='bbox 907 5271 1118 5342; x_wconf 86' lang='lat' dir='ltr'>Angelo</span> <span class='ocrx_word' id='word_1_578' title='bbox 1165 5276 1515 5340; x_wconf 81' lang='lat' dir='ltr'>Pergameae</span> <span class='ocrx_word' id='word_1_579' title='bbox 1565 5271 1827 5326; x_wconf 82' lang='lat' dir='ltr'>Ecclesiae</span> <span class='ocrx_word' id='word_1_580' title='bbox 1876 5272 2163 5344; x_wconf 85' lang='lat' dir='ltr'>idolothy-</span> 
     </span>
    </p>
   </div>
   <div class='ocr_carea' id='block_1_87' title="bbox 515 5359 2162 5432">
    <p class='ocr_par' dir='ltr' id='par_1_87' title="bbox 515 5359 2162 5432">
     <span class='ocr_line' id='line_1_88' title="bbox 515 5359 2162 5432; baseline -0.001 -16"><span class='ocrx_word' id='word_1_581' title='bbox 515 5368 710 5416; x_wconf 88' lang='lat' dir='ltr'>torum</span> <span class='ocrx_word' id='word_1_582' title='bbox 745 5362 871 5430; x_wconf 88' lang='lat' dir='ltr'>ejus</span> <span class='ocrx_word' id='word_1_583' title='bbox 893 5367 949 5415; x_wconf 89' lang='lat' dir='ltr'>et</span> <span class='ocrx_word' id='word_1_584' title='bbox 970 5359 1385 5414; x_wconf 90' lang='lat' dir='ltr'>Nicolaitarum</span> <span class='ocrx_word' id='word_1_585' title='bbox 1415 5359 1678 5414; x_wconf 89' lang='lat' dir='ltr'>doctrina</span> <span class='ocrx_word' id='word_1_586' title='bbox 1700 5361 2162 5432; x_wconf 86' lang='lat' dir='ltr'>reprehenditur.</span> 
     </span>
    </p>
   </div>
   <div class='ocr_carea' id='block_1_88' title="bbox 515 5447 2170 5522">
    <p class='ocr_par' dir='ltr' id='par_1_88' title="bbox 515 5447 2170 5522">
     <span class='ocr_line' id='line_1_89' title="bbox 515 5447 2170 5522; baseline 0.002 -19"><span class='ocrx_word' id='word_1_587' title='bbox 515 5450 659 5504; x_wconf 86' lang='lat' dir='ltr'>Item</span> <span class='ocrx_word' id='word_1_588' title='bbox 693 5450 846 5520; x_wconf 89' lang='lat' dir='ltr'>apud</span> <span class='ocrx_word' id='word_1_589' title='bbox 880 5447 1162 5520; x_wconf 84' lang='lat' dir='ltr'>Angelum</span> <span class='ocrx_word' id='word_1_590' title='bbox 1195 5449 1600 5520; x_wconf 88' lang='lat' dir='ltr'>Thyatirorum</span> <span class='ocrx_word' id='word_1_591' title='bbox 1631 5449 1898 5504; x_wconf 87' lang='lat' dir='ltr'>Hiesabel</span> <span class='ocrx_word' id='word_1_592' title='bbox 1930 5451 2170 5522; x_wconf 82' lang='lat' dir='ltr'>prophe-</span> 
     </span>
    </p>
   </div>
   <div class='ocr_carea' id='block_1_89' title="bbox 520 5537 2166 5608">
    <p class='ocr_par' dir='ltr' id='par_1_89' title="bbox 520 5537 2166 5608">
     <span class='ocr_line' id='line_1_90' title="bbox 520 5537 2166 5608; baseline 0.001 -15"><span class='ocrx_word' id='word_1_593' title='bbox 520 5538 685 5608; x_wconf 89' lang='lat' dir='ltr'>tissa,</span> <span class='ocrx_word' id='word_1_594' title='bbox 718 5542 774 5591; x_wconf 89' lang='lat' dir='ltr'>et</span> <span class='ocrx_word' id='word_1_595' title='bbox 805 5537 1256 5592; x_wconf 89' lang='lat' dir='ltr'>simulacrorum</span> <span class='ocrx_word' id='word_1_596' title='bbox 1289 5553 1433 5593; x_wconf 64' lang='lat' dir='ltr'>esca:</span> <span class='ocrx_word' id='word_1_597' title='bbox 1459 5544 1513 5592; x_wconf 92' lang='lat' dir='ltr'>et</span> <span class='ocrx_word' id='word_1_598' title='bbox 1539 5537 1951 5594; x_wconf 78' lang='lat' dir='ltr'>fornicationes</span> <span class='ocrx_word' id='word_1_599' title='bbox 1981 5540 2166 5594; x_wconf 89' lang='lat' dir='ltr'>incre-</span> 
     </span>
    </p>
   </div>
   <div class='ocr_carea' id='block_1_90' title="bbox 519 5626 2170 5698">
    <p class='ocr_par' dir='ltr' id='par_1_90' title="bbox 519 5626 2170 5698">
     <span class='ocr_line' id='line_1_91' title="bbox 519 5626 2170 5698; baseline 0 -17"><span class='ocrx_word' id='word_1_600' title='bbox 519 5631 756 5698; x_wconf 91' lang='lat' dir='ltr'>pantur.</span> <span class='ocrx_word' id='word_1_601' title='bbox 781 5627 848 5681; x_wconf 85' lang='lat' dir='ltr'>Et</span> <span class='ocrx_word' id='word_1_602' title='bbox 872 5630 1063 5680; x_wconf 85' lang='lat' dir='ltr'>tamen</span> <span class='ocrx_word' id='word_1_603' title='bbox 1098 5643 1298 5682; x_wconf 87' lang='lat' dir='ltr'>omnes</span> <span class='ocrx_word' id='word_1_604' title='bbox 1321 5626 1428 5682; x_wconf 92' lang='lat' dir='ltr'>hos</span> <span class='ocrx_word' id='word_1_605' title='bbox 1451 5627 1518 5680; x_wconf 89' lang='lat' dir='ltr'>ad</span> <span class='ocrx_word' id='word_1_606' title='bbox 1550 5627 1949 5698; x_wconf 64' lang='lat' dir='ltr'>poenitwntiam</span> <span class='ocrx_word' id='word_1_607' title='bbox 1985 5628 2170 5682; x_wconf 84' lang='lat' dir='ltr'>Domi-</span> 
     </span>
    </p>
   </div>
   <div class='ocr_carea' id='block_1_91' title="bbox 2281 3262 3837 3340">
    <p class='ocr_par' dir='ltr' id='par_1_91' title="bbox 2281 3262 3837 3340">
     <span class='ocr_line' id='line_1_92' title="bbox 2281 3262 3837 3340; baseline -0.003 -17"><span class='ocrx_word' id='word_1_608' title='bbox 2281 3271 2394 3324; x_wconf 83' lang='lat' dir='ltr'>«Si</span> <span class='ocrx_word' id='word_1_609' title='bbox 2430 3272 2485 3324; x_wconf 90' lang='lat' dir='ltr'>in</span> <span class='ocrx_word' id='word_1_610' title='bbox 2517 3273 2647 3327; x_wconf 90' lang='lat' dir='ltr'>sinu</span> <span class='ocrx_word' id='word_1_611' title='bbox 2698 3290 2824 3327; x_wconf 90' lang='lat' dir='ltr'>meo</span> <span class='ocrx_word' id='word_1_612' title='bbox 2865 3277 3059 3340; x_wconf 91' lang='lat' dir='ltr'>natus,</span> <span class='ocrx_word' id='word_1_613' title='bbox 3112 3272 3159 3326; x_wconf 91' lang='lat' dir='ltr'>si</span> <span class='ocrx_word' id='word_1_614' title='bbox 3198 3274 3446 3326; x_wconf 89' lang='lat' dir='ltr'>uberum</span> <span class='ocrx_word' id='word_1_615' title='bbox 3498 3262 3837 3323; x_wconf 68' lang='lat' dir='ltr'>rneorumlaclt</span> 
     </span>
    </p>
   </div>
   <div class='ocr_carea' id='block_1_92' title="bbox 2277 3347 3835 3430">
    <p class='ocr_par' dir='ltr' id='par_1_92' title="bbox 2277 3347 3835 3430">
     <span class='ocr_line' id='line_1_93' title="bbox 2277 3347 3835 3430; baseline -0.005 -15"><span class='ocrx_word' id='word_1_616' title='bbox 2277 3360 2553 3424; x_wconf 81' lang='lat' dir='ltr'>nutritus,</span> <span class='ocrx_word' id='word_1_617' title='bbox 2590 3362 2898 3417; x_wconf 87' lang='lat' dir='ltr'>adversum</span> <span class='ocrx_word' id='word_1_618' title='bbox 2941 3378 3033 3417; x_wconf 91' lang='lat' dir='ltr'>me</span> <span class='ocrx_word' id='word_1_619' title='bbox 3066 3361 3335 3430; x_wconf 80' lang='lat' dir='ltr'>gladium</span> <span class='ocrx_word' id='word_1_620' title='bbox 3370 3360 3541 3420; x_wconf 84' lang='lat' dir='ltr'>levas,</span> <span class='ocrx_word' id='word_1_621' title='bbox 3571 3354 3714 3411; x_wconf 88' lang='lat' dir='ltr'>redde</span> <span class='ocrx_word' id='word_1_622' title='bbox 3736 3347 3835 3420; x_wconf 72' lang='lat' dir='ltr'>quod</span> 
     </span>
    </p>
   </div>
   <div class='ocr_carea' id='block_1_93' title="bbox 2277 3437 3839 3522">
    <p class='ocr_par' dir='ltr' id='par_1_93' title="bbox 2277 3437 3839 3522">
     <span class='ocr_line' id='line_1_94' title="bbox 2277 3437 3839 3522; baseline -0.01 -19"><span class='ocrx_word' id='word_1_623' title='bbox 2277 3449 2431 3517; x_wconf 89' lang='lat' dir='ltr'>dedi,</span> <span class='ocrx_word' id='word_1_624' title='bbox 2465 3457 2521 3504; x_wconf 92' lang='lat' dir='ltr'>ct</span> <span class='ocrx_word' id='word_1_625' title='bbox 2551 3456 2672 3505; x_wconf 91' lang='lat' dir='ltr'>esto</span> <span class='ocrx_word' id='word_1_626' title='bbox 2706 3452 2754 3506; x_wconf 93' lang='lat' dir='ltr'>si</span> <span class='ocrx_word' id='word_1_627' title='bbox 2808 3455 2992 3522; x_wconf 89' lang='lat' dir='ltr'>potes,</span> <span class='ocrx_word' id='word_1_628' title='bbox 3026 3451 3202 3505; x_wconf 89' lang='lat' dir='ltr'>aliter</span> <span class='ocrx_word' id='word_1_629' title='bbox 3253 3451 3629 3505; x_wconf 85' lang='lat' dir='ltr'>Christianus.</span> <span class='ocrx_word' id='word_1_630' title='bbox 3655 3437 3839 3496; x_wconf 80' lang='lat' dir='ltr'>Meretrix</span> 
     </span>
    </p>
   </div>
   <div class='ocr_carea' id='block_1_94' title="bbox 2276 3527 3837 3604">
    <p class='ocr_par' dir='ltr' id='par_1_94' title="bbox 2276 3527 3837 3604">
     <span class='ocr_line' id='line_1_95' title="bbox 2276 3527 3837 3604; baseline -0.009 -12"><span class='ocrx_word' id='word_1_631' title='bbox 2276 3555 2432 3604; x_wconf 90' lang='lat' dir='ltr'>sum,</span> <span class='ocrx_word' id='word_1_632' title='bbox 2465 3540 2564 3593; x_wconf 92' lang='lat' dir='ltr'>sed</span> <span class='ocrx_word' id='word_1_633' title='bbox 2598 3545 2792 3594; x_wconf 87' lang='lat' dir='ltr'>tamen</span> <span class='ocrx_word' id='word_1_634' title='bbox 2841 3545 3025 3594; x_wconf 89' lang='lat' dir='ltr'>mater</span> <span class='ocrx_word' id='word_1_635' title='bbox 3056 3544 3156 3594; x_wconf 89' lang='lat' dir='ltr'>tua</span> <span class='ocrx_word' id='word_1_636' title='bbox 3191 3557 3356 3594; x_wconf 88' lang='lat' dir='ltr'>sum.</span> <span class='ocrx_word' id='word_1_637' title='bbox 3410 3538 3530 3592; x_wconf 85' lang='lat' dir='ltr'>Non</span> <span class='ocrx_word' id='word_1_638' title='bbox 3559 3549 3698 3589; x_wconf 88' lang='lat' dir='ltr'>servo</span> <span class='ocrx_word' id='word_1_639' title='bbox 3725 3527 3837 3582; x_wconf 68' lang='lat' dir='ltr'>unius</span> 
     </span>
    </p>
   </div>
   <div class='ocr_carea' id='block_1_95' title="bbox 2274 3627 3839 3700">
    <p class='ocr_par' dir='ltr' id='par_1_95' title="bbox 2274 3627 3839 3700">
     <span class='ocr_line' id='line_1_96' title="bbox 2274 3627 3839 3700; baseline -0.008 -18"><span class='ocrx_word' id='word_1_640' title='bbox 2274 3627 2429 3682; x_wconf 90' lang='lat' dir='ltr'>thori</span> <span class='ocrx_word' id='word_1_641' title='bbox 2457 3629 2784 3684; x_wconf 85' lang='lat' dir='ltr'>castitatem</span> <span class='ocrx_word' id='word_1_642' title='bbox 2809 3629 2837 3682; x_wconf 86' lang='lat'><strong><em>?</em></strong></span> <span class='ocrx_word' id='word_1_643' title='bbox 2856 3629 3012 3684; x_wconf 87' lang='lat' dir='ltr'>Talis</span> <span class='ocrx_word' id='word_1_644' title='bbox 3045 3645 3207 3683; x_wconf 89' lang='lat' dir='ltr'>eram</span> <span class='ocrx_word' id='word_1_645' title='bbox 3248 3628 3486 3700; x_wconf 89' lang='lat' dir='ltr'>quando</span> <span class='ocrx_word' id='word_1_646' title='bbox 3516 3627 3839 3693; x_wconf 77' lang='lat' dir='ltr'>conceptuses.</span> 
     </span>
    </p>
   </div>
   <div class='ocr_carea' id='block_1_96' title="bbox 2277 3714 3836 3774">
    <p class='ocr_par' dir='ltr' id='par_1_96' title="bbox 2277 3714 3836 3774">
     <span class='ocr_line' id='line_1_97' title="bbox 2277 3714 3836 3774; baseline -0.008 -2"><span class='ocrx_word' id='word_1_647' title='bbox 2277 3714 2419 3772; x_wconf 88' lang='lat' dir='ltr'>Cum</span> <span class='ocrx_word' id='word_1_648' title='bbox 2453 3718 2584 3772; x_wconf 91' lang='lat' dir='ltr'>Ario</span> <span class='ocrx_word' id='word_1_649' title='bbox 2616 3718 2902 3774; x_wconf 88' lang='lat' dir='ltr'>adulteria</span> <span class='ocrx_word' id='word_1_650' title='bbox 2933 3719 3292 3774; x_wconf 84' lang='lat' dir='ltr'>committo?</span> <span class='ocrx_word' id='word_1_651' title='bbox 3343 3717 3468 3772; x_wconf 82' lang='lat' dir='ltr'>Feci</span> <span class='ocrx_word' id='word_1_652' title='bbox 3501 3721 3552 3770; x_wconf 90' lang='lat' dir='ltr'>et</span> <span class='ocrx_word' id='word_1_653' title='bbox 3596 3718 3734 3767; x_wconf 80' lang='lat' dir='ltr'>antea</span> <span class='ocrx_word' id='word_1_654' title='bbox 3755 3718 3836 3759; x_wconf 73' lang='lat' dir='ltr'>cum</span> 
     </span>
    </p>
   </div>
   <div class='ocr_carea' id='block_1_97' title="bbox 2275 3801 3843 3874">
    <p class='ocr_par' dir='ltr' id='par_1_97' title="bbox 2275 3801 3843 3874">
     <span class='ocr_line' id='line_1_98' title="bbox 2275 3801 3843 3874; baseline -0.006 -15"><span class='ocrx_word' id='word_1_655' title='bbox 2275 3809 2511 3873; x_wconf 82' lang='lat' dir='ltr'>Praxea,</span> <span class='ocrx_word' id='word_1_656' title='bbox 2567 3824 2700 3862; x_wconf 88' lang='lat' dir='ltr'>cum</span> <span class='ocrx_word' id='word_1_657' title='bbox 2754 3807 3029 3874; x_wconf 85' lang='lat' dir='ltr'>Hebione,</span> <span class='ocrx_word' id='word_1_658' title='bbox 3090 3824 3234 3862; x_wconf 88' lang='lat' dir='ltr'>cum</span> <span class='ocrx_word' id='word_1_659' title='bbox 3287 3805 3580 3871; x_wconf 88' lang='lat' dir='ltr'>Cerintho,</span> <span class='ocrx_word' id='word_1_660' title='bbox 3622 3801 3843 3856; x_wconf 53' lang='lat' dir='ltr'>Novato.“</span> 
     </span>
    </p>
   </div>
   <div class='ocr_carea' id='block_1_98' title="bbox 2274 3890 3843 3967">
    <p class='ocr_par' dir='ltr' id='par_1_98' title="bbox 2274 3890 3843 3967">
     <span class='ocr_line' id='line_1_99' title="bbox 2274 3890 3843 3967; baseline -0.004 -21"><span class='ocrx_word' id='word_1_661' title='bbox 2274 3893 2450 3949; x_wconf 76' lang='lat' dir='ltr'>Vides</span> <span class='ocrx_word' id='word_1_662' title='bbox 2482 3901 2542 3948; x_wconf 91' lang='lat' dir='ltr'>ut</span> <span class='ocrx_word' id='word_1_663' title='bbox 2575 3901 2631 3950; x_wconf 89' lang='lat' dir='ltr'>ct</span> <span class='ocrx_word' id='word_1_664' title='bbox 2661 3895 2753 3950; x_wconf 90' lang='lat' dir='ltr'>hic</span> <span class='ocrx_word' id='word_1_665' title='bbox 2780 3912 2982 3950; x_wconf 89' lang='lat' dir='ltr'>omnes</span> <span class='ocrx_word' id='word_1_666' title='bbox 3017 3912 3262 3967; x_wconf 82' lang='lat' dir='ltr'>prorsus</span> <span class='ocrx_word' id='word_1_667' title='bbox 3298 3895 3594 3949; x_wconf 59' lang='lat' dir='ltr'>hareticos</span> <span class='ocrx_word' id='word_1_668' title='bbox 3628 3890 3730 3943; x_wconf 90' lang='lat' dir='ltr'>sine</span> <span class='ocrx_word' id='word_1_669' title='bbox 3752 3895 3843 3936; x_wconf 68' lang='lat' dir='ltr'>nom</span> 
     </span>
    </p>
   </div>
   <div class='ocr_carea' id='block_1_99' title="bbox 2273 3969 3848 4056">
    <p class='ocr_par' dir='ltr' id='par_1_99' title="bbox 2273 3969 3848 4056">
     <span class='ocr_line' id='line_1_100' title="bbox 2273 3969 3848 4056; baseline -0.008 -20"><span class='ocrx_word' id='word_1_670' title='bbox 2273 3982 2567 4054; x_wconf 89' lang='lat' dir='ltr'>baptismo</span> <span class='ocrx_word' id='word_1_671' title='bbox 2587 4001 2686 4056; x_wconf 92' lang='lat' dir='ltr'>per</span> <span class='ocrx_word' id='word_1_672' title='bbox 2710 3985 2896 4038; x_wconf 89' lang='lat' dir='ltr'>solam</span> <span class='ocrx_word' id='word_1_673' title='bbox 2916 3985 3457 4055; x_wconf 80' lang='lat' dir='ltr'>pcenitenitentiam</span> <span class='ocrx_word' id='word_1_674' title='bbox 3482 3981 3548 4036; x_wconf 88' lang='lat' dir='ltr'>ab</span> <span class='ocrx_word' id='word_1_675' title='bbox 3565 3969 3848 4035; x_wconf 69' lang='lat' dir='ltr'>EcclesiaRo-</span> 
     </span>
    </p>
   </div>
   <div class='ocr_carea' id='block_1_100' title="bbox 2277 4058 3848 4144">
    <p class='ocr_par' dir='ltr' id='par_1_100' title="bbox 2277 4058 3848 4144">
     <span class='ocr_line' id='line_1_101' title="bbox 2277 4058 3848 4144; baseline -0.011 -20"><span class='ocrx_word' id='word_1_676' title='bbox 2277 4087 2452 4125; x_wconf 90' lang='lat' dir='ltr'>mana</span> <span class='ocrx_word' id='word_1_677' title='bbox 2483 4078 2742 4144; x_wconf 87' lang='lat' dir='ltr'>receptos</span> <span class='ocrx_word' id='word_1_678' title='bbox 2787 4073 3078 4141; x_wconf 81' lang='lat' dir='ltr'>defendat,</span> <span class='ocrx_word' id='word_1_679' title='bbox 3127 4073 3316 4143; x_wconf 89' lang='lat' dir='ltr'>idque</span> <span class='ocrx_word' id='word_1_680' title='bbox 3364 4073 3493 4142; x_wconf 90' lang='lat' dir='ltr'>jure</span> <span class='ocrx_word' id='word_1_681' title='bbox 3524 4076 3576 4124; x_wconf 86' lang='lat' dir='ltr'>ct</span> <span class='ocrx_word' id='word_1_682' title='bbox 3619 4058 3848 4136; x_wconf 71' lang='lat' dir='ltr'>apostolico</span> 
     </span>
    </p>
   </div>
   <div class='ocr_carea' id='block_1_101' title="bbox 2274 4155 3849 4235">
    <p class='ocr_par' dir='ltr' id='par_1_101' title="bbox 2274 4155 3849 4235">
     <span class='ocr_line' id='line_1_102' title="bbox 2274 4155 3849 4235; baseline -0.01 -19"><span class='ocrx_word' id='word_1_683' title='bbox 2274 4162 2564 4229; x_wconf 80' lang='lat' dir='ltr'>instituto,</span> <span class='ocrx_word' id='word_1_684' title='bbox 2588 4168 2763 4234; x_wconf 87' lang='lat' dir='ltr'>atque</span> <span class='ocrx_word' id='word_1_685' title='bbox 2779 4166 3128 4218; x_wconf 89' lang='lat' dir='ltr'>inconcusso</span> <span class='ocrx_word' id='word_1_686' title='bbox 3144 4165 3270 4218; x_wconf 89' lang='lat' dir='ltr'>Scri</span> <span class='ocrx_word' id='word_1_687' title='bbox 3285 4167 3589 4235; x_wconf 89' lang='lat' dir='ltr'>pturarum</span> <span class='ocrx_word' id='word_1_688' title='bbox 3608 4155 3849 4213; x_wconf 67' lang='lat' dir='ltr'>divinarum</span> 
     </span>
    </p>
   </div>
   <div class='ocr_carea' id='block_1_102' title="bbox 2274 4237 3851 4334">
    <p class='ocr_par' dir='ltr' id='par_1_102' title="bbox 2274 4237 3851 4334">
     <span class='ocr_line' id='line_1_103' title="bbox 2274 4237 3851 4334; baseline -0.004 -30"><span class='ocrx_word' id='word_1_689' title='bbox 2274 4257 2561 4324; x_wconf 72' lang='lat' dir='ltr'>praecepto</span> <span class='ocrx_word' id='word_1_690' title='bbox 2595 4252 2809 4306; x_wconf 82' lang='lat' dir='ltr'>factum</span> <span class='ocrx_word' id='word_1_691' title='bbox 2847 4256 3096 4307; x_wconf 89' lang='lat' dir='ltr'>tueatur.</span> <span class='ocrx_word' id='word_1_692' title='bbox 3124 4255 3412 4323; x_wconf 87' lang='lat' dir='ltr'>Adeoque</span> <span class='ocrx_word' id='word_1_693' title='bbox 3444 4257 3500 4306; x_wconf 87' lang='lat' dir='ltr'>et</span> <span class='ocrx_word' id='word_1_694' title='bbox 3541 4248 3750 4302; x_wconf 83' lang='lat' dir='ltr'>Arianos</span> <span class='ocrx_word' id='word_1_695' title='bbox 3768 4237 3851 4334; x_wconf 51' lang='lat' dir='ltr'>sine</span> 
     </span>
    </p>
   </div>
   <div class='ocr_carea' id='block_1_103' title="bbox 2271 4327 3849 4411">
    <p class='ocr_par' dir='ltr' id='par_1_103' title="bbox 2271 4327 3849 4411">
     <span class='ocr_line' id='line_1_104' title="bbox 2271 4327 3849 4411; baseline -0.008 -16"><span class='ocrx_word' id='word_1_696' title='bbox 2271 4339 2624 4411; x_wconf 89' lang='lat' dir='ltr'>baptismate</span> <span class='ocrx_word' id='word_1_697' title='bbox 2655 4341 3052 4397; x_wconf 87' lang='lat' dir='ltr'>admittendos</span> <span class='ocrx_word' id='word_1_698' title='bbox 3081 4341 3428 4396; x_wconf 82' lang='lat' dir='ltr'>concludat.</span> <span class='ocrx_word' id='word_1_699' title='bbox 3463 4339 3625 4394; x_wconf 86' lang='lat' dir='ltr'>Porro</span> <span class='ocrx_word' id='word_1_700' title='bbox 3650 4334 3748 4389; x_wconf 67' lang='lat' dir='ltr'>haec</span> <span class='ocrx_word' id='word_1_701' title='bbox 3768 4327 3849 4382; x_wconf 68' lang='lat' dir='ltr'>Hie-</span> 
     </span>
    </p>
   </div>
   <div class='ocr_carea' id='block_1_104' title="bbox 2270 4424 3845 4503">
    <p class='ocr_par' dir='ltr' id='par_1_104' title="bbox 2270 4424 3845 4503">
     <span class='ocr_line' id='line_1_105' title="bbox 2270 4424 3845 4503; baseline -0.007 -21"><span class='ocrx_word' id='word_1_702' title='bbox 2270 4445 2549 4500; x_wconf 86' lang='lat' dir='ltr'>ronymus</span> <span class='ocrx_word' id='word_1_703' title='bbox 2570 4435 2702 4501; x_wconf 66' lang='lat' dir='ltr'>post</span> <span class='ocrx_word' id='word_1_704' title='bbox 2718 4430 3117 4485; x_wconf 88' lang='lat' dir='ltr'>Arelatensem</span> <span class='ocrx_word' id='word_1_705' title='bbox 3137 4432 3465 4503; x_wconf 86' lang='lat' dir='ltr'>synodum,</span> <span class='ocrx_word' id='word_1_706' title='bbox 3485 4432 3608 4500; x_wconf 89' lang='lat' dir='ltr'>post</span> <span class='ocrx_word' id='word_1_707' title='bbox 3627 4424 3845 4478; x_wconf 68' lang='lat' dir='ltr'>Nicetium</span> 
     </span>
    </p>
   </div>
   <div class='ocr_carea' id='block_1_105' title="bbox 2192 4518 3373 4611">
    <p class='ocr_par' dir='ltr' id='par_1_105' title="bbox 2192 4518 3373 4611">
     <span class='ocr_line' id='line_1_106' title="bbox 2192 4518 3373 4611; baseline 0.003 -39"><span class='ocrx_word' id='word_1_708' title='bbox 2192 4545 2241 4611; x_wconf 68' lang='grc' dir='ltr'>Β</span> <span class='ocrx_word' id='word_1_709' title='bbox 2274 4518 2345 4572; x_wconf 92' lang='lat' dir='ltr'>dc</span> <span class='ocrx_word' id='word_1_710' title='bbox 2377 4518 2668 4589; x_wconf 87' lang='lat' dir='ltr'>baptismo</span> <span class='ocrx_word' id='word_1_711' title='bbox 2701 4520 3004 4574; x_wconf 88' lang='lat' dir='ltr'>decretam</span> <span class='ocrx_word' id='word_1_712' title='bbox 3042 4519 3373 4575; x_wconf 85' lang='lat' dir='ltr'>scribebat.</span> 
     </span>
    </p>
   </div>
   <div class='ocr_carea' id='block_1_106' title="bbox 2841 4687 3376 4744">
    <p class='ocr_par' dir='ltr' id='par_1_106' title="bbox 2841 4687 3376 4744">
     <span class='ocr_line' id='line_1_107' title="bbox 2841 4687 3376 4744; baseline 0.004 -3"><span class='ocrx_word' id='word_1_713' title='bbox 2841 4687 3012 4742; x_wconf 87' lang='lat' dir='ltr'>XVII.</span> <span class='ocrx_word' id='word_1_714' title='bbox 3045 4688 3128 4742; x_wconf 71' lang='lat' dir='ltr'>Ex</span> <span class='ocrx_word' id='word_1_715' title='bbox 3157 4688 3376 4744; x_wconf 80' lang='lat' dir='ltr'>eodem.</span> 
     </span>
    </p>
   </div>
   <div class='ocr_carea' id='block_1_107' title="bbox 2345 4825 3852 4900">
    <p class='ocr_par' dir='ltr' id='par_1_107' title="bbox 2345 4825 3852 4900">
     <span class='ocr_line' id='line_1_108' title="bbox 2345 4825 3852 4900; baseline -0.007 -17"><span class='ocrx_word' id='word_1_716' title='bbox 2345 4828 2608 4900; x_wconf 89' lang='lat' dir='ltr'>Denique</span> <span class='ocrx_word' id='word_1_717' title='bbox 2638 4829 2791 4885; x_wconf 89' lang='lat' dir='ltr'>idem</span> <span class='ocrx_word' id='word_1_718' title='bbox 2841 4833 3274 4900; x_wconf 83' lang='lat' dir='ltr'>consequenter</span> <span class='ocrx_word' id='word_1_719' title='bbox 3322 4830 3575 4884; x_wconf 88' lang='lat' dir='ltr'>validius</span> <span class='ocrx_word' id='word_1_720' title='bbox 3616 4825 3667 4879; x_wconf 91' lang='lat' dir='ltr'>id</span> <span class='ocrx_word' id='word_1_721' title='bbox 3695 4826 3852 4891; x_wconf 69' lang='lat' dir='ltr'>quoique</span> 
     </span>
    </p>
   </div>
   <div class='ocr_carea' id='block_1_108' title="bbox 2275 4905 3855 4991">
    <p class='ocr_par' dir='ltr' id='par_1_108' title="bbox 2275 4905 3855 4991">
     <span class='ocr_line' id='line_1_109' title="bbox 2275 4905 3855 4991; baseline -0.009 -19"><span class='ocrx_word' id='word_1_722' title='bbox 2275 4919 2488 4972; x_wconf 91' lang='lat' dir='ltr'>munit.</span> <span class='ocrx_word' id='word_1_723' title='bbox 2519 4919 2680 4983; x_wconf 89' lang='lat' dir='ltr'>Quod</span> <span class='ocrx_word' id='word_1_724' title='bbox 2717 4919 2765 4972; x_wconf 92' lang='lat' dir='ltr'>si</span> <span class='ocrx_word' id='word_1_725' title='bbox 2800 4920 3132 4990; x_wconf 89' lang='lat' dir='ltr'>negandum</span> <span class='ocrx_word' id='word_1_726' title='bbox 3169 4919 3480 4991; x_wconf 86' lang='lat' dir='ltr'>quispiam</span> <span class='ocrx_word' id='word_1_727' title='bbox 3518 4911 3770 4988; x_wconf 86' lang='lat' dir='ltr'>putaverit</span> <span class='ocrx_word' id='word_1_728' title='bbox 3790 4905 3855 4958; x_wconf 64' lang='lat' dir='ltr'>tt-</span> 
     </span>
    </p>
   </div>
   <div class='ocr_carea' id='block_1_109' title="bbox 2274 5000 3853 5080">
    <p class='ocr_par' dir='ltr' id='par_1_109' title="bbox 2274 5000 3853 5080">
     <span class='ocr_line' id='line_1_110' title="bbox 2274 5000 3853 5080; baseline -0.008 -18"><span class='ocrx_word' id='word_1_729' title='bbox 2274 5008 2480 5062; x_wconf 90' lang='lat' dir='ltr'>reticos</span> <span class='ocrx_word' id='word_1_730' title='bbox 2504 5023 2536 5061; x_wconf 88' lang='lat' dir='ltr'>a</span> <span class='ocrx_word' id='word_1_731' title='bbox 2559 5008 2882 5078; x_wconf 85' lang='lat' dir='ltr'>majoribus</span> <span class='ocrx_word' id='word_1_732' title='bbox 2903 5008 3119 5063; x_wconf 90' lang='lat' dir='ltr'>nostris</span> <span class='ocrx_word' id='word_1_733' title='bbox 3149 5024 3396 5080; x_wconf 90' lang='lat' dir='ltr'>semper</span> <span class='ocrx_word' id='word_1_734' title='bbox 3420 5008 3598 5061; x_wconf 79' lang='lat' dir='ltr'>fuisse</span> <span class='ocrx_word' id='word_1_735' title='bbox 3615 5000 3853 5065; x_wconf 54' lang='lat' dir='ltr'>susceptos,</span> 
     </span>
    </p>
   </div>
   <div class='ocr_carea' id='block_1_110' title="bbox 2273 5087 3945 5168">
    <p class='ocr_par' dir='ltr' id='par_1_110' title="bbox 2273 5087 3945 5168">
     <span class='ocr_line' id='line_1_111' title="bbox 2273 5087 3945 5168; baseline -0.008 -19"><span class='ocrx_word' id='word_1_736' title='bbox 2273 5095 2428 5167; x_wconf 87' lang='lat' dir='ltr'>legat</span> <span class='ocrx_word' id='word_1_737' title='bbox 2461 5095 2521 5149; x_wconf 88' lang='grc' dir='ltr'>Β.</span> <span class='ocrx_word' id='word_1_738' title='bbox 2555 5096 2828 5168; x_wconf 88' lang='lat' dir='ltr'>Cypriani</span> <span class='ocrx_word' id='word_1_739' title='bbox 2874 5095 3153 5168; x_wconf 89' lang='lat' dir='ltr'>epistolas</span> <span class='ocrx_word' id='word_1_740' title='bbox 3188 5097 3255 5151; x_wconf 92' lang='lat' dir='ltr'>in</span> <span class='ocrx_word' id='word_1_741' title='bbox 3313 5095 3533 5168; x_wconf 88' lang='lat' dir='ltr'>quibus</span> <span class='ocrx_word' id='word_1_742' title='bbox 3579 5087 3854 5162; x_wconf 64' lang='lat' dir='ltr'>Stephanum</span> <span class='ocrx_word' id='word_1_743' title='bbox 3944 5113 3945 5120; x_wconf 60' lang='grc' dir='ltr'><strong>η</strong></span> 
     </span>
    </p>
   </div>
   <div class='ocr_carea' id='block_1_111' title="bbox 2275 5175 3855 5256">
    <p class='ocr_par' dir='ltr' id='par_1_111' title="bbox 2275 5175 3855 5256">
     <span class='ocr_line' id='line_1_112' title="bbox 2275 5175 3855 5256; baseline -0.008 -17"><span class='ocrx_word' id='word_1_744' title='bbox 2275 5185 2549 5239; x_wconf 85' lang='lat' dir='ltr'>Romanae</span> <span class='ocrx_word' id='word_1_745' title='bbox 2583 5185 2746 5239; x_wconf 90' lang='lat' dir='ltr'>urbis</span> <span class='ocrx_word' id='word_1_746' title='bbox 2773 5185 3135 5256; x_wconf 87' lang='lat' dir='ltr'>episcopum,</span> <span class='ocrx_word' id='word_1_747' title='bbox 3171 5191 3232 5240; x_wconf 89' lang='lat' dir='ltr'>et</span> <span class='ocrx_word' id='word_1_748' title='bbox 3261 5185 3595 5239; x_wconf 75' lang='lat' dir='ltr'>inveteratae</span> <span class='ocrx_word' id='word_1_749' title='bbox 3625 5175 3855 5233; x_wconf 71' lang='lat' dir='ltr'>consuetu-</span> 
     </span>
    </p>
   </div>
   <div class='ocr_carea' id='block_1_112' title="bbox 2275 5256 3855 5350">
    <p class='ocr_par' dir='ltr' id='par_1_112' title="bbox 2275 5256 3855 5350">
     <span class='ocr_line' id='line_1_113' title="bbox 2275 5256 3855 5350; baseline -0.009 -23"><span class='ocrx_word' id='word_1_750' title='bbox 2275 5272 2430 5328; x_wconf 90' lang='lat' dir='ltr'>dinis</span> <span class='ocrx_word' id='word_1_751' title='bbox 2454 5272 2668 5328; x_wconf 90' lang='lat' dir='ltr'>lacerat</span> <span class='ocrx_word' id='word_1_752' title='bbox 2690 5290 2967 5329; x_wconf 89' lang='lat' dir='ltr'>errorem.</span> <span class='ocrx_word' id='word_1_753' title='bbox 2995 5275 3171 5345; x_wconf 88' lang='lat' dir='ltr'>Legat</span> <span class='ocrx_word' id='word_1_754' title='bbox 3196 5279 3254 5327; x_wconf 93' lang='lat' dir='ltr'>et</span> <span class='ocrx_word' id='word_1_755' title='bbox 3281 5273 3472 5344; x_wconf 90' lang='lat' dir='ltr'>ipsius</span> <span class='ocrx_word' id='word_1_756' title='bbox 3498 5265 3685 5326; x_wconf 88' lang='lat' dir='ltr'>Hilarii</span> <span class='ocrx_word' id='word_1_757' title='bbox 3707 5256 3855 5350; x_wconf 39' lang='lat' dir='ltr'>libelli)?“</span> 
     </span>
    </p>
   </div>
   <div class='ocr_carea' id='block_1_113' title="bbox 2276 5345 3855 5442">
    <p class='ocr_par' dir='ltr' id='par_1_113' title="bbox 2276 5345 3855 5442">
     <span class='ocr_line' id='line_1_114' title="bbox 2276 5345 3855 5442; baseline -0.003 -27"><span class='ocrx_word' id='word_1_758' title='bbox 2276 5379 2422 5434; x_wconf 90' lang='lat' dir='ltr'>quos</span> <span class='ocrx_word' id='word_1_759' title='bbox 2453 5363 2762 5417; x_wconf 87' lang='lat' dir='ltr'>adversum</span> <span class='ocrx_word' id='word_1_760' title='bbox 2797 5379 2901 5418; x_wconf 91' lang='lat' dir='ltr'>nos</span> <span class='ocrx_word' id='word_1_761' title='bbox 2935 5363 3004 5417; x_wconf 90' lang='lat' dir='ltr'>de</span> <span class='ocrx_word' id='word_1_762' title='bbox 3039 5361 3481 5433; x_wconf 89' lang='lat' dir='ltr'>rebaptizandis</span> <span class='ocrx_word' id='word_1_763' title='bbox 3507 5354 3760 5442; x_wconf 68' lang='lat' dir='ltr'>haereticis</span> 
     </span>
    </p>
   </div>
   <div class='ocr_carea' id='block_1_114' title="bbox 2277 5435 3837 5527">
    <p class='ocr_par' dir='ltr' id='par_1_114' title="bbox 2277 5435 3837 5527">
     <span class='ocr_line' id='line_1_115' title="bbox 2277 5435 3837 5527; baseline -0.012 -21"><span class='ocrx_word' id='word_1_764' title='bbox 2277 5451 2382 5519; x_wconf 91' lang='lat' dir='ltr'>dit,</span> <span class='ocrx_word' id='word_1_765' title='bbox 2418 5457 2474 5506; x_wconf 90' lang='lat' dir='ltr'>et</span> <span class='ocrx_word' id='word_1_766' title='bbox 2496 5452 2572 5505; x_wconf 88' lang='lat' dir='ltr'>ibi</span> <span class='ocrx_word' id='word_1_767' title='bbox 2609 5453 2854 5523; x_wconf 88' lang='lat' dir='ltr'>reperiet</span> <span class='ocrx_word' id='word_1_768' title='bbox 2886 5453 3082 5524; x_wconf 90' lang='lat' dir='ltr'>ipsum</span> <span class='ocrx_word' id='word_1_769' title='bbox 3103 5451 3400 5507; x_wconf 88' lang='lat' dir='ltr'>Hilarium</span> <span class='ocrx_word' id='word_1_770' title='bbox 3425 5445 3669 5505; x_wconf 85' lang='lat' dir='ltr'>conﬁteri</span> <span class='ocrx_word' id='word_1_771' title='bbox 3690 5435 3837 5527; x_wconf 68' lang='lat' dir='ltr'>aJulii‘i</span> 
     </span>
    </p>
   </div>
   <div class='ocr_carea' id='block_1_115' title="bbox 2279 5533 3848 5611">
    <p class='ocr_par' dir='ltr' id='par_1_115' title="bbox 2279 5533 3848 5611">
     <span class='ocr_line' id='line_1_116' title="bbox 2279 5533 3848 5611; baseline -0.008 -17"><span class='ocrx_word' id='word_1_772' title='bbox 2279 5539 2493 5606; x_wconf 90' lang='lat' dir='ltr'>Marco,</span> <span class='ocrx_word' id='word_1_773' title='bbox 2551 5539 2838 5611; x_wconf 89' lang='lat' dir='ltr'>Sylvestro</span> <span class='ocrx_word' id='word_1_774' title='bbox 2896 5546 2954 5596; x_wconf 89' lang='lat' dir='ltr'>et</span> <span class='ocrx_word' id='word_1_775' title='bbox 3011 5540 3238 5597; x_wconf 78' lang='lat' dir='ltr'>caeteris</span> <span class='ocrx_word' id='word_1_776' title='bbox 3301 5541 3592 5596; x_wconf 87' lang='lat' dir='ltr'>veteribus</span> <span class='ocrx_word' id='word_1_777' title='bbox 3635 5533 3848 5604; x_wconf 70' lang='lat' dir='ltr'>episcopis</span> 
     </span>
    </p>
   </div>
   <div class='ocr_carea' id='block_1_116' title="bbox 2279 5625 3848 5701">
    <p class='ocr_par' dir='ltr' id='par_1_116' title="bbox 2279 5625 3848 5701">
     <span class='ocr_line' id='line_1_117' title="bbox 2279 5625 3848 5701; baseline -0.011 -18"><span class='ocrx_word' id='word_1_778' title='bbox 2279 5627 2547 5684; x_wconf 87' lang='lat' dir='ltr'>similiter</span> <span class='ocrx_word' id='word_1_779' title='bbox 2577 5630 2632 5683; x_wconf 92' lang='lat' dir='ltr'>in</span> <span class='ocrx_word' id='word_1_780' title='bbox 2685 5630 3082 5701; x_wconf 80' lang='lat' dir='ltr'>pmnitentiam</span> <span class='ocrx_word' id='word_1_781' title='bbox 3130 5646 3346 5685; x_wconf 88' lang='lat' dir='ltr'>omnes</span> <span class='ocrx_word' id='word_1_782' title='bbox 3395 5625 3676 5684; x_wconf 51' lang='lat' dir='ltr'>hereticos</span> <span class='ocrx_word' id='word_1_783' title='bbox 3709 5626 3848 5674; x_wconf 70' lang='lat' dir='ltr'>susce-</span> 
     </span>
    </p>
   </div>
  </div>
