  <div class='ocr_page' id='page_1' title='image "/cluster/home/n/w/nwhite01/storage/ocr_20150623/3/hvd.32044073549586/692.png"; bbox 0 0 4088 6174; ppageno 0'>
   <div class='ocr_carea' id='block_1_1' title="bbox 222 321 380 381">
    <p class='ocr_par' dir='ltr' id='par_1_1' title="bbox 222 321 380 381">
     <span class='ocr_line' id='line_1_1' title="bbox 222 321 380 381; baseline -0.013 -2"><span class='ocrx_word' id='word_1_1' title='bbox 222 321 380 381; x_wconf 72' lang='grc'><strong>12⁸77</strong></span> 
     </span>
    </p>
   </div>
   <div class='ocr_carea' id='block_1_2' title="bbox 1125 314 2658 379">
    <p class='ocr_par' dir='ltr' id='par_1_2' title="bbox 1125 314 2658 379">
     <span class='ocr_line' id='line_1_2' title="bbox 1125 314 2658 379; baseline -0.003 -3"><span class='ocrx_word' id='word_1_2' title='bbox 1125 319 1326 378; x_wconf 75' lang='lat' dir='ltr'><strong>PARS</strong></span> <span class='ocrx_word' id='word_1_3' title='bbox 1373 319 1448 379; x_wconf 91' lang='lat' dir='ltr'><strong>Il.</strong></span> <span class='ocrx_word' id='word_1_4' title='bbox 1481 352 1559 363; x_wconf 95' lang='lat'><strong><em>—</em></strong></span> <span class='ocrx_word' id='word_1_5' title='bbox 1614 315 2184 379; x_wconf 78' lang='lat' dir='ltr'><strong>REGENTIORUM</strong></span> <span class='ocrx_word' id='word_1_6' title='bbox 2230 314 2658 378; x_wconf 81' lang='lat' dir='ltr'><strong>EXCURSUS.</strong></span> 
     </span>
    </p>
   </div>
   <div class='ocr_carea' id='block_1_3' title="bbox 3472 307 3627 366">
    <p class='ocr_par' dir='ltr' id='par_1_3' title="bbox 3472 307 3627 366">
     <span class='ocr_line' id='line_1_3' title="bbox 3472 307 3627 366; baseline 0 -1"><span class='ocrx_word' id='word_1_7' title='bbox 3472 307 3627 366; x_wconf 76' lang='grc'><strong>1278</strong></span> 
     </span>
    </p>
   </div>
   <div class='ocr_carea' id='block_1_4' title="bbox 222 442 3624 523">
    <p class='ocr_par' dir='ltr' id='par_1_4' title="bbox 222 442 3624 523">
     <span class='ocr_line' id='line_1_4' title="bbox 222 442 3624 523; baseline -0.005 -16"><span class='ocrx_word' id='word_1_8' title='bbox 222 457 379 523; x_wconf 88' lang='lat' dir='ltr'><strong>ptes,</strong></span> <span class='ocrx_word' id='word_1_9' title='bbox 413 465 517 504; x_wconf 90' lang='lat' dir='ltr'><strong>nec</strong></span> <span class='ocrx_word' id='word_1_10' title='bbox 547 451 741 504; x_wconf 89' lang='lat' dir='ltr'><strong>tamen</strong></span> <span class='ocrx_word' id='word_1_11' title='bbox 792 447 1029 503; x_wconf 83' lang='lat' dir='ltr'><strong>sibimet</strong></span> <span class='ocrx_word' id='word_1_12' title='bbox 1083 448 1340 505; x_wconf 80' lang='lat' dir='ltr'><strong>veritatis</strong></span> <span class='ocrx_word' id='word_1_13' title='bbox 1383 449 1866 504; x_wconf 83' lang='lat' dir='ltr'><strong>consuetudinem</strong></span> <span class='ocrx_word' id='word_1_14' title='bbox 1897 448 1952 514; x_wconf 81' lang='grc' dir='ltr'><strong>Α</strong></span> <span class='ocrx_word' id='word_1_15' title='bbox 1982 449 2203 517; x_wconf 86' lang='lat' dir='ltr'><strong>terpres</strong></span> <span class='ocrx_word' id='word_1_16' title='bbox 2234 445 2484 501; x_wconf 80' lang='lat' dir='ltr'><strong>Basilius</strong></span> <span class='ocrx_word' id='word_1_17' title='bbox 2514 445 2978 500; x_wconf 83' lang='lat' dir='ltr'><strong>commentatur:</strong></span> <span class='ocrx_word' id='word_1_18' title='bbox 3013 442 3270 495; x_wconf 84' lang='lat' dir='ltr'><strong>mentem</strong></span> <span class='ocrx_word' id='word_1_19' title='bbox 3295 452 3496 493; x_wconf 89' lang='lat' dir='ltr'><strong>eorum</strong></span> <span class='ocrx_word' id='word_1_20' title='bbox 3525 452 3624 508; x_wconf 91' lang='lat' dir='ltr'><strong>po-</strong></span> 
     </span>
    </p>
   </div>
   <div class='ocr_carea' id='block_1_5' title="bbox 226 537 1874 612">
    <p class='ocr_par' dir='ltr' id='par_1_5' title="bbox 226 537 1874 612">
     <span class='ocr_line' id='line_1_5' title="bbox 226 537 1874 612; baseline -0.002 -19"><span class='ocrx_word' id='word_1_21' title='bbox 226 538 608 612; x_wconf 67' lang='lat' dir='ltr'><strong>praajudicare</strong></span> <span class='ocrx_word' id='word_1_22' title='bbox 685 537 914 592; x_wconf 86' lang='lat' dir='ltr'>debere.</span> <span class='ocrx_word' id='word_1_23' title='bbox 972 537 1240 609; x_wconf 82' lang='lat' dir='ltr'><strong>Synodus</strong></span> <span class='ocrx_word' id='word_1_24' title='bbox 1324 554 1555 610; x_wconf 86' lang='lat' dir='ltr'><strong>quoque</strong></span> <span class='ocrx_word' id='word_1_25' title='bbox 1641 537 1874 592; x_wconf 85' lang='lat' dir='ltr'><strong>Nicaena</strong></span> 
     </span>
    </p>
   </div>
   <div class='ocr_carea' id='block_1_6' title="bbox 220 624 1874 699">
    <p class='ocr_par' dir='ltr' id='par_1_6' title="bbox 220 624 1874 699">
     <span class='ocr_line' id='line_1_6' title="bbox 220 624 1874 699; baseline -0.004 -15"><span class='ocrx_word' id='word_1_26' title='bbox 220 644 429 684; x_wconf 80' lang='lat' dir='ltr'><strong>omnes</strong></span> <span class='ocrx_word' id='word_1_27' title='bbox 459 625 760 682; x_wconf 73' lang='lat' dir='ltr'><strong>haereticos</strong></span> <span class='ocrx_word' id='word_1_28' title='bbox 809 626 1014 682; x_wconf 74' lang='lat' dir='ltr'><strong>I227</strong></span> <span class='ocrx_word' id='word_1_29' title='bbox 1081 626 1362 699; x_wconf 89' lang='lat' dir='ltr'><strong>suscepit,</strong></span> <span class='ocrx_word' id='word_1_30' title='bbox 1398 626 1649 698; x_wconf 80' lang='lat' dir='ltr'><strong>exceptis</strong></span> <span class='ocrx_word' id='word_1_31' title='bbox 1709 624 1874 681; x_wconf 84' lang='lat' dir='ltr'><strong>Pauli</strong></span> 
     </span>
    </p>
   </div>
   <div class='ocr_carea' id='block_1_7' title="bbox 224 713 1872 787">
    <p class='ocr_par' dir='ltr' id='par_1_7' title="bbox 224 713 1872 787">
     <span class='ocr_line' id='line_1_7' title="bbox 224 713 1872 787; baseline -0.003 -14"><span class='ocrx_word' id='word_1_32' title='bbox 224 715 596 773; x_wconf 85' lang='lat' dir='ltr'><strong>Samosateni</strong></span> <span class='ocrx_word' id='word_1_33' title='bbox 649 713 976 787; x_wconf 85' lang='lat' dir='ltr'><strong>discipulis.</strong></span> <span class='ocrx_word' id='word_1_34' title='bbox 1037 714 1213 770; x_wconf 89' lang='lat' dir='ltr'><strong>Vides</strong></span> <span class='ocrx_word' id='word_1_35' title='bbox 1287 719 1343 770; x_wconf 91' lang='lat' dir='ltr'><strong>et</strong></span> <span class='ocrx_word' id='word_1_36' title='bbox 1398 715 1493 771; x_wconf 90' lang='lat' dir='ltr'><strong>hic</strong></span> <span class='ocrx_word' id='word_1_37' title='bbox 1565 716 1872 782; x_wconf 68' lang='lat' dir='ltr'><strong>haereticos,</strong></span> 
     </span>
    </p>
   </div>
   <div class='ocr_carea' id='block_1_8' title="bbox 223 803 1876 876">
    <p class='ocr_par' dir='ltr' id='par_1_8' title="bbox 223 803 1876 876">
     <span class='ocr_line' id='line_1_8' title="bbox 223 803 1876 876; baseline -0.002 -14"><span class='ocrx_word' id='word_1_38' title='bbox 223 822 412 862; x_wconf 78' lang='lat' dir='ltr'><strong>omnes</strong></span> <span class='ocrx_word' id='word_1_39' title='bbox 441 806 726 862; x_wconf 60' lang='lat' dir='ltr'><strong>hzretioos</strong></span> <span class='ocrx_word' id='word_1_40' title='bbox 759 804 885 860; x_wconf 88' lang='lat' dir='ltr'><strong>sine</strong></span> <span class='ocrx_word' id='word_1_41' title='bbox 914 803 1202 876; x_wconf 88' lang='lat' dir='ltr'><strong>Baptismi</strong></span> <span class='ocrx_word' id='word_1_42' title='bbox 1239 803 1542 861; x_wconf 80' lang='lat' dir='ltr'><strong>iteratione</strong></span> <span class='ocrx_word' id='word_1_43' title='bbox 1573 809 1876 876; x_wconf 89' lang='lat' dir='ltr'><strong>susceptos</strong></span> 
     </span>
    </p>
   </div>
   <div class='ocr_carea' id='block_1_9' title="bbox 225 892 1875 964">
    <p class='ocr_par' dir='ltr' id='par_1_9' title="bbox 225 892 1875 964">
     <span class='ocr_line' id='line_1_9' title="bbox 225 892 1875 964; baseline -0.002 -14"><span class='ocrx_word' id='word_1_44' title='bbox 225 895 304 951; x_wconf 86' lang='lat' dir='ltr'><strong>ab</strong></span> <span class='ocrx_word' id='word_1_45' title='bbox 359 892 617 949; x_wconf 77' lang='lat' dir='ltr'><strong>Ecclesia</strong></span> <span class='ocrx_word' id='word_1_46' title='bbox 673 893 957 963; x_wconf 85' lang='lat' dir='ltr'><strong>Romana,</strong></span> <span class='ocrx_word' id='word_1_47' title='bbox 987 909 1249 964; x_wconf 75' lang='lat' dir='ltr'><strong>peraeque</strong></span> <span class='ocrx_word' id='word_1_48' title='bbox 1297 899 1429 964; x_wconf 86' lang='lat' dir='ltr'><strong>post</strong></span> <span class='ocrx_word' id='word_1_49' title='bbox 1482 892 1875 949; x_wconf 77' lang='lat' dir='ltr'><strong>Arelatensem</strong></span> 
     </span>
    </p>
   </div>
   <div class='ocr_carea' id='block_1_10' title="bbox 222 981 1879 1053">
    <p class='ocr_par' dir='ltr' id='par_1_10' title="bbox 222 981 1879 1053">
     <span class='ocr_line' id='line_1_10' title="bbox 222 981 1879 1053; baseline -0.002 -14"><span class='ocrx_word' id='word_1_50' title='bbox 222 984 637 1053; x_wconf 67' lang='lat' dir='ltr'><strong>Nicanamque</strong></span> <span class='ocrx_word' id='word_1_51' title='bbox 693 982 1006 1053; x_wconf 80' lang='lat' dir='ltr'><strong>synodum,</strong></span> <span class='ocrx_word' id='word_1_52' title='bbox 1038 985 1214 1052; x_wconf 90' lang='lat' dir='ltr'><strong>atque</strong></span> <span class='ocrx_word' id='word_1_53' title='bbox 1263 981 1446 1053; x_wconf 89' lang='lat' dir='ltr'><strong>prius.</strong></span> <span class='ocrx_word' id='word_1_54' title='bbox 1499 982 1647 1053; x_wconf 89' lang='lat' dir='ltr'><strong>Ergo</strong></span> <span class='ocrx_word' id='word_1_55' title='bbox 1679 981 1727 1036; x_wconf 89' lang='lat' dir='ltr'><strong>si</strong></span> <span class='ocrx_word' id='word_1_56' title='bbox 1761 997 1879 1052; x_wconf 91' lang='lat' dir='ltr'><strong>qua</strong></span> 
     </span>
    </p>
   </div>
   <div class='ocr_carea' id='block_1_11' title="bbox 227 1069 1877 1144">
    <p class='ocr_par' dir='ltr' id='par_1_11' title="bbox 227 1069 1877 1144">
     <span class='ocr_line' id='line_1_11' title="bbox 227 1069 1877 1144; baseline -0.002 -16"><span class='ocrx_word' id='word_1_57' title='bbox 227 1072 405 1144; x_wconf 84' lang='lat' dir='ltr'><strong>culpa</strong></span> <span class='ocrx_word' id='word_1_58' title='bbox 426 1071 742 1142; x_wconf 82' lang='lat' dir='ltr'><strong>afﬁngatur</strong></span> <span class='ocrx_word' id='word_1_59' title='bbox 758 1069 1072 1142; x_wconf 85' lang='lat' dir='ltr'><strong>Stephano,</strong></span> <span class='ocrx_word' id='word_1_60' title='bbox 1093 1070 1299 1126; x_wconf 89' lang='lat' dir='ltr'><strong>eadem</strong></span> <span class='ocrx_word' id='word_1_61' title='bbox 1328 1074 1459 1141; x_wconf 90' lang='lat' dir='ltr'><strong>post</strong></span> <span class='ocrx_word' id='word_1_62' title='bbox 1479 1069 1877 1126; x_wconf 77' lang='lat' dir='ltr'><strong>Arelatensem</strong></span> 
     </span>
    </p>
   </div>
   <div class='ocr_carea' id='block_1_12' title="bbox 223 1158 1878 1235">
    <p class='ocr_par' dir='ltr' id='par_1_12' title="bbox 223 1158 1878 1235">
     <span class='ocr_line' id='line_1_12' title="bbox 223 1158 1878 1235; baseline -0.001 -18"><span class='ocrx_word' id='word_1_63' title='bbox 223 1162 519 1235; x_wconf 82' lang='lat' dir='ltr'><strong>synodum</strong></span> <span class='ocrx_word' id='word_1_64' title='bbox 551 1166 607 1215; x_wconf 91' lang='lat' dir='ltr'><strong>et</strong></span> <span class='ocrx_word' id='word_1_65' title='bbox 633 1158 926 1215; x_wconf 63' lang='lat' dir='ltr'><strong>Nicanam</strong></span> <span class='ocrx_word' id='word_1_66' title='bbox 977 1158 1194 1231; x_wconf 87' lang='lat' dir='ltr'><strong>quibus</strong></span> <span class='ocrx_word' id='word_1_67' title='bbox 1242 1159 1488 1215; x_wconf 75' lang='lat' dir='ltr'><strong>aﬂ‘uerat</strong></span> <span class='ocrx_word' id='word_1_68' title='bbox 1529 1176 1631 1231; x_wconf 90' lang='lat' dir='ltr'><strong>per</strong></span> <span class='ocrx_word' id='word_1_69' title='bbox 1658 1158 1878 1231; x_wconf 76' lang='lat' dir='ltr'><strong>legatos</strong></span> 
     </span>
    </p>
   </div>
   <div class='ocr_carea' id='block_1_13' title="bbox 228 1248 1878 1322">
    <p class='ocr_par' dir='ltr' id='par_1_13' title="bbox 228 1248 1878 1322">
     <span class='ocr_line' id='line_1_13' title="bbox 228 1248 1878 1322; baseline -0.002 -16"><span class='ocrx_word' id='word_1_70' title='bbox 228 1252 498 1306; x_wconf 81' lang='lat' dir='ltr'><strong>Romana</strong></span> <span class='ocrx_word' id='word_1_71' title='bbox 535 1249 734 1316; x_wconf 84' lang='lat' dir='ltr'><strong>Sedes,</strong></span> <span class='ocrx_word' id='word_1_72' title='bbox 769 1265 1143 1322; x_wconf 89' lang='lat' dir='ltr'><strong>quarumque</strong></span> <span class='ocrx_word' id='word_1_73' title='bbox 1174 1249 1385 1304; x_wconf 84' lang='lat' dir='ltr'><strong>vindex</strong></span> <span class='ocrx_word' id='word_1_74' title='bbox 1417 1248 1696 1320; x_wconf 86' lang='lat' dir='ltr'><strong>primaria</strong></span> <span class='ocrx_word' id='word_1_75' title='bbox 1726 1265 1878 1304; x_wconf 89' lang='lat' dir='ltr'><strong>sem-</strong></span> 
     </span>
    </p>
   </div>
   <div class='ocr_carea' id='block_1_14' title="bbox 230 1337 1882 1411">
    <p class='ocr_par' dir='ltr' id='par_1_14' title="bbox 230 1337 1882 1411">
     <span class='ocr_line' id='line_1_14' title="bbox 230 1337 1882 1411; baseline -0.002 -16"><span class='ocrx_word' id='word_1_76' title='bbox 230 1355 340 1411; x_wconf 85' lang='lat' dir='ltr'><strong>per</strong></span> <span class='ocrx_word' id='word_1_77' title='bbox 367 1339 493 1411; x_wconf 89' lang='lat' dir='ltr'><strong>ipsa</strong></span> <span class='ocrx_word' id='word_1_78' title='bbox 548 1338 789 1393; x_wconf 77' lang='lat' dir='ltr'><strong>exstitit.</strong></span> <span class='ocrx_word' id='word_1_79' title='bbox 822 1338 1100 1393; x_wconf 82' lang='lat' dir='ltr'><strong>Romanis</strong></span> <span class='ocrx_word' id='word_1_80' title='bbox 1154 1337 1430 1393; x_wconf 89' lang='lat' dir='ltr'><strong>omnibus</strong></span> <span class='ocrx_word' id='word_1_81' title='bbox 1485 1337 1774 1409; x_wconf 87' lang='lat' dir='ltr'><strong>episcopis</strong></span> <span class='ocrx_word' id='word_1_82' title='bbox 1826 1341 1882 1392; x_wconf 91' lang='lat' dir='ltr'><strong>et</strong></span> 
     </span>
    </p>
   </div>
   <div class='ocr_carea' id='block_1_15' title="bbox 231 1425 1881 1500">
    <p class='ocr_par' dir='ltr' id='par_1_15' title="bbox 231 1425 1881 1500">
     <span class='ocr_line' id='line_1_15' title="bbox 231 1425 1881 1500; baseline -0.001 -16"><span class='ocrx_word' id='word_1_83' title='bbox 231 1428 348 1500; x_wconf 89' lang='lat' dir='ltr'><strong>ipsi</strong></span> <span class='ocrx_word' id='word_1_84' title='bbox 377 1427 728 1500; x_wconf 86' lang='lat' dir='ltr'><strong>Hieronymo</strong></span> <span class='ocrx_word' id='word_1_85' title='bbox 758 1427 969 1482; x_wconf 91' lang='lat' dir='ltr'><strong>horum</strong></span> <span class='ocrx_word' id='word_1_86' title='bbox 991 1427 1243 1498; x_wconf 81' lang='lat' dir='ltr'><strong>praeconi</strong></span> <span class='ocrx_word' id='word_1_87' title='bbox 1273 1425 1556 1482; x_wconf 82' lang='lat' dir='ltr'><strong>illinenda</strong></span> <span class='ocrx_word' id='word_1_88' title='bbox 1584 1431 1691 1482; x_wconf 89' lang='lat' dir='ltr'><strong>est.</strong></span> <span class='ocrx_word' id='word_1_89' title='bbox 1714 1426 1881 1482; x_wconf 84' lang='lat' dir='ltr'><strong>Vides</strong></span> 
     </span>
    </p>
   </div>
   <div class='ocr_carea' id='block_1_16' title="bbox 232 1515 1884 1587">
    <p class='ocr_par' dir='ltr' id='par_1_16' title="bbox 232 1515 1884 1587">
     <span class='ocr_line' id='line_1_16' title="bbox 232 1515 1884 1587; baseline -0.001 -15"><span class='ocrx_word' id='word_1_90' title='bbox 232 1532 473 1572; x_wconf 81' lang='lat' dir='ltr'><strong>rursum</strong></span> <span class='ocrx_word' id='word_1_91' title='bbox 506 1532 685 1586; x_wconf 89' lang='lat' dir='ltr'><strong>quam</strong></span> <span class='ocrx_word' id='word_1_92' title='bbox 718 1515 1012 1586; x_wconf 88' lang='lat' dir='ltr'><strong>Stephano</strong></span> <span class='ocrx_word' id='word_1_93' title='bbox 1070 1515 1321 1587; x_wconf 90' lang='lat' dir='ltr'><strong>propitia</strong></span> <span class='ocrx_word' id='word_1_94' title='bbox 1385 1519 1442 1570; x_wconf 89' lang='lat' dir='ltr'><strong>et</strong></span> <span class='ocrx_word' id='word_1_95' title='bbox 1494 1519 1884 1571; x_wconf 85' lang='lat' dir='ltr'><strong>consentanea</strong></span> 
     </span>
    </p>
   </div>
   <div class='ocr_carea' id='block_1_17' title="bbox 230 1603 1882 1676">
    <p class='ocr_par' dir='ltr' id='par_1_17' title="bbox 230 1603 1882 1676">
     <span class='ocr_line' id='line_1_17' title="bbox 230 1603 1882 1676; baseline -0.001 -16"><span class='ocrx_word' id='word_1_96' title='bbox 230 1604 411 1661; x_wconf 87' lang='lat' dir='ltr'><strong>fuerit</strong></span> <span class='ocrx_word' id='word_1_97' title='bbox 466 1604 699 1660; x_wconf 68' lang='lat' dir='ltr'><strong>Nicaeus.</strong></span> <span class='ocrx_word' id='word_1_98' title='bbox 755 1604 1016 1676; x_wconf 87' lang='lat' dir='ltr'><strong>synodus</strong></span> <span class='ocrx_word' id='word_1_99' title='bbox 1069 1620 1196 1675; x_wconf 81' lang='lat' dir='ltr'><strong>quae</strong></span> <span class='ocrx_word' id='word_1_100' title='bbox 1259 1627 1279 1652; x_wconf 74' lang='grc' dir='ltr'><em>α</em></span> <span class='ocrx_word' id='word_1_101' title='bbox 1320 1620 1524 1659; x_wconf 90' lang='lat' dir='ltr'><strong>omnes</strong></span> <span class='ocrx_word' id='word_1_102' title='bbox 1584 1603 1882 1659; x_wconf 82' lang='lat' dir='ltr'><strong>haereticos</strong></span> 
     </span>
    </p>
   </div>
   <div class='ocr_carea' id='block_1_18' title="bbox 229 1691 1878 1764">
    <p class='ocr_par' dir='ltr' id='par_1_18' title="bbox 229 1691 1878 1764">
     <span class='ocr_line' id='line_1_18' title="bbox 229 1691 1878 1764; baseline -0.003 -15"><span class='ocrx_word' id='word_1_103' title='bbox 229 1691 493 1764; x_wconf 89' lang='lat' dir='ltr'><strong>suscepit</strong></span> <span class='ocrx_word' id='word_1_104' title='bbox 521 1692 776 1764; x_wconf 76' lang='lat' dir='ltr'><strong>exceptis</strong></span> <span class='ocrx_word' id='word_1_105' title='bbox 829 1691 989 1748; x_wconf 87' lang='lat' dir='ltr'><strong>Pauli</strong></span> <span class='ocrx_word' id='word_1_106' title='bbox 1047 1691 1414 1747; x_wconf 68' lang='lat' dir='ltr'><strong>Samosateci</strong></span> <span class='ocrx_word' id='word_1_107' title='bbox 1469 1692 1819 1764; x_wconf 89' lang='lat' dir='ltr'><strong>discipulis:</strong></span> <span class='ocrx_word' id='word_1_108' title='bbox 1851 1712 1878 1744; x_wconf 74' lang='grc' dir='ltr'><strong>ιι</strong></span> 
     </span>
    </p>
   </div>
   <div class='ocr_carea' id='block_1_19' title="bbox 1980 535 3626 614">
    <p class='ocr_par' dir='ltr' id='par_1_19' title="bbox 1980 535 3626 614">
     <span class='ocr_line' id='line_1_19' title="bbox 1980 535 3626 614; baseline -0.005 -18"><span class='ocrx_word' id='word_1_109' title='bbox 1980 543 2098 597; x_wconf 89' lang='lat' dir='ltr'><strong>tius</strong></span> <span class='ocrx_word' id='word_1_110' title='bbox 2121 559 2296 614; x_wconf 88' lang='lat' dir='ltr'><strong>quam</strong></span> <span class='ocrx_word' id='word_1_111' title='bbox 2313 543 2491 598; x_wconf 89' lang='lat' dir='ltr'><strong>verba</strong></span> <span class='ocrx_word' id='word_1_112' title='bbox 2523 541 2844 612; x_wconf 87' lang='lat' dir='ltr'><strong>pensitans.</strong></span> <span class='ocrx_word' id='word_1_113' title='bbox 2872 539 3002 594; x_wconf 92' lang='lat' dir='ltr'><strong>Ideo</strong></span> <span class='ocrx_word' id='word_1_114' title='bbox 3021 554 3154 609; x_wconf 88' lang='lat' dir='ltr'><strong>ergo</strong></span> <span class='ocrx_word' id='word_1_115' title='bbox 3187 552 3292 592; x_wconf 88' lang='lat' dir='ltr'><strong>nec</strong></span> <span class='ocrx_word' id='word_1_116' title='bbox 3323 536 3393 589; x_wconf 88' lang='lat' dir='ltr'><strong>ad</strong></span> <span class='ocrx_word' id='word_1_117' title='bbox 3419 535 3626 590; x_wconf 78' lang='lat' dir='ltr'><strong>Roma-</strong></span> 
     </span>
    </p>
   </div>
   <div class='ocr_carea' id='block_1_20' title="bbox 1983 630 3024 702">
    <p class='ocr_par' dir='ltr' id='par_1_20' title="bbox 1983 630 3024 702">
     <span class='ocr_line' id='line_1_20' title="bbox 1983 630 3024 702; baseline -0.006 -15"><span class='ocrx_word' id='word_1_118' title='bbox 1983 631 2076 687; x_wconf 88' lang='lat' dir='ltr'><strong>nis</strong></span> <span class='ocrx_word' id='word_1_119' title='bbox 2105 631 2466 686; x_wconf 71' lang='lat' dir='ltr'><strong>Montanistaa</strong></span> <span class='ocrx_word' id='word_1_120' title='bbox 2494 630 3024 702; x_wconf 85' lang='lat' dir='ltr'><strong>rebaptizabantur.</strong></span> 
     </span>
    </p>
   </div>
   <div class='ocr_carea' id='block_1_21' title="bbox 2035 787 3576 857">
    <p class='ocr_par' dir='ltr' id='par_1_21' title="bbox 2035 787 3576 857">
     <span class='ocr_line' id='line_1_21' title="bbox 2035 787 3576 857; baseline -0.005 -8"><span class='ocrx_word' id='word_1_121' title='bbox 2035 792 2239 849; x_wconf 72' lang='lat'><strong>1228</strong></span> <span class='ocrx_word' id='word_1_122' title='bbox 2272 791 2412 847; x_wconf 87' lang='lat' dir='ltr'><strong>XIX.</strong></span> <span class='ocrx_word' id='word_1_123' title='bbox 2438 795 2521 848; x_wconf 77' lang='lat' dir='ltr'><strong>Ea:</strong></span> <span class='ocrx_word' id='word_1_124' title='bbox 2549 791 2770 857; x_wconf 80' lang='lat' dir='ltr'><strong>Siricio,</strong></span> <span class='ocrx_word' id='word_1_125' title='bbox 2804 790 3134 854; x_wconf 80' lang='lat' dir='ltr'><strong>Innocentio,</strong></span> <span class='ocrx_word' id='word_1_126' title='bbox 3168 789 3341 842; x_wconf 86' lang='lat' dir='ltr'><strong>Leone</strong></span> <span class='ocrx_word' id='word_1_127' title='bbox 3371 788 3432 842; x_wconf 85' lang='lat' dir='ltr'><strong>R.</strong></span> <span class='ocrx_word' id='word_1_128' title='bbox 3467 787 3576 841; x_wconf 91' lang='lat' dir='ltr'><strong>PP.</strong></span> 
     </span>
    </p>
   </div>
   <div class='ocr_carea' id='block_1_22' title="bbox 2058 929 3631 1005">
    <p class='ocr_par' dir='ltr' id='par_1_22' title="bbox 2058 929 3631 1005">
     <span class='ocr_line' id='line_1_22' title="bbox 2058 929 3631 1005; baseline -0.006 -15"><span class='ocrx_word' id='word_1_129' title='bbox 2058 935 2428 991; x_wconf 88' lang='lat' dir='ltr'><strong>Innocentius</strong></span> <span class='ocrx_word' id='word_1_130' title='bbox 2459 943 2651 990; x_wconf 87' lang='lat' dir='ltr'><strong>autem</strong></span> <span class='ocrx_word' id='word_1_131' title='bbox 2685 933 2910 1005; x_wconf 89' lang='lat' dir='ltr'><strong>primus</strong></span> <span class='ocrx_word' id='word_1_132' title='bbox 2942 932 3111 1003; x_wconf 91' lang='lat' dir='ltr'><strong>epist.</strong></span> <span class='ocrx_word' id='word_1_133' title='bbox 3144 932 3230 986; x_wconf 84' lang='lat'><strong>22.</strong></span> <span class='ocrx_word' id='word_1_134' title='bbox 3251 947 3301 985; x_wconf 91' lang='lat' dir='ltr'><strong>c.</strong></span> <span class='ocrx_word' id='word_1_135' title='bbox 3336 932 3388 995; x_wconf 80' lang='grc'><strong>4,</strong></span> <span class='ocrx_word' id='word_1_136' title='bbox 3421 929 3631 985; x_wconf 86' lang='lat' dir='ltr'><strong>distin-</strong></span> 
     </span>
    </p>
   </div>
   <div class='ocr_carea' id='block_1_23' title="bbox 1987 1020 3630 1090">
    <p class='ocr_par' dir='ltr' id='par_1_23' title="bbox 1987 1020 3630 1090">
     <span class='ocr_line' id='line_1_23' title="bbox 1987 1020 3630 1090; baseline -0.005 -10"><span class='ocrx_word' id='word_1_137' title='bbox 1987 1025 2245 1080; x_wconf 86' lang='lat' dir='ltr'><strong>ctionum</strong></span> <span class='ocrx_word' id='word_1_138' title='bbox 2295 1023 2571 1078; x_wconf 89' lang='lat' dir='ltr'><strong>similiter</strong></span> <span class='ocrx_word' id='word_1_139' title='bbox 2614 1022 2966 1090; x_wconf 87' lang='lat' dir='ltr'><strong>incuriosus,</strong></span> <span class='ocrx_word' id='word_1_140' title='bbox 3001 1022 3123 1075; x_wconf 89' lang='lat' dir='ltr'><strong>ait:</strong></span> <span class='ocrx_word' id='word_1_141' title='bbox 3157 1042 3183 1069; x_wconf 85' lang='lat'><strong>«</strong></span> <span class='ocrx_word' id='word_1_142' title='bbox 3228 1020 3450 1074; x_wconf 71' lang='lat' dir='ltr'><strong>Nostrae</strong></span> <span class='ocrx_word' id='word_1_143' title='bbox 3499 1034 3630 1072; x_wconf 88' lang='lat' dir='ltr'><strong>vero</strong></span> 
     </span>
    </p>
   </div>
   <div class='ocr_carea' id='block_1_24' title="bbox 1987 1107 3630 1177">
    <p class='ocr_par' dir='ltr' id='par_1_24' title="bbox 1987 1107 3630 1177">
     <span class='ocr_line' id='line_1_24' title="bbox 1987 1107 3630 1177; baseline -0.004 -11"><span class='ocrx_word' id='word_1_144' title='bbox 1987 1112 2077 1168; x_wconf 89' lang='lat' dir='ltr'><strong>lex</strong></span> <span class='ocrx_word' id='word_1_145' title='bbox 2106 1118 2194 1168; x_wconf 91' lang='lat' dir='ltr'><strong>est</strong></span> <span class='ocrx_word' id='word_1_146' title='bbox 2238 1111 2501 1168; x_wconf 82' lang='lat' dir='ltr'><strong>Ecclesiae</strong></span> <span class='ocrx_word' id='word_1_147' title='bbox 2544 1111 2910 1166; x_wconf 82' lang='lat' dir='ltr'><strong>venientibus</strong></span> <span class='ocrx_word' id='word_1_148' title='bbox 2941 1109 3012 1163; x_wconf 90' lang='lat' dir='ltr'><strong>ab</strong></span> <span class='ocrx_word' id='word_1_149' title='bbox 3056 1107 3362 1173; x_wconf 61' lang='lat' dir='ltr'><strong>haereticis,</strong></span> <span class='ocrx_word' id='word_1_150' title='bbox 3396 1107 3494 1177; x_wconf 89' lang='lat' dir='ltr'><strong>qui</strong></span> <span class='ocrx_word' id='word_1_151' title='bbox 3543 1110 3630 1160; x_wconf 88' lang='lat' dir='ltr'><strong>ta-</strong></span> 
     </span>
    </p>
   </div>
   <div class='ocr_carea' id='block_1_25' title="bbox 1991 1194 3631 1272">
    <p class='ocr_par' dir='ltr' id='par_1_25' title="bbox 1991 1194 3631 1272">
     <span class='ocr_line' id='line_1_25' title="bbox 1991 1194 3631 1272; baseline -0.005 -16"><span class='ocrx_word' id='word_1_152' title='bbox 1991 1218 2122 1256; x_wconf 91' lang='lat' dir='ltr'><strong>men</strong></span> <span class='ocrx_word' id='word_1_153' title='bbox 2155 1201 2271 1256; x_wconf 90' lang='lat' dir='ltr'><strong>illic</strong></span> <span class='ocrx_word' id='word_1_154' title='bbox 2297 1201 2569 1272; x_wconf 88' lang='lat' dir='ltr'><strong>baptizati</strong></span> <span class='ocrx_word' id='word_1_155' title='bbox 2601 1200 2740 1266; x_wconf 90' lang='lat' dir='ltr'><strong>sint,</strong></span> <span class='ocrx_word' id='word_1_156' title='bbox 2776 1215 2876 1271; x_wconf 88' lang='lat' dir='ltr'><strong>per</strong></span> <span class='ocrx_word' id='word_1_157' title='bbox 2913 1213 3123 1252; x_wconf 89' lang='lat' dir='ltr'><strong>manus</strong></span> <span class='ocrx_word' id='word_1_158' title='bbox 3174 1194 3631 1267; x_wconf 83' lang='lat' dir='ltr'><strong>impositionem,</strong></span> 
     </span>
    </p>
   </div>
   <div class='ocr_carea' id='block_1_26' title="bbox 1983 1286 3637 1351">
    <p class='ocr_par' dir='ltr' id='par_1_26' title="bbox 1983 1286 3637 1351">
     <span class='ocr_line' id='line_1_26' title="bbox 1983 1286 3637 1351; baseline -0.005 -6"><span class='ocrx_word' id='word_1_159' title='bbox 1983 1289 2193 1345; x_wconf 90' lang='lat' dir='ltr'><strong>laicam</strong></span> <span class='ocrx_word' id='word_1_160' title='bbox 2225 1295 2451 1344; x_wconf 86' lang='lat' dir='ltr'><strong>tantum</strong></span> <span class='ocrx_word' id='word_1_161' title='bbox 2472 1290 2727 1343; x_wconf 89' lang='lat' dir='ltr'><strong>tribuere</strong></span> <span class='ocrx_word' id='word_1_162' title='bbox 2748 1286 3256 1351; x_wconf 89' lang='lat' dir='ltr'><strong>communionem,</strong></span> <span class='ocrx_word' id='word_1_163' title='bbox 3289 1288 3399 1339; x_wconf 86' lang='lat' dir='ltr'><strong>etc.</strong></span> <span class='ocrx_word' id='word_1_164' title='bbox 3429 1306 3455 1333; x_wconf 84' lang='lat'>»</span> <span class='ocrx_word' id='word_1_165' title='bbox 3489 1288 3637 1337; x_wconf 91' lang='lat' dir='ltr'><strong>Dum</strong></span> 
     </span>
    </p>
   </div>
   <div class='ocr_carea' id='block_1_27' title="bbox 1990 1373 3634 1451">
    <p class='ocr_par' dir='ltr' id='par_1_27' title="bbox 1990 1373 3634 1451">
     <span class='ocr_line' id='line_1_27' title="bbox 1990 1373 3634 1451; baseline -0.005 -17"><span class='ocrx_word' id='word_1_166' title='bbox 1990 1380 2089 1447; x_wconf 84' lang='lat' dir='ltr'><strong>ait,</strong></span> <span class='ocrx_word' id='word_1_167' title='bbox 2121 1401 2142 1429; x_wconf 73' lang='grc' dir='ltr'>ι</span> <span class='ocrx_word' id='word_1_168' title='bbox 2179 1379 2277 1451; x_wconf 92' lang='lat' dir='ltr'><strong>qui</strong></span> <span class='ocrx_word' id='word_1_169' title='bbox 2317 1383 2511 1434; x_wconf 88' lang='lat' dir='ltr'><strong>tamen</strong></span> <span class='ocrx_word' id='word_1_170' title='bbox 2557 1377 2675 1432; x_wconf 88' lang='lat' dir='ltr'><strong>illic</strong></span> <span class='ocrx_word' id='word_1_171' title='bbox 2706 1375 2981 1448; x_wconf 88' lang='lat' dir='ltr'><strong>baptizati</strong></span> <span class='ocrx_word' id='word_1_172' title='bbox 3033 1380 3192 1441; x_wconf 89' lang='lat' dir='ltr'><strong>sunt,</strong></span> <span class='ocrx_word' id='word_1_173' title='bbox 3229 1397 3255 1422; x_wconf 86' lang='lat'>»</span> <span class='ocrx_word' id='word_1_174' title='bbox 3289 1389 3486 1428; x_wconf 91' lang='lat' dir='ltr'><strong>verum</strong></span> <span class='ocrx_word' id='word_1_175' title='bbox 3535 1373 3634 1426; x_wconf 87' lang='lat' dir='ltr'><strong>ba-</strong></span> 
     </span>
    </p>
   </div>
   <div class='ocr_carea' id='block_1_28' title="bbox 1992 1463 3640 1540">
    <p class='ocr_par' dir='ltr' id='par_1_28' title="bbox 1992 1463 3640 1540">
     <span class='ocr_line' id='line_1_28' title="bbox 1992 1463 3640 1540; baseline -0.006 -17"><span class='ocrx_word' id='word_1_176' title='bbox 1992 1467 2275 1540; x_wconf 89' lang='lat' dir='ltr'><strong>ptismum</strong></span> <span class='ocrx_word' id='word_1_177' title='bbox 2306 1473 2363 1523; x_wconf 90' lang='lat' dir='ltr'><strong>et</strong></span> <span class='ocrx_word' id='word_1_178' title='bbox 2394 1485 2428 1522; x_wconf 89' lang='lat' dir='ltr'><strong>a</strong></span> <span class='ocrx_word' id='word_1_179' title='bbox 2456 1483 2518 1522; x_wconf 89' lang='lat' dir='ltr'><strong>se</strong></span> <span class='ocrx_word' id='word_1_180' title='bbox 2558 1471 2616 1521; x_wconf 91' lang='lat' dir='ltr'><strong>et</strong></span> <span class='ocrx_word' id='word_1_181' title='bbox 2644 1483 2677 1521; x_wconf 91' lang='lat' dir='ltr'><strong>a</strong></span> <span class='ocrx_word' id='word_1_182' title='bbox 2708 1465 3033 1535; x_wconf 90' lang='lat' dir='ltr'><strong>majoribus</strong></span> <span class='ocrx_word' id='word_1_183' title='bbox 3075 1463 3199 1519; x_wconf 90' lang='lat' dir='ltr'><strong>suis</strong></span> <span class='ocrx_word' id='word_1_184' title='bbox 3243 1463 3640 1518; x_wconf 89' lang='lat' dir='ltr'><strong>desideratum</strong></span> 
     </span>
    </p>
   </div>
   <div class='ocr_carea' id='block_1_29' title="bbox 1992 1547 3641 1629">
    <p class='ocr_par' dir='ltr' id='par_1_29' title="bbox 1992 1547 3641 1629">
     <span class='ocr_line' id='line_1_29' title="bbox 1992 1547 3641 1629; baseline -0.006 -17"><span class='ocrx_word' id='word_1_185' title='bbox 1992 1556 2306 1629; x_wconf 83' lang='lat' dir='ltr'><strong>significat,</strong></span> <span class='ocrx_word' id='word_1_186' title='bbox 2366 1555 2658 1628; x_wconf 90' lang='lat' dir='ltr'><strong>evangelis</strong></span> <span class='ocrx_word' id='word_1_187' title='bbox 2714 1555 2904 1609; x_wconf 82' lang='lat' dir='ltr'><strong>verbis</strong></span> <span class='ocrx_word' id='word_1_188' title='bbox 2975 1552 3304 1607; x_wconf 89' lang='lat' dir='ltr'><strong>dedicatum</strong></span> <span class='ocrx_word' id='word_1_189' title='bbox 3359 1567 3372 1604; x_wconf 88' lang='lat'>:</span> <span class='ocrx_word' id='word_1_190' title='bbox 3425 1547 3641 1619; x_wconf 90' lang='lat' dir='ltr'><strong>alioqui</strong></span> 
     </span>
    </p>
   </div>
   <div class='ocr_carea' id='block_1_30' title="bbox 1993 1639 3642 1718">
    <p class='ocr_par' dir='ltr' id='par_1_30' title="bbox 1993 1639 3642 1718">
     <span class='ocr_line' id='line_1_30' title="bbox 1993 1639 3642 1718; baseline -0.006 -17"><span class='ocrx_word' id='word_1_191' title='bbox 1993 1663 2098 1701; x_wconf 91' lang='lat' dir='ltr'><strong>nec</strong></span> <span class='ocrx_word' id='word_1_192' title='bbox 2130 1646 2491 1718; x_wconf 88' lang='lat' dir='ltr'><strong>baptismum</strong></span> <span class='ocrx_word' id='word_1_193' title='bbox 2525 1644 2856 1700; x_wconf 90' lang='lat' dir='ltr'><strong>dicendum.</strong></span> <span class='ocrx_word' id='word_1_194' title='bbox 2890 1642 3053 1698; x_wconf 91' lang='lat' dir='ltr'><strong>Unde</strong></span> <span class='ocrx_word' id='word_1_195' title='bbox 3097 1658 3146 1696; x_wconf 91' lang='lat' dir='ltr'><strong>c.</strong></span> <span class='ocrx_word' id='word_1_196' title='bbox 3180 1642 3234 1711; x_wconf 90' lang='grc'>5,</span> <span class='ocrx_word' id='word_1_197' title='bbox 3270 1639 3510 1702; x_wconf 89' lang='lat' dir='ltr'><strong>ibidem,</strong></span> <span class='ocrx_word' id='word_1_198' title='bbox 3545 1656 3642 1692; x_wconf 83' lang='lat' dir='ltr'><strong>ra-</strong></span> 
     </span>
    </p>
   </div>
   <div class='ocr_carea' id='block_1_31' title="bbox 1993 1726 3643 1806">
    <p class='ocr_par' dir='ltr' id='par_1_31' title="bbox 1993 1726 3643 1806">
     <span class='ocr_line' id='line_1_31' title="bbox 1993 1726 3643 1806; baseline -0.005 -17"><span class='ocrx_word' id='word_1_199' title='bbox 1993 1734 2208 1790; x_wconf 89' lang='lat' dir='ltr'><strong>tionem</strong></span> <span class='ocrx_word' id='word_1_200' title='bbox 2239 1735 2525 1806; x_wconf 89' lang='lat' dir='ltr'><strong>indagans</strong></span> <span class='ocrx_word' id='word_1_201' title='bbox 2574 1751 2680 1789; x_wconf 90' lang='lat' dir='ltr'><strong>cur</strong></span> <span class='ocrx_word' id='word_1_202' title='bbox 2725 1733 2956 1788; x_wconf 74' lang='lat' dir='ltr'><strong>Nicaana</strong></span> <span class='ocrx_word' id='word_1_203' title='bbox 3000 1731 3257 1800; x_wconf 88' lang='lat' dir='ltr'><strong>synodus</strong></span> <span class='ocrx_word' id='word_1_204' title='bbox 3306 1726 3643 1783; x_wconf 87' lang='lat' dir='ltr'><strong>Novatianis</strong></span> 
     </span>
    </p>
   </div>
   <div class='ocr_carea' id='block_1_32' title="bbox 231 1780 3641 1893">
    <p class='ocr_par' dir='ltr' id='par_1_32' title="bbox 231 1780 3641 1893">
     <span class='ocr_line' id='line_1_32' title="bbox 319 1780 3636 1800; baseline -0.005 -4"><span class='ocrx_word' id='word_1_205' title='bbox 319 1781 331 1793; x_wconf 95' lang='lat'><strong>.</strong></span> <span class='ocrx_word' id='word_1_206' title='bbox 632 1781 642 1792; x_wconf 92' lang='lat'><strong>.</strong></span> <span class='ocrx_word' id='word_1_207' title='bbox 1164 1780 1174 1792; x_wconf 93' lang='lat'><strong>.</strong></span> <span class='ocrx_word' id='word_1_208' title='bbox 1999 1780 2208 1790; x_wconf 50' lang='lat' dir='ltr'><strong>mu-..</strong></span> <span class='ocrx_word' id='word_1_209' title='bbox 2240 1780 2376 1789; x_wconf 64' lang='grc' dir='ltr'><strong>-..η</strong></span> <span class='ocrx_word' id='word_1_210' title='bbox 2422 1780 2524 1789; x_wconf 56' lang='grc' dir='ltr'><strong>..η</strong></span> <span class='ocrx_word' id='word_1_211' title='bbox 2577 1780 2669 1789; x_wconf 61' lang='grc' dir='ltr'><strong>η-</strong></span> <span class='ocrx_word' id='word_1_212' title='bbox 2725 1780 2956 1788; x_wconf 54' lang='grc' dir='ltr'><strong>,ηνπη-</strong></span> <span class='ocrx_word' id='word_1_213' title='bbox 3000 1780 3254 1800; x_wconf 57' lang='lat'>_,____-</span> <span class='ocrx_word' id='word_1_214' title='bbox 3625 1780 3636 1781; x_wconf 58' lang='lat'><strong><em>,</em></strong></span> 
     </span>
     <span class='ocr_line' id='line_1_33' title="bbox 231 1780 3641 1893; baseline -0.006 -1"><span class='ocrx_word' id='word_1_215' title='bbox 231 1781 1884 1893; x_wconf 41' lang='lat' dir='ltr'><strong>Pf‘iiffnnf’PfBE‘?</strong></span> <span class='ocrx_word' id='word_1_216' title='bbox 1917 1814 1965 1880; x_wconf 91' lang='grc' dir='ltr'><strong>Β</strong></span> <span class='ocrx_word' id='word_1_217' title='bbox 1999 1828 2118 1880; x_wconf 88' lang='lat' dir='ltr'><strong>tam</strong></span> <span class='ocrx_word' id='word_1_218' title='bbox 2141 1780 2543 1893; x_wconf 52' lang='lat' dir='ltr'><strong>secunditam</strong></span> <span class='ocrx_word' id='word_1_219' title='bbox 2568 1823 2810 1878; x_wconf 84' lang='lat' dir='ltr'><strong>adversa</strong></span> <span class='ocrx_word' id='word_1_220' title='bbox 2830 1826 3024 1876; x_wconf 87' lang='lat' dir='ltr'><strong>autem</strong></span> <span class='ocrx_word' id='word_1_221' title='bbox 3047 1817 3423 1874; x_wconf 87' lang='lat' dir='ltr'><strong>Paulianistis</strong></span> <span class='ocrx_word' id='word_1_222' title='bbox 3445 1816 3641 1887; x_wconf 83' lang='lat' dir='ltr'><strong>fuerit,</strong></span> 
     </span>
    </p>
   </div>
   <div class='ocr_carea' id='block_1_33' title="bbox 229 1868 1886 1942">
    <p class='ocr_par' dir='ltr' id='par_1_33' title="bbox 229 1868 1886 1942">
     <span class='ocr_line' id='line_1_34' title="bbox 229 1868 1886 1942; baseline -0.001 -14"><span class='ocrx_word' id='word_1_223' title='bbox 229 1870 584 1928; x_wconf 86' lang='lat' dir='ltr'><strong>extulerant.</strong></span> <span class='ocrx_word' id='word_1_224' title='bbox 612 1870 684 1926; x_wconf 91' lang='lat' dir='ltr'><strong>Ut</strong></span> <span class='ocrx_word' id='word_1_225' title='bbox 706 1869 853 1926; x_wconf 87' lang='lat' dir='ltr'><strong>nihil</strong></span> <span class='ocrx_word' id='word_1_226' title='bbox 878 1869 1064 1942; x_wconf 84' lang='lat' dir='ltr'><strong>possit</strong></span> <span class='ocrx_word' id='word_1_227' title='bbox 1082 1868 1170 1925; x_wconf 89' lang='lat' dir='ltr'><strong>vel</strong></span> <span class='ocrx_word' id='word_1_228' title='bbox 1193 1868 1558 1942; x_wconf 88' lang='lat' dir='ltr'><strong>petulantius</strong></span> <span class='ocrx_word' id='word_1_229' title='bbox 1582 1869 1671 1926; x_wconf 90' lang='lat' dir='ltr'><strong>vel</strong></span> <span class='ocrx_word' id='word_1_230' title='bbox 1701 1871 1779 1924; x_wconf 90' lang='lat' dir='ltr'><strong>im</strong></span> <span class='ocrx_word' id='word_1_231' title='bbox 1789 1887 1886 1942; x_wconf 87' lang='lat' dir='ltr'><strong>pe-</strong></span> 
     </span>
    </p>
   </div>
   <div class='ocr_carea' id='block_1_34' title="bbox 240 1959 1896 2032">
    <p class='ocr_par' dir='ltr' id='par_1_34' title="bbox 240 1959 1896 2032">
     <span class='ocr_line' id='line_1_35' title="bbox 240 1959 1896 2032; baseline -0.001 -17"><span class='ocrx_word' id='word_1_232' title='bbox 240 1960 418 2016; x_wconf 88' lang='lat' dir='ltr'><strong>ritius</strong></span> <span class='ocrx_word' id='word_1_233' title='bbox 448 1960 588 2032; x_wconf 90' lang='lat' dir='ltr'><strong>fingi</strong></span> <span class='ocrx_word' id='word_1_234' title='bbox 624 1959 1003 2015; x_wconf 89' lang='lat' dir='ltr'><strong>novatoribus</strong></span> <span class='ocrx_word' id='word_1_235' title='bbox 1045 1959 1225 2030; x_wconf 86' lang='lat' dir='ltr'><strong>hujus</strong></span> <span class='ocrx_word' id='word_1_236' title='bbox 1282 1959 1409 2026; x_wconf 82' lang='lat' dir='ltr'><strong>aevi,</strong></span> <span class='ocrx_word' id='word_1_237' title='bbox 1441 1959 1541 2030; x_wconf 91' lang='lat' dir='ltr'><strong>qui</strong></span> <span class='ocrx_word' id='word_1_238' title='bbox 1597 1959 1896 2014; x_wconf 35' lang='lat' dir='ltr'><strong>Nicaenam’</strong></span> 
     </span>
    </p>
   </div>
   <div class='ocr_carea' id='block_1_35' title="bbox 242 2046 1894 2119">
    <p class='ocr_par' dir='ltr' id='par_1_35' title="bbox 242 2046 1894 2119">
     <span class='ocr_line' id='line_1_36' title="bbox 242 2046 1894 2119; baseline 0 -17"><span class='ocrx_word' id='word_1_239' title='bbox 242 2047 534 2119; x_wconf 86' lang='lat' dir='ltr'><strong>synodum</strong></span> <span class='ocrx_word' id='word_1_240' title='bbox 574 2046 836 2119; x_wconf 87' lang='lat' dir='ltr'><strong>garriant</strong></span> <span class='ocrx_word' id='word_1_241' title='bbox 893 2063 998 2102; x_wconf 91' lang='lat' dir='ltr'><strong>nec</strong></span> <span class='ocrx_word' id='word_1_242' title='bbox 1037 2046 1335 2118; x_wconf 87' lang='lat' dir='ltr'><strong>Stephano</strong></span> <span class='ocrx_word' id='word_1_243' title='bbox 1393 2063 1619 2114; x_wconf 92' lang='lat' dir='ltr'><strong>omnes,</strong></span> <span class='ocrx_word' id='word_1_244' title='bbox 1646 2064 1750 2102; x_wconf 90' lang='lat' dir='ltr'><strong>nec</strong></span> <span class='ocrx_word' id='word_1_245' title='bbox 1795 2048 1894 2119; x_wconf 86' lang='lat' dir='ltr'><strong>Cy-</strong></span> 
     </span>
    </p>
   </div>
   <div class='ocr_carea' id='block_1_36' title="bbox 239 2135 1888 2208">
    <p class='ocr_par' dir='ltr' id='par_1_36' title="bbox 239 2135 1888 2208">
     <span class='ocr_line' id='line_1_37' title="bbox 239 2135 1888 2208; baseline 0.001 -18"><span class='ocrx_word' id='word_1_246' title='bbox 239 2136 450 2208; x_wconf 86' lang='lat' dir='ltr'><strong>priane</strong></span> <span class='ocrx_word' id='word_1_247' title='bbox 471 2135 666 2191; x_wconf 91' lang='lat' dir='ltr'><strong>nullos</strong></span> <span class='ocrx_word' id='word_1_248' title='bbox 688 2135 814 2192; x_wconf 89' lang='lat' dir='ltr'><strong>sine</strong></span> <span class='ocrx_word' id='word_1_249' title='bbox 836 2135 1130 2207; x_wconf 88' lang='lat' dir='ltr'><strong>baptismo</strong></span> <span class='ocrx_word' id='word_1_250' title='bbox 1159 2136 1462 2207; x_wconf 88' lang='lat' dir='ltr'><strong>recipienti</strong></span> <span class='ocrx_word' id='word_1_251' title='bbox 1487 2137 1888 2208; x_wconf 82' lang='lat' dir='ltr'><strong>sufi&#39;ragatam:</strong></span> 
     </span>
    </p>
   </div>
   <div class='ocr_carea' id='block_1_37' title="bbox 238 2224 1890 2296">
    <p class='ocr_par' dir='ltr' id='par_1_37' title="bbox 238 2224 1890 2296">
     <span class='ocr_line' id='line_1_38' title="bbox 238 2224 1890 2296; baseline 0 -16"><span class='ocrx_word' id='word_1_252' title='bbox 238 2224 344 2280; x_wconf 81' lang='lat' dir='ltr'><strong>sed</strong></span> <span class='ocrx_word' id='word_1_253' title='bbox 379 2224 754 2280; x_wconf 85' lang='lat' dir='ltr'><strong>distinctione</strong></span> <span class='ocrx_word' id='word_1_254' title='bbox 783 2241 850 2280; x_wconf 84' lang='lat' dir='ltr'><strong>ea</strong></span> <span class='ocrx_word' id='word_1_255' title='bbox 885 2241 1050 2280; x_wconf 87' lang='lat' dir='ltr'><strong>usam</strong></span> <span class='ocrx_word' id='word_1_256' title='bbox 1085 2240 1201 2295; x_wconf 90' lang='lat' dir='ltr'><strong>qua</strong></span> <span class='ocrx_word' id='word_1_257' title='bbox 1247 2229 1488 2296; x_wconf 90' lang='lat' dir='ltr'><strong>uterque</strong></span> <span class='ocrx_word' id='word_1_258' title='bbox 1527 2241 1687 2280; x_wconf 87' lang='lat' dir='ltr'><strong>error</strong></span> <span class='ocrx_word' id='word_1_259' title='bbox 1715 2227 1890 2280; x_wconf 79' lang='lat' dir='ltr'><strong>casti-</strong></span> 
     </span>
    </p>
   </div>
   <div class='ocr_carea' id='block_1_38' title="bbox 239 2311 1893 2384">
    <p class='ocr_par' dir='ltr' id='par_1_38' title="bbox 239 2311 1893 2384">
     <span class='ocr_line' id='line_1_39' title="bbox 239 2311 1893 2384; baseline 0 -16"><span class='ocrx_word' id='word_1_260' title='bbox 239 2317 504 2384; x_wconf 85' lang='lat' dir='ltr'><strong>garetur.</strong></span> <span class='ocrx_word' id='word_1_261' title='bbox 539 2313 833 2384; x_wconf 87' lang='lat' dir='ltr'><strong>Stephano</strong></span> <span class='ocrx_word' id='word_1_262' title='bbox 883 2311 1041 2368; x_wconf 90' lang='lat' dir='ltr'><strong>enim</strong></span> <span class='ocrx_word' id='word_1_263' title='bbox 1100 2329 1342 2384; x_wconf 89' lang='lat' dir='ltr'><strong>prorsus</strong></span> <span class='ocrx_word' id='word_1_264' title='bbox 1401 2312 1703 2384; x_wconf 87' lang='lat' dir='ltr'><strong>astipulati</strong></span> <span class='ocrx_word' id='word_1_265' title='bbox 1753 2317 1893 2368; x_wconf 89' lang='lat' dir='ltr'><strong>sunt</strong></span> 
     </span>
    </p>
   </div>
   <div class='ocr_carea' id='block_1_39' title="bbox 239 2401 1889 2473">
    <p class='ocr_par' dir='ltr' id='par_1_39' title="bbox 239 2401 1889 2473">
     <span class='ocr_line' id='line_1_40' title="bbox 239 2401 1889 2473; baseline 0.001 -17"><span class='ocrx_word' id='word_1_266' title='bbox 239 2401 442 2457; x_wconf 89' lang='lat' dir='ltr'><strong>Patres</strong></span> <span class='ocrx_word' id='word_1_267' title='bbox 473 2401 692 2456; x_wconf 69' lang='lat' dir='ltr'><strong>Nicaeni</strong></span> <span class='ocrx_word' id='word_1_268' title='bbox 724 2401 824 2473; x_wconf 83' lang='lat' dir='ltr'><strong>qui</strong></span> <span class='ocrx_word' id='word_1_269' title='bbox 857 2418 1063 2457; x_wconf 89' lang='lat' dir='ltr'><strong>omnes</strong></span> <span class='ocrx_word' id='word_1_270' title='bbox 1102 2417 1217 2472; x_wconf 92' lang='lat' dir='ltr'><strong>quo</strong></span> <span class='ocrx_word' id='word_1_271' title='bbox 1272 2401 1368 2456; x_wconf 90' lang='lat' dir='ltr'><strong>ille</strong></span> <span class='ocrx_word' id='word_1_272' title='bbox 1423 2402 1550 2457; x_wconf 90' lang='lat' dir='ltr'><strong>sine</strong></span> <span class='ocrx_word' id='word_1_273' title='bbox 1596 2402 1889 2473; x_wconf 90' lang='lat' dir='ltr'><strong>baptismo</strong></span> 
     </span>
    </p>
   </div>
   <div class='ocr_carea' id='block_1_40' title="bbox 233 2487 1890 2563">
    <p class='ocr_par' dir='ltr' id='par_1_40' title="bbox 233 2487 1890 2563">
     <span class='ocr_line' id='line_1_41' title="bbox 233 2487 1890 2563; baseline 0.001 -18"><span class='ocrx_word' id='word_1_274' title='bbox 233 2491 542 2546; x_wconf 83' lang='lat' dir='ltr'><strong>haereticos</strong></span> <span class='ocrx_word' id='word_1_275' title='bbox 574 2490 792 2563; x_wconf 90' lang='lat' dir='ltr'><strong>suscipi</strong></span> <span class='ocrx_word' id='word_1_276' title='bbox 818 2492 1050 2562; x_wconf 86' lang='lat' dir='ltr'><strong>jussere</strong></span> <span class='ocrx_word' id='word_1_277' title='bbox 1079 2507 1093 2559; x_wconf 90' lang='lat'><strong>;</strong></span> <span class='ocrx_word' id='word_1_278' title='bbox 1125 2507 1222 2547; x_wconf 90' lang='lat' dir='ltr'><strong>eos</strong></span> <span class='ocrx_word' id='word_1_279' title='bbox 1253 2487 1399 2563; x_wconf 88' lang='lat' dir='ltr'><strong>tingi</strong></span> <span class='ocrx_word' id='word_1_280' title='bbox 1451 2507 1694 2546; x_wconf 86' lang='lat' dir='ltr'><strong>sanxere</strong></span> <span class='ocrx_word' id='word_1_281' title='bbox 1743 2507 1890 2562; x_wconf 87' lang='lat' dir='ltr'><strong>quos</strong></span> 
     </span>
    </p>
   </div>
   <div class='ocr_carea' id='block_1_41' title="bbox 233 2579 1887 2652">
    <p class='ocr_par' dir='ltr' id='par_1_41' title="bbox 233 2579 1887 2652">
     <span class='ocr_line' id='line_1_42' title="bbox 233 2579 1887 2652; baseline 0.001 -18"><span class='ocrx_word' id='word_1_282' title='bbox 233 2579 338 2635; x_wconf 91' lang='lat' dir='ltr'><strong>ille</strong></span> <span class='ocrx_word' id='word_1_283' title='bbox 367 2585 676 2650; x_wconf 90' lang='lat' dir='ltr'><strong>erupturos</strong></span> <span class='ocrx_word' id='word_1_284' title='bbox 693 2580 905 2636; x_wconf 87' lang='lat' dir='ltr'><strong>rescire</strong></span> <span class='ocrx_word' id='word_1_285' title='bbox 935 2597 1051 2636; x_wconf 89' lang='lat' dir='ltr'><strong>non</strong></span> <span class='ocrx_word' id='word_1_286' title='bbox 1084 2579 1290 2652; x_wconf 88' lang='lat' dir='ltr'><strong>potuit.</strong></span> <span class='ocrx_word' id='word_1_287' title='bbox 1315 2579 1573 2652; x_wconf 91' lang='lat' dir='ltr'><strong>Denique</strong></span> <span class='ocrx_word' id='word_1_288' title='bbox 1595 2597 1887 2652; x_wconf 90' lang='lat' dir='ltr'><strong>nusquam</strong></span> 
     </span>
    </p>
   </div>
   <div class='ocr_carea' id='block_1_42' title="bbox 234 2668 1890 2740">
    <p class='ocr_par' dir='ltr' id='par_1_42' title="bbox 234 2668 1890 2740">
     <span class='ocr_line' id='line_1_43' title="bbox 234 2668 1890 2740; baseline 0.001 -17"><span class='ocrx_word' id='word_1_289' title='bbox 234 2668 629 2740; x_wconf 80' lang='lat' dir='ltr'><strong>Hieronymus</strong></span> <span class='ocrx_word' id='word_1_290' title='bbox 659 2668 746 2724; x_wconf 91' lang='lat' dir='ltr'><strong>vel</strong></span> <span class='ocrx_word' id='word_1_291' title='bbox 775 2668 1069 2724; x_wconf 90' lang='lat' dir='ltr'><strong>levissime</strong></span> <span class='ocrx_word' id='word_1_292' title='bbox 1099 2673 1457 2740; x_wconf 87' lang='lat' dir='ltr'><strong>conquestus</strong></span> <span class='ocrx_word' id='word_1_293' title='bbox 1478 2672 1567 2724; x_wconf 89' lang='lat' dir='ltr'><strong>est</strong></span> <span class='ocrx_word' id='word_1_294' title='bbox 1596 2669 1667 2724; x_wconf 92' lang='lat' dir='ltr'><strong>de</strong></span> <span class='ocrx_word' id='word_1_295' title='bbox 1696 2685 1890 2725; x_wconf 87' lang='lat' dir='ltr'><strong>errore</strong></span> 
     </span>
    </p>
   </div>
   <div class='ocr_carea' id='block_1_43' title="bbox 229 2756 1889 2831">
    <p class='ocr_par' dir='ltr' id='par_1_43' title="bbox 229 2756 1889 2831">
     <span class='ocr_line' id='line_1_44' title="bbox 229 2756 1889 2831; baseline 0.001 -18"><span class='ocrx_word' id='word_1_296' title='bbox 229 2756 323 2814; x_wconf 78' lang='lat' dir='ltr'><strong>vel</strong></span> <span class='ocrx_word' id='word_1_297' title='bbox 354 2757 656 2830; x_wconf 81' lang='lat' dir='ltr'><strong>Stephani,</strong></span> <span class='ocrx_word' id='word_1_298' title='bbox 687 2757 776 2813; x_wconf 89' lang='lat' dir='ltr'><strong>vel</strong></span> <span class='ocrx_word' id='word_1_299' title='bbox 807 2773 1007 2813; x_wconf 90' lang='lat' dir='ltr'><strong>eorum</strong></span> <span class='ocrx_word' id='word_1_300' title='bbox 1042 2758 1142 2831; x_wconf 91' lang='lat' dir='ltr'><strong>qui</strong></span> <span class='ocrx_word' id='word_1_301' title='bbox 1190 2757 1485 2830; x_wconf 90' lang='lat' dir='ltr'><strong>baptisma</strong></span> <span class='ocrx_word' id='word_1_302' title='bbox 1522 2757 1889 2815; x_wconf 88' lang='lat' dir='ltr'><strong>heterodoxis</strong></span> 
     </span>
    </p>
   </div>
   <div class='ocr_carea' id='block_1_44' title="bbox 238 2845 1218 2903">
    <p class='ocr_par' dir='ltr' id='par_1_44' title="bbox 238 2845 1218 2903">
     <span class='ocr_line' id='line_1_45' title="bbox 238 2845 1218 2903; baseline 0.002 -4"><span class='ocrx_word' id='word_1_303' title='bbox 238 2845 437 2903; x_wconf 82' lang='lat' dir='ltr'><strong>verbis</strong></span> <span class='ocrx_word' id='word_1_304' title='bbox 467 2845 745 2902; x_wconf 90' lang='lat' dir='ltr'><strong>collatum</strong></span> <span class='ocrx_word' id='word_1_305' title='bbox 777 2863 893 2902; x_wconf 89' lang='lat' dir='ltr'><strong>non</strong></span> <span class='ocrx_word' id='word_1_306' title='bbox 922 2847 1218 2902; x_wconf 90' lang='lat' dir='ltr'><strong>iterarent.</strong></span> 
     </span>
    </p>
   </div>
   <div class='ocr_carea' id='block_1_45' title="bbox 551 3003 1574 3078">
    <p class='ocr_par' dir='ltr' id='par_1_45' title="bbox 551 3003 1574 3078">
     <span class='ocr_line' id='line_1_46' title="bbox 551 3003 1574 3078; baseline 0.002 -19"><span class='ocrx_word' id='word_1_307' title='bbox 551 3005 744 3062; x_wconf 88' lang='lat' dir='ltr'><strong>XVIII.</strong></span> <span class='ocrx_word' id='word_1_308' title='bbox 778 3005 921 3062; x_wconf 84' lang='lat' dir='ltr'><strong>Idem</strong></span> <span class='ocrx_word' id='word_1_309' title='bbox 963 3005 1213 3078; x_wconf 77' lang='lat' dir='ltr'><strong>efﬁcitur</strong></span> <span class='ocrx_word' id='word_1_310' title='bbox 1240 3021 1312 3062; x_wconf 71' lang='lat' dir='ltr'><strong>ea:</strong></span> <span class='ocrx_word' id='word_1_311' title='bbox 1339 3003 1574 3061; x_wconf 72' lang='lat' dir='ltr'><strong>Basilio.</strong></span> 
     </span>
    </p>
   </div>
   <div class='ocr_carea' id='block_1_46' title="bbox 2000 1905 3648 1977">
    <p class='ocr_par' dir='ltr' id='par_1_46' title="bbox 2000 1905 3648 1977">
     <span class='ocr_line' id='line_1_47' title="bbox 2000 1905 3648 1977; baseline -0.006 -9"><span class='ocrx_word' id='word_1_312' title='bbox 2000 1917 2065 1968; x_wconf 92' lang='lat' dir='ltr'><strong>ut</strong></span> <span class='ocrx_word' id='word_1_313' title='bbox 2093 1912 2226 1969; x_wconf 92' lang='lat' dir='ltr'><strong>illos</strong></span> <span class='ocrx_word' id='word_1_314' title='bbox 2256 1928 2360 1968; x_wconf 89' lang='lat' dir='ltr'><strong>nec</strong></span> <span class='ocrx_word' id='word_1_315' title='bbox 2393 1929 2431 1968; x_wconf 89' lang='lat' dir='ltr'><strong>a</strong></span> <span class='ocrx_word' id='word_1_316' title='bbox 2456 1911 2605 1967; x_wconf 90' lang='lat' dir='ltr'><strong>clero</strong></span> <span class='ocrx_word' id='word_1_317' title='bbox 2637 1910 2964 1977; x_wconf 91' lang='lat' dir='ltr'><strong>dimoverit,</strong></span> <span class='ocrx_word' id='word_1_318' title='bbox 2991 1909 3202 1964; x_wconf 92' lang='lat' dir='ltr'><strong>horum</strong></span> <span class='ocrx_word' id='word_1_319' title='bbox 3233 1905 3320 1962; x_wconf 93' lang='lat' dir='ltr'><strong>vel</strong></span> <span class='ocrx_word' id='word_1_320' title='bbox 3352 1905 3648 1977; x_wconf 87' lang='lat' dir='ltr'><strong>baptisma</strong></span> 
     </span>
    </p>
   </div>
   <div class='ocr_carea' id='block_1_47' title="bbox 1999 1995 3646 2068">
    <p class='ocr_par' dir='ltr' id='par_1_47' title="bbox 1999 1995 3646 2068">
     <span class='ocr_line' id='line_1_48' title="bbox 1999 1995 3646 2068; baseline -0.005 -12"><span class='ocrx_word' id='word_1_321' title='bbox 1999 2001 2278 2068; x_wconf 89' lang='lat' dir='ltr'><strong>irritarit;</strong></span> <span class='ocrx_word' id='word_1_322' title='bbox 2311 2023 2340 2050; x_wconf 87' lang='lat'>«</span> <span class='ocrx_word' id='word_1_323' title='bbox 2375 2000 2536 2064; x_wconf 87' lang='lat' dir='ltr'><strong>Quod</strong></span> <span class='ocrx_word' id='word_1_324' title='bbox 2570 1999 2751 2054; x_wconf 90' lang='lat' dir='ltr'><strong>idciro</strong></span> <span class='ocrx_word' id='word_1_325' title='bbox 2781 1998 3125 2053; x_wconf 90' lang='lat' dir='ltr'><strong>distinctum</strong></span> <span class='ocrx_word' id='word_1_326' title='bbox 3164 2011 3293 2052; x_wconf 90' lang='lat' dir='ltr'><strong>esse</strong></span> <span class='ocrx_word' id='word_1_327' title='bbox 3339 1995 3470 2050; x_wconf 90' lang='lat' dir='ltr'><strong>istis</strong></span> <span class='ocrx_word' id='word_1_328' title='bbox 3501 1995 3646 2048; x_wconf 57' lang='lat' dir='ltr'><strong>dua.</strong></span> 
     </span>
    </p>
   </div>
   <div class='ocr_carea' id='block_1_48' title="bbox 2001 2083 3645 2154">
    <p class='ocr_par' dir='ltr' id='par_1_48' title="bbox 2001 2083 3645 2154">
     <span class='ocr_line' id='line_1_49' title="bbox 2001 2083 3645 2154; baseline -0.006 -9"><span class='ocrx_word' id='word_1_329' title='bbox 2001 2090 2112 2145; x_wconf 90' lang='lat' dir='ltr'><strong>bus</strong></span> <span class='ocrx_word' id='word_1_330' title='bbox 2150 2089 2471 2145; x_wconf 64' lang='lat' dir='ltr'><strong>heresibus</strong></span> <span class='ocrx_word' id='word_1_331' title='bbox 2499 2089 2646 2143; x_wconf 87' lang='lat' dir='ltr'><strong>ratio</strong></span> <span class='ocrx_word' id='word_1_332' title='bbox 2682 2087 2990 2142; x_wconf 81' lang='lat' dir='ltr'><strong>manifesta</strong></span> <span class='ocrx_word' id='word_1_333' title='bbox 3018 2085 3292 2152; x_wconf 91' lang='lat' dir='ltr'><strong>declarat,</strong></span> <span class='ocrx_word' id='word_1_334' title='bbox 3326 2083 3463 2154; x_wconf 91' lang='lat' dir='ltr'><strong>quia</strong></span> <span class='ocrx_word' id='word_1_335' title='bbox 3496 2086 3645 2136; x_wconf 91' lang='lat' dir='ltr'><strong>Pau-</strong></span> 
     </span>
    </p>
   </div>
   <div class='ocr_carea' id='block_1_49' title="bbox 2000 2173 3645 2244">
    <p class='ocr_par' dir='ltr' id='par_1_49' title="bbox 2000 2173 3645 2244">
     <span class='ocr_line' id='line_1_50' title="bbox 2000 2173 3645 2244; baseline -0.004 -12"><span class='ocrx_word' id='word_1_336' title='bbox 2000 2178 2246 2234; x_wconf 71' lang='lat' dir='ltr'><strong>lianistae</strong></span> <span class='ocrx_word' id='word_1_337' title='bbox 2269 2179 2327 2233; x_wconf 92' lang='lat' dir='ltr'><strong>in</strong></span> <span class='ocrx_word' id='word_1_338' title='bbox 2360 2177 2594 2243; x_wconf 82' lang='lat' dir='ltr'><strong>nomine</strong></span> <span class='ocrx_word' id='word_1_339' title='bbox 2628 2177 2832 2241; x_wconf 87' lang='lat' dir='ltr'><strong>Patris,</strong></span> <span class='ocrx_word' id='word_1_340' title='bbox 2861 2181 2918 2230; x_wconf 87' lang='lat' dir='ltr'><strong>et</strong></span> <span class='ocrx_word' id='word_1_341' title='bbox 2945 2174 3093 2240; x_wconf 84' lang='lat' dir='ltr'><strong>Filii,</strong></span> <span class='ocrx_word' id='word_1_342' title='bbox 3127 2180 3184 2228; x_wconf 93' lang='lat' dir='ltr'><strong>et</strong></span> <span class='ocrx_word' id='word_1_343' title='bbox 3225 2173 3478 2244; x_wconf 83' lang='lat' dir='ltr'><strong>Spiritus</strong></span> <span class='ocrx_word' id='word_1_344' title='bbox 3510 2188 3645 2226; x_wconf 88' lang='lat' dir='ltr'><strong>san-</strong></span> 
     </span>
    </p>
   </div>
   <div class='ocr_carea' id='block_1_50' title="bbox 1999 2261 3646 2337">
    <p class='ocr_par' dir='ltr' id='par_1_50' title="bbox 1999 2261 3646 2337">
     <span class='ocr_line' id='line_1_51' title="bbox 1999 2261 3646 2337; baseline -0.006 -15"><span class='ocrx_word' id='word_1_345' title='bbox 1999 2268 2074 2323; x_wconf 88' lang='lat' dir='ltr'><strong>cti</strong></span> <span class='ocrx_word' id='word_1_346' title='bbox 2118 2267 2359 2321; x_wconf 89' lang='lat' dir='ltr'><strong>minime</strong></span> <span class='ocrx_word' id='word_1_347' title='bbox 2406 2265 2804 2337; x_wconf 88' lang='lat' dir='ltr'><strong>baptizabant,</strong></span> <span class='ocrx_word' id='word_1_348' title='bbox 2831 2268 2886 2318; x_wconf 90' lang='lat' dir='ltr'><strong>et</strong></span> <span class='ocrx_word' id='word_1_349' title='bbox 2938 2261 3238 2317; x_wconf 90' lang='lat' dir='ltr'><strong>Novatiani</strong></span> <span class='ocrx_word' id='word_1_350' title='bbox 3290 2261 3495 2315; x_wconf 88' lang='lat' dir='ltr'><strong>iisdem</strong></span> <span class='ocrx_word' id='word_1_351' title='bbox 3529 2263 3646 2313; x_wconf 89' lang='lat' dir='ltr'><strong>tre-</strong></span> 
     </span>
    </p>
   </div>
   <div class='ocr_carea' id='block_1_51' title="bbox 2002 2348 3644 2425">
    <p class='ocr_par' dir='ltr' id='par_1_51' title="bbox 2002 2348 3644 2425">
     <span class='ocr_line' id='line_1_52' title="bbox 2002 2348 3644 2425; baseline -0.006 -14"><span class='ocrx_word' id='word_1_352' title='bbox 2002 2356 2230 2411; x_wconf 87' lang='lat' dir='ltr'><strong>mendis</strong></span> <span class='ocrx_word' id='word_1_353' title='bbox 2262 2355 2646 2425; x_wconf 90' lang='lat' dir='ltr'><strong>verendisque</strong></span> <span class='ocrx_word' id='word_1_354' title='bbox 2677 2353 3016 2408; x_wconf 89' lang='lat' dir='ltr'><strong>nominibus</strong></span> <span class='ocrx_word' id='word_1_355' title='bbox 3049 2351 3362 2422; x_wconf 87' lang='lat' dir='ltr'><strong>baptizant.</strong></span> <span class='ocrx_word' id='word_1_356' title='bbox 3399 2371 3424 2397; x_wconf 85' lang='lat'>»</span> <span class='ocrx_word' id='word_1_357' title='bbox 3460 2348 3644 2419; x_wconf 85' lang='lat' dir='ltr'><strong>Igitur</strong></span> 
     </span>
    </p>
   </div>
   <div class='ocr_carea' id='block_1_52' title="bbox 1999 2436 3645 2511">
    <p class='ocr_par' dir='ltr' id='par_1_52' title="bbox 1999 2436 3645 2511">
     <span class='ocr_line' id='line_1_53' title="bbox 1999 2436 3645 2511; baseline -0.007 -10"><span class='ocrx_word' id='word_1_358' title='bbox 1999 2445 2107 2501; x_wconf 90' lang='lat' dir='ltr'><strong>etsi</strong></span> <span class='ocrx_word' id='word_1_359' title='bbox 2140 2443 2326 2499; x_wconf 86' lang='lat' dir='ltr'><strong>sancti</strong></span> <span class='ocrx_word' id='word_1_360' title='bbox 2357 2444 2558 2498; x_wconf 90' lang='lat' dir='ltr'><strong>Patres</strong></span> <span class='ocrx_word' id='word_1_361' title='bbox 2586 2442 2897 2497; x_wconf 88' lang='lat' dir='ltr'><strong>indiscrete</strong></span> <span class='ocrx_word' id='word_1_362' title='bbox 2928 2439 3307 2511; x_wconf 88' lang='lat' dir='ltr'><strong>pronuntient</strong></span> <span class='ocrx_word' id='word_1_363' title='bbox 3337 2453 3540 2492; x_wconf 89' lang='lat' dir='ltr'><strong>omnes</strong></span> <span class='ocrx_word' id='word_1_364' title='bbox 3574 2436 3645 2490; x_wconf 89' lang='lat' dir='ltr'><strong>ab</strong></span> 
     </span>
    </p>
   </div>
   <div class='ocr_carea' id='block_1_53' title="bbox 1999 2527 3644 2602">
    <p class='ocr_par' dir='ltr' id='par_1_53' title="bbox 1999 2527 3644 2602">
     <span class='ocr_line' id='line_1_54' title="bbox 1999 2527 3644 2602; baseline -0.006 -13"><span class='ocrx_word' id='word_1_365' title='bbox 1999 2533 2285 2589; x_wconf 69' lang='lat' dir='ltr'><strong>haereticis</strong></span> <span class='ocrx_word' id='word_1_366' title='bbox 2317 2532 2529 2586; x_wconf 84' lang='lat' dir='ltr'><strong>tinctos</strong></span> <span class='ocrx_word' id='word_1_367' title='bbox 2579 2531 2702 2586; x_wconf 90' lang='lat' dir='ltr'><strong>sola</strong></span> <span class='ocrx_word' id='word_1_368' title='bbox 2745 2529 3085 2602; x_wconf 74' lang='lat' dir='ltr'><strong>poenitentia</strong></span> <span class='ocrx_word' id='word_1_369' title='bbox 3134 2527 3450 2599; x_wconf 85' lang='lat' dir='ltr'><strong>expiandos</strong></span> <span class='ocrx_word' id='word_1_370' title='bbox 3495 2541 3644 2595; x_wconf 89' lang='lat' dir='ltr'><strong>esse,</strong></span> 
     </span>
    </p>
   </div>
   <div class='ocr_carea' id='block_1_54' title="bbox 1999 2613 3646 2689">
    <p class='ocr_par' dir='ltr' id='par_1_54' title="bbox 1999 2613 3646 2689">
     <span class='ocr_line' id='line_1_55' title="bbox 1999 2613 3646 2689; baseline -0.006 -11"><span class='ocrx_word' id='word_1_371' title='bbox 1999 2622 2216 2678; x_wconf 86' lang='lat' dir='ltr'><strong>conscii</strong></span> <span class='ocrx_word' id='word_1_372' title='bbox 2246 2627 2442 2676; x_wconf 82' lang='lat' dir='ltr'><strong>tamen</strong></span> <span class='ocrx_word' id='word_1_373' title='bbox 2473 2619 2649 2675; x_wconf 92' lang='lat' dir='ltr'><strong>iidem</strong></span> <span class='ocrx_word' id='word_1_374' title='bbox 2674 2623 2812 2674; x_wconf 92' lang='lat' dir='ltr'><strong>sunt</strong></span> <span class='ocrx_word' id='word_1_375' title='bbox 2845 2634 2949 2674; x_wconf 87' lang='lat' dir='ltr'><strong>nec</strong></span> <span class='ocrx_word' id='word_1_376' title='bbox 2982 2619 3337 2689; x_wconf 88' lang='lat' dir='ltr'><strong>baptismum</strong></span> <span class='ocrx_word' id='word_1_377' title='bbox 3370 2615 3506 2679; x_wconf 90' lang='lat' dir='ltr'><strong>dici,</strong></span> <span class='ocrx_word' id='word_1_378' title='bbox 3531 2613 3646 2668; x_wconf 88' lang='lat' dir='ltr'><strong>nisi</strong></span> 
     </span>
    </p>
   </div>
   <div class='ocr_carea' id='block_1_55' title="bbox 1998 2706 3645 2779">
    <p class='ocr_par' dir='ltr' id='par_1_55' title="bbox 1998 2706 3645 2779">
     <span class='ocr_line' id='line_1_56' title="bbox 1998 2706 3645 2779; baseline -0.007 -12"><span class='ocrx_word' id='word_1_379' title='bbox 1998 2713 2233 2767; x_wconf 88' lang='lat' dir='ltr'><strong>nomine</strong></span> <span class='ocrx_word' id='word_1_380' title='bbox 2280 2708 2586 2766; x_wconf 89' lang='lat' dir='ltr'><strong>Trinitatis</strong></span> <span class='ocrx_word' id='word_1_381' title='bbox 2633 2707 3066 2779; x_wconf 88' lang='lat' dir='ltr'><strong>consignatum.</strong></span> <span class='ocrx_word' id='word_1_382' title='bbox 3115 2706 3182 2760; x_wconf 88' lang='lat' dir='ltr'><strong>Et</strong></span> <span class='ocrx_word' id='word_1_383' title='bbox 3228 2720 3465 2760; x_wconf 89' lang='lat' dir='ltr'><strong>rursum</strong></span> <span class='ocrx_word' id='word_1_384' title='bbox 3511 2718 3645 2757; x_wconf 92' lang='lat' dir='ltr'><strong>cum</strong></span> 
     </span>
    </p>
   </div>
   <div class='ocr_carea' id='block_1_56' title="bbox 1997 2791 3644 2868">
    <p class='ocr_par' dir='ltr' id='par_1_56' title="bbox 1997 2791 3644 2868">
     <span class='ocr_line' id='line_1_57' title="bbox 1997 2791 3644 2868; baseline -0.007 -12"><span class='ocrx_word' id='word_1_385' title='bbox 1997 2799 2368 2856; x_wconf 74' lang='lat' dir='ltr'><strong>Paulianistae</strong></span> <span class='ocrx_word' id='word_1_386' title='bbox 2408 2797 2564 2868; x_wconf 91' lang='lat' dir='ltr'><strong>quod</strong></span> <span class='ocrx_word' id='word_1_387' title='bbox 2596 2797 2655 2851; x_wconf 88' lang='lat' dir='ltr'><strong>iu</strong></span> <span class='ocrx_word' id='word_1_388' title='bbox 2700 2796 2937 2851; x_wconf 90' lang='lat' dir='ltr'><strong>nomine</strong></span> <span class='ocrx_word' id='word_1_389' title='bbox 2965 2793 3270 2850; x_wconf 89' lang='lat' dir='ltr'><strong>Trinitatis</strong></span> <span class='ocrx_word' id='word_1_390' title='bbox 3309 2809 3422 2848; x_wconf 90' lang='lat' dir='ltr'><strong>non</strong></span> <span class='ocrx_word' id='word_1_391' title='bbox 3457 2791 3644 2862; x_wconf 87' lang='lat' dir='ltr'><strong>tinge-</strong></span> 
     </span>
    </p>
   </div>
   <div class='ocr_carea' id='block_1_57' title="bbox 1997 2881 3643 2958">
    <p class='ocr_par' dir='ltr' id='par_1_57' title="bbox 1997 2881 3643 2958">
     <span class='ocr_line' id='line_1_58' title="bbox 1997 2881 3643 2958; baseline -0.006 -15"><span class='ocrx_word' id='word_1_392' title='bbox 1997 2892 2146 2958; x_wconf 87' lang='lat' dir='ltr'><strong>rent,</strong></span> <span class='ocrx_word' id='word_1_393' title='bbox 2179 2888 2252 2942; x_wconf 88' lang='lat' dir='ltr'><strong>ad</strong></span> <span class='ocrx_word' id='word_1_394' title='bbox 2283 2884 2599 2942; x_wconf 89' lang='lat' dir='ltr'><strong>Ecclesiam</strong></span> <span class='ocrx_word' id='word_1_395' title='bbox 2629 2883 2928 2940; x_wconf 90' lang='lat' dir='ltr'><strong>venientes</strong></span> <span class='ocrx_word' id='word_1_396' title='bbox 2967 2899 3174 2938; x_wconf 87' lang='lat' dir='ltr'><strong>rursus</strong></span> <span class='ocrx_word' id='word_1_397' title='bbox 3220 2881 3643 2950; x_wconf 86' lang='lat' dir='ltr'><strong>abluijubean-</strong></span> 
     </span>
    </p>
   </div>
   <div class='ocr_carea' id='block_1_58' title="bbox 1995 2967 3644 3048">
    <p class='ocr_par' dir='ltr' id='par_1_58' title="bbox 1995 2967 3644 3048">
     <span class='ocr_line' id='line_1_59' title="bbox 1995 2967 3644 3048; baseline -0.007 -16"><span class='ocrx_word' id='word_1_398' title='bbox 1995 2981 2126 3044; x_wconf 86' lang='lat' dir='ltr'><strong>tur;</strong></span> <span class='ocrx_word' id='word_1_399' title='bbox 2154 2974 2300 3031; x_wconf 92' lang='lat' dir='ltr'><strong>nulli</strong></span> <span class='ocrx_word' id='word_1_400' title='bbox 2320 2991 2456 3048; x_wconf 91' lang='lat' dir='ltr'><strong>ergo</strong></span> <span class='ocrx_word' id='word_1_401' title='bbox 2495 2973 2859 3030; x_wconf 70' lang='lat' dir='ltr'><strong>aliihaaretici</strong></span> <span class='ocrx_word' id='word_1_402' title='bbox 2879 2977 3141 3044; x_wconf 89' lang='lat' dir='ltr'><strong>tempore</strong></span> <span class='ocrx_word' id='word_1_403' title='bbox 3171 2971 3412 3026; x_wconf 70' lang='lat' dir='ltr'><strong>Nicaenze</strong></span> <span class='ocrx_word' id='word_1_404' title='bbox 3435 2967 3644 3041; x_wconf 91' lang='lat' dir='ltr'><strong>synodi</strong></span> 
     </span>
    </p>
   </div>
   <div class='ocr_carea' id='block_1_59' title="bbox 1949 3056 3644 3146">
    <p class='ocr_par' dir='ltr' id='par_1_59' title="bbox 1949 3056 3644 3146">
     <span class='ocr_line' id='line_1_60' title="bbox 1949 3056 3644 3146; baseline -0.005 -25"><span class='ocrx_word' id='word_1_405' title='bbox 1949 3126 1960 3146; x_wconf 45' lang='lat'><strong><em>.</em></strong></span> <span class='ocrx_word' id='word_1_406' title='bbox 1994 3065 2265 3121; x_wconf 75' lang='lat' dir='ltr'><strong>haeretica</strong></span> <span class='ocrx_word' id='word_1_407' title='bbox 2286 3064 2792 3120; x_wconf 86' lang='lat' dir='ltr'><strong>formaverborum</strong></span> <span class='ocrx_word' id='word_1_408' title='bbox 2815 3056 3644 3131; x_wconf 87' lang='lat' dir='ltr'><strong>contaminaverantbaptismi</strong></span> 
     </span>
    </p>
   </div>
   <div class='ocr_carea' id='block_1_60' title="bbox 305 3145 3646 3248">
    <p class='ocr_par' dir='ltr' id='par_1_60' title="bbox 305 3145 3646 3248">
     <span class='ocr_line' id='line_1_61' title="bbox 305 3145 3646 3248; baseline -0 -46"><span class='ocrx_word' id='word_1_409' title='bbox 305 3147 560 3248; x_wconf 49' lang='lat' dir='ltr'><strong>accedat</strong></span> <span class='ocrx_word' id='word_1_410' title='bbox 618 3145 903 3245; x_wconf 59' lang='lat' dir='ltr'><strong>Basilius,</strong></span> <span class='ocrx_word' id='word_1_411' title='bbox 948 3148 1119 3218; x_wconf 77' lang='lat' dir='ltr'><strong>Epist.</strong></span> <span class='ocrx_word' id='word_1_412' title='bbox 1169 3147 1240 3202; x_wconf 86' lang='lat' dir='ltr'><strong>ad</strong></span> <span class='ocrx_word' id='word_1_413' title='bbox 1294 3146 1566 3218; x_wconf 77' lang='lat' dir='ltr'><strong>Amphil.,</strong></span> <span class='ocrx_word' id='word_1_414' title='bbox 1599 3165 1668 3248; x_wconf 47' lang='grc' dir='ltr'><strong>ο..</strong></span> <span class='ocrx_word' id='word_1_415' title='bbox 1700 3149 1750 3205; x_wconf 93' lang='grc'><strong>1.</strong></span> <span class='ocrx_word' id='word_1_416' title='bbox 1784 3147 1886 3205; x_wconf 91' lang='lat' dir='ltr'><strong>Ille</strong></span> <span class='ocrx_word' id='word_1_417' title='bbox 1917 3181 1960 3248; x_wconf 64' lang='grc' dir='ltr'><strong>ρ</strong></span> <span class='ocrx_word' id='word_1_418' title='bbox 2001 3155 2369 3227; x_wconf 87' lang='lat' dir='ltr'><strong>mysterium.</strong></span> <span class='ocrx_word' id='word_1_419' title='bbox 2403 3153 2506 3209; x_wconf 89' lang='lat' dir='ltr'><strong>Cui</strong></span> <span class='ocrx_word' id='word_1_420' title='bbox 2538 3156 2884 3223; x_wconf 90' lang='lat' dir='ltr'><strong>argumento</strong></span> <span class='ocrx_word' id='word_1_421' title='bbox 2924 3151 3104 3206; x_wconf 89' lang='lat' dir='ltr'><strong>robur</strong></span> <span class='ocrx_word' id='word_1_422' title='bbox 3134 3150 3369 3206; x_wconf 85' lang='lat' dir='ltr'><strong>accedet</strong></span> <span class='ocrx_word' id='word_1_423' title='bbox 3398 3166 3431 3202; x_wconf 88' lang='lat' dir='ltr'><strong>a</strong></span> <span class='ocrx_word' id='word_1_424' title='bbox 3456 3146 3646 3202; x_wconf 88' lang='lat' dir='ltr'><strong>Siricii</strong></span> 
     </span>
    </p>
   </div>
   <div class='ocr_carea' id='block_1_61' title="bbox 230 3235 1882 3293">
    <p class='ocr_par' dir='ltr' id='par_1_61' title="bbox 230 3235 1882 3293">
     <span class='ocr_line' id='line_1_62' title="bbox 230 3235 1882 3293; baseline 0.001 -2"><span class='ocrx_word' id='word_1_425' title='bbox 230 3235 391 3292; x_wconf 81' lang='lat' dir='ltr'><strong>enim</strong></span> <span class='ocrx_word' id='word_1_426' title='bbox 419 3235 528 3291; x_wconf 91' lang='lat' dir='ltr'><strong>etsi</strong></span> <span class='ocrx_word' id='word_1_427' title='bbox 559 3235 1045 3291; x_wconf 86' lang='lat' dir='ltr'><strong>consuetudinem</strong></span> <span class='ocrx_word' id='word_1_428' title='bbox 1097 3236 1494 3292; x_wconf 79' lang='lat' dir='ltr'><strong>Romanorum</strong></span> <span class='ocrx_word' id='word_1_429' title='bbox 1550 3235 1882 3293; x_wconf 88' lang='lat' dir='ltr'><strong>antistitum</strong></span> 
     </span>
    </p>
   </div>
   <div class='ocr_carea' id='block_1_62' title="bbox 111 3311 1882 3396">
    <p class='ocr_par' dir='ltr' id='par_1_62' title="bbox 111 3311 1882 3396">
     <span class='ocr_line' id='line_1_63' title="bbox 111 3311 1882 3396; baseline 0.002 -18"><span class='ocrx_word' id='word_1_430' title='bbox 111 3311 120 3320; x_wconf 17' lang='lat' dir='ltr'><strong><em>ﬁ</em></strong></span> <span class='ocrx_word' id='word_1_431' title='bbox 229 3325 294 3379; x_wconf 88' lang='lat' dir='ltr'><strong>in</strong></span> <span class='ocrx_word' id='word_1_432' title='bbox 327 3325 622 3396; x_wconf 84' lang='lat' dir='ltr'><strong>baptismo</strong></span> <span class='ocrx_word' id='word_1_433' title='bbox 654 3324 854 3380; x_wconf 89' lang='lat' dir='ltr'><strong>minus</strong></span> <span class='ocrx_word' id='word_1_434' title='bbox 900 3325 1125 3395; x_wconf 89' lang='lat' dir='ltr'><strong>probet,</strong></span> <span class='ocrx_word' id='word_1_435' title='bbox 1160 3341 1276 3380; x_wconf 89' lang='lat' dir='ltr'><strong>non</strong></span> <span class='ocrx_word' id='word_1_436' title='bbox 1325 3325 1506 3380; x_wconf 89' lang='lat' dir='ltr'><strong>errori</strong></span> <span class='ocrx_word' id='word_1_437' title='bbox 1536 3330 1756 3393; x_wconf 90' lang='lat' dir='ltr'><strong>tamen,</strong></span> <span class='ocrx_word' id='word_1_438' title='bbox 1779 3327 1882 3382; x_wconf 90' lang='lat' dir='ltr'><strong>sed</strong></span> 
     </span>
    </p>
   </div>
   <div class='ocr_carea' id='block_1_63' title="bbox 223 3415 1882 3488">
    <p class='ocr_par' dir='ltr' id='par_1_63' title="bbox 223 3415 1882 3488">
     <span class='ocr_line' id='line_1_64' title="bbox 223 3415 1882 3488; baseline 0.002 -19"><span class='ocrx_word' id='word_1_439' title='bbox 223 3415 562 3471; x_wconf 64' lang='lat' dir='ltr'><strong>oeconomia</strong></span> <span class='ocrx_word' id='word_1_440' title='bbox 646 3415 934 3488; x_wconf 86' lang='lat' dir='ltr'><strong>assignat.</strong></span> <span class='ocrx_word' id='word_1_441' title='bbox 993 3415 1173 3484; x_wconf 80' lang='lat' dir='ltr'><strong>Eique</strong></span> <span class='ocrx_word' id='word_1_442' title='bbox 1260 3431 1599 3486; x_wconf 89' lang='lat' dir='ltr'><strong>quanquam</strong></span> <span class='ocrx_word' id='word_1_443' title='bbox 1683 3416 1882 3472; x_wconf 91' lang='lat' dir='ltr'><strong>minus</strong></span> 
     </span>
    </p>
   </div>
   <div class='ocr_carea' id='block_1_64' title="bbox 220 3503 1880 3576">
    <p class='ocr_par' dir='ltr' id='par_1_64' title="bbox 220 3503 1880 3576">
     <span class='ocr_line' id='line_1_65' title="bbox 220 3503 1880 3576; baseline 0.001 -18"><span class='ocrx_word' id='word_1_444' title='bbox 220 3503 355 3576; x_wconf 89' lang='lat' dir='ltr'><strong>ipse</strong></span> <span class='ocrx_word' id='word_1_445' title='bbox 382 3504 738 3571; x_wconf 89' lang='lat' dir='ltr'><strong>subscribat,</strong></span> <span class='ocrx_word' id='word_1_446' title='bbox 773 3503 1106 3559; x_wconf 65' lang='lat' dir='ltr'><strong>(economiae</strong></span> <span class='ocrx_word' id='word_1_447' title='bbox 1143 3509 1340 3559; x_wconf 91' lang='lat' dir='ltr'><strong>tamen</strong></span> <span class='ocrx_word' id='word_1_448' title='bbox 1371 3520 1508 3576; x_wconf 87' lang='lat' dir='ltr'><strong>ergo</strong></span> <span class='ocrx_word' id='word_1_449' title='bbox 1540 3505 1880 3576; x_wconf 90' lang='lat' dir='ltr'><strong>assentitur,</strong></span> 
     </span>
    </p>
   </div>
   <div class='ocr_carea' id='block_1_65' title="bbox 224 3592 1882 3665">
    <p class='ocr_par' dir='ltr' id='par_1_65' title="bbox 224 3592 1882 3665">
     <span class='ocr_line' id='line_1_66' title="bbox 224 3592 1882 3665; baseline 0.002 -17"><span class='ocrx_word' id='word_1_450' title='bbox 224 3597 295 3648; x_wconf 89' lang='lat' dir='ltr'><strong>ut</strong></span> <span class='ocrx_word' id='word_1_451' title='bbox 351 3593 451 3664; x_wconf 91' lang='lat' dir='ltr'><strong>qui</strong></span> <span class='ocrx_word' id='word_1_452' title='bbox 498 3592 694 3649; x_wconf 90' lang='lat' dir='ltr'><strong>volent</strong></span> <span class='ocrx_word' id='word_1_453' title='bbox 749 3593 1168 3648; x_wconf 65' lang='lat' dir='ltr'><strong>adharescant.</strong></span> <span class='ocrx_word' id='word_1_454' title='bbox 1197 3593 1268 3648; x_wconf 91' lang='lat' dir='ltr'><strong>Et</strong></span> <span class='ocrx_word' id='word_1_455' title='bbox 1318 3593 1588 3665; x_wconf 85' lang='lat' dir='ltr'><strong>Dionysio</strong></span> <span class='ocrx_word' id='word_1_456' title='bbox 1645 3593 1882 3665; x_wconf 89' lang='lat' dir='ltr'><strong>quidem</strong></span> 
     </span>
    </p>
   </div>
   <div class='ocr_carea' id='block_1_66' title="bbox 221 3680 1881 3754">
    <p class='ocr_par' dir='ltr' id='par_1_66' title="bbox 221 3680 1881 3754">
     <span class='ocr_line' id='line_1_67' title="bbox 221 3680 1881 3754; baseline 0 -17"><span class='ocrx_word' id='word_1_457' title='bbox 221 3680 798 3753; x_wconf 84' lang='lat' dir='ltr'><strong>Alexandrino,quod</strong></span> <span class='ocrx_word' id='word_1_458' title='bbox 825 3682 1264 3753; x_wconf 86' lang='lat' dir='ltr'><strong>Pepuzenorum</strong></span> <span class='ocrx_word' id='word_1_459' title='bbox 1288 3682 1646 3753; x_wconf 89' lang='lat' dir='ltr'><strong>baptismum</strong></span> <span class='ocrx_word' id='word_1_460' title='bbox 1671 3699 1881 3754; x_wconf 87' lang='lat' dir='ltr'><strong>appro-</strong></span> 
     </span>
    </p>
   </div>
   <div class='ocr_carea' id='block_1_67' title="bbox 225 3769 1880 3840">
    <p class='ocr_par' dir='ltr' id='par_1_67' title="bbox 225 3769 1880 3840">
     <span class='ocr_line' id='line_1_68' title="bbox 225 3769 1880 3840; baseline 0 -14"><span class='ocrx_word' id='word_1_461' title='bbox 225 3769 385 3826; x_wconf 89' lang='lat' dir='ltr'><strong>barit</strong></span> <span class='ocrx_word' id='word_1_462' title='bbox 413 3788 447 3826; x_wconf 92' lang='lat' dir='ltr'><strong>a</strong></span> <span class='ocrx_word' id='word_1_463' title='bbox 479 3771 590 3826; x_wconf 89' lang='lat' dir='ltr'><strong>fide</strong></span> <span class='ocrx_word' id='word_1_464' title='bbox 618 3770 959 3826; x_wconf 87' lang='lat' dir='ltr'><strong>immaniter</strong></span> <span class='ocrx_word' id='word_1_465' title='bbox 984 3771 1415 3840; x_wconf 85' lang='lat' dir='ltr'><strong>abhorrentem,</strong></span> <span class='ocrx_word' id='word_1_466' title='bbox 1448 3770 1715 3827; x_wconf 90' lang='lat' dir='ltr'><strong>nonnihil</strong></span> <span class='ocrx_word' id='word_1_467' title='bbox 1748 3788 1880 3828; x_wconf 85' lang='lat' dir='ltr'><strong>suc-</strong></span> 
     </span>
    </p>
   </div>
   <div class='ocr_carea' id='block_1_68' title="bbox 183 3858 1882 3933">
    <p class='ocr_par' dir='ltr' id='par_1_68' title="bbox 183 3858 1882 3933">
     <span class='ocr_line' id='line_1_69' title="bbox 183 3858 1882 3933; baseline 0 -18"><span class='ocrx_word' id='word_1_468' title='bbox 183 3869 202 3882; x_wconf 87' lang='lat'><strong><em>&#39;</em></strong></span> <span class='ocrx_word' id='word_1_469' title='bbox 223 3866 448 3928; x_wconf 86' lang='lat' dir='ltr'><strong>censet,</strong></span> <span class='ocrx_word' id='word_1_470' title='bbox 478 3860 746 3933; x_wconf 87' lang='lat' dir='ltr'><strong>Cypriani</strong></span> <span class='ocrx_word' id='word_1_471' title='bbox 778 3864 838 3915; x_wconf 91' lang='lat' dir='ltr'><strong>et</strong></span> <span class='ocrx_word' id='word_1_472' title='bbox 865 3859 1187 3916; x_wconf 89' lang='lat' dir='ltr'><strong>Firmiliani</strong></span> <span class='ocrx_word' id='word_1_473' title='bbox 1221 3875 1335 3915; x_wconf 92' lang='lat' dir='ltr'><strong>non</strong></span> <span class='ocrx_word' id='word_1_474' title='bbox 1367 3859 1494 3914; x_wconf 91' lang='lat' dir='ltr'><strong>sine</strong></span> <span class='ocrx_word' id='word_1_475' title='bbox 1537 3858 1724 3931; x_wconf 89' lang='lat' dir='ltr'><strong>elogio</strong></span> <span class='ocrx_word' id='word_1_476' title='bbox 1753 3876 1882 3915; x_wconf 89' lang='lat' dir='ltr'><strong>me-</strong></span> 
     </span>
    </p>
   </div>
   <div class='ocr_carea' id='block_1_69' title="bbox 223 3947 1878 4021">
    <p class='ocr_par' dir='ltr' id='par_1_69' title="bbox 223 3947 1878 4021">
     <span class='ocr_line' id='line_1_70' title="bbox 223 3947 1878 4021; baseline 0 -17"><span class='ocrx_word' id='word_1_477' title='bbox 223 3947 423 4013; x_wconf 89' lang='lat' dir='ltr'><strong>minit,</strong></span> <span class='ocrx_word' id='word_1_478' title='bbox 455 3965 489 4003; x_wconf 88' lang='lat' dir='ltr'><strong>a</strong></span> <span class='ocrx_word' id='word_1_479' title='bbox 525 3949 817 4021; x_wconf 88' lang='lat' dir='ltr'><strong>Stephano</strong></span> <span class='ocrx_word' id='word_1_480' title='bbox 845 3948 1287 4020; x_wconf 89' lang='lat' dir='ltr'><strong>perstringendo</strong></span> <span class='ocrx_word' id='word_1_481' title='bbox 1319 3964 1556 4019; x_wconf 89' lang='lat' dir='ltr'><strong>prorsus</strong></span> <span class='ocrx_word' id='word_1_482' title='bbox 1603 3948 1878 4017; x_wconf 89' lang='lat' dir='ltr'><strong>abstinet,</strong></span> 
     </span>
    </p>
   </div>
   <div class='ocr_carea' id='block_1_70' title="bbox 223 4036 1875 4109">
    <p class='ocr_par' dir='ltr' id='par_1_70' title="bbox 223 4036 1875 4109">
     <span class='ocr_line' id='line_1_71' title="bbox 223 4036 1875 4109; baseline 0.001 -18"><span class='ocrx_word' id='word_1_483' title='bbox 223 4037 328 4108; x_wconf 90' lang='lat' dir='ltr'><strong>qui</strong></span> <span class='ocrx_word' id='word_1_484' title='bbox 363 4042 556 4093; x_wconf 90' lang='lat' dir='ltr'><strong>tamen</strong></span> <span class='ocrx_word' id='word_1_485' title='bbox 590 4037 638 4093; x_wconf 91' lang='lat' dir='ltr'><strong>si</strong></span> <span class='ocrx_word' id='word_1_486' title='bbox 665 4054 782 4108; x_wconf 90' lang='lat' dir='ltr'><strong>qua</strong></span> <span class='ocrx_word' id='word_1_487' title='bbox 820 4037 965 4092; x_wconf 88' lang='lat' dir='ltr'><strong>fides</strong></span> <span class='ocrx_word' id='word_1_488' title='bbox 998 4041 1153 4092; x_wconf 89' lang='lat' dir='ltr'><strong>esset</strong></span> <span class='ocrx_word' id='word_1_489' title='bbox 1198 4036 1584 4109; x_wconf 80' lang='lat' dir='ltr'><strong>Sycophantis</strong></span> <span class='ocrx_word' id='word_1_490' title='bbox 1615 4037 1875 4108; x_wconf 78' lang='lat' dir='ltr'><strong>nuperis,</strong></span> 
     </span>
    </p>
   </div>
   <div class='ocr_carea' id='block_1_71' title="bbox 218 4125 1875 4199">
    <p class='ocr_par' dir='ltr' id='par_1_71' title="bbox 218 4125 1875 4199">
     <span class='ocr_line' id='line_1_72' title="bbox 218 4125 1875 4199; baseline 0.001 -19"><span class='ocrx_word' id='word_1_491' title='bbox 218 4125 398 4198; x_wconf 89' lang='lat' dir='ltr'><strong>longe</strong></span> <span class='ocrx_word' id='word_1_492' title='bbox 429 4127 638 4181; x_wconf 87' lang='lat' dir='ltr'><strong>fcedius</strong></span> <span class='ocrx_word' id='word_1_493' title='bbox 674 4126 944 4199; x_wconf 92' lang='lat' dir='ltr'><strong>Dionysio</strong></span> <span class='ocrx_word' id='word_1_494' title='bbox 975 4126 1339 4196; x_wconf 88' lang='lat' dir='ltr'><strong>cespitasset.</strong></span> <span class='ocrx_word' id='word_1_495' title='bbox 1375 4147 1402 4175; x_wconf 88' lang='lat'><strong>«</strong></span> <span class='ocrx_word' id='word_1_496' title='bbox 1442 4126 1875 4196; x_wconf 86' lang='lat' dir='ltr'><strong>Pepuzenorum</strong></span> 
     </span>
    </p>
   </div>
   <div class='ocr_carea' id='block_1_72' title="bbox 220 4214 1874 4287">
    <p class='ocr_par' dir='ltr' id='par_1_72' title="bbox 220 4214 1874 4287">
     <span class='ocr_line' id='line_1_73' title="bbox 220 4214 1874 4287; baseline 0 -17"><span class='ocrx_word' id='word_1_497' title='bbox 220 4214 558 4287; x_wconf 80' lang='lat' dir='ltr'><strong>baptismus</strong></span> <span class='ocrx_word' id='word_1_498' title='bbox 593 4215 812 4271; x_wconf 87' lang='lat' dir='ltr'><strong>nullam</strong></span> <span class='ocrx_word' id='word_1_499' title='bbox 849 4214 995 4270; x_wconf 91' lang='lat' dir='ltr'><strong>mihi</strong></span> <span class='ocrx_word' id='word_1_500' title='bbox 1029 4214 1244 4270; x_wconf 90' lang='lat' dir='ltr'><strong>habere</strong></span> <span class='ocrx_word' id='word_1_501' title='bbox 1282 4214 1573 4270; x_wconf 88' lang='lat' dir='ltr'><strong>rationem</strong></span> <span class='ocrx_word' id='word_1_502' title='bbox 1625 4214 1874 4282; x_wconf 89' lang='lat' dir='ltr'><strong>videtur,</strong></span> 
     </span>
    </p>
   </div>
   <div class='ocr_carea' id='block_1_73' title="bbox 219 4303 1873 4375">
    <p class='ocr_par' dir='ltr' id='par_1_73' title="bbox 219 4303 1873 4375">
     <span class='ocr_line' id='line_1_74' title="bbox 219 4303 1873 4375; baseline 0.001 -17"><span class='ocrx_word' id='word_1_503' title='bbox 219 4307 282 4358; x_wconf 87' lang='lat' dir='ltr'><strong>et</strong></span> <span class='ocrx_word' id='word_1_504' title='bbox 314 4304 564 4360; x_wconf 86' lang='lat' dir='ltr'><strong>miratus</strong></span> <span class='ocrx_word' id='word_1_505' title='bbox 594 4320 726 4359; x_wconf 89' lang='lat' dir='ltr'><strong>sum</strong></span> <span class='ocrx_word' id='word_1_506' title='bbox 758 4303 1050 4375; x_wconf 91' lang='lat' dir='ltr'><strong>quomodo</strong></span> <span class='ocrx_word' id='word_1_507' title='bbox 1081 4303 1190 4358; x_wconf 92' lang='lat' dir='ltr'><strong>hoc</strong></span> <span class='ocrx_word' id='word_1_508' title='bbox 1221 4319 1500 4375; x_wconf 86' lang='lat' dir='ltr'><strong>magnum</strong></span> <span class='ocrx_word' id='word_1_509' title='bbox 1534 4303 1873 4375; x_wconf 87' lang='lat' dir='ltr'><strong>Dionysium</strong></span> 
     </span>
    </p>
   </div>
   <div class='ocr_carea' id='block_1_74' title="bbox 223 4391 1876 4464">
    <p class='ocr_par' dir='ltr' id='par_1_74' title="bbox 223 4391 1876 4464">
     <span class='ocr_line' id='line_1_75' title="bbox 223 4391 1876 4464; baseline 0.002 -19"><span class='ocrx_word' id='word_1_510' title='bbox 223 4392 331 4463; x_wconf 90' lang='lat' dir='ltr'><strong>qui</strong></span> <span class='ocrx_word' id='word_1_511' title='bbox 363 4392 474 4447; x_wconf 90' lang='lat' dir='ltr'><strong>fuit</strong></span> <span class='ocrx_word' id='word_1_512' title='bbox 504 4393 822 4448; x_wconf 90' lang='lat' dir='ltr'><strong>canonicus</strong></span> <span class='ocrx_word' id='word_1_513' title='bbox 853 4391 1146 4464; x_wconf 65' lang='lat' dir='ltr'><strong>praeteriit.</strong></span> <span class='ocrx_word' id='word_1_514' title='bbox 1175 4392 1461 4447; x_wconf 74' lang='lat' dir='ltr'><strong>nEtinIra</strong></span> <span class='ocrx_word' id='word_1_515' title='bbox 1484 4409 1502 4446; x_wconf 93' lang='lat'><em>:</em></span> <span class='ocrx_word' id='word_1_516' title='bbox 1526 4414 1553 4441; x_wconf 87' lang='lat'><strong>«</strong></span> <span class='ocrx_word' id='word_1_517' title='bbox 1587 4393 1876 4464; x_wconf 90' lang='lat' dir='ltr'><strong>Pepuzeni</strong></span> 
     </span>
    </p>
   </div>
   <div class='ocr_carea' id='block_1_75' title="bbox 215 4479 1877 4551">
    <p class='ocr_par' dir='ltr' id='par_1_75' title="bbox 215 4479 1877 4551">
     <span class='ocr_line' id='line_1_76' title="bbox 215 4479 1877 4551; baseline 0.002 -17"><span class='ocrx_word' id='word_1_518' title='bbox 215 4479 284 4534; x_wconf 90' lang='lat' dir='ltr'><strong>in</strong></span> <span class='ocrx_word' id='word_1_519' title='bbox 316 4485 587 4536; x_wconf 87' lang='lat' dir='ltr'><strong>sanctum</strong></span> <span class='ocrx_word' id='word_1_520' title='bbox 637 4481 922 4551; x_wconf 92' lang='lat' dir='ltr'><strong>Spiritum</strong></span> <span class='ocrx_word' id='word_1_521' title='bbox 975 4479 1475 4551; x_wconf 87' lang='lat' dir='ltr'><strong>blasphemarunt,</strong></span> <span class='ocrx_word' id='word_1_522' title='bbox 1502 4480 1776 4535; x_wconf 88' lang='lat' dir='ltr'><strong>Montano</strong></span> <span class='ocrx_word' id='word_1_523' title='bbox 1819 4486 1877 4538; x_wconf 86' lang='lat' dir='ltr'><strong>et</strong></span> 
     </span>
    </p>
   </div>
   <div class='ocr_carea' id='block_1_76' title="bbox 1997 3237 3642 3316">
    <p class='ocr_par' dir='ltr' id='par_1_76' title="bbox 1997 3237 3642 3316">
     <span class='ocr_line' id='line_1_77' title="bbox 1997 3237 3642 3316; baseline -0.005 -16"><span class='ocrx_word' id='word_1_524' title='bbox 1997 3244 2168 3316; x_wconf 89' lang='lat' dir='ltr'><strong>epist.</strong></span> <span class='ocrx_word' id='word_1_525' title='bbox 2203 3245 2253 3310; x_wconf 88' lang='grc'><strong>1,</strong></span> <span class='ocrx_word' id='word_1_526' title='bbox 2282 3259 2332 3298; x_wconf 94' lang='lat' dir='ltr'><strong>c.</strong></span> <span class='ocrx_word' id='word_1_527' title='bbox 2380 3244 2430 3309; x_wconf 88' lang='grc'><strong>1,</strong></span> <span class='ocrx_word' id='word_1_528' title='bbox 2464 3241 2564 3314; x_wconf 91' lang='lat' dir='ltr'><strong>qui</strong></span> <span class='ocrx_word' id='word_1_529' title='bbox 2625 3240 2912 3313; x_wconf 66' lang='lat' dir='ltr'><strong>praeterito</strong></span> <span class='ocrx_word' id='word_1_530' title='bbox 2965 3239 3140 3296; x_wconf 88' lang='lat' dir='ltr'><strong>etiam</strong></span> <span class='ocrx_word' id='word_1_531' title='bbox 3200 3237 3642 3310; x_wconf 76' lang='lat' dir='ltr'><strong>praedecessoris</strong></span> 
     </span>
    </p>
   </div>
   <div class='ocr_carea' id='block_1_77' title="bbox 1993 3325 3641 3401">
    <p class='ocr_par' dir='ltr' id='par_1_77' title="bbox 1993 3325 3641 3401">
     <span class='ocr_line' id='line_1_78' title="bbox 1993 3325 3641 3401; baseline -0.006 -13"><span class='ocrx_word' id='word_1_532' title='bbox 1993 3333 2086 3388; x_wconf 89' lang='lat' dir='ltr'><strong>sui</strong></span> <span class='ocrx_word' id='word_1_533' title='bbox 2116 3332 2330 3387; x_wconf 91' lang='lat' dir='ltr'><strong>Liberii</strong></span> <span class='ocrx_word' id='word_1_534' title='bbox 2362 3331 2591 3386; x_wconf 88' lang='lat' dir='ltr'><strong>decreto</strong></span> <span class='ocrx_word' id='word_1_535' title='bbox 2627 3335 2848 3401; x_wconf 82' lang='lat' dir='ltr'><strong>pugnat</strong></span> <span class='ocrx_word' id='word_1_536' title='bbox 2875 3346 2887 3384; x_wconf 90' lang='lat'><strong>:</strong></span> <span class='ocrx_word' id='word_1_537' title='bbox 2922 3350 2943 3378; x_wconf 78' lang='grc' dir='ltr'>ι</span> <span class='ocrx_word' id='word_1_538' title='bbox 2968 3333 3084 3384; x_wconf 89' lang='lat' dir='ltr'><strong>Nos</strong></span> <span class='ocrx_word' id='word_1_539' title='bbox 3115 3344 3250 3384; x_wconf 91' lang='lat' dir='ltr'><strong>cum</strong></span> <span class='ocrx_word' id='word_1_540' title='bbox 3281 3325 3641 3394; x_wconf 89' lang='lat' dir='ltr'><strong>Novatianis,</strong></span> 
     </span>
    </p>
   </div>
   <div class='ocr_carea' id='block_1_78' title="bbox 1992 3414 3638 3492">
    <p class='ocr_par' dir='ltr' id='par_1_78' title="bbox 1992 3414 3638 3492">
     <span class='ocr_line' id='line_1_79' title="bbox 1992 3414 3638 3492; baseline -0.007 -15"><span class='ocrx_word' id='word_1_541' title='bbox 1992 3421 2238 3492; x_wconf 91' lang='lat' dir='ltr'><strong>aliisque</strong></span> <span class='ocrx_word' id='word_1_542' title='bbox 2262 3419 2572 3485; x_wconf 65' lang='lat' dir='ltr'><strong>haereticis,</strong></span> <span class='ocrx_word' id='word_1_543' title='bbox 2599 3419 2752 3474; x_wconf 89' lang='lat' dir='ltr'><strong>sicut</strong></span> <span class='ocrx_word' id='word_1_544' title='bbox 2779 3423 2867 3474; x_wconf 90' lang='lat' dir='ltr'><strong>est</strong></span> <span class='ocrx_word' id='word_1_545' title='bbox 2893 3419 2954 3472; x_wconf 91' lang='lat' dir='ltr'><strong>in</strong></span> <span class='ocrx_word' id='word_1_546' title='bbox 2984 3417 3205 3489; x_wconf 91' lang='lat' dir='ltr'><strong>synodo</strong></span> <span class='ocrx_word' id='word_1_547' title='bbox 3230 3414 3638 3481; x_wconf 89' lang='lat' dir='ltr'><strong>constitutum,</strong></span> 
     </span>
    </p>
   </div>
   <div class='ocr_carea' id='block_1_79' title="bbox 1991 3501 3640 3581">
    <p class='ocr_par' dir='ltr' id='par_1_79' title="bbox 1991 3501 3640 3581">
     <span class='ocr_line' id='line_1_80' title="bbox 1991 3501 3640 3581; baseline -0.007 -15"><span class='ocrx_word' id='word_1_548' title='bbox 1991 3527 2094 3581; x_wconf 90' lang='lat' dir='ltr'><strong>per</strong></span> <span class='ocrx_word' id='word_1_549' title='bbox 2118 3508 2541 3565; x_wconf 89' lang='lat' dir='ltr'><strong>invocationem</strong></span> <span class='ocrx_word' id='word_1_550' title='bbox 2572 3505 2757 3562; x_wconf 91' lang='lat' dir='ltr'><strong>solam</strong></span> <span class='ocrx_word' id='word_1_551' title='bbox 2798 3505 3159 3578; x_wconf 82' lang='lat' dir='ltr'><strong>septiformis</strong></span> <span class='ocrx_word' id='word_1_552' title='bbox 3201 3503 3477 3576; x_wconf 92' lang='lat' dir='ltr'><strong>Spiritus,</strong></span> <span class='ocrx_word' id='word_1_553' title='bbox 3513 3501 3640 3572; x_wconf 89' lang='lat' dir='ltr'><strong>epi-</strong></span> 
     </span>
    </p>
   </div>
   <div class='ocr_carea' id='block_1_80' title="bbox 1991 3588 3639 3669">
    <p class='ocr_par' dir='ltr' id='par_1_80' title="bbox 1991 3588 3639 3669">
     <span class='ocr_line' id='line_1_81' title="bbox 1991 3588 3639 3669; baseline -0.007 -15"><span class='ocrx_word' id='word_1_554' title='bbox 1991 3597 2208 3669; x_wconf 89' lang='lat' dir='ltr'><strong>scopali</strong></span> <span class='ocrx_word' id='word_1_555' title='bbox 2233 3613 2445 3652; x_wconf 89' lang='lat' dir='ltr'><strong>manus</strong></span> <span class='ocrx_word' id='word_1_556' title='bbox 2467 3595 3304 3668; x_wconf 87' lang='lat' dir='ltr'><strong>impositione,Catholicorum</strong></span> <span class='ocrx_word' id='word_1_557' title='bbox 3328 3588 3639 3648; x_wconf 87' lang='lat' dir='ltr'><strong>conventui</strong></span> 
     </span>
    </p>
   </div>
   <div class='ocr_carea' id='block_1_81' title="bbox 1990 3679 3639 3749">
    <p class='ocr_par' dir='ltr' id='par_1_81' title="bbox 1990 3679 3639 3749">
     <span class='ocr_line' id='line_1_82' title="bbox 1990 3679 3639 3749; baseline -0.005 -7"><span class='ocrx_word' id='word_1_558' title='bbox 1990 3687 2286 3742; x_wconf 89' lang='lat' dir='ltr'><strong>sociamus</strong></span> <span class='ocrx_word' id='word_1_559' title='bbox 2315 3685 2578 3741; x_wconf 82' lang='lat' dir='ltr'><strong>Arianos.</strong></span> <span class='ocrx_word' id='word_1_560' title='bbox 2612 3685 2773 3749; x_wconf 91' lang='lat' dir='ltr'><strong>Quod</strong></span> <span class='ocrx_word' id='word_1_561' title='bbox 2807 3686 2982 3740; x_wconf 90' lang='lat' dir='ltr'><strong>etiam</strong></span> <span class='ocrx_word' id='word_1_562' title='bbox 3013 3689 3168 3740; x_wconf 91' lang='lat' dir='ltr'><strong>totus</strong></span> <span class='ocrx_word' id='word_1_563' title='bbox 3217 3682 3442 3747; x_wconf 90' lang='lat' dir='ltr'><strong>Oriens,</strong></span> <span class='ocrx_word' id='word_1_564' title='bbox 3476 3679 3639 3735; x_wconf 90' lang='lat' dir='ltr'><strong>Occi-</strong></span> 
     </span>
    </p>
   </div>
   <div class='ocr_carea' id='block_1_82' title="bbox 1990 3768 3640 3845">
    <p class='ocr_par' dir='ltr' id='par_1_82' title="bbox 1990 3768 3640 3845">
     <span class='ocr_line' id='line_1_83' title="bbox 1990 3768 3640 3845; baseline -0.004 -17"><span class='ocrx_word' id='word_1_565' title='bbox 1990 3775 2252 3845; x_wconf 89' lang='lat' dir='ltr'><strong>densque</strong></span> <span class='ocrx_word' id='word_1_566' title='bbox 2306 3773 2578 3829; x_wconf 87' lang='lat' dir='ltr'><strong>custodit.</strong></span> <span class='ocrx_word' id='word_1_567' title='bbox 2616 3796 2644 3823; x_wconf 93' lang='grc'><strong>››</strong></span> <span class='ocrx_word' id='word_1_568' title='bbox 2683 3773 2859 3830; x_wconf 88' lang='lat' dir='ltr'><strong>Vides</strong></span> <span class='ocrx_word' id='word_1_569' title='bbox 2898 3789 3074 3843; x_wconf 87' lang='lat' dir='ltr'><strong>quam</strong></span> <span class='ocrx_word' id='word_1_570' title='bbox 3135 3789 3248 3827; x_wconf 90' lang='lat' dir='ltr'><strong>non</strong></span> <span class='ocrx_word' id='word_1_571' title='bbox 3293 3775 3523 3842; x_wconf 89' lang='lat' dir='ltr'><strong>satagat</strong></span> <span class='ocrx_word' id='word_1_572' title='bbox 3569 3768 3640 3822; x_wconf 89' lang='lat' dir='ltr'><strong>de</strong></span> 
     </span>
    </p>
   </div>
   <div class='ocr_carea' id='block_1_83' title="bbox 1989 3858 3638 3934">
    <p class='ocr_par' dir='ltr' id='par_1_83' title="bbox 1989 3858 3638 3934">
     <span class='ocr_line' id='line_1_84' title="bbox 1989 3858 3638 3934; baseline -0.004 -17"><span class='ocrx_word' id='word_1_573' title='bbox 1989 3862 2330 3918; x_wconf 89' lang='lat' dir='ltr'><strong>discrimine</strong></span> <span class='ocrx_word' id='word_1_574' title='bbox 2361 3861 2767 3934; x_wconf 85' lang='lat' dir='ltr'><strong>signiﬁcanda.</strong></span> <span class='ocrx_word' id='word_1_575' title='bbox 2805 3863 2948 3917; x_wconf 90' lang='lat' dir='ltr'><strong>Item</strong></span> <span class='ocrx_word' id='word_1_576' title='bbox 2983 3862 3094 3916; x_wconf 90' lang='lat' dir='ltr'><strong>Leo</strong></span> <span class='ocrx_word' id='word_1_577' title='bbox 3124 3864 3168 3927; x_wconf 87' lang='grc' dir='ltr'><strong>Ι,</strong></span> <span class='ocrx_word' id='word_1_578' title='bbox 3201 3859 3352 3931; x_wconf 90' lang='lat' dir='ltr'><strong>epist</strong></span> <span class='ocrx_word' id='word_1_579' title='bbox 3371 3858 3460 3923; x_wconf 87' lang='lat'><strong>37,</strong></span> <span class='ocrx_word' id='word_1_580' title='bbox 3494 3874 3542 3911; x_wconf 92' lang='lat' dir='ltr'><strong>c.</strong></span> <span class='ocrx_word' id='word_1_581' title='bbox 3564 3858 3638 3910; x_wconf 79' lang='lat'><strong>2:</strong></span> 
     </span>
    </p>
   </div>
   <div class='ocr_carea' id='block_1_84' title="bbox 1989 3945 3643 4021">
    <p class='ocr_par' dir='ltr' id='par_1_84' title="bbox 1989 3945 3643 4021">
     <span class='ocr_line' id='line_1_85' title="bbox 1989 3945 3643 4021; baseline -0.004 -14"><span class='ocrx_word' id='word_1_582' title='bbox 1989 3972 2016 4000; x_wconf 85' lang='lat'><strong>«</strong></span> <span class='ocrx_word' id='word_1_583' title='bbox 2050 3951 2210 4014; x_wconf 88' lang='lat' dir='ltr'><strong>Quod</strong></span> <span class='ocrx_word' id='word_1_584' title='bbox 2235 3951 2286 4005; x_wconf 90' lang='lat' dir='ltr'><strong>si</strong></span> <span class='ocrx_word' id='word_1_585' title='bbox 2317 3953 2388 4005; x_wconf 89' lang='lat' dir='ltr'><strong>ab</strong></span> <span class='ocrx_word' id='word_1_586' title='bbox 2410 3950 2696 4006; x_wconf 72' lang='lat' dir='ltr'><strong>haereticis</strong></span> <span class='ocrx_word' id='word_1_587' title='bbox 2719 3951 3082 4021; x_wconf 88' lang='lat' dir='ltr'><strong>baptizatum</strong></span> <span class='ocrx_word' id='word_1_588' title='bbox 3107 3948 3443 4020; x_wconf 90' lang='lat' dir='ltr'><strong>quempiam</strong></span> <span class='ocrx_word' id='word_1_589' title='bbox 3462 3945 3643 4000; x_wconf 86' lang='lat' dir='ltr'><strong>fuisse</strong></span> 
     </span>
    </p>
   </div>
   <div class='ocr_carea' id='block_1_85' title="bbox 1988 4038 3640 4110">
    <p class='ocr_par' dir='ltr' id='par_1_85' title="bbox 1988 4038 3640 4110">
     <span class='ocr_line' id='line_1_86' title="bbox 1988 4038 3640 4110; baseline -0.004 -16"><span class='ocrx_word' id='word_1_590' title='bbox 1988 4039 2334 4105; x_wconf 88' lang='lat' dir='ltr'><strong>constiterit,</strong></span> <span class='ocrx_word' id='word_1_591' title='bbox 2368 4054 2504 4110; x_wconf 91' lang='lat' dir='ltr'><strong>erga</strong></span> <span class='ocrx_word' id='word_1_592' title='bbox 2535 4038 2690 4094; x_wconf 90' lang='lat' dir='ltr'><strong>hunc</strong></span> <span class='ocrx_word' id='word_1_593' title='bbox 2723 4039 3056 4094; x_wconf 88' lang='lat' dir='ltr'><strong>nullatenus</strong></span> <span class='ocrx_word' id='word_1_594' title='bbox 3088 4039 3518 4093; x_wconf 89' lang='lat' dir='ltr'><strong>sacramentum</strong></span> <span class='ocrx_word' id='word_1_595' title='bbox 3552 4049 3640 4088; x_wconf 87' lang='lat' dir='ltr'><strong>re-</strong></span> 
     </span>
    </p>
   </div>
   <div class='ocr_carea' id='block_1_86' title="bbox 1985 4122 3642 4201">
    <p class='ocr_par' dir='ltr' id='par_1_86' title="bbox 1985 4122 3642 4201">
     <span class='ocr_line' id='line_1_87' title="bbox 1985 4122 3642 4201; baseline -0.005 -17"><span class='ocrx_word' id='word_1_596' title='bbox 1985 4127 2381 4201; x_wconf 87' lang='lat' dir='ltr'><strong>generationis</strong></span> <span class='ocrx_word' id='word_1_597' title='bbox 2411 4127 2673 4183; x_wconf 87' lang='lat' dir='ltr'><strong>iteretur.</strong></span> <span class='ocrx_word' id='word_1_598' title='bbox 2712 4150 2740 4176; x_wconf 84' lang='lat'>»</span> <span class='ocrx_word' id='word_1_599' title='bbox 2775 4128 2995 4198; x_wconf 92' lang='lat' dir='ltr'><strong>Nempe</strong></span> <span class='ocrx_word' id='word_1_600' title='bbox 3027 4128 3384 4197; x_wconf 88' lang='lat' dir='ltr'><strong>baptismum</strong></span> <span class='ocrx_word' id='word_1_601' title='bbox 3416 4141 3530 4178; x_wconf 89' lang='lat' dir='ltr'><strong>non</strong></span> <span class='ocrx_word' id='word_1_602' title='bbox 3563 4122 3642 4176; x_wconf 87' lang='lat' dir='ltr'><strong>si-</strong></span> 
     </span>
    </p>
   </div>
   <div class='ocr_carea' id='block_1_87' title="bbox 1988 4213 3643 4286">
    <p class='ocr_par' dir='ltr' id='par_1_87' title="bbox 1988 4213 3643 4286">
     <span class='ocr_line' id='line_1_88' title="bbox 1988 4213 3643 4286; baseline -0.004 -15"><span class='ocrx_word' id='word_1_603' title='bbox 1988 4216 2075 4272; x_wconf 86' lang='lat' dir='ltr'><strong>nit</strong></span> <span class='ocrx_word' id='word_1_604' title='bbox 2099 4217 2314 4286; x_wconf 90' lang='lat' dir='ltr'><strong>vocari,</strong></span> <span class='ocrx_word' id='word_1_605' title='bbox 2347 4216 2461 4271; x_wconf 90' lang='lat' dir='ltr'><strong>nisi</strong></span> <span class='ocrx_word' id='word_1_606' title='bbox 2513 4216 2714 4271; x_wconf 90' lang='lat' dir='ltr'><strong>debita</strong></span> <span class='ocrx_word' id='word_1_607' title='bbox 2768 4216 3174 4273; x_wconf 73' lang='lat' dir='ltr'><strong>observatione</strong></span> <span class='ocrx_word' id='word_1_608' title='bbox 3231 4215 3540 4268; x_wconf 90' lang='lat' dir='ltr'><strong>tributum.</strong></span> <span class='ocrx_word' id='word_1_609' title='bbox 3575 4213 3643 4266; x_wconf 89' lang='lat' dir='ltr'><strong>Et</strong></span> 
     </span>
    </p>
   </div>
   <div class='ocr_carea' id='block_1_88' title="bbox 1985 4302 3638 4376">
    <p class='ocr_par' dir='ltr' id='par_1_88' title="bbox 1985 4302 3638 4376">
     <span class='ocr_line' id='line_1_89' title="bbox 1985 4302 3638 4376; baseline -0.001 -16"><span class='ocrx_word' id='word_1_610' title='bbox 1985 4305 2158 4376; x_wconf 90' lang='lat' dir='ltr'><strong>epist.</strong></span> <span class='ocrx_word' id='word_1_611' title='bbox 2190 4306 2281 4375; x_wconf 85' lang='lat'><strong>79,</strong></span> <span class='ocrx_word' id='word_1_612' title='bbox 2309 4321 2360 4359; x_wconf 90' lang='lat' dir='ltr'><strong>c.</strong></span> <span class='ocrx_word' id='word_1_613' title='bbox 2391 4306 2425 4356; x_wconf 88' lang='lat'>7</span> <span class='ocrx_word' id='word_1_614' title='bbox 2457 4322 2470 4360; x_wconf 88' lang='lat'>:</span> <span class='ocrx_word' id='word_1_615' title='bbox 2514 4324 2536 4352; x_wconf 72' lang='grc' dir='ltr'><strong><em>α</em></strong></span> <span class='ocrx_word' id='word_1_616' title='bbox 2560 4305 2707 4359; x_wconf 87' lang='lat' dir='ltr'><strong>Nam</strong></span> <span class='ocrx_word' id='word_1_617' title='bbox 2741 4304 2799 4360; x_wconf 94' lang='lat' dir='ltr'><strong>hi</strong></span> <span class='ocrx_word' id='word_1_618' title='bbox 2832 4306 2934 4375; x_wconf 90' lang='lat' dir='ltr'><strong>qui</strong></span> <span class='ocrx_word' id='word_1_619' title='bbox 2963 4303 3324 4376; x_wconf 89' lang='lat' dir='ltr'><strong>baptismum</strong></span> <span class='ocrx_word' id='word_1_620' title='bbox 3357 4304 3429 4358; x_wconf 91' lang='lat' dir='ltr'><strong>ab</strong></span> <span class='ocrx_word' id='word_1_621' title='bbox 3459 4302 3638 4358; x_wconf 63' lang='lat' dir='ltr'><strong>haere-</strong></span> 
     </span>
    </p>
   </div>
   <div class='ocr_carea' id='block_1_89' title="bbox 1986 4392 3638 4466">
    <p class='ocr_par' dir='ltr' id='par_1_89' title="bbox 1986 4392 3638 4466">
     <span class='ocr_line' id='line_1_90' title="bbox 1986 4392 3638 4466; baseline -0.001 -17"><span class='ocrx_word' id='word_1_622' title='bbox 1986 4393 2119 4449; x_wconf 90' lang='lat' dir='ltr'><strong>ticis</strong></span> <span class='ocrx_word' id='word_1_623' title='bbox 2149 4398 2522 4465; x_wconf 88' lang='lat' dir='ltr'><strong>acceperunt,</strong></span> <span class='ocrx_word' id='word_1_624' title='bbox 2553 4410 2686 4448; x_wconf 90' lang='lat' dir='ltr'><strong>cum</strong></span> <span class='ocrx_word' id='word_1_625' title='bbox 2719 4393 2993 4466; x_wconf 88' lang='lat' dir='ltr'><strong>baptizati</strong></span> <span class='ocrx_word' id='word_1_626' title='bbox 3024 4397 3196 4448; x_wconf 89' lang='lat' dir='ltr'><strong>antea</strong></span> <span class='ocrx_word' id='word_1_627' title='bbox 3219 4409 3334 4447; x_wconf 90' lang='lat' dir='ltr'><strong>non</strong></span> <span class='ocrx_word' id='word_1_628' title='bbox 3367 4392 3638 4460; x_wconf 85' lang='lat' dir='ltr'><strong>fuissent,</strong></span> 
     </span>
    </p>
   </div>
   <div class='ocr_carea' id='block_1_90' title="bbox 1987 4479 3638 4554">
    <p class='ocr_par' dir='ltr' id='par_1_90' title="bbox 1987 4479 3638 4554">
     <span class='ocr_line' id='line_1_91' title="bbox 1987 4479 3638 4554; baseline -0.002 -15"><span class='ocrx_word' id='word_1_629' title='bbox 1987 4482 2494 4539; x_wconf 84' lang='lat' dir='ltr'><strong>solainvocatione</strong></span> <span class='ocrx_word' id='word_1_630' title='bbox 2524 4483 2778 4554; x_wconf 89' lang='lat' dir='ltr'><strong>Spiritus</strong></span> <span class='ocrx_word' id='word_1_631' title='bbox 2819 4482 2998 4538; x_wconf 90' lang='lat' dir='ltr'><strong>sancti</strong></span> <span class='ocrx_word' id='word_1_632' title='bbox 3047 4497 3151 4553; x_wconf 91' lang='lat' dir='ltr'><strong>per</strong></span> <span class='ocrx_word' id='word_1_633' title='bbox 3200 4479 3638 4552; x_wconf 89' lang='lat' dir='ltr'><strong>impositionem</strong></span> 
     </span>
    </p>
   </div>
   <div class='ocr_carea' id='block_1_91' title="bbox 215 4551 3633 4643">
    <p class='ocr_par' dir='ltr' id='par_1_91' title="bbox 215 4551 3633 4643">
     <span class='ocr_line' id='line_1_92' title="bbox 215 4551 3633 4643; baseline 0.001 -20"><span class='ocrx_word' id='word_1_634' title='bbox 215 4567 501 4624; x_wconf 64' lang='lat' dir='ltr'><strong>Priscillae</strong></span> <span class='ocrx_word' id='word_1_635' title='bbox 520 4569 786 4624; x_wconf 78' lang='lat' dir='ltr'><strong>Paracliti</strong></span> <span class='ocrx_word' id='word_1_636' title='bbox 809 4567 1258 4639; x_wconf 86' lang='lat' dir='ltr'><strong>appellationem</strong></span> <span class='ocrx_word' id='word_1_637' title='bbox 1287 4568 1504 4622; x_wconf 89' lang='lat' dir='ltr'><strong>nefarie</strong></span> <span class='ocrx_word' id='word_1_638' title='bbox 1525 4569 1870 4625; x_wconf 88' lang='lat' dir='ltr'><strong>tribuentes.</strong></span> <span class='ocrx_word' id='word_1_639' title='bbox 1904 4551 1951 4616; x_wconf 81' lang='lat' dir='ltr'><strong>D</strong></span> <span class='ocrx_word' id='word_1_640' title='bbox 1982 4587 2266 4627; x_wconf 91' lang='lat' dir='ltr'><strong>manuum</strong></span> <span class='ocrx_word' id='word_1_641' title='bbox 2299 4551 2685 4625; x_wconf 77' lang='lat' dir='ltr'><strong>confirmandi</strong></span> <span class='ocrx_word' id='word_1_642' title='bbox 2718 4575 2891 4626; x_wconf 89' lang='lat' dir='ltr'><strong>sunt:</strong></span> <span class='ocrx_word' id='word_1_643' title='bbox 2927 4571 3025 4643; x_wconf 90' lang='lat' dir='ltr'><strong>qui</strong></span> <span class='ocrx_word' id='word_1_644' title='bbox 3048 4551 3066 4553; x_wconf 16' lang='grc' dir='ltr'><strong>ἡ</strong></span> <span class='ocrx_word' id='word_1_645' title='bbox 3094 4551 3345 4625; x_wconf 80' lang='lat' dir='ltr'><strong>formam</strong></span> <span class='ocrx_word' id='word_1_646' title='bbox 3403 4574 3633 4626; x_wconf 86' lang='lat' dir='ltr'><strong>tantum</strong></span> 
     </span>
    </p>
   </div>
   <div class='ocr_carea' id='block_1_92' title="bbox 218 4656 1879 4730">
    <p class='ocr_par' dir='ltr' id='par_1_92' title="bbox 218 4656 1879 4730">
     <span class='ocr_line' id='line_1_93' title="bbox 218 4656 1879 4730; baseline 0.001 -19"><span class='ocrx_word' id='word_1_647' title='bbox 218 4659 409 4723; x_wconf 89' lang='lat' dir='ltr'><strong>Quam</strong></span> <span class='ocrx_word' id='word_1_648' title='bbox 441 4674 578 4730; x_wconf 88' lang='lat' dir='ltr'><strong>ergo</strong></span> <span class='ocrx_word' id='word_1_649' title='bbox 611 4659 896 4714; x_wconf 75' lang='lat' dir='ltr'><strong>rationem</strong></span> <span class='ocrx_word' id='word_1_650' title='bbox 920 4659 1094 4712; x_wconf 89' lang='lat' dir='ltr'><strong>habet</strong></span> <span class='ocrx_word' id='word_1_651' title='bbox 1126 4673 1326 4712; x_wconf 88' lang='lat' dir='ltr'><strong>verum</strong></span> <span class='ocrx_word' id='word_1_652' title='bbox 1357 4673 1559 4712; x_wconf 90' lang='lat' dir='ltr'><strong>eorum</strong></span> <span class='ocrx_word' id='word_1_653' title='bbox 1590 4656 1879 4727; x_wconf 87' lang='lat' dir='ltr'><strong>baptisma</strong></span> 
     </span>
    </p>
   </div>
   <div class='ocr_carea' id='block_1_93' title="bbox 207 4744 1873 4817">
    <p class='ocr_par' dir='ltr' id='par_1_93' title="bbox 207 4744 1873 4817">
     <span class='ocr_line' id='line_1_94' title="bbox 207 4744 1873 4817; baseline 0.001 -17"><span class='ocrx_word' id='word_1_654' title='bbox 207 4744 492 4816; x_wconf 87' lang='lat' dir='ltr'><strong>judicari,</strong></span> <span class='ocrx_word' id='word_1_655' title='bbox 517 4747 614 4817; x_wconf 91' lang='lat' dir='ltr'><strong>qui</strong></span> <span class='ocrx_word' id='word_1_656' title='bbox 649 4747 704 4800; x_wconf 90' lang='lat' dir='ltr'><strong>in</strong></span> <span class='ocrx_word' id='word_1_657' title='bbox 754 4751 1000 4812; x_wconf 87' lang='lat' dir='ltr'><strong>Patrem,</strong></span> <span class='ocrx_word' id='word_1_658' title='bbox 1036 4749 1092 4800; x_wconf 91' lang='lat' dir='ltr'><strong>et</strong></span> <span class='ocrx_word' id='word_1_659' title='bbox 1123 4744 1358 4813; x_wconf 89' lang='lat' dir='ltr'><strong>Filium,</strong></span> <span class='ocrx_word' id='word_1_660' title='bbox 1391 4750 1449 4800; x_wconf 87' lang='lat' dir='ltr'><strong>et</strong></span> <span class='ocrx_word' id='word_1_661' title='bbox 1511 4746 1873 4813; x_wconf 89' lang='lat' dir='ltr'><strong>Montanum,</strong></span> 
     </span>
    </p>
   </div>
   <div class='ocr_carea' id='block_1_94' title="bbox 218 4833 1873 4906">
    <p class='ocr_par' dir='ltr' id='par_1_94' title="bbox 218 4833 1873 4906">
     <span class='ocr_line' id='line_1_95' title="bbox 218 4833 1873 4906; baseline 0.001 -17"><span class='ocrx_word' id='word_1_662' title='bbox 218 4834 648 4906; x_wconf 89' lang='lat' dir='ltr'><strong>Priscillanque</strong></span> <span class='ocrx_word' id='word_1_663' title='bbox 679 4835 1022 4906; x_wconf 81' lang='lat' dir='ltr'><strong>baptizant?</strong></span> <span class='ocrx_word' id='word_1_664' title='bbox 1052 4835 1177 4888; x_wconf 91' lang='lat' dir='ltr'><strong>Non</strong></span> <span class='ocrx_word' id='word_1_665' title='bbox 1208 4833 1363 4889; x_wconf 91' lang='lat' dir='ltr'><strong>enim</strong></span> <span class='ocrx_word' id='word_1_666' title='bbox 1405 4833 1683 4906; x_wconf 89' lang='lat' dir='ltr'><strong>baptizati</strong></span> <span class='ocrx_word' id='word_1_667' title='bbox 1714 4840 1873 4900; x_wconf 91' lang='lat' dir='ltr'><strong>sunt,</strong></span> 
     </span>
    </p>
   </div>
   <div class='ocr_carea' id='block_1_95' title="bbox 214 4922 1875 4993">
    <p class='ocr_par' dir='ltr' id='par_1_95' title="bbox 214 4922 1875 4993">
     <span class='ocr_line' id='line_1_96' title="bbox 214 4922 1875 4993; baseline 0 -17"><span class='ocrx_word' id='word_1_668' title='bbox 214 4922 322 4993; x_wconf 87' lang='lat' dir='ltr'><strong>qui</strong></span> <span class='ocrx_word' id='word_1_669' title='bbox 355 4939 467 4978; x_wconf 89' lang='lat' dir='ltr'><strong>non</strong></span> <span class='ocrx_word' id='word_1_670' title='bbox 499 4924 557 4977; x_wconf 92' lang='lat' dir='ltr'><strong>in</strong></span> <span class='ocrx_word' id='word_1_671' title='bbox 591 4924 762 4979; x_wconf 89' lang='lat' dir='ltr'><strong>nobis</strong></span> <span class='ocrx_word' id='word_1_672' title='bbox 792 4923 1009 4978; x_wconf 88' lang='lat' dir='ltr'><strong>tradita</strong></span> <span class='ocrx_word' id='word_1_673' title='bbox 1044 4922 1321 4993; x_wconf 89' lang='lat' dir='ltr'><strong>baptizati</strong></span> <span class='ocrx_word' id='word_1_674' title='bbox 1360 4927 1517 4978; x_wconf 90' lang='lat' dir='ltr'><strong>sunt.</strong></span> <span class='ocrx_word' id='word_1_675' title='bbox 1553 4925 1739 4987; x_wconf 88' lang='lat' dir='ltr'><strong>Quare</strong></span> <span class='ocrx_word' id='word_1_676' title='bbox 1768 4923 1875 4978; x_wconf 90' lang='lat' dir='ltr'><strong>etsi</strong></span> 
     </span>
    </p>
   </div>
   <div class='ocr_carea' id='block_1_96' title="bbox 210 5010 1880 5084">
    <p class='ocr_par' dir='ltr' id='par_1_96' title="bbox 210 5010 1880 5084">
     <span class='ocr_line' id='line_1_97' title="bbox 210 5010 1880 5084; baseline 0 -18"><span class='ocrx_word' id='word_1_677' title='bbox 210 5011 330 5066; x_wconf 88' lang='lat' dir='ltr'><strong>hoc</strong></span> <span class='ocrx_word' id='word_1_678' title='bbox 361 5028 639 5084; x_wconf 89' lang='lat' dir='ltr'><strong>magnum</strong></span> <span class='ocrx_word' id='word_1_679' title='bbox 660 5012 999 5083; x_wconf 90' lang='lat' dir='ltr'><strong>Dionysium</strong></span> <span class='ocrx_word' id='word_1_680' title='bbox 1026 5010 1392 5076; x_wconf 90' lang='lat' dir='ltr'><strong>latuit,nobis</strong></span> <span class='ocrx_word' id='word_1_681' title='bbox 1420 5015 1617 5066; x_wconf 88' lang='lat' dir='ltr'><strong>tamen</strong></span> <span class='ocrx_word' id='word_1_682' title='bbox 1651 5027 1764 5066; x_wconf 90' lang='lat' dir='ltr'><strong>non</strong></span> <span class='ocrx_word' id='word_1_683' title='bbox 1788 5017 1880 5066; x_wconf 88' lang='lat' dir='ltr'><strong>est</strong></span> 
     </span>
    </p>
   </div>
   <div class='ocr_carea' id='block_1_97' title="bbox 213 5098 1875 5172">
    <p class='ocr_par' dir='ltr' id='par_1_97' title="bbox 213 5098 1875 5172">
     <span class='ocr_line' id='line_1_98' title="bbox 213 5098 1875 5172; baseline 0 -17"><span class='ocrx_word' id='word_1_684' title='bbox 213 5101 505 5156; x_wconf 83' lang='lat' dir='ltr'><strong>servanda</strong></span> <span class='ocrx_word' id='word_1_685' title='bbox 533 5101 746 5157; x_wconf 90' lang='lat' dir='ltr'><strong>erroris</strong></span> <span class='ocrx_word' id='word_1_686' title='bbox 777 5099 1047 5155; x_wconf 89' lang='lat' dir='ltr'><strong>imitatio.</strong></span> <span class='ocrx_word' id='word_1_687' title='bbox 1079 5120 1107 5151; x_wconf 66' lang='grc' dir='ltr'><strong>η</strong></span> <span class='ocrx_word' id='word_1_688' title='bbox 1145 5099 1252 5154; x_wconf 91' lang='lat' dir='ltr'><strong>Ubi</strong></span> <span class='ocrx_word' id='word_1_689' title='bbox 1286 5098 1453 5154; x_wconf 83' lang='lat' dir='ltr'><strong>facile</strong></span> <span class='ocrx_word' id='word_1_690' title='bbox 1485 5098 1718 5155; x_wconf 89' lang='lat' dir='ltr'><strong>subolet</strong></span> <span class='ocrx_word' id='word_1_691' title='bbox 1761 5117 1875 5172; x_wconf 90' lang='lat' dir='ltr'><strong>quo</strong></span> 
     </span>
    </p>
   </div>
   <div class='ocr_carea' id='block_1_98' title="bbox 213 5187 1873 5261">
    <p class='ocr_par' dir='ltr' id='par_1_98' title="bbox 213 5187 1873 5261">
     <span class='ocr_line' id='line_1_99' title="bbox 213 5187 1873 5261; baseline 0.001 -19"><span class='ocrx_word' id='word_1_692' title='bbox 213 5205 341 5242; x_wconf 87' lang='lat' dir='ltr'><strong>non</strong></span> <span class='ocrx_word' id='word_1_693' title='bbox 375 5194 494 5244; x_wconf 88' lang='lat' dir='ltr'><strong>tam</strong></span> <span class='ocrx_word' id='word_1_694' title='bbox 527 5188 841 5261; x_wconf 88' lang='lat' dir='ltr'><strong>Dionysius</strong></span> <span class='ocrx_word' id='word_1_695' title='bbox 872 5205 1049 5260; x_wconf 91' lang='lat' dir='ltr'><strong>quam</strong></span> <span class='ocrx_word' id='word_1_696' title='bbox 1108 5188 1352 5244; x_wconf 89' lang='lat' dir='ltr'><strong>Basilius</strong></span> <span class='ocrx_word' id='word_1_697' title='bbox 1391 5187 1613 5244; x_wconf 89' lang='lat' dir='ltr'><strong>laboret</strong></span> <span class='ocrx_word' id='word_1_698' title='bbox 1659 5204 1873 5243; x_wconf 87' lang='lat' dir='ltr'><strong>errore-</strong></span> 
     </span>
    </p>
   </div>
   <div class='ocr_carea' id='block_1_99' title="bbox 211 5276 1878 5348">
    <p class='ocr_par' dir='ltr' id='par_1_99' title="bbox 211 5276 1878 5348">
     <span class='ocr_line' id='line_1_100' title="bbox 211 5276 1878 5348; baseline 0 -16"><span class='ocrx_word' id='word_1_699' title='bbox 211 5277 363 5332; x_wconf 89' lang='lat' dir='ltr'><strong>Nam</strong></span> <span class='ocrx_word' id='word_1_700' title='bbox 400 5278 604 5342; x_wconf 86' lang='lat' dir='ltr'><strong>fidem,</strong></span> <span class='ocrx_word' id='word_1_701' title='bbox 641 5293 754 5332; x_wconf 91' lang='lat' dir='ltr'><strong>non</strong></span> <span class='ocrx_word' id='word_1_702' title='bbox 813 5278 989 5332; x_wconf 87' lang='lat' dir='ltr'><strong>verba</strong></span> <span class='ocrx_word' id='word_1_703' title='bbox 1050 5276 1326 5347; x_wconf 88' lang='lat' dir='ltr'><strong>baptismi</strong></span> <span class='ocrx_word' id='word_1_704' title='bbox 1385 5276 1878 5348; x_wconf 87' lang='lat' dir='ltr'><strong>interpolaverant</strong></span> 
     </span>
    </p>
   </div>
   <div class='ocr_carea' id='block_1_100' title="bbox 206 5364 1870 5436">
    <p class='ocr_par' dir='ltr' id='par_1_100' title="bbox 206 5364 1870 5436">
     <span class='ocr_line' id='line_1_101' title="bbox 206 5364 1870 5436; baseline -0.001 -16"><span class='ocrx_word' id='word_1_705' title='bbox 206 5365 530 5436; x_wconf 71' lang='lat' dir='ltr'><strong>Pepuzeni,</strong></span> <span class='ocrx_word' id='word_1_706' title='bbox 566 5382 668 5421; x_wconf 91' lang='lat' dir='ltr'><strong>nec</strong></span> <span class='ocrx_word' id='word_1_707' title='bbox 697 5365 757 5419; x_wconf 89' lang='lat' dir='ltr'><strong>in</strong></span> <span class='ocrx_word' id='word_1_708' title='bbox 789 5365 1047 5420; x_wconf 88' lang='lat' dir='ltr'><strong>Montani</strong></span> <span class='ocrx_word' id='word_1_709' title='bbox 1078 5372 1133 5420; x_wconf 91' lang='lat' dir='ltr'><strong>et</strong></span> <span class='ocrx_word' id='word_1_710' title='bbox 1169 5364 1442 5420; x_wconf 82' lang='lat' dir='ltr'><strong>Priscillae</strong></span> <span class='ocrx_word' id='word_1_711' title='bbox 1474 5365 1734 5435; x_wconf 88' lang='lat' dir='ltr'><strong>nomina,</strong></span> <span class='ocrx_word' id='word_1_712' title='bbox 1766 5366 1870 5421; x_wconf 88' lang='lat' dir='ltr'><strong>sed</strong></span> 
     </span>
    </p>
   </div>
   <div class='ocr_carea' id='block_1_101' title="bbox 211 5453 1872 5527">
    <p class='ocr_par' dir='ltr' id='par_1_101' title="bbox 211 5453 1872 5527">
     <span class='ocr_line' id='line_1_102' title="bbox 211 5453 1872 5527; baseline 0 -18"><span class='ocrx_word' id='word_1_713' title='bbox 211 5453 279 5509; x_wconf 85' lang='lat' dir='ltr'><strong>in</strong></span> <span class='ocrx_word' id='word_1_714' title='bbox 310 5470 522 5510; x_wconf 89' lang='lat' dir='ltr'><strong>nomen</strong></span> <span class='ocrx_word' id='word_1_715' title='bbox 587 5455 841 5527; x_wconf 88' lang='lat' dir='ltr'><strong>Spiritus</strong></span> <span class='ocrx_word' id='word_1_716' title='bbox 901 5454 1084 5509; x_wconf 87' lang='lat' dir='ltr'><strong>sancti</strong></span> <span class='ocrx_word' id='word_1_717' title='bbox 1143 5453 1537 5526; x_wconf 88' lang='lat' dir='ltr'><strong>baptizabant,</strong></span> <span class='ocrx_word' id='word_1_718' title='bbox 1569 5469 1681 5523; x_wconf 91' lang='lat' dir='ltr'><strong>quo</strong></span> <span class='ocrx_word' id='word_1_719' title='bbox 1739 5471 1872 5510; x_wconf 90' lang='lat' dir='ltr'><strong>cum</strong></span> 
     </span>
    </p>
   </div>
   <div class='ocr_carea' id='block_1_102' title="bbox 209 5542 1868 5615">
    <p class='ocr_par' dir='ltr' id='par_1_102' title="bbox 209 5542 1868 5615">
     <span class='ocr_line' id='line_1_103' title="bbox 209 5542 1868 5615; baseline 0 -16"><span class='ocrx_word' id='word_1_720' title='bbox 209 5543 557 5599; x_wconf 85' lang='lat' dir='ltr'><strong>Montanum</strong></span> <span class='ocrx_word' id='word_1_721' title='bbox 577 5550 632 5599; x_wconf 89' lang='lat' dir='ltr'><strong>et</strong></span> <span class='ocrx_word' id='word_1_722' title='bbox 651 5543 980 5598; x_wconf 90' lang='lat' dir='ltr'><strong>Priscillam</strong></span> <span class='ocrx_word' id='word_1_723' title='bbox 1004 5542 1420 5615; x_wconf 90' lang='lat' dir='ltr'><strong>intelligerent,</strong></span> <span class='ocrx_word' id='word_1_724' title='bbox 1436 5544 1493 5597; x_wconf 91' lang='lat' dir='ltr'><strong>in</strong></span> <span class='ocrx_word' id='word_1_725' title='bbox 1527 5544 1785 5598; x_wconf 88' lang='lat' dir='ltr'><strong>Montani</strong></span> <span class='ocrx_word' id='word_1_726' title='bbox 1811 5549 1868 5600; x_wconf 91' lang='lat' dir='ltr'><strong>et</strong></span> 
     </span>
    </p>
   </div>
   <div class='ocr_carea' id='block_1_103' title="bbox 209 5629 1872 5704">
    <p class='ocr_par' dir='ltr' id='par_1_103' title="bbox 209 5629 1872 5704">
     <span class='ocr_line' id='line_1_104' title="bbox 209 5629 1872 5704; baseline 0.002 -21"><span class='ocrx_word' id='word_1_727' title='bbox 209 5629 494 5685; x_wconf 78' lang='lat' dir='ltr'><strong>Priscillae</strong></span> <span class='ocrx_word' id='word_1_728' title='bbox 525 5647 737 5687; x_wconf 91' lang='lat' dir='ltr'><strong>nomen</strong></span> <span class='ocrx_word' id='word_1_729' title='bbox 769 5646 867 5688; x_wconf 88' lang='lat' dir='ltr'><strong>eos</strong></span> <span class='ocrx_word' id='word_1_730' title='bbox 899 5632 1140 5688; x_wconf 83' lang='lat' dir='ltr'><strong>tinxisse</strong></span> <span class='ocrx_word' id='word_1_731' title='bbox 1173 5647 1382 5704; x_wconf 87' lang='lat' dir='ltr'><strong>parum</strong></span> <span class='ocrx_word' id='word_1_732' title='bbox 1411 5631 1757 5688; x_wconf 90' lang='lat' dir='ltr'><strong>commodus</strong></span> <span class='ocrx_word' id='word_1_733' title='bbox 1787 5631 1872 5687; x_wconf 88' lang='lat' dir='ltr'><strong>in-</strong></span> 
     </span>
    </p>
   </div>
   <div class='ocr_carea' id='block_1_104' title="bbox 1983 4659 3639 4732">
    <p class='ocr_par' dir='ltr' id='par_1_104' title="bbox 1983 4659 3639 4732">
     <span class='ocr_line' id='line_1_105' title="bbox 1983 4659 3639 4732; baseline -0.004 -17"><span class='ocrx_word' id='word_1_734' title='bbox 1983 4659 2263 4731; x_wconf 89' lang='lat' dir='ltr'><strong>baptismi</strong></span> <span class='ocrx_word' id='word_1_735' title='bbox 2293 4660 2421 4715; x_wconf 90' lang='lat' dir='ltr'><strong>siue</strong></span> <span class='ocrx_word' id='word_1_736' title='bbox 2445 4661 2930 4716; x_wconf 80' lang='lat' dir='ltr'><strong>sanctificationis</strong></span> <span class='ocrx_word' id='word_1_737' title='bbox 2977 4660 3192 4715; x_wconf 86' lang='lat' dir='ltr'><strong>virtute</strong></span> <span class='ocrx_word' id='word_1_738' title='bbox 3248 4676 3573 4732; x_wconf 89' lang='lat' dir='ltr'><strong>sumpsere.</strong></span> <span class='ocrx_word' id='word_1_739' title='bbox 3610 4682 3639 4709; x_wconf 85' lang='grc'><strong>››</strong></span> 
     </span>
    </p>
   </div>
   <div class='ocr_carea' id='block_1_105' title="bbox 1985 4749 3638 4821">
    <p class='ocr_par' dir='ltr' id='par_1_105' title="bbox 1985 4749 3638 4821">
     <span class='ocr_line' id='line_1_106' title="bbox 1985 4749 3638 4821; baseline 0.002 -19"><span class='ocrx_word' id='word_1_740' title='bbox 1985 4749 2052 4802; x_wconf 89' lang='lat' dir='ltr'><strong>Et</strong></span> <span class='ocrx_word' id='word_1_741' title='bbox 2083 4749 2254 4820; x_wconf 90' lang='lat' dir='ltr'><strong>epist.</strong></span> <span class='ocrx_word' id='word_1_742' title='bbox 2285 4750 2377 4816; x_wconf 82' lang='lat'><strong>92,</strong></span> <span class='ocrx_word' id='word_1_743' title='bbox 2410 4765 2461 4803; x_wconf 93' lang='lat' dir='ltr'><strong>c.</strong></span> <span class='ocrx_word' id='word_1_744' title='bbox 2496 4749 2563 4803; x_wconf 77' lang='lat' dir='ltr'><strong>l6</strong></span> <span class='ocrx_word' id='word_1_745' title='bbox 2593 4765 2605 4804; x_wconf 90' lang='lat'>:</span> <span class='ocrx_word' id='word_1_746' title='bbox 2646 4772 2664 4797; x_wconf 76' lang='grc' dir='ltr'><strong>α</strong></span> <span class='ocrx_word' id='word_1_747' title='bbox 2703 4750 2769 4802; x_wconf 84' lang='lat' dir='ltr'><strong>Hi</strong></span> <span class='ocrx_word' id='word_1_748' title='bbox 2801 4755 2998 4805; x_wconf 89' lang='lat' dir='ltr'><strong>autem</strong></span> <span class='ocrx_word' id='word_1_749' title='bbox 3049 4750 3148 4821; x_wconf 92' lang='lat' dir='ltr'><strong>qui</strong></span> <span class='ocrx_word' id='word_1_750' title='bbox 3203 4767 3265 4805; x_wconf 92' lang='lat' dir='ltr'><strong>se</strong></span> <span class='ocrx_word' id='word_1_751' title='bbox 3313 4749 3638 4821; x_wconf 87' lang='lat' dir='ltr'><strong>baptizatos</strong></span> 
     </span>
    </p>
   </div>
   <div class='ocr_carea' id='block_1_106' title="bbox 1985 4837 3633 4910">
    <p class='ocr_par' dir='ltr' id='par_1_106' title="bbox 1985 4837 3633 4910">
     <span class='ocr_line' id='line_1_107' title="bbox 1985 4837 3633 4910; baseline 0.001 -18"><span class='ocrx_word' id='word_1_752' title='bbox 1985 4838 2200 4900; x_wconf 91' lang='lat' dir='ltr'><strong>sciunt,</strong></span> <span class='ocrx_word' id='word_1_753' title='bbox 2237 4839 2337 4892; x_wconf 89' lang='lat' dir='ltr'><strong>sed</strong></span> <span class='ocrx_word' id='word_1_754' title='bbox 2375 4840 2546 4904; x_wconf 81' lang='lat' dir='ltr'><strong>cuius</strong></span> <span class='ocrx_word' id='word_1_755' title='bbox 2580 4837 2706 4892; x_wconf 84' lang='lat' dir='ltr'><strong>fidei</strong></span> <span class='ocrx_word' id='word_1_756' title='bbox 2743 4839 2958 4893; x_wconf 88' lang='lat' dir='ltr'><strong>fuerint</strong></span> <span class='ocrx_word' id='word_1_757' title='bbox 2990 4839 3087 4908; x_wconf 90' lang='lat' dir='ltr'><strong>qui</strong></span> <span class='ocrx_word' id='word_1_758' title='bbox 3121 4855 3216 4894; x_wconf 84' lang='lat' dir='ltr'><strong>eos</strong></span> <span class='ocrx_word' id='word_1_759' title='bbox 3250 4839 3633 4910; x_wconf 88' lang='lat' dir='ltr'><strong>baptizavere,</strong></span> 
     </span>
    </p>
   </div>
   <div class='ocr_carea' id='block_1_107' title="bbox 1985 4926 3633 4997">
    <p class='ocr_par' dir='ltr' id='par_1_107' title="bbox 1985 4926 3633 4997">
     <span class='ocr_line' id='line_1_108' title="bbox 1985 4926 3633 4997; baseline 0.002 -18"><span class='ocrx_word' id='word_1_760' title='bbox 1985 4926 2207 4980; x_wconf 89' lang='lat' dir='ltr'><strong>nescire</strong></span> <span class='ocrx_word' id='word_1_761' title='bbox 2261 4942 2323 4980; x_wconf 92' lang='lat' dir='ltr'><strong>se</strong></span> <span class='ocrx_word' id='word_1_762' title='bbox 2382 4928 2766 4997; x_wconf 83' lang='lat' dir='ltr'><strong>profitentur:</strong></span> <span class='ocrx_word' id='word_1_763' title='bbox 2834 4927 3095 4997; x_wconf 88' lang='lat' dir='ltr'><strong>quolibet</strong></span> <span class='ocrx_word' id='word_1_764' title='bbox 3151 4928 3323 4982; x_wconf 91' lang='lat' dir='ltr'><strong>modo</strong></span> <span class='ocrx_word' id='word_1_765' title='bbox 3385 4929 3633 4982; x_wconf 85' lang='lat' dir='ltr'><strong>formam</strong></span> 
     </span>
    </p>
   </div>
   <div class='ocr_carea' id='block_1_108' title="bbox 1989 5013 3634 5085">
    <p class='ocr_par' dir='ltr' id='par_1_108' title="bbox 1989 5013 3634 5085">
     <span class='ocr_line' id='line_1_109' title="bbox 1989 5013 3634 5085; baseline -0.002 -17"><span class='ocrx_word' id='word_1_766' title='bbox 1989 5013 2358 5083; x_wconf 87' lang='lat' dir='ltr'><strong>baptismatis</strong></span> <span class='ocrx_word' id='word_1_767' title='bbox 2398 5014 2747 5085; x_wconf 89' lang='lat' dir='ltr'><strong>acceperint,</strong></span> <span class='ocrx_word' id='word_1_768' title='bbox 2793 5014 3186 5085; x_wconf 89' lang='lat' dir='ltr'><strong>rebaptizandi</strong></span> <span class='ocrx_word' id='word_1_769' title='bbox 3233 5032 3346 5070; x_wconf 92' lang='lat' dir='ltr'><strong>non</strong></span> <span class='ocrx_word' id='word_1_770' title='bbox 3395 5021 3552 5070; x_wconf 89' lang='lat' dir='ltr'><strong>sunt.</strong></span> <span class='ocrx_word' id='word_1_771' title='bbox 3606 5040 3634 5065; x_wconf 88' lang='grc'><strong>››</strong></span> 
     </span>
    </p>
   </div>
   <div class='ocr_carea' id='block_1_109' title="bbox 1983 5101 3636 5175">
    <p class='ocr_par' dir='ltr' id='par_1_109' title="bbox 1983 5101 3636 5175">
     <span class='ocr_line' id='line_1_110' title="bbox 1983 5101 3636 5175; baseline 0.003 -20"><span class='ocrx_word' id='word_1_772' title='bbox 1983 5101 2158 5157; x_wconf 90' lang='lat' dir='ltr'><strong>Vides</strong></span> <span class='ocrx_word' id='word_1_773' title='bbox 2190 5119 2369 5172; x_wconf 89' lang='lat' dir='ltr'><strong>quam</strong></span> <span class='ocrx_word' id='word_1_774' title='bbox 2401 5119 2514 5157; x_wconf 90' lang='lat' dir='ltr'><strong>non</strong></span> <span class='ocrx_word' id='word_1_775' title='bbox 2547 5103 2606 5156; x_wconf 92' lang='lat' dir='ltr'><strong>in</strong></span> <span class='ocrx_word' id='word_1_776' title='bbox 2640 5103 3011 5170; x_wconf 89' lang='lat' dir='ltr'><strong>sententiam,</strong></span> <span class='ocrx_word' id='word_1_777' title='bbox 3047 5104 3146 5158; x_wconf 89' lang='lat' dir='ltr'><strong>sed</strong></span> <span class='ocrx_word' id='word_1_778' title='bbox 3199 5103 3254 5157; x_wconf 93' lang='lat' dir='ltr'><strong>id</strong></span> <span class='ocrx_word' id='word_1_779' title='bbox 3300 5105 3475 5158; x_wconf 89' lang='lat' dir='ltr'><strong>verba</strong></span> <span class='ocrx_word' id='word_1_780' title='bbox 3506 5105 3636 5175; x_wconf 89' lang='lat' dir='ltr'><strong>ipsa</strong></span> 
     </span>
    </p>
   </div>
   <div class='ocr_carea' id='block_1_110' title="bbox 1984 5191 3634 5262">
    <p class='ocr_par' dir='ltr' id='par_1_110' title="bbox 1984 5191 3634 5262">
     <span class='ocr_line' id='line_1_111' title="bbox 1984 5191 3634 5262; baseline 0.001 -16"><span class='ocrx_word' id='word_1_781' title='bbox 1984 5191 2263 5262; x_wconf 88' lang='lat' dir='ltr'><strong>Stephani</strong></span> <span class='ocrx_word' id='word_1_782' title='bbox 2319 5192 2759 5262; x_wconf 87' lang='lat' dir='ltr'><strong>conspirent,et</strong></span> <span class='ocrx_word' id='word_1_783' title='bbox 2808 5207 3012 5246; x_wconf 89' lang='lat' dir='ltr'><strong>omnes</strong></span> <span class='ocrx_word' id='word_1_784' title='bbox 3043 5192 3280 5262; x_wconf 86' lang='lat' dir='ltr'><strong>quidem</strong></span> <span class='ocrx_word' id='word_1_785' title='bbox 3333 5192 3634 5248; x_wconf 63' lang='lat' dir='ltr'><strong>haereticos</strong></span> 
     </span>
    </p>
   </div>
   <div class='ocr_carea' id='block_1_111' title="bbox 1987 5277 3630 5351">
    <p class='ocr_par' dir='ltr' id='par_1_111' title="bbox 1987 5277 3630 5351">
     <span class='ocr_line' id='line_1_112' title="bbox 1987 5277 3630 5351; baseline 0.003 -20"><span class='ocrx_word' id='word_1_786' title='bbox 1987 5277 2318 5349; x_wconf 90' lang='lat' dir='ltr'><strong>promiscue</strong></span> <span class='ocrx_word' id='word_1_787' title='bbox 2349 5278 2626 5345; x_wconf 89' lang='lat' dir='ltr'><strong>habeant,</strong></span> <span class='ocrx_word' id='word_1_788' title='bbox 2659 5287 2716 5333; x_wconf 90' lang='lat' dir='ltr'><strong>et</strong></span> <span class='ocrx_word' id='word_1_789' title='bbox 2745 5279 2818 5333; x_wconf 87' lang='lat' dir='ltr'><strong>ab</strong></span> <span class='ocrx_word' id='word_1_790' title='bbox 2867 5279 2977 5351; x_wconf 89' lang='lat' dir='ltr'><strong>ipsi</strong></span> <span class='ocrx_word' id='word_1_791' title='bbox 3032 5281 3355 5350; x_wconf 87' lang='lat' dir='ltr'><strong>baptizatos</strong></span> <span class='ocrx_word' id='word_1_792' title='bbox 3396 5297 3509 5336; x_wconf 86' lang='lat' dir='ltr'><strong>non</strong></span> <span class='ocrx_word' id='word_1_793' title='bbox 3543 5298 3630 5336; x_wconf 89' lang='lat' dir='ltr'><strong>re-</strong></span> 
     </span>
    </p>
   </div>
   <div class='ocr_carea' id='block_1_112' title="bbox 1983 5366 3627 5440">
    <p class='ocr_par' dir='ltr' id='par_1_112' title="bbox 1983 5366 3627 5440">
     <span class='ocr_line' id='line_1_113' title="bbox 1983 5366 3627 5440; baseline 0.002 -18"><span class='ocrx_word' id='word_1_794' title='bbox 1983 5367 2280 5438; x_wconf 88' lang='lat' dir='ltr'><strong>baptizent</strong></span> <span class='ocrx_word' id='word_1_795' title='bbox 2307 5385 2320 5434; x_wconf 90' lang='lat'><strong>;</strong></span> <span class='ocrx_word' id='word_1_796' title='bbox 2345 5367 2442 5420; x_wconf 85' lang='lat' dir='ltr'><strong>sed</strong></span> <span class='ocrx_word' id='word_1_797' title='bbox 2477 5366 2533 5420; x_wconf 92' lang='lat' dir='ltr'><strong>id</strong></span> <span class='ocrx_word' id='word_1_798' title='bbox 2571 5367 2848 5422; x_wconf 88' lang='lat' dir='ltr'><strong>nimirum</strong></span> <span class='ocrx_word' id='word_1_799' title='bbox 2882 5368 3130 5422; x_wconf 90' lang='lat' dir='ltr'><strong>innuant</strong></span> <span class='ocrx_word' id='word_1_800' title='bbox 3160 5367 3482 5440; x_wconf 83' lang='lat' dir='ltr'><strong>baptizatos</strong></span> <span class='ocrx_word' id='word_1_801' title='bbox 3517 5388 3627 5426; x_wconf 88' lang='lat' dir='ltr'><strong>non</strong></span> 
     </span>
    </p>
   </div>
   <div class='ocr_carea' id='block_1_113' title="bbox 1983 5455 3624 5527">
    <p class='ocr_par' dir='ltr' id='par_1_113' title="bbox 1983 5455 3624 5527">
     <span class='ocr_line' id='line_1_114' title="bbox 1983 5455 3624 5527; baseline 0.004 -18"><span class='ocrx_word' id='word_1_802' title='bbox 1983 5455 2116 5525; x_wconf 84' lang='lat' dir='ltr'><strong>dici,</strong></span> <span class='ocrx_word' id='word_1_803' title='bbox 2153 5455 2244 5509; x_wconf 92' lang='lat' dir='ltr'><strong>nis</strong></span> <span class='ocrx_word' id='word_1_804' title='bbox 2271 5456 2370 5527; x_wconf 90' lang='lat' dir='ltr'><strong>qui</strong></span> <span class='ocrx_word' id='word_1_805' title='bbox 2402 5455 2652 5510; x_wconf 85' lang='lat' dir='ltr'><strong>formam</strong></span> <span class='ocrx_word' id='word_1_806' title='bbox 2684 5456 3077 5526; x_wconf 89' lang='lat' dir='ltr'><strong>baptismatis,</strong></span> <span class='ocrx_word' id='word_1_807' title='bbox 3111 5456 3218 5512; x_wconf 90' lang='lat' dir='ltr'><strong>hoc</strong></span> <span class='ocrx_word' id='word_1_808' title='bbox 3250 5464 3356 5526; x_wconf 90' lang='lat' dir='ltr'><strong>est,</strong></span> <span class='ocrx_word' id='word_1_809' title='bbox 3391 5459 3624 5516; x_wconf 85' lang='lat' dir='ltr'><strong>invoca-</strong></span> 
     </span>
    </p>
   </div>
   <div class='ocr_carea' id='block_1_114' title="bbox 1980 5543 2894 5616">
    <p class='ocr_par' dir='ltr' id='par_1_114' title="bbox 1980 5543 2894 5616">
     <span class='ocr_line' id='line_1_115' title="bbox 1980 5543 2894 5616; baseline 0.002 -18"><span class='ocrx_word' id='word_1_810' title='bbox 1980 5543 2199 5601; x_wconf 88' lang='lat' dir='ltr'><strong>tionem</strong></span> <span class='ocrx_word' id='word_1_811' title='bbox 2229 5544 2533 5598; x_wconf 86' lang='lat' dir='ltr'><strong>Trinitatis</strong></span> <span class='ocrx_word' id='word_1_812' title='bbox 2564 5561 2894 5616; x_wconf 86' lang='lat' dir='ltr'><strong>suscepere.</strong></span> 
     </span>
    </p>
   </div>
  </div>
