4088 6174
537 331 698 394 12⁸79

984 466 1107 521 XX.
1131 465 1265 521 Item
1303 480 1378 522 ea:
1402 465 1730 533 Augustino.

599 603 704 659 His
733 605 1028 674 succedat,
1061 605 1160 676 qui
1194 606 1512 678 praecedere
1539 611 1596 662 et
1625 625 1780 664 unus
1834 609 2024 664 instar
2055 623 2180 663 em-

529 694 695 748 nium
725 709 852 748 esse
884 697 1152 765 potuerat
1181 695 1564 766 Augustinus.
1603 697 1680 750 Ex
1712 713 1777 752 eo
1811 701 2005 752 autem
2041 696 2180 768 quid

532 781 958 854 primum,quid
982 782 1193 839 deinde
1214 799 1522 855 carpemus
1543 786 1615 840 ad
1629 785 1910 858 Stephani
1934 785 2181 858 patroci-

532 870 940 926 nium?0mnia
961 871 1118 926 enim
1137 872 1265 943 ejus
1297 873 1367 926 de
1389 872 1681 943 baptismo
1715 878 1916 930 contra
1946 874 2182 929 Donati-

532 963 655 1015 stas
675 959 882 1015 I229
914 961 1153 1031 scripta,
1184 959 1382 1016 omnia
1411 961 1828 1033 capita,omnes
1859 980 2038 1035 prope
2056 978 2182 1018 ver-

531 1047 814 1114 sus,hanc
835 1048 1114 1119 Stephani
1139 1065 1273 1104 cum
1286 1050 1568 1122 Cypriane
1592 1052 2080 1107 concertationem
2101 1051 2184 1107 ita

532 1141 1028 1208 exsequuntur,ut
1058 1137 1379 1208 disciplinas
1409 1139 1660 1194 sanioris
1689 1145 1745 1195 et
1764 1141 2027 1196 veritatis
2058 1157 2183 1196 ma-

524 1227 712 1297 jestas
739 1230 856 1280 tota
887 1242 1066 1297 penes
1093 1227 1453 1296 Stephanum
1504 1229 1780 1285 resideat.
1823 1229 2185 1286 Paucissima

533 1314 840 1385 decerpam
854 1331 923 1370 ex
939 1314 1228 1370 immense
1246 1332 1391 1386 pene
1404 1317 1640 1372 cumulo
1660 1318 2180 1374 innumerabilium

535 1402 1032 1459 testimoniorum.
1086 1405 1273 1475 Igitur
1297 1403 1336 1458 I.
1383 1423 1422 1470 ι,
1455 1406 1520 1460 de
1560 1408 1840 1478 Baptism
1873 1417 2048 1465 contr.
2080 1409 2182 1463 Do-

533 1499 675 1557 nat.,
706 1509 757 1547 ο.
793 1492 858 1546 18
883 1509 896 1548 :
924 1514 951 1540 »
981 1492 1126 1548 Cum
1157 1493 1315 1548 enim
1344 1495 1493 1549 tanti
1527 1496 1716 1550 meriti
1741 1497 2052 1569 episcopus
2083 1496 2186 1568 Cy-

534 1581 776 1651 prianus
808 1580 964 1635 aliud
1008 1582 1077 1636 de
1115 1581 1408 1652 baptism-0
1455 1583 1813 1639 arbiraretur
1861 1602 2036 1656 quam
2064 1591 2187 1642 erat

535 1669 819 1739 inquisita
856 1669 1197 1741 diligentius
1240 1671 1453 1726 veritas
1525 1675 1861 1728 ﬁrmatura:
1898 1674 2185 1746 multique

535 1758 664 1828 ejus
703 1755 952 1829 collega,
986 1759 1255 1830 quamvis
1284 1759 1508 1831 liquido
1547 1763 1811 1817 nondum
1845 1762 2186 1818 manifesta-

533 1848 682 1911 tum,
713 1845 771 1900 id
802 1852 998 1902 tamen
1048 1852 1314 1903 tenerent
1345 1849 1499 1920 quod
1549 1853 1607 1904 et
1656 1851 1949 1921 prmterita
1996 1850 2189 1906 Eccle-
2219 1840 2268 1906 Β

535 1934 636 1990 βίω
667 1937 1050 2002 consuetudo,
1082 1940 1140 1992 et
1195 1942 1397 2008 postea
1434 1941 1592 1993 totus
1649 1939 1970 1995 catholicus
2025 1940 2184 1996 orbis

538 2023 842 2095 amplexus
872 2029 980 2093 est,
1016 2043 1132 2081 non
1166 2042 1228 2082 se
1257 2025 1356 2082 ille
1400 2031 1594 2083 tamen
1628 2044 1660 2082 a
1686 2027 1909 2086 caeteris
1957 2028 2186 2084 diversa

537 2113 924 2169 sentientibus
993 2120 1260 2186 separata
1327 2117 1735 2172 communione
1784 2117 2090 2187 disjunxit.
2149 2133 2176 2168 s

533 2203 750 2269 Audin,
781 2201 1145 2274 Stephanum
1181 2208 1237 2258 et
1266 2210 1502 2260 caeteros
1549 2207 1677 2274 ejus
1709 2205 1962 2278 collegas
1991 2223 2024 2261 a
2052 2205 2181 2277 qui-

534 2292 647 2346 bus
678 2291 1061 2346 dissentiehat
1087 2291 1432 2364 Cyprianus,
1456 2291 1515 2347 id
1555 2293 1817 2349 tenuisse
1842 2309 1856 2348 :
1881 2316 1909 2343 «
1939 2295 2099 2359 Quod
2125 2297 2183 2348 et

535 2381 828 2450 praeterita
859 2377 1125 2435 Ecclesiae
1156 2382 1538 2449 consuetudo,
1574 2385 1632 2436 et
1661 2386 1864 2452 postea
1890 2386 2050 2437 totus
2081 2399 2182 2437 ca-

533 2466 792 2522 tbelicus
848 2467 1006 2523 orbis
1063 2468 1368 2540 amplexus
1415 2474 1548 2526 est?
1593 2491 1620 2519 »
1677 2471 1746 2524 Et
1804 2469 1841 2524 Ι.
1893 2486 1956 2534 ιι,
2015 2471 2177 2536 c,7:

533 2556 808 2611 Nondum
836 2560 961 2612 erat
987 2556 1298 2629 diligenter
1318 2557 1417 2613 illa
1464 2558 1742 2630 baptismi
1779 2558 2022 2629 quaestio
2052 2575 2180 2629 per-

535 2649 804 2702 tractata.
838 2645 947 2701 Sed
981 2652 1171 2701 tamen
1203 2645 1652 2702 saluberrimam
1696 2647 2180 2702 consuetudinem

532 2735 767 2790 tenebat
797 2733 1084 2790 Ecclesia:
1123 2751 1301 2806 quam
1333 2738 1503 2790 credo
1537 2753 1605 2790 ex
1653 2734 1974 2806 apostolica
2001 2736 2180 2790 tradi-

532 2823 690 2879 tione
745 2823 1095 2889 venientem,
1127 2823 1276 2879 sicut
1327 2823 1512 2879 multa
1542 2841 1655 2880 non
1712 2824 2092 2879 inveniuntur
2119 2822 2181 2880 in

529 2911 740 2968 litteris
771 2929 997 2981 eorum,
1025 2928 1214 2984 neque
1244 2913 1303 2968 in
1353 2912 1614 2968 conciliis
1661 2912 2051 2985 posteriorum
2079 2931 2093 2980 ;
2125 2917 2183 2968 et

531 3005 728 3056 tamen
762 3001 901 3072 quia
933 3017 1033 3073 per
1052 3002 1384 3057 universam
1403 3002 1816 3056 custodiuntur
1845 3000 2179 3069 Ecclesiam,

530 3089 763 3145 nonnisi
807 3089 1752 3162 abipsistraditaetcemmendata
1792 3091 2178 3146 creduntur.»

533 3178 684 3248 Ergo
713 3178 1048 3248 Stephanus
1095 3182 1151 3234 et
1205 3179 1478 3234 universa
1524 3195 1657 3234 cum
1707 3194 1772 3234 eo
1821 3177 2100 3247 Ecclesia,
2135 3180 2182 3234 si
2216 3193 2259 3266 ο

535 3266 890 3338 Cyprianum
911 3283 1046 3322 cum
1069 3267 1396 3322 fautoribus
1412 3267 1634 3336 demas,
1651 3284 1766 3324 non
1790 3267 2184 3325 errabundam

536 3361 594 3410 et
624 3358 827 3426 postea
846 3356 1298 3424 emendandam,
1323 3356 1425 3410 sed
1447 3355 1825 3427 apostolicam
1848 3360 1906 3411 et
1925 3355 2185 3427 plenarie

539 3451 673 3516 post
700 3443 1024 3499 Arelatensi
1050 3444 1398 3515 Niceneque
1429 3443 1675 3499 concilio
1697 3443 2187 3499 oorroborandam

538 3531 825 3588 retinebat
867 3531 1372 3588 consuetudinem.
1398 3533 1464 3587 Et
1507 3532 1748 3592 ibidem.
1774 3549 1823 3587 c.
1855 3533 1928 3586 Ως
1976 3554 2005 3581 ‹‹
2036 3533 2184 3588 Conv

539 3620 740 3676 cilium
771 3620 1098 3676 universale
1128 3622 1390 3676 nondum
1430 3621 1647 3676 factum
1698 3625 1840 3687 erat,
1866 3621 2005 3692 quia
2041 3637 2186 3676 con-

542 3709 878 3765 suetudinis
903 3710 1106 3765 robere
1124 3710 1433 3766 tenebatur
1451 3711 1610 3766 orbis
1639 3714 1952 3776 terrarum,
1975 3715 2034 3764 et
2064 3709 2186 3764 haec

543 3797 670 3853 sola
699 3798 1398 3869 opponebaturinducere
1425 3797 1755 3854 volentibus
1789 3798 2129 3854 novitatem.
2158 3819 2187 3848 ››
2222 3830 2233 3846 .

545 3888 637 3942 Et.
667 3886 707 3942 l.
740 3902 817 3952 IV,
849 3904 898 3942 c.
931 3889 993 3942 6:
1029 3910 1058 3939 ‹‹
1085 3888 1198 3943 Nec
1230 3887 1461 3942 invenio
1493 3903 1595 3941 cur
1647 3887 1819 3942 istam
1872 3892 2189 3942 consuetu-

545 3977 742 4031 dinem
774 3977 1125 4047 improbent,
1158 3993 1283 4047 quas
1314 3980 1444 4047 post
1473 3975 1828 4047 Cyprianum
1859 3975 2032 4030 etiam
2067 3974 2188 4046 ple-

547 4066 709 4120 nario
740 4066 914 4121 totius
945 4066 1103 4120 orbis
1133 4064 1377 4120 concilio
1408 4066 1748 4120 conﬁrmata
1781 4069 1888 4129 est,
1921 4069 2030 4120 etc.
2053 4079 2189 4119 cum

547 4155 673 4222 ejus
724 4153 1166 4209 consuetudinis
1228 4155 1523 4208 mutandas
1577 4169 1754 4208 causa
1818 4154 2191 4209 autoritatem

547 4242 870 4314 Cyprianus
900 4247 1201 4313 quaereret,
1233 4241 1467 4298 nonnisi
1502 4242 1558 4296 in
1597 4242 1788 4296 Africa
1819 4240 1944 4297 sola
1975 4243 2194 4295 factum

549 4331 752 4403 paucis
783 4336 916 4386 ante
946 4348 1009 4387 se
1038 4331 1208 4386 annis
1242 4331 1546 4402 Agrippini
1565 4329 1878 4385 concilium
1896 4330 2194 4401 reperiret.

551 4420 712 4485 Quod
744 4437 879 4476 cum
909 4420 1020 4475 sibi
1051 4421 1360 4476 adversum
1393 4419 1576 4474 totius
1619 4417 1778 4473 orbis
1826 4435 2048 4474 morem
2080 4435 2196 4472 non

551 4509 821 4566 sufﬁcere
871 4513 1148 4577 cerneret,
1201 4513 1310 4564 etc.
1352 4531 1372 4558 ι

1576 334 1682 398 DE
1725 333 2324 397 HERETICORUM
2369 332 2892 397 BAPTISMATE.

3715 351 3827 413 1280

2213 469 2268 537 Α
2297 464 2414 522 duo
2435 470 2606 523 erant
2624 466 3228 522 eminentissimarum
3251 468 3825 540 Ecclesiarum,Romsns

2293 553 2517 611 scilicet
2564 560 2621 611 et
2666 555 3139 626 Carthaginensis
3189 557 3447 628 episcopi,
3483 563 3755 633 Stephanus
3789 576 3826 623 et

2291 644 2616 716 Cyprianus
2647 647 2817 703 ambo
2877 647 2935 700 in
2993 646 3218 701 unitate
3271 647 3534 702 catholica
3579 654 3825 710 constituti.

2290 731 2455 788 Multi
2485 749 2617 789 cum
2651 733 2770 802 ille,
2807 734 3045 806 quidam
3077 734 3248 789 etiam
3279 751 3406 792 cum
3433 737 3535 793 iste
3556 742 3828 811 sentiebant,

2291 825 2399 877 etc.
2437 845 2458 874 ιι
2510 822 2649 886 Quis
2681 839 2852 894 porro
2909 825 3235 895 Augustino
3290 826 3622 882 exercitatior
3667 829 3714 884 in
3756 833 3828 888 hac

2293 909 2758 983 disceptatione?
2785 913 2928 978 Quis
2983 913 3162 970 altius
3216 911 3385 969 altius
3438 915 3493 969 in
3537 916 3688 988 hujus
3723 937 3830 990 qus-

2291 999 2473 1058 tionis
2495 1017 2623 1072 quae
2644 1000 2836 1057 adhuc
2848 1018 2981 1058 cum
3005 1002 3317 1058 Donatistis
3333 1003 3566 1058 fervebat
3582 1006 3832 1078 indagatio-

2293 1105 2429 1146 nem
2446 1089 2590 1145 ‘ICui
2604 1090 2990 1162 explo‘ratiora
3011 1094 3052 1146 ι
3064 1092 3218 1150 280
3235 1095 3293 1146 et
3313 1091 3570 1164 Stephani
3589 1101 3636 1148 ot
3651 1095 3835 1168 (ἔγρηηὶ

2291 1179 2467 1236 verba
2496 1183 2671 1251 atque
2730 1180 2947 1236 sensa?
2985 1181 3111 1236 Non
3168 1180 3333 1235 illum
3387 1183 3729 1252 praeterieram
3769 1186 3838 1242 illi

2295 1267 2578 1340 Stephani
2606 1269 2802 1338 verba,
2835 1293 2864 1320 ‹‹
2897 1271 2969 1326 de
2996 1286 3343 1342 quacunque
3383 1271 3590 1326 heresi.
3623 1296 3640 1321 ι
3670 1273 3761 1328 Nec
3781 1279 3839 1330 ts-

2297 1373 2430 1413 men
2483 1356 2582 1413 ille
2612 1375 2840 1415 errasse
2865 1359 3228 1431 Stephanum
3285 1359 3416 1414 inde
3468 1359 3663 1426 elicuit.
3687 1364 3764 1417 sed
3799 1381 3842 1420 ei

2297 1447 2562 1515 adverso,
2593 1446 2924 1519 apostolicis
2954 1448 3254 1504 traditioni
3286 1448 3754 1520 inexpugnabiliter
3775 1454 3844 1508 ad-

2295 1535 2556 1591 haesisse.
2574 1536 2828 1592 Canonis
2859 1541 3053 1593 autem
3084 1536 3438 1593 Arelatensis
3465 1554 3526 1592 ac
3557 1538 3747 1594 cenciili
3769 1540 3844 1610 pla

2297 1624 2447 1679 narii
2480 1641 2743 1692 sensum,
2778 1627 3298 1697 fructumque,non
3337 1625 3396 1683 in
3425 1627 3757 1695 emendanda,
3781 1629 3841 1681 sed

2297 1712 2356 1767 in
2371 1713 2974 1785 cenﬁrmandapriore
3018 1713 3466 1783 consuetudine,
3497 1714 3617 1786 quis
3640 1714 3844 1786 ipsodilo-

2297 1801 2487 1857 oidius
2517 1802 2710 1872 potuit
2739 1802 3034 1873 pervidere
3054 1803 3083 1857 ‘I

2295 1961 2430 2021 XXI.
2469 1965 2650 2034 Quam
2676 1963 2832 2018 dictu
2857 1965 3042 2033 nefas,
3074 1926 3266 2018 totam.
3305 1961 3586 2034 aliquando
3611 1977 3781 2020 errasse
3801 1964 3835 2020 is

2665 2035 2765 2089 hoc
2793 2034 2961 2092 etiam
2988 2036 3207 2108 negotio
3237 2035 3544 2094 Ecclesium.

2367 2175 2426 2229 In
2447 2174 2554 2230 hac
2577 2175 2733 2230 enim
2758 2180 2922 2247 parte
2946 2175 3283 2232 universam
3315 2175 3609 2247 aliquando
3635 2173 3840 2246 caligasse

2291 2263 2631 2335 Ecclesiam,
2665 2269 2721 2321 et
2751 2264 3039 2320 mendacii
3070 2266 3296 2320 retibus
3343 2263 3672 2336 implicatam
3701 2263 3843 2330 fuisse,

2290 2352 2500 2422 cupide
2513 2352 2751 2424 quidem
2765 2352 3201 2424 amplectuntur
3217 2353 3474 2408 haeretici
3489 2351 3679 2424 quibus
3693 2367 3844 2422 sponsa

2290 2439 2506 2496 Christi
2530 2441 2921 2513 prostibulum
2948 2449 3056 2497 est.
3081 2451 3280 2515 Apage
3303 2446 3494 2498 autem
3520 2446 3580 2496 ut
3598 2442 3845 2496 assentiun-

2288 2534 2389 2585 tur
2417 2547 2674 2602 unquam
2703 2530 2815 2586 viri
2871 2529 3160 2587 catholici.
3187 2530 3566 2587 Subscribant
3593 2530 3749 2601 potius
3769 2531 3844 2582 Au-

2290 2620 2548 2692 gustino,
2585 2625 2649 2675 ut
2681 2623 2889 2675 caetera
2933 2624 3183 2691 taceam,
3211 2621 3298 2676 rei
3340 2619 3714 2676 recentissimis
3737 2617 3844 2674 testi.

2292 2725 2470 2781 quam
2501 2707 2743 2764 novellis
2776 2708 3081 2777 haereticis,
3116 2714 3253 2781 post
3297 2709 3452 2765 mille
3483 2707 3846 2780 quadringentos

2292 2812 2438 2868 pene
2455 2812 2639 2852 annos
2653 2813 2799 2852 nova
2812 2797 3063 2853 subinde
3080 2797 3541 2854 mendaciorium
3550 2801 3601 2852 et
3611 2792 3844 2850 calumnia-

2293 2903 2425 2940 rum
2472 2890 2736 2942 menstra
2784 2887 3421 2956 parturientibus.’l‘am
3441 2881 3847 2941 maledeEcclesia

2291 2973 2502 3029 Christi
2535 2975 2822 3049 suspicari
2853 2975 3132 3032 dedeceat
3159 2974 3300 3030 illos
3357 2973 3691 3048 Augustinus
3736 2970 3806 3023 lib.
3821 2985 3846 3021 Il

2293 3064 2490 3120 Contra
2547 3065 2900 3121 Cresconium
2952 3064 3288 3130 Grammat.,
3343 3083 3392 3121 c.
3450 3065 3551 3120 33:
3602 3087 3628 3112 «
3676 3060 3848 3116 Proinde

2297 3154 2566 3225 quamvis
2589 3154 2769 3225 hujus
2792 3154 2873 3210 rei
2897 3160 3052 3211 certe
3071 3155 3142 3212 de
3164 3155 3488 3226 Scripturis
3515 3150 3762 3210 mnenicis
3776 3163 3848 3204 non

2296 3244 2623 3316 proferatur
2651 3243 3006 3316 exemplum,
3028 3244 3376 3302 earumdem
3406 3248 3591 3302 tamen
3615 3239 3851 3310 Scriptura-

2294 3350 2426 3391 rum
2454 3333 2630 3392 etiam
2666 3333 2725 3389 in
2757 3333 2866 3389 hac
2898 3349 2959 3390 re
2989 3349 3024 3389 a
3069 3330 3242 3390 nobis
3293 3337 3522 3389 tenetur
3548 3330 3742 3390 veritas,
3763 3339 3848 3382 cum

2294 3421 2404 3479 hoc
2436 3421 2687 3479 facimus
2718 3421 2874 3493 quod
2907 3420 3189 3478 universa
3224 3419 3450 3492 placuit
3473 3417 3852 3485 Ecclesic,qusm

2294 3510 2558 3582 ipsarum
2591 3510 3032 3582 Scripturarum
3081 3510 3459 3568 commendat
3504 3505 3783 3564 auctoritas.
3810 3500 3852 3556 Ut

2296 3599 2573 3671 quoniam
2607 3603 2811 3656 saneta
2839 3599 3140 3670 Scriptura
3170 3597 3379 3656 fallere
3408 3614 3520 3654 non
3562 3589 3852 3667 potest,quis-

2296 3688 2431 3759 quis
2457 3687 2579 3744 falli
2611 3688 2820 3744 metuit
2843 3687 3021 3757 huius
3040 3687 3402 3744 obscuritate
3425 3682 3742 3758 quaestionis,
3758 3692 3854 3736 eam-

2295 3777 2429 3834 dem
2455 3775 2772 3834 Eoelesiam
2805 3777 2877 3832 de
2930 3775 3032 3833 illa
3083 3775 3383 3841 consulat,
3423 3790 3590 3846 quam
3639 3773 3740 3827 sine
3782 3763 3854 3821 ulli

2297 3863 2678 3937 ambiguitate
2699 3865 3002 3936 Scriptura
3022 3880 3190 3921 sacra
3208 3864 3595 3920 demonstrat.
3614 3883 3639 3910 ιι
3657 3859 3753 3914 Non
3771 3851 3855 3909 ﬁdei

2295 3945 2479 4025 igitur
2508 3957 2762 4017 tantum,
2787 3953 2888 4008 sed
2933 3956 2991 4008 et
3035 3953 3370 4024 disciplinae
3429 3947 3770 4022 castigatioris
3803 3958 3856 3997 ro-

2299 4041 2459 4116 gula,
2491 4041 2678 4097 sicubi
2713 4041 2884 4098 sileat
2933 4041 3258 4112 Scriptura,
3294 4042 3424 4112 ipsa
3471 4046 3647 4095 tamen
3697 4039 3764 4089 est
3802 4030 3861 4084 Ec-

2301 4130 2498 4194 clesia,
2523 4131 2595 4185 de
2614 4146 2731 4200 qua
2753 4147 2866 4184 non
2891 4129 3025 4185 silet
3043 4129 3374 4201 Scriptura.
3399 4129 3458 4184 Si
3477 4127 3714 4184 universa
3729 4127 3859 4176 autem

2304 4218 2618 4290 aliquando
2649 4217 2923 4287 Ecclesia,
2956 4219 3067 4274 etsi
3099 4218 3408 4289 dissimili,
3441 4218 3499 4272 in
3536 4229 3704 4271 errore
3729 4218 3859 4264 tamen

2299 4308 2604 4380 jacuisset,
2623 4307 2830 4378 ecquid
2854 4305 3017 4363 illam
3040 4307 3271 4363 consuli
3297 4307 3567 4362 attineret
3584 4303 3610 4358 ‘i
3626 4301 3676 4357 Si
3690 4296 3863 4361 errasset

2310 4404 2469 4456 extra
2501 4397 2791 4469 synodum
2821 4396 3117 4460 universa.
3143 4397 3290 4467 quin
3312 4399 3564 4452 errasset
3582 4398 3633 4450 et
3653 4393 3700 4445 in
3715 4383 3863 4456 synodo

1428 4472 1498 4563 Et
1541 4472 1578 4562 ιθ,
1630 4525 1683 4574 ν,
1718 4472 1768 4562 οξ
2007 4472 2200 4564 homo
2235 4563 2271 4574 ﬁ
2311 4486 2615 4558 plcnaria?
2644 4485 2795 4541 Num
2828 4485 3010 4540 tutior
3040 4485 3112 4541 ab
3143 4501 3344 4542 errore
3393 4488 3499 4550 est,
3531 4472 3861 4553 repraesentatio

549 4614 653 4668 per
673 4597 999 4668 plenarium
1023 4597 1336 4654 concilium
1356 4597 1498 4669 quid
1513 4601 1668 4652 esset
1693 4597 1904 4652 rectius
1925 4597 2188 4652 elueeret.

2309 4575 2600 4644 Ecclesia),
2632 4590 2810 4646 quam
2843 4572 3097 4630 Ecclesia
3119 4573 3146 4628 ‘I
3171 4573 3330 4630 Num
3380 4572 3613 4629 collecta
3654 4570 3704 4622 in
3745 4573 3862 4669 nium

550 4703 666 4742 non
699 4686 893 4758 aliqua
921 4687 1170 4743 novitate
1220 4687 1510 4754 instituta,
1545 4686 1645 4742 sed
1690 4689 1980 4740 vetustate
2030 4685 2198 4742 robe-

551 4778 696 4831 rata.
730 4799 753 4828 »
789 4775 963 4830 Vides
1021 4793 1137 4847 quo
1169 4775 1512 4847 pertinuerit
1561 4775 1701 4847 quid
1748 4774 2050 4847 perfecerit
2080 4773 2198 4847 ple-

551 4866 784 4920 narium
816 4865 1152 4934 concilium,
1187 4881 1288 4920 seu
1339 4865 1587 4930 Arelate,
1622 4880 1726 4922 seu
1776 4865 1973 4920 Nicznae
2029 4863 2200 4920 colle~

551 4953 754 5010 ctum?
785 4954 908 5009 Non
937 4960 1002 5008 ut
1036 4971 1243 5010 novam
1277 4953 1682 5009 haereticorum
1744 4956 1953 5009 faceret
2006 4953 2202 5008 distri-

551 5043 875 5110 butionem,
901 5043 1002 5098 sed
1045 5047 1110 5098 ut
1132 5048 1424 5098 vetustam
1472 5043 1960 5097 consuetudinem
2012 5059 2047 5097 a
2074 5042 2201 5096 Ste-

552 5134 744 5205 phano
775 5136 1205 5204 propugnatam
1236 5147 1482 5186 accensa
1500 5129 1762 5185 veritatis
1797 5131 1919 5186 face
1951 5130 2206 5186 illustra-

552 5227 673 5278 tam
705 5222 1097 5278 conﬁrmaret.
1130 5221 1200 5275 Et
1238 5220 1276 5274 Ι.
1307 5236 1411 5284 v11,
1444 5235 1494 5272 ο.
1553 5219 1660 5273 20:
1695 5241 1723 5267 «
1761 5219 1907 5274 Nam
1965 5219 2208 5274 veritate

2308 4665 2521 4733 locum,
2561 4679 2738 4736 quam
2787 4663 2974 4719 effusa
3010 4661 3071 4718 in
3112 4661 3382 4719 omnem?
3401 4666 3481 4717 An
3516 4649 3863 4743 ubiipuretiut-

2309 4755 2468 4812 ditur
2498 4754 2717 4824 ubique
2740 4756 3055 4818 terrarum,
3077 4751 3405 4808 effunditur
3431 4756 3489 4806 et
3515 4742 3764 4805 evanescit
3786 4738 3865 4806 Spi-

2309 4844 2457 4899 ritus
2488 4845 2748 4907 sanctus,
2783 4841 3036 4912 pectoris
3071 4840 3285 4912 hospes
3309 4837 3590 4896 intimus?
3614 4831 3704 4891 Cui
3733 4824 3863 4884 catho-

2310 4931 2418 4991 lico
2449 4931 2570 4990 haec
2600 4929 2780 4986 bilem
2813 4945 2931 4988 non
2963 4929 3286 4986 moveant?

2591 5090 2757 5148 XXII.
2778 5092 2917 5146 Item
2946 5105 3017 5147 ea:
3052 5089 3338 5148 Vincentio
3376 5083 3663 5145 Lirinensi.

2384 5215 2732 5272 Vincentius
2764 5229 2998 5287 quoque
3031 5213 3354 5269 Lirinensis
3399 5223 3619 5266 omnem
3647 5189 3868 5287 cavillandi

554 5317 756 5381 postea
784 5309 1068 5380 liquidius
1094 5307 1348 5364 revelata
1375 5307 1552 5362 cessit
1599 5324 1761 5362 error
1788 5308 2037 5374 veritati,
2071 5325 2205 5366 cum
2317 5305 2650 5362 facultatem
2710 5285 2934 5359 resecat
2989 5303 3295 5360 Common.
3329 5317 3370 5370 ι,
3404 5317 3455 5355 c.
3499 5299 3567 5353 9:
3593 5319 3621 5347 α
3648 5285 3869 5381 Ουοῐιβιω

551 5400 652 5454 illa
699 5398 1087 5454 saluberrima
1145 5397 1507 5452 consuetudo
1548 5397 1722 5451 etiam
1773 5397 2019 5467 plenarii
2075 5414 2213 5452 con-

1533 5504 1557 5534 n
1588 5485 1651 5539 Et
1691 5484 1729 5539 1.
1781 5485 1846 5541 de
1891 5487 2052 5540 unico
2109 5487 2214 5539 Ba-

553 5487 670 5542 cilii
706 5488 1018 5542 auteritate
1077 5486 1307 5540 ﬁrmata
1364 5490 1469 5539 est.

2318 5396 2502 5467 igitur
2515 5410 2644 5450 ven.
2665 5408 2844 5448 mem.
2867 5393 3232 5464 Agrippinus
3256 5383 3708 5460 Carthaginensis
3721 5376 3871 5446 epiSCO'

2322 5501 2434 5556 pus
2457 5482 2684 5555 primus
2707 5481 2968 5538 omnium
2996 5479 3354 5544 mortalium,
3374 5481 3568 5533 contra
3587 5469 3800 5527 divinum
3816 5472 3872 5556 tl-

549 5579 751 5648 ptismo
807 5587 981 5631 contr.
1017 5577 1204 5639 Petit.,
1237 5591 1286 5628 c.
1324 5575 1427 5629 14:
1465 5595 1485 5624 ι
1534 5574 1672 5629 Ecce
1723 5576 1839 5629 duo
1888 5580 2054 5629 erant
2094 5591 2214 5629 uno
2326 5555 2560 5640 nonem,
2593 5579 2792 5628 contra
2815 5569 3158 5626 universalis
3181 5567 3442 5624 Ecclesia:
3466 5555 3872 5648 regulammontrll

554 5655 840 5738 tempore,
868 5670 933 5721 ut
959 5666 1031 5720 de
1051 5663 1183 5720 aliis
1205 5667 1451 5735 taceam,
1476 5664 1575 5735 qui
1606 5663 1836 5720 diversa
1857 5663 2213 5720 sentiebant:

2327 5678 2570 5719 sensum
2601 5661 2868 5717 omnium
2899 5659 3400 5724 consacerdotum,
3419 5659 3607 5711 contra
3625 5655 3801 5704 morem
3815 5638 3874 5689 δί’
