4088 6174
162 297 306 357 1281

1071 299 1274 359 PARS
1319 297 1402 359 II.
1433 332 1514 343 —
1562 298 2130 361 RECENTIORUM
2190 298 2627 362 EXCURSUS.

3411 307 3438 362 1
3450 307 3569 366 282

159 428 1347 501 queinstitutamajorumrebaptizandum
1361 445 1490 486 esse
1505 430 1802 486 consebat.
1835 433 1890 497 Α
1921 430 2111 487 solum
2142 431 2417 498 Marcion,
2451 435 2552 488 aut
2578 429 2946 499 Valentinus,
2979 436 3080 488 aut
3111 432 3304 501 Arius,
3329 438 3430 489 aut
3454 437 3568 490 Eu-

160 521 290 584 Quac
313 519 692 591 praasumptio
716 523 946 574 tantum
977 519 1114 575 mali
1136 519 1377 587 invexit,
1395 523 1461 575 ut
1483 536 1598 576 non
1622 520 1813 576 solum

161 606 444 662 hareticis
464 606 740 662 omnibus
763 607 1010 662 formam
1034 606 1349 679 sacrilegii,
1366 609 1467 664 sed
1487 609 1663 664 etiam
1687 609 1813 680 qui-

163 696 411 751 busdam
462 695 764 752 catholicis
814 697 1177 752 occasionem
1231 698 1514 767 praeberet
1575 699 1809 755 erroris.

165 784 472 857 Cum‘ergo
525 785 787 857 undique
819 787 888 840 ad
924 786 1237 841 novitatem
1270 786 1354 841 rei
1407 786 1601 841 cuncti
1633 787 1812 842 recla-

167 877 414 938 marent,
436 877 613 944 atque
638 889 843 929 omnes
864 889 1334 944 quaquaversum
1357 876 1688 931 sacerdotes
1711 893 1814 948 pro

165 979 270 1018 suo
301 962 550 1034 quisque
581 963 775 1018 studio
823 962 1243 1019 reniterentur:
1294 969 1436 1020 tunc
1482 965 1662 1020 beata:
1694 982 1813 1021 me-

165 1052 358 1106 moria
407 1067 558 1123 papa
595 1051 930 1122 Stephanus
979 1052 1308 1124 apostolicae
1357 1053 1514 1109 sedis
1543 1054 1810 1127 antistes,

162 1158 294 1196 cum
327 1147 550 1197 caeteris
589 1142 789 1198 I281
854 1141 1093 1213 quidem
1141 1141 1382 1214 collegis
1413 1143 1559 1210 suis,
1593 1144 1692 1198 sed
1724 1147 1812 1199 ta-

161 1247 294 1284 men
327 1247 440 1302 pra
471 1229 694 1285 casteria
725 1230 974 1302 restitit;
1009 1231 1276 1303 dignum,
1302 1236 1366 1287 ut
1387 1232 1814 1304 opinor,existi-

161 1335 349 1387 mane,
402 1319 453 1374 si
493 1318 748 1390 reliquos
794 1335 999 1375 omnes
1049 1324 1276 1376 tantum
1325 1321 1460 1376 fidei
1510 1321 1812 1378 devotione

159 1407 434 1477 vinceret,
467 1413 755 1478 quantum
786 1407 897 1463 loci
934 1409 1279 1464 auctoritate
1333 1410 1668 1482 superabat.
1703 1411 1812 1466 De-

163 1497 339 1568 nique
370 1497 428 1551 in
459 1495 706 1568 epistola
737 1513 866 1568 qua:
899 1501 1039 1553 tunc
1079 1499 1151 1553 ad
1195 1498 1454 1555 Africam
1488 1500 1670 1555 missa
1702 1505 1809 1571 est,

163 1585 255 1641 his
279 1584 474 1641 verbis
503 1585 716 1654 sanxit,
747 1584 893 1641 nihil
917 1588 1276 1659 novandum,
1304 1587 1418 1644 nisi
1443 1589 1599 1661 quod
1630 1589 1813 1644 tradi-

165 1681 288 1730 tum
320 1678 424 1730 est.
464 1696 492 1724 »
524 1674 631 1730 Ubi
663 1675 945 1747 perspicis
976 1693 1155 1748 quam
1203 1676 1401 1733 omnia
1431 1678 1502 1732 ad
1533 1677 1812 1750 Stephani

167 1763 558 1820 defensionem
590 1764 709 1819 sint
735 1764 1043 1821 instructa.
1080 1767 1148 1821 Et
1177 1765 1298 1821 haec
1334 1767 1573 1838 quidem
1606 1767 1816 1823 scribe-

168 1853 265 1908 bat
293 1851 634 1909 Vincentius
659 1857 792 1925 post
811 1853 1162 1920 Arelatense,
1188 1859 1322 1927 post
1341 1856 1660 1925 Nictenum,
1680 1859 1814 1929 post

166 1941 532 2014 Gpolitanum
565 1942 834 2015 generale
863 1942 1200 2000 concilium.
1228 1945 1354 2000 Non
1387 1945 1478 2001 bis
1508 1961 1644 2017 ergo
1675 1962 1812 2001 con-

167 2030 313 2088 ciliis
342 2048 505 2102 seque
552 2031 918 2104 repudiatam
974 2033 1253 2104 Stephani
1285 2051 1351 2089 ac
1383 2034 1653 2106 Cypriani
1679 2051 1811 2090 sen-

163 2120 404 2176 tentiam
437 2119 869 2191 suspicabatur.

235 2211 335 2265 His
364 2210 510 2266 adde
541 2211 880 2266 Facundum
929 2211 1408 2268 Hermianensem
1448 2212 1814 2285 episcopum,

161 2299 266 2356 lib.
297 2317 370 2354 x:
402 2322 428 2348 «
458 2300 602 2355 Cum
635 2299 958 2371 Cyprianus
989 2317 1105 2356 non
1139 2300 1330 2358 solum
1362 2302 1741 2374 privatim,ut
1763 2301 1814 2358 ei

162 2388 680 2457 visumest,verum
701 2387 873 2445 etiam
888 2393 1239 2461 congregato
1260 2389 1506 2446 concilio
1527 2391 1817 2446 definierit

165 2480 229 2532 ut
260 2477 450 2531 omnis
482 2475 790 2532 haereticus
823 2479 894 2531 ab
929 2477 1180 2533 Ecclesia
1209 2479 1443 2535 rediens
1467 2478 1814 2551 baptizatur,

163 2570 221 2622 et
248 2568 484 2637 propter
525 2565 636 2621 hoc
693 2564 965 2638 culpatus
997 2583 1030 2622 a
1061 2566 1356 2638 Stephano
1409 2567 1670 2624 antistite
1703 2568 1816 2623 Ro-

166 2672 342 2711 mano
364 2655 666 2722 restiterit,
689 2656 972 2726 injuriose
1018 2661 1277 2712 tractans
1314 2658 1588 2712 eumdem
1613 2659 1674 2712 B.
1699 2657 1820 2713 Ste-

168 2745 429 2818 phanum
463 2761 497 2800 a
525 2761 636 2816 quo
669 2745 857 2800 fuerat
895 2746 1031 2817 jure
1075 2745 1368 2817 culpatus,
1415 2751 1525 2800 etc.
1557 2768 1586 2796 ››
1617 2747 1683 2801 Et
1711 2744 1811 2801 lib.

171 2837 358 2892 Contr.
395 2836 754 2890 Mocianum:
795 2854 816 2884 ι
851 2833 1070 2890 Idcirco
1104 2839 1164 2888 Β.
1201 2851 1433 2906 quoque
1483 2835 1819 2907 Stephanus

173 2923 383 2996 praesul
415 2922 742 2994 apostolica;
774 2922 930 2978 sedis
984 2939 1117 2978 cum
1160 2928 1428 2978 sanctum
1460 2924 1816 2995 Cyprianum

167 3019 342 3084 atque
373 3011 518 3067 alios
546 3013 712 3067 Afros
735 3012 1040 3084 episcopos
1062 3013 1132 3066 de
1155 3011 1520 3082 baptizandis
1542 3012 1818 3066 omnibus

171 3100 458 3157 haereticis
487 3100 814 3156 decrevisse
872 3104 1268 3173 cognosceret,
1330 3101 1605 3156 continuo
1637 3099 1686 3157 ei
1719 3101 1817 3156 de-

1923 521 2180 588 nomius,
2242 521 2341 576 sed
2399 519 2513 592 ipsi
2571 520 2837 576 carnales
2897 521 3120 592 parvuli
3179 522 3467 591 Ecclesiaa,
3501 525 3571 580 de

1923 609 2138 680 quibus
2187 609 2421 664 dicebat
2480 609 2838 681 Apostolus:
2893 611 3010 665 Non
3055 613 3212 682 potui
3240 613 3389 683 loqui
3417 616 3572 669 vobis

1921 700 2082 770 quasi
2106 698 2513 768 spiritualibus,
2546 698 2640 753 sed
2679 701 2839 768 quasi
2880 700 3222 766 carnalibus,
3254 702 3301 755 si
3333 708 3574 774 possent

1924 785 2141 858 singuli
2173 786 2486 858 diligenter
2532 785 2901 858 interrogari,
2933 793 3020 843 tot
3050 789 3412 847 diversitates
3442 792 3571 865 opi-

1922 875 2165 931 nionum
2199 874 2488 943 fortassis,
2521 879 2664 946 quot
2710 875 3000 944 homines,
3035 886 3503 936 numerarentur.
3541 904 3569 932 »

1921 964 2168 1021 Consule
2200 963 2591 1036 Epiphanium
2623 968 2689 1019 ut
2707 963 2852 1020 alios
2874 965 2969 1036 qui
2993 966 3063 1022 de
3084 966 3405 1026 bwresibus
3435 972 3573 1026 scri-

1922 1069 2090 1124 psere
2118 1052 2228 1108 etsi
2287 1051 2570 1107 minutias
2629 1052 2746 1106 fere
2803 1053 3119 1108 consectati
3176 1055 3296 1110 sint
3345 1073 3568 1126 omnes,

1923 1158 2182 1198 eversam
2213 1145 2412 1197 tamen
2444 1142 2516 1197 ab
2549 1140 2684 1196 ullis
2707 1141 2954 1198 formam
2976 1142 3254 1215 baptismi
3285 1146 3379 1200 vix
3409 1163 3572 1219 repe-

1922 1231 2058 1302 ries,
2092 1231 2206 1286 nisi
2237 1231 2310 1285 ab
2360 1247 2478 1285 uno
2521 1235 2578 1286 et
2607 1229 2808 1286 altero.
2842 1231 3004 1287 Unde
3033 1233 3177 1289 scite
3206 1236 3573 1306 Augustinus

1922 1319 1962 1375 l.
1996 1337 2052 1374 vr
2081 1321 2146 1376 de
2197 1321 2352 1392 Bapt.
2405 1324 2576 1375 contr.
2631 1321 2858 1375 Donat.:
2905 1343 2934 1370 ‹‹
2968 1324 3247 1378 Caeterum
3295 1324 3425 1395 quis
3473 1343 3573 1382 ne-

1921 1410 2070 1465 sciat
2095 1410 2303 1466 I282
2331 1426 2444 1465 non
2491 1425 2620 1465 esse
2668 1409 3029 1480 baptismum
3076 1411 3288 1468 Christi
3319 1413 3368 1470 si
3399 1415 3576 1473 verba

1921 1497 2254 1570 evangelica
2270 1498 2370 1570 qui
2382 1499 2487 1553 bus
2501 1497 2832 1570 symbolum
2852 1501 3226 1567 constat,illic
3241 1502 3573 1559 defuerint?

1922 1587 2033 1643 Sed
2059 1586 2290 1642 facilius
2315 1587 2692 1642 inveniuntur
2720 1586 2973 1643 haeretici
3031 1589 3132 1660 qui
3183 1591 3422 1647 omnino
3455 1609 3570 1648 non

1921 1676 2238 1750 baptizent,
2266 1692 2441 1749 quam
2474 1677 2575 1748 qui
2605 1692 2720 1732 non
2750 1669 2868 1732 illis
2896 1677 3090 1734 verbis
3123 1677 3438 1753 baptizent.
3467 1704 3497 1734 »

1920 1827 2110 1884 XXIV.
2143 1828 2330 1902 Altera
2357 1829 2656 1902 attingitur
2680 1831 3075 1902 controversia,
3108 1848 3181 1886 an
3230 1841 3352 1902 post
3386 1833 3573 1890 decre-

1990 1909 2114 1977 turn
2159 1899 2428 1977 Stephani
2471 1901 2721 1977 plenario
2767 1900 2942 1977 adhuc
2987 1899 3122 1958 escet
3152 1899 3286 1974 opus
3318 1907 3572 1977 concilio,

1993 1979 2052 2026 ut
2073 1971 2308 2026 innuere
2336 1971 2554 2026 videtur
2581 1971 2931 2040 Augustinus.

1992 2104 2124 2160 Jam
2155 2103 2323 2174 satis,
2357 2107 2422 2159 ut
2449 2104 2677 2174 opinor,
2714 2121 3026 2176 superque,
3048 2106 3257 2162 diluxit
3287 2110 3575 2180 quantilla

1923 2193 2068 2249 fides
2115 2192 2382 2248 habenda
2432 2193 2508 2247 sit
2566 2192 2962 2261 novatoribus,
3010 2196 3243 2266 quando
3275 2196 3333 2252 in
3368 2215 3428 2254 re
3453 2203 3574 2255 tam

1923 2286 2124 2354 aperta
2153 2282 2352 2336 fucum
2381 2280 2590 2348 facere,
2623 2286 2680 2338 et
2709 2281 2975 2338 omnium
3009 2283 3244 2340 Patrum
3275 2288 3577 2357 conspira-

1923 2369 2168 2426 tissimas
2197 2369 2502 2425 sententiae
2523 2369 2806 2424 obluctari
2827 2370 3017 2426 conati
3039 2375 3195 2427 sunt.
3222 2373 3308 2428 Ad
3332 2371 3575 2430 alteram

1915 2459 2043 2530 jam
2075 2458 2454 2530 accingamur
2484 2457 2664 2528 hujus
2694 2460 3102 2516 controversia
3147 2466 3371 2532 partem
3401 2479 3571 2534 expe~

1925 2547 2218 2602 diendam.
2262 2547 2328 2602 Et
2362 2564 2432 2602 ex
2459 2547 2848 2619 suprapositis
2878 2549 3192 2619 Augustini
3222 2549 3575 2608 testimoniis

1924 2635 2071 2691 illud
2099 2636 2335 2708 quidem
2367 2636 2672 2706 emicabat,
2705 2641 3011 2692 excusatos
3041 2636 3209 2693 illum
3257 2644 3574 2714 utrumque

1924 2725 2204 2781 habuisse
2245 2723 2527 2796 Stephani
2577 2724 2962 2790 adversarios,
3013 2727 3166 2797 quod
3199 2728 3447 2783 necdum
3481 2745 3574 2784 res

1926 2813 2188 2886 plenario
2221 2812 2486 2869 Ecclesiae
2520 2812 2764 2868 concilio
2796 2813 3048 2868 diffinita
3080 2820 3254 2886 atque
3284 2817 3576 2872 elucidata

1927 2902 2155 2958 fuisset.
2190 2904 2269 2956 An
2296 2917 2432 2972 ergo
2463 2907 2597 2957 ante
2641 2901 2870 2957 concilii
2902 2901 3144 2973 plenarii
3178 2904 3572 2960 definitionem

1929 2991 2149 3046 nullius
2179 2989 2362 3062 culpa;
2393 2992 2598 3046 afﬁnes
2629 2995 2766 3046 sunt
2788 2991 2886 3062 qui
2912 2991 3069 3046 sedis
3091 2992 3422 3064 apostolicae
3447 3011 3582 3050 con-

1927 3081 2132 3136 stituta
2163 3080 2580 3152 despicantur?
2606 3082 2689 3134 An
2721 3096 2789 3135 ea
2817 3085 2938 3135 erat
2967 3080 3120 3136 inter
3140 3083 3490 3154 Cyprianum
3523 3088 3581 3138 et

169 3190 482 3254 nuntiavit,
514 3190 666 3260 quod
701 3190 750 3243 si
798 3191 893 3258 qui
945 3169 1075 3244 haec
1131 3189 1432 3256 auderent,
1465 3190 1536 3244 ab
1569 3187 1823 3244 Ecclesia
1853 3169 1895 3237 (ἶ
1933 3169 2293 3260 Stephanum
2340 3169 2660 3240 ίθίῖυθῙῘίδεν
2710 3175 2774 3260 ut
2824 3169 2947 3260 Pari
2995 3171 3120 3241 Iure
3167 3172 3224 3226 ίη
3274 3176 3452 3228 ἴδηταδὲ
3499 3173 3581 3229 rei

165 3278 542 3351 pellerentur.
578 3280 645 3333 Et
668 3278 949 3350 Stephani
980 3279 1176 3350 potius
1203 3295 1379 3350 quam
1401 3277 1671 3350 Cypriani
1696 3295 1821 3334 sen-

167 3369 417 3424 tentiam
451 3372 607 3423 tenet
634 3366 908 3434 Ecclesia,
939 3385 1051 3423 non
1085 3366 1275 3423 solum
1310 3368 1380 3422 de
1409 3385 1523 3422 non
1557 3368 1820 3438 rebapti-

162 3457 368 3513 zandis
400 3456 714 3524 haereticis,
742 3474 942 3512 verum
977 3457 1149 3512 etiam
1201 3457 1272 3511 de
1319 3456 1821 3528 rebaptizantibus

163 3563 281 3602 non
318 3546 596 3601 ferendis.
633 3568 662 3596 »
693 3545 840 3610 Quid
875 3544 964 3601 his
995 3545 1256 3617 apertius
1286 3545 1468 3617 optari
1504 3545 1740 3617 potest?

275 3753 277 3756 ‹
314 3715 510 3770 XXIII.
545 3717 624 3770 Ex
653 3716 947 3771 Hincmaro
990 3715 1258 3786 Remensi,
1291 3719 1343 3770 et
1379 3713 1682 3784 Augustino

877 3803 1072 3842 rursus
1080 3827 1091 3840 .

243 3940 597 3994 Hincmarus
631 3938 904 4010 denique,
958 3954 1030 3994 ne
1078 3936 1314 4010 longius
1361 3937 1720 4010 progrediar,
1767 3936 1826 3994 in

165 4027 472 4100 Opusculo
506 4045 593 4098 ιν,
626 4043 819 4100 capp.,
852 4027 955 4082 19:
1007 4048 1035 4076 «
1067 4027 1135 4082 Et
1178 4026 1319 4098 quia
1365 4026 1679 4082 concilium
1727 4026 1826 4082 Ni-

164 4133 402 4174 caenum
423 4115 816 4172 Paulianistas
836 4115 1140 4171 haereticos
1165 4115 1236 4170 ad
1261 4114 1576 4171 Ecclesiam
1599 4115 1830 4173 venien-

165 4213 265 4264 tes
289 4205 571 4278 baptizari
593 4205 886 4277 praecepit,
905 4205 1143 4275 quidam
1165 4204 1344 4260 etiam
1361 4203 1508 4260 alios
1530 4203 1831 4260 haereticos

167 4295 562 4367 baptizandos
587 4311 714 4350 esse
736 4294 1032 4363 dixerunt,
1055 4293 1213 4364 quod
1237 4292 1559 4365 apostolica
1585 4293 1752 4349 sedes
1776 4297 1834 4349 et

166 4383 437 4456 plenaria
466 4382 732 4448 concilia,
767 4383 924 4438 sicut
951 4383 1184 4438 decreta
1215 4383 1613 4438 Romanorum
1644 4382 1834 4453 ponti-

171 4474 384 4538 ﬁcum,
413 4479 469 4528 et
499 4476 740 4528 sanctus
770 4472 1136 4544 Augustinus
1154 4470 1346 4526 verbis
1364 4475 1421 4526 et
1441 4470 1712 4528 sensibus
1737 4487 1838 4527 co-

1930 3258 2298 3315 dissonantia
2329 3275 2434 3314 suo
2468 3262 2710 3330 uterque
2742 3259 2965 3330 judicio
3001 3260 3337 3316 frueretur?

1932 3391 2100 3448 XXV.
2156 3391 2356 3448 Contra
2393 3407 2464 3446 ex
2503 3391 2685 3448 eodem
2726 3392 3053 3461 Augustino,
3103 3395 3269 3449 etiam
3297 3399 3425 3451 ante
3453 3411 3583 3450 con-

2001 3465 2198 3520 cilium
2228 3467 2281 3518 et
2309 3479 2527 3540 summa
2544 3462 2659 3537 fuit
2689 3464 2960 3532 Stephani
2973 3467 3222 3540 potestas
3241 3473 3291 3522 et
3314 3466 3588 3540 Cypriani

2003 3551 2162 3592 error
2191 3533 2522 3605 expiandus,
2545 3533 2663 3589 'non
2693 3533 3072 3592 excusandus.

2003 3668 2384 3739 Nequaquam
2414 3666 2499 3723 ita
2527 3667 2740 3723 habere
2769 3667 2858 3722 vel
2891 3669 3250 3742 Augustinus
3281 3670 3406 3742 ipse
3439 3673 3579 3729 fide-

1925 3758 2130 3828 jussor
2158 3761 2265 3812 est.
2299 3757 2446 3811 Nam
2477 3755 2514 3811 ι.
2548 3773 2600 3826 ν,
2637 3773 2687 3811 c.
2715 3757 2786 3811 23
2816 3757 3018 3813 Contra
3053 3760 3248 3814 Donat.
3282 3759 3345 3816 de
3377 3763 3539 3830 Bapt.
3571 3779 3584 3816 ;

1941 3868 1962 3898 ι
1995 3845 2211 3901 Scribit
2238 3845 2558 3918 Cyprianus
2580 3846 2945 3917 Stephanum
2969 3864 3144 3918 quem
3177 3849 3452 3904 Romanae
3485 3851 3587 3905 Ec-

1936 3934 2123 3991 clesiae
2153 3933 2495 4006 episcopum
2523 3939 2665 3988 tunc
2689 3934 2870 3991 fuisse
2889 3935 3231 4003 didicimus,
3256 3953 3372 3992 non
3396 3937 3586 3994 solum

1937 4023 2049 4080 sibi
2081 4024 2154 4078 ad
2183 4023 2295 4078 ista
2325 4039 2438 4078 non
2500 4024 2891 4091 consensisse,
2941 4041 3144 4080 verum
3177 4028 3353 4080 etiam
3387 4032 3592 4083 contra

1938 4111 2244 4184 scripsisse
2275 4119 2450 4184 atque
2483 4111 2845 4182 praecepisse.
2881 4135 2908 4163 ››
2943 4114 3039 4170 Sic
3069 4131 3203 4185 ergo
3231 4115 3374 4171 alibi
3408 4133 3591 4188 supra

1940 4202 2086 4257 dixit
2115 4203 2261 4257 duos
2303 4201 2484 4256 fuisse
2539 4201 3142 4258 eminentissimarum
3198 4202 3591 4260 Ecclesiarum

1943 4289 2221 4363 praesules
2241 4290 2470 4345 diversa
2489 4289 2830 4358 sentientes,
2850 4296 2915 4344 ut
2934 4289 3027 4345 hic
3047 4297 3323 4362 agnoscat
3343 4293 3594 4348 alterum

1947 4379 2111 4436 alteri
2143 4379 2506 4450 princepisse.
2559 4379 2626 4432 Et
2664 4376 2700 4432 l.
2750 4396 2768 4433 1
2816 4380 2888 4434 De
2935 4381 3096 4448 Bapt.
3147 4385 3340 4436 contra
3372 4387 3592 4451 Donat,

1952 4486 2000 4524 c.
2035 4469 2140 4524 l8:
2177 4490 2206 4519 «
2237 4469 2299 4523 In
2333 4483 2450 4539 qua
2480 4467 2756 4535 Ecclesia,
2777 4467 2826 4522 si
2845 4467 3004 4523 aliud
3027 4468 3125 4523 alii
3160 4470 3352 4526 adhuc
3381 4472 3450 4526 de
3480 4472 3596 4528 ista

179 4563 356 4634 piose
386 4561 662 4630 ostendit,
694 4541 930 4634 penitus
981 4561 1356 4616 addicarunt.
1393 4582 1422 4610 »
1472 4558 1844 4615 Paulianistze
1872 4541 1919 4606 Ῑ)
1951 4557 2273 4630 quaestione
2303 4556 2462 4612 salva
2491 4571 2630 4628 pace
2690 4556 2995 4628 sentirent,
3046 4559 3228 4614 donec
3281 4561 3596 4617 universali

174 4649 370 4716 enim,
394 4655 458 4705 ut
488 4667 670 4722 supra
701 4649 947 4704 tradidit
967 4649 1360 4718 Innocentius,
1389 4648 1444 4702 in
1469 4648 1706 4703 nomine
1725 4647 1846 4702 Tri-

173 4739 394 4797 nitatis
426 4755 539 4794 non
570 4739 948 4811 tinguebant,
983 4737 1337 4809 tinguebant
1366 4735 1466 4792 alii
1498 4736 1615 4792 fere
1661 4735 1842 4790 haare-

174 4829 316 4897 tici,
343 4829 450 4884 etsi
484 4828 558 4884 iis
610 4827 953 4882 nominibus
1003 4843 1119 4882 non
1175 4842 1304 4882 eam
1362 4842 1538 4897 quam
1593 4823 1847 4880 Ecclesia

172 4917 478 4977 catholica
507 4918 684 4974 fidem
712 4915 1260 4989 complecterentur.
1292 4913 1454 4970 Unde
1480 4912 1847 4986 Augustinus

171 5009 292 5064 lib.
326 5023 389 5061 ιιι
419 5007 483 5062 de
510 5008 670 5078 Bapt.
706 5009 882 5061 contr.
920 5007 1136 5076 Donat.,
1169 5021 1219 5060 c.
1255 5005 1358 5058 l5:
1399 5023 1426 5054 α
1455 5001 1847 5066 Quamobrem

171 5097 228 5155 si
265 5094 622 5168 evangelicis
652 5094 846 5150 verbis
903 5095 962 5150 in
1023 5092 1258 5149 nomine
1287 5091 1497 5159 Patris,
1531 5094 1588 5147 et
1612 5089 1760 5157 Filii,
1795 5093 1852 5146 et

171 5185 442 5260 Spiritus
489 5185 676 5241 sancti
721 5184 980 5240 Marcion
1028 5183 1393 5255 baptismum
1446 5179 1849 5254 consecrabat,

171 5277 481 5347 integrum
507 5278 634 5329 erat
655 5275 1114 5341 sacramentum,
1134 5269 1401 5342 quamvis
1423 5270 1551 5340 ejus
1573 5269 1717 5323 fides
1740 5267 1849 5323 sub

176 5365 416 5421 eisdem
449 5362 641 5418 verbis
671 5361 828 5416 aliud
862 5360 1160 5433 opinantis
1191 5374 1370 5431 quam
1403 5357 1688 5412 catholica
1709 5355 1851 5411 veri-

178 5461 285 5510 tas
315 5453 500 5523 docet,
536 5468 648 5506 non
681 5454 836 5506 esset
866 5450 1114 5522 integra,
1139 5449 1240 5504 sed
1274 5446 1557 5502 fabulosis
1580 5444 1849 5500 falsitati-

181 5545 310 5599 bus
341 5542 670 5612 inquinata.
703 5540 851 5596 Nam
883 5539 996 5595 sub
1045 5538 1264 5594 eisdem
1317 5535 1528 5606 verbis,
1563 5535 1620 5589 id
1652 5539 1764 5602 est,
1790 5533 1849 5588 in

184 5631 541 5688 nominibus
578 5629 790 5701 Patris,
833 5632 889 5685 et
927 5627 1078 5700 Filii,
1124 5631 1184 5684 et
1229 5625 1485 5700 Spiritus
1516 5623 1705 5680 sancti
1734 5639 1850 5681 non

1951 4645 2198 4702 concilio
2228 4661 2414 4700 unum
2444 4643 2667 4715 aliquid
2695 4644 3019 4716 eliquatum
3043 4647 3456 4720 sincerumque
3477 4649 3601 4722 pla-

1954 4734 2190 4800 cuisset,
2244 4733 2515 4786 humanae
2574 4731 2934 4787 infirmitatis
2991 4749 3246 4789 errorem
3278 4736 3602 4807 cooperiret

1955 4822 2208 4878 charitas
2241 4820 2518 4876 unitatis:
2551 4819 2706 4875 sicut
2735 4821 3019 4894 scriptum
3051 4828 3161 4892 est,
3193 4825 3322 4896 quia
3352 4823 3601 4880 charitas

1953 4911 2125 4982 aperit
2165 4907 2578 4964 multitudinem
2621 4918 2984 4979 peccatorum.
3020 4913 3143 4976 Qua
3175 4913 3333 4968 enim
3363 4913 3602 4969 absente

1956 5003 2159 5055 caetera
2186 4997 2440 5053 inaniter
2461 4997 2772 5069 habentur,
2797 5000 2998 5055 eadem
3024 5007 3306 5072 praesente
3336 5001 3600 5072 quaedam

1955 5087 2257 5143 venialiter
2275 5104 2387 5143 non
2412 5086 2722 5142 habentur.
2751 5109 2778 5136 »
2809 5088 3086 5144 Peccasse
3106 5089 3460 5161 Cyprianum
3485 5105 3598 5143 non

1956 5177 2328 5234 dissimulat:
2362 5192 2536 5248 quem
2571 5193 2705 5231 mox
2733 5177 2815 5232 ait
2858 5199 2886 5227 «
2919 5179 2989 5232 ad
3044 5177 3299 5250 palmam
3343 5177 3602 5249 martyrii

1958 5267 2316 5340 pervenisse,
2349 5270 2412 5320 ut
2441 5265 2490 5320 si
2535 5281 2652 5336 qua
2697 5265 2757 5319 in
2805 5267 2934 5336 ejus
2966 5265 3220 5322 lucidam
3250 5270 3504 5322 mentem
3535 5283 3603 5322 ex

1959 5358 2219 5412 humana
2247 5354 2576 5410 conditione
2608 5354 2819 5408 nebula
2859 5355 3194 5428 irrepserat,
3228 5356 3481 5429 gloriosa
3511 5373 3603 5412 sc-

1959 5445 2204 5501 renitate
2237 5441 2512 5516 fulgentis
2562 5442 2870 5514 sanguinis
2922 5445 3240 5516 fugaretur.
3273 5467 3302 5495 ››
3356 5445 3426 5499 Et
3471 5461 3607 5501 mox

1961 5535 2123 5591 addit
2153 5534 2306 5604 quod
2339 5533 2411 5586 de
2432 5531 2727 5601 baptismo
2757 5532 2928 5588 aliter
2947 5539 3210 5589 senserat
3233 5551 3410 5607 quam
3432 5551 3494 5591 se
3514 5552 3608 5591 res

1958 5623 2228 5691 habebat,
2259 5642 2288 5672 »
2321 5621 2378 5675 id
2411 5619 2719 5678 charitatis
2740 5621 3008 5679 ubertate
3026 5627 3355 5695 pensatum,
3387 5628 3445 5680 et
3474 5641 3608 5696 pas-
