4088 6174
610 343 639 399 1
650 337 764 398 283

1664 331 1766 390 DE
1813 326 2404 390 IIIERETICORUM
2446 325 2972 389 BAPTISMATE.

3291 102 3336 119 δὟ

3705 161 3710 170 ι

3797 181 3842 206 ..η

3785 341 3896 403 Im

607 467 792 525 sionis
823 465 967 522 talce
996 467 1309 537 purgatum
1337 478 1486 519 esse.
1524 485 1551 512 ››
1578 464 1649 518 Et
1668 461 1708 517 1.
1731 480 1784 529 v,
1810 479 1860 519 c.
1891 461 1992 515 251
2019 477 2034 516 :
2061 482 2090 510 »
2119 460 2246 516 Jam
2275 463 2329 528 Α
2361 475 2550 531 neque
2579 459 2637 514 in
2669 460 2931 517 conciliis
2963 461 3365 534 posteriorum,
3395 468 3449 520 et
3475 468 3644 522 tamen
3683 471 3796 540 quia
3818 491 3890 544 per

607 557 707 612 illa
737 573 863 628 quae
894 555 953 609 in
986 553 1350 625 Stephanum
1389 553 1648 608 irritatus
1695 551 1902 608 effudit
1929 549 2246 623 Cyprianus

606 650 917 702 retractare
950 642 1103 712 nolo,
1139 641 1278 712 quia
1296 646 1350 696 et
1373 658 1483 696 non
1509 658 1655 714 opus
1679 646 1786 696 est.
1822 640 1898 695 Ea
1930 638 2250 711 praesterire

605 735 816 790 melius
847 737 934 788 est
965 749 1093 803 quae
1125 730 1452 802 periculum
1488 731 1824 802 perniciosae
1865 727 2250 784 dissensionis

601 825 952 880 habuerunt.
987 821 1321 892 Stephanus
1355 824 1549 874 autem
1584 824 1638 874 et
1670 819 2051 874 abstinendos
2077 820 2249 888 puta-

595 917 756 968 verat
803 911 905 982 qui
950 911 1019 964 de
1068 908 1462 980 suscipiendis
1505 908 1796 964 haereticis
1830 907 2082 978 priscam
2113 921 2249 960 con-

598 999 970 1057 suetudinem
991 997 1314 1053 convellere
1337 1002 1708 1052 conarentur.
1737 999 1850 1051 Iste
1875 1000 2068 1051 autem
2093 1010 2248 1065 quaa-

597 1089 806 1146 stionis
839 1087 1010 1143 istius
1053 1086 1398 1141 difﬁcultate
1452 1091 1752 1158 permotus
1784 1090 1842 1139 et
1871 1088 2083 1140 sanctae
2115 1083 2249 1138 cha-

595 1179 787 1234 ritatis
833 1175 1153 1232 visceribus
1202 1174 1538 1246 largissime
1587 1175 1884 1246 praeditus,
1918 1173 1976 1227 in
2027 1173 2252 1227 unitate

597 1285 732 1324 cum
755 1268 839 1323 eis
865 1265 1222 1320 manendum
1247 1264 1340 1334 qui
1364 1265 1595 1318 diversa
1615 1263 1918 1319 sentirent.
1941 1266 2027 1317 Ita
2049 1277 2256 1333 quam-

597 1358 684 1412 vis
734 1354 1105 1424 commotius,
1157 1355 1256 1408 sed
1314 1357 1509 1408 tamen
1562 1354 1812 1408 fraterne
1850 1353 2058 1408 1233
2099 1349 2252 1405 indi-

597 1449 845 1518 gnetur:
879 1444 1014 1499 vicit
1050 1447 1245 1498 tamen
1274 1458 1387 1514 pax
1418 1441 1629 1497 Christi
1654 1442 1711 1496 in
1729 1441 2004 1497 cordibus
2026 1456 2250 1511 eorum,

597 1541 660 1590 ut
689 1536 747 1590 in
779 1533 885 1588 tali
943 1530 1373 1602 disceptatione
1434 1531 1662 1586 nullum
1724 1531 1874 1586 inter
1904 1545 2001 1585 eos
2033 1527 2249 1584 malum

597 1623 931 1678 schismatis
962 1621 1236 1676 oriretur.
1276 1641 1304 1670 »
1355 1619 1534 1674 Vides
1567 1623 1630 1674 ut
1671 1618 1938 1691 Cypriani
1979 1617 2252 1674 etI‘erves-

597 1712 847 1769 centiam
907 1709 1278 1782 perstringat,
1339 1708 1636 1780 Stephano
1699 1708 1900 1762 cadem
1952 1705 2246 1779 placuisse

596 1805 825 1857 astruat
845 1817 970 1871 qua:
996 1797 1308 1853 universali
1333 1802 1464 1870 post
1486 1797 1844 1864 Ecclesiae,ut
1864 1813 1935 1852 ne
1957 1795 2248 1868 baptisma
2280 1827 2328 1891 B

594 1889 999 1945 haereticorum
1033 1889 1369 1956 iteraretur,
1403 1891 1460 1941 et
1489 1886 1762 1942 iterantes
1795 1886 2248 1941 abstinerentur:

597 1980 846 2050 denique
877 1976 1304 2049 dispensationi
1341 1993 1459 2048 qua
1491 1975 1670 2030 errori
1705 1992 1809 2031 suo
1843 1973 2253 2030 blandiebatur

597 2067 920 2140 Cyprianus
951 2066 1022 2121 ad
1045 2065 1430 2121 avertendum
1460 2064 1719 2120 schisma
1741 2063 2100 2135 acquievisse
2123 2066 2250 2118 tan-

591 2157 724 2211 dem
755 2154 1143 2226 Stephanum.
1178 2153 1296 2208 Etsi
1331 2152 1486 2207 enini
1526 2153 1688 2208 nullo
1720 2153 1968 2217 decreto,
2001 2152 2130 2223 ipsa
2157 2155 2248 2206 ta-

594 2259 728 2299 men
748 2242 1030 2316 patientia
1052 2259 1159 2297 sua
1180 2259 1294 2311 qua
1317 2242 1670 2296 intentatum
1718 2240 1938 2296 fulmen
1972 2239 2246 2307 inhibuit,

589 2331 886 2387 consensit
915 2330 1248 2401 Stephanus
1286 2329 1346 2385 in
1397 2330 1548 2385 hanc
1597 2330 2001 2385 oeconomiam.
2051 2330 2248 2401 Itaque

599 2419 895 2492 Stephano
928 2419 985 2473 in
1031 2418 1194 2474 illam
1243 2418 1628 2474 mconomiam
1666 2417 2087 2484 consentiente,
2120 2417 2249 2488 ejus

597 2507 1004 2564 auctoritatem
1051 2508 1174 2578 jam
1228 2523 1341 2562 non
1391 2507 1748 2580 spernebant
1797 2506 1896 2579 qui
1939 2505 2250 2562 concilium

596 2596 925 2670 plenarium
960 2596 1430 2668 opperiebantur.

664 2729 868 2786 XXVI.
903 2734 988 2786 Ea:
1031 2729 1240 2793 eodem,
1276 2728 1599 2798 Cyprianus
1627 2730 1787 2783 Petro
1826 2733 2180 2798 comparatur

757 2804 997 2867 erranti,
1028 2801 1122 2856 sed
1146 2802 1482 2872 corripiente
1511 2800 1777 2868 collegam
1805 2800 2086 2856 audiendi.

662 2911 828 2975 Quod
860 2909 1186 2965 sexcenties
1243 2909 1397 2964 idem
1457 2909 1809 2979 Cyprianum
1873 2909 2035 2964 Petro
2089 2924 2248 2964 com-

587 3003 774 3070 parat,
809 2998 1147 3070 episcopum
1178 2996 1474 3068 Apostolo,
1507 3002 1802 3052 errantem
1831 2997 2070 3064 erranti,
2103 3013 2252 3052 mar-

585 3090 771 3158 tyrem
797 3087 1083 3158 martyri?
1099 3087 1241 3142 Cum
1263 3091 1462 3141 tamen
1484 3085 1686 3141 Petrus
1712 3085 1888 3141 Paulo
1911 3085 2246 3157 corripienti

588 3175 968 3273 acquieverit,
1031 3178 1161 3273 eius
1215 3177 1460 3273 erroris.
1488 3180 1834 3273 sectatores.
1863 3174 1934 3273 ab
1992 3174 2242 3273 Ecclesia
2269 3190 2314 3258 α
2351 3174 2513 3251 εθᾶίε
2542 3197 2812 3264 antistes,
2864 3174 3280 3257 cum'°cmteris
3323 3174 3549 3273 qu'idem
3580 3174 3875 3269 conégissuis,

586 3264 810 3335 praecisi
861 3268 1017 3319 sunt.
1073 3265 1156 3318 Ita
1201 3273 1255 3318 et
1297 3263 1566 3336 Cypriani
1599 3263 1872 3335 martyris
1911 3262 2235 3318 imitatores

585 3353 658 3408 ab
693 3352 914 3407 unitate
958 3369 1021 3408 se
1064 3353 1370 3424 abrupere.
1422 3351 1546 3406 Lib.
1595 3368 1693 3420 v11,
1726 3368 1775 3406 c.
1813 3353 1876 3406 1:
1908 3373 1936 3401 ‹‹
1969 3351 2234 3406 Haaretici

584 3443 703 3496 nati
733 3459 800 3497 ex
828 3440 925 3495 illo
956 3457 1150 3496 errore
1181 3440 1240 3495 in
1273 3456 1448 3511 quem
1480 3445 1688 3495 Petrus
1719 3439 1960 3495 devians
1991 3457 2026 3496 a
2054 3438 2234 3495 Paulo

583 3535 887 3585 revocatus
918 3535 1026 3598 est,
1058 3529 1116 3584 in
1149 3529 1258 3584 hoc
1290 3545 1476 3598 usque
1527 3527 1872 3598 persistunt.
1905 3527 2067 3582 Sicut
2096 3544 2232 3600 ergo

584 3617 691 3685 illi,
723 3619 890 3672 Petro
921 3617 981 3670 in
1015 3617 1272 3688 primatu
1305 3617 1704 3688 apostolorum
1753 3614 2016 3688 martyrii
2049 3616 2232 3687 gloria

584 3710 879 3769 coronato,
911 3704 968 3758 in
1002 3721 1107 3760 sua
1166 3704 1544 3775 perversitate
1605 3705 1827 3775 praecisi
1870 3706 1940 3760 ab
1973 3703 2232 3759 Ecclesia

583 3799 1026 3860 remanserunt;
1089 3794 1172 3848 sic
1216 3793 1312 3848 isti
1361 3792 1644 3864 Cypriane
1677 3810 1780 3865 per
1808 3792 2229 3848 abundantiam

582 3882 884 3937 charitatis
918 3883 974 3936 in
1007 3886 1222 3938 sortem
1257 3887 1594 3937 sanctorum
1645 3881 1938 3952 passionis
1966 3881 2232 3936 claritate

581 3975 877 4042 suscepto,
911 3971 1103 4041 seipso
1159 3970 1388 4025 exsules
1433 3970 1674 4024 unitatis
1705 3976 2047 4041 agnoscunt.
2086 3993 2112 4019 »
2146 3972 2230 4026 Ita

578 4061 900 4131 Cyprianus
950 4059 1266 4130 Stephano,
1323 4067 1385 4114 ut
1433 4060 1635 4114 Petrus
1680 4059 1855 4114 Paulo
1888 4059 2094 4114 saltem
2128 4059 2229 4114 ob-

579 4154 950 4220 temperaret.
1003 4148 1062 4202 ld
1117 4164 1252 4218 ergo
1307 4154 1579 4220 praeterea
1627 4147 1913 4220 sanguine
1960 4148 2120 4204 eluit.
2167 4150 2232 4203 Et

583 4235 682 4291 lib.
717 4254 800 4301 ιιι,
837 4253 960 4306 cap.
993 4237 1045 4288 8.
1087 4255 1113 4287 α
1144 4237 1334 4292 Monet
1367 4254 1471 4290 nos
1504 4253 1615 4290 non
1644 4237 1822 4291 fuisse
1845 4235 2226 4308 impossibile,

581 4329 645 4379 ut
677 4325 746 4379 de
803 4325 1092 4396 baptismo
1154 4325 1476 4394 Cyprianus
1533 4324 1749 4396 aliquid
1807 4324 1971 4380 aliter
2002 4329 2230 4396 saperet

581 4432 756 4486 quam
790 4415 1000 4468 veritas
1034 4414 1387 4484 postulabat,
1429 4430 1556 4484 quae
1602 4415 1675 4468 ab
1719 4413 1975 4469 Ecclesia
2012 4419 2067 4469 et
2097 4419 2230 4470 ante

583 4503 749 4558 illum
781 4508 838 4558 et
863 4508 994 4575 post
1024 4503 1190 4557 illum
1225 4507 1451 4558 retenta
1481 4508 1589 4572 est,
1613 4503 1766 4558 sicut
1795 4504 1983 4574 potuit
2005 4502 2226 4574 aliquid

583 4591 756 4646 etiam
781 4562 984 4646 Petrus
1006 4591 1170 4646 aliter
1192 4608 1395 4663 sapere
1417 4562 1813 4663 quodlveritas.
1833 4608 1945 4646 non
1978 4562 2232 4646 habebat
2262 4562 2307 4627 D

584 4695 760 4750 quam
797 4678 971 4734 Paulo
1003 4680 1279 4752 Apostolo
1303 4681 1537 4736 doctore
1567 4681 1906 4736 didicimus.
1944 4703 1971 4729 »

585 4831 813 4886 XXVII.
875 4832 1049 4900 Quam
1103 4849 1218 4886 non
1267 4835 1438 4903 possit
1497 4835 1762 4890 excusari
1822 4832 2235 4903 Cyprianusea:

655 4906 878 4986 eodem,
899 4903 1185 4960 traditioni
1225 4905 1533 4976 apostolicae
1563 4910 1615 4961 et
1644 4905 1896 4961 Ecclesiae
1926 4905 2234 4960 universali

654 4991 995 5045 immonger.

656 5111 838 5176 Quam
875 5126 987 5164 non
1022 5113 1219 5181 posset
1271 5107 1445 5164 etiam
1486 5108 1850 5180 Augustinus
1879 5109 2230 5183 Cyprianum

581 5197 881 5254 absolvere
911 5203 1176 5269 apertum
1229 5201 1319 5252 est
1368 5202 1642 5268 praeterea
1689 5213 1776 5252 ex.
1836 5197 1936 5253 lib.
1971 5216 2011 5253 ιι
2043 5199 2229 5256 Contr.

581 5288 776 5341 Donat.
811 5288 876 5343 de
904 5289 1085 5358 Bapt.,
1119 5303 1168 5341 c.
1201 5287 1256 5354 7,
1292 5285 1391 5340 ubi
1425 5286 1525 5356 ait,
1567 5286 1674 5342 etsi
1727 5303 1818 5342 res
1850 5288 2110 5344 nondum
2144 5289 2231 5344 di-

583 5374 861 5446 ligentius
886 5379 1236 5446 pertractata
1259 5374 1492 5441 fuisset;
1512 5397 1536 5425 «
1561 5375 2016 5431 Saluberrimam
2035 5381 2229 5433 tamen

586 5465 1073 5519 consuetudinem
1108 5463 1343 5518 tenebat
1401 5463 1676 5532 Ecclesia,
1711 5469 1842 5530 etc.,
1897 5482 2069 5535 quam
2102 5483 2233 5522 con-

583 5554 958 5609 suetudinem
993 5553 1164 5609 credo
1197 5569 1264 5608 ex
1293 5553 1610 5625 apostolica
1643 5553 1956 5610 traditione
1999 5555 2230 5612 venien-

583 5645 726 5710 tem,
760 5641 912 5697 sicut
943 5640 1130 5698 multa
1157 5658 1271 5698 non
1304 5641 1679 5698 inveniuntur
1709 5642 1765 5696 in
1789 5641 2001 5698 litteris
2031 5659 2231 5700 eorum

2361 549 2695 605 universam
2719 551 3136 606 custodiuntur
3158 551 3478 622 Ecclesiam,
3497 557 3696 612 nonnisi
3717 560 3774 613 ab
3790 561 3895 632 ipsis

2361 637 2576 692 tradita
2605 643 2661 692 et
2688 641 3101 696 commendata
3129 643 3450 698 creduntur.
3484 648 3620 700 Hanc
3644 662 3757 718 ergo
3782 650 3894 705 salu-

2362 725 2676 783 berrimam
2709 730 3193 786 consuetudinem
3224 748 3323 802 per
3358 732 3704 804 Agrippinum
3732 740 3892 806 praede-

2360 831 2647 871 cessorem
2681 833 2853 872 suum
2887 817 3028 873 dicit
3059 823 3298 875 sanctus
3327 820 3623 893 Cyprianus
3658 826 3792 894 quasi
3816 843 3892 881 cm-

2361 904 2518 976 pisse
2547 905 2779 978 corrigi.
2809 907 2917 962 Sed
2949 907 3103 963 sicut
3123 907 3454 981 diligentius
3477 909 3723 982 inquisita
3741 915 3893 970 veritas

2361 992 2578 1059 docuit,
2610 994 2806 1051 verius
2835 996 3095 1051 creditur
3146 1013 3248 1068 per
3292 997 3650 1070 Agrippinum
3677 1005 3895 1073 corrumpi

2361 1082 2626 1153 ccepisse,
2659 1100 2770 1139 non
2805 1084 3039 1157 corrigi.
3073 1107 3100 1134 »
3136 1085 3290 1141 Idem
3323 1086 3455 1142 alibi
3485 1087 3678 1159 pluries
3713 1090 3897 1146 inculcat

2359 1184 2486 1225 eam
2509 1187 2624 1226 non
2643 1172 2890 1228 iterandi
2911 1174 3185 1246 baptismi
3202 1177 3654 1232 consuetudinem
3669 1181 3724 1234 ab
3742 1182 3898 1234 univer-

2356 1260 2474 1314 sali
2503 1261 2737 1316 Ecclesia
2794 1262 3076 1318 hactenus
3132 1265 3488 1321 observatam
3541 1266 3714 1322 t‘uisse.
3751 1269 3895 1324 1284

2361 1348 2542 1421 Culpa
2574 1350 2802 1406 liberari
2826 1368 2962 1424 ergo
2987 1369 3098 1408 non
3127 1357 3347 1424 poterat
3365 1353 3682 1426 Cyprianus,
3709 1356 3788 1428 qui
3810 1374 3897 1412 con-

2361 1439 2733 1495 suetudinem
2765 1441 3115 1498 universalis
3148 1443 3412 1498 Ecclesise
3440 1450 3492 1499 et
3518 1445 3826 1500 traditionem
3849 1449 3894 1500 ab

2361 1529 2644 1600 apostolis
2674 1546 2855 1600 usque
2885 1530 3033 1602 ipsis
3063 1531 3382 1588 derivatam
3414 1536 3893 1607 contemnebat,post-

2360 1615 2729 1690 habebatque
2761 1635 2993 1691 nuperee
3047 1636 3146 1691 per
3199 1621 3569 1693 Agrippinum
3599 1623 3792 1678 invecta
3815 1640 3890 1677 cor-

2360 1703 2620 1775 ruptelas.
2683 1705 2874 1762 Minus
2933 1708 3076 1763 adeo
3135 1713 3226 1764 est
3288 1709 3518 1776 mirum,
3574 1710 3618 1764 si
3644 1709 3891 1781 Apostolics

2359 1792 2522 1848 Sedis
2552 1798 2776 1849 statuta
2807 1795 3052 1852 minoris
3092 1797 3307 1853 faceret
3357 1797 3453 1870 qui
3504 1798 3890 1870 apostolicastra-

2362 1881 2614 1938 ditiones
2636 1887 2692 1937 et
2712 1884 3061 1940 universalis
3084 1884 3355 1942 Ecclesia:
3376 1885 3526 1958 leges
3545 1887 3687 1943 ﬂocci
3707 1888 3888 1942 faciebat

2357 1973 2442 2026 An
2462 1971 2569 2028 hoc
2585 1972 2854 2044 Cypriani
2876 1979 3212 2040 contemptu
3243 1993 3415 2048 quem
3439 1976 3688 2049 martyrio
3705 1977 3888 2048 expiant,

2359 2059 2503 2114 nihil
2544 2061 2823 2116 adversus
2849 2061 2937 2116 vel
2969 2063 3172 2134 prima;
3202 2064 3393 2130 Sedis,
3434 2065 3516 2120 vel
3565 2065 3785 2120 Ecclesia
3808 2065 3888 2117 uni-

2357 2149 2620 2214 versalis,
2652 2149 2741 2205 vel
2770 2151 3229 2222 apostolicarum
3282 2153 3643 2210 traditionum
3673 2153 3891 2209 auctorita-

2360 2242 2477 2294 tem
2508 2239 2612 2294 rite
2644 2240 2828 2310 excipi
2861 2245 3066 2311 potest.

2357 2388 2598 2445 XXVIII.
2622 2389 2817 2446 Eadem
2837 2407 2908 2445 ea:
2926 2393 3256 2463 Hieronymo
3275 2395 3668 2463 conﬁrmatur,
3692 2396 3887 2448 Vincentia

2819 2465 2934 2519 Lir.
2976 2469 3026 2520 et
3065 2465 3321 2521 Facundo
3360 2467 3536 2520 Hem.

2431 2574 2516 2629 Ita
2548 2574 2936 2649 Hieronymus
2966 2578 3105 2634 dial.
3139 2580 3273 2636 Adv.
3308 2583 3538 2652 Luci/er.
3570 2581 3753 2635 frustra
3774 2597 3797 2634 a
3823 2583 3884 2650 Cy.

2357 2663 2561 2735 priano
2584 2665 2910 2736 impetitam
2935 2671 3248 2740 utramque
3271 2670 3503 2742 copulat
3521 2669 3839 2725 auctoritatem
3853 2671 3885 2720 et

2356 2753 2524 2808 Sedis
2552 2754 2892 2824 Apostolicm
2943 2762 3000 2811 et
3050 2758 3400 2815 universalis
3459 2758 3751 2815 Ecclesium
3780 2761 3884 2826 tegat

2357 2842 2420 2897 Β.
2452 2840 2719 2914 Cypriani
2752 2843 3050 2914 epistolas,
3076 2846 3135 2901 in
3160 2847 3381 2918 quibus
3401 2848 3725 2919 Stephanum
3749 2845 3882 2900 Roma-

2357 2947 2443 2984 nae
2474 2931 2639 2985 urbis
2669 2932 3007 3001 episcopum
3068 2940 3126 2990 et
3178 2936 3504 2992 inveteratae
3556 2934 3882 2992 consuetudinis

2354 3018 2571 3074 lacerat
2597 3035 2920 3075 errorem.»
2958 3023 3039 3077 Ita
3069 3029 3127 3078 et
3167 3024 3505 3080 Vincentius
3535 3021 3793 3078 Lirinensis
3808 3020 3880 3073 loco
3982 3073 3983 3089 η

2355 3124 2534 3179 supra
2567 3107 2839 3164 laudato:
2884 3131 2912 3160 «
2943 3111 3234 3184 Cypriano
3293 3114 3606 3185 Stephanus
3645 3109 3879 3182 Apostolica

2344 3285 2443 3340 sed
2475 3289 2670 3340 tamen
2702 3303 2816 3357 pra:
2849 3288 3070 3343 caeteris
3093 3290 3352 3345 restitit:
3386 3291 3633 3363 dignum,
3663 3285 3873 3356 utopinor.

2343 3373 2708 3441 existimans,
2736 3375 2783 3430 si
2817 3374 3068 3447 reliquos
3126 3394 3340 3434 omnes
3385 3383 3602 3434 tantum
3644 3374 3872 3430 ﬁdeidevo-
3976 3409 3977 3447 ξ

2345 3462 2505 3516 tione
2531 3462 2807 3530 vinceret,
2840 3469 3124 3534 quantum
3161 3465 3275 3522 loci
3307 3467 3581 3538 dignitate
3609 3461 3869 3534 superabilis

2340 3551 2590 3621 JEquum
2623 3557 2746 3606 erat
2767 3553 2972 3624 utique
3003 3571 3230 3610 morem
3260 3561 3322 3610 ut
3341 3557 3390 3611 ei
3413 3560 3618 3626 gereret
3643 3550 3866 3622 Cyprianus

2339 3639 2438 3709 qui
2467 3644 2701 3696 caeteros
2729 3639 2978 3713 collegas
3010 3648 3068 3698 et
3099 3644 3236 3699 fidei
3261 3645 3572 3711 devotione,
3589 3646 3633 3696 et
3652 3641 3740 3695 loci
3751 3634 3864 3701 digni-
3971 3645 3973 3713 η

2337 3731 2446 3782 tale
2483 3731 2792 3799 superabat.
2826 3730 2971 3795 Quid
3008 3731 3226 3788 mirum
3260 3737 3454 3789 autem
3487 3732 3532 3788 si
3559 3731 3605 3787 ei
3631 3745 3721 3784 non
3742 3723 3864 3781 cessit.

2339 3815 2437 3887 qui
2468 3817 2785 3890 Agrippino
2818 3819 3012 3889 potius
3060 3836 3123 3876 se
3172 3821 3399 3877 addixit
3448 3841 3474 3870 ‹‹
3505 3819 3669 3892 primo
3693 3812 3864 3871 omnium

2340 3904 2676 3960 mortalium
2721 3910 2924 3962 contra
2973 3908 3242 3964 divinum
3292 3925 3583 3973 canonem,
3613 3898 3866 3962 conti-suni-

2337 3989 2579 4045 versalis
2609 3991 2876 4048 Ecclesia
2910 3993 3196 4067 regulam,
3224 4003 3427 4053 contra
3456 4009 3668 4052 sensum
3693 3987 3866 4046 omnium

2339 4080 2940 4150 sacerdotum,contra
2957 4070 3180 4141 morem
3201 4092 3378 4158 atque
3392 4087 3636 4143 instituta
3657 4082 3866 4149 majorum,

2341 4169 2820 4240 rebaptizandum
2861 4187 2990 4228 esse
3032 4175 3344 4231 censenti?
3377 4198 3404 4222 »
3451 4177 3527 4230 Ita
3569 4177 3619 4228 et
3661 4163 3867 4224 Facunda!

2339 4273 2517 4329 supra
2545 4257 2736 4313 aiebat
2769 4281 2797 4308 «
2824 4259 2954 4330 jure
2985 4260 3289 4333 culpatum
3312 4287 3339 4315 η
3375 4281 3407 4318 a
3431 4262 3690 4333 Stephano
3715 4251 3866 4324 Cypria-

2341 4361 2504 4412 num,
2537 4351 2594 4402 et
2624 4348 2902 4419 Stephani
2935 4353 3262 4418 sententiae,
3295 4370 3408 4408 non
3453 4357 3568 4406 tum
3603 4345 3783 4419 quidem
3804 4337 3864 4407 Ci‘

2341 4433 2632 4504 prianum,
2686 4437 2786 4492 sed
2849 4436 3186 4509 Ecclesiam,
3250 4448 3308 4497 et
3360 4447 3478 4496 tum
3525 4443 3578 4494 et
3619 4439 3775 4508 postea
3812 4440 3863 4478 ac-

2339 4538 2615 4578 06881886.

3979 3169 3981 3219 Α

3977 3285 3979 3351 4

3976 3425 3977 3481 ι

3973 3569 3975 3613 1

2697 4639 2884 4696 XXIX.
2937 4643 3142 4698 Rursus
3190 4661 3262 4701 ea:
3318 4646 3617 4714 Augustino.

2411 4755 2479 4809 Et
2511 4772 2746 4812 rursum
2779 4761 3148 4832 Augustinus
3181 4763 3471 4835 octoginta
3499 4759 3754 4832 episcopos
3785 4756 3858 4801 cum

2338 4843 2643 4916 Cypriane,
2665 4847 3093 4922 quinquaginta
3113 4867 3248 4907 cum
3272 4851 3591 4907 Firmiliano
3606 4836 3858 4902 consensi”!

2341 4948 2454 4987 non
2481 4934 2923 5002 nescius,nibilo
2944 4943 3141 4996 tamen
3163 4940 3356 4997 secius
3373 4941 3558 4996 orbem
3579 4927 3858 4991 Christiani“!l

2340 5022 2680 5080 universum
2712 5041 2742 5081 a
2776 5025 3056 5100 Stephani
3088 5030 3354 5102 partlbus
3385 5028 3599 5086 stetisse
3618 5005 3859 5102 ﬁdente”?

2341 5110 2556 5166 firmat.
2591 5112 2665 5168 Ut
2693 5113 2828 5170 hinc
2861 5094 3069 5175 rursus
3088 5094 3356 5191 patescat
3382 5123 3494 5173 tam
3530 5129 3629 5170 non
3656 5117 3782 5182 P09“
3801 5094 3857 5190 ᾧ

2339 5216 2543 5256 versus
2575 5201 2856 5274 Stephani
2886 5223 3064 5278 quam
3110 5225 3215 5264 nec
3255 5210 3521 5265 adversus
3550 5195 3760 5259 Ecclesiae

2339 5289 2582 5345 versatis
2637 5293 3042 5350 auctoritatem
3091 5298 3174 5353 vel
3225 5298 3448 5353 decreta
3487 5291 3749 5364 quidquam
3779 5278 3855 5329 hinc

2342 5378 2641 5448 objectari.
2700 5381 2811 5436 Sed
2868 5389 2922 5439 et
2980 5384 3258 5457 Stephani
3314 5392 3369 5441 et
3422 5377 3655 5438 Ecclesiae
3687 5368 3854 5444 potesttu

2343 5468 2579 5538 quidem
2611 5467 2847 5538 invicta,
2876 5473 2975 5527 sed
3011 5475 3374 5546 permodesta
3419 5476 3472 5526 et
3516 5463 3685 5523 multis
3708 5460 3853 5546 φοροῦ·

2345 5556 2472 5611 mia:
2502 5561 2559 5612 et
2586 5558 2770 5616 veniae
2801 5544 3217 5619 blandimentis
3256 5565 3557 5634 temperata
3583 5544 3849 5638 intelligatur.

2345 5644 2471 5701 Lib.
2505 5661 2569 5701 ιιι
2602 5645 2784 5703 Contr.
2819 5651 3188 5723 Cresconium,
3223 5667 3273 5708 c.
3321 5651 3390 5705 3:
3439 5672 3458 5696 ι
3495 5637 3699 5700 Proinde
3720 5637 3755 5686 si
3777 5638 3855 5680 om-
