4088 6174
251 273 411 333 1285

1199 265 1403 327 PARS
1446 265 1526 325 II.
1558 299 1635 308 —
1667 261 2234 326 RECENTIORUM
2279 264 2713 327 EXCURSUS.

3505 275 3661 336 1286

249 406 394 460 nino
433 405 558 476 jam
607 401 963 457 credendum
1013 398 1092 454 sit
1139 397 1568 470 quinquaginta
1613 395 1903 467 episcopis
1931 405 1987 469 Α
2016 394 2237 467 legatos
2261 397 2563 469 episcopos
2593 397 2878 470 patienter
2903 399 3042 455 satis
3064 403 3121 455 et
3151 399 3360 458 leniter
3387 406 3665 476 suscepit,

249 491 641 548 Orientalium
674 491 730 544 id
764 505 892 546 esse
924 489 1134 553 visum,
1166 488 1318 559 quod
1353 485 1725 558 septuaginta
1754 483 1907 538 Afris

250 583 339 638 vel
377 582 676 652 aliquanto
703 579 876 633 etiam
910 577 1199 648 pluribus,
1222 581 1424 632 contra
1452 579 1537 630 tot
1571 573 1750 628 millia
1781 571 1902 643 epi-

252 686 568 744 scoporum
601 668 817 740 quibus
849 667 942 721 hic
973 683 1133 720 error
1172 667 1231 720 in
1262 669 1382 719 toto
1411 665 1549 718 orbe
1581 661 1906 734 displicuit,

254 778 363 816 cur
395 776 509 814 non
539 759 728 828 potius
753 756 927 811 etiam
959 755 1117 826 ipsos
1151 770 1364 825 paucos
1387 751 1709 808 Orientales
1731 766 1905 805 suum

242 849 543 922 judicium
594 846 913 902 correxisse
961 845 1322 899 dicamus?»
1357 843 1424 896 Et
1454 841 1492 896 l.
1536 859 1598 910 ιι,
1631 857 1680 894 c.
1731 842 1787 907 9,
1837 839 1909 893 De

255 941 414 1006 Bapt.
447 945 618 992 contr.
655 936 884 990 Donat.:
925 933 1193 988 Nondum
1241 933 1457 986 factum
1507 934 1631 985 erat
1677 929 1906 982 univer-

247 1027 374 1084 sale
431 1025 763 1093 concilium,
814 1021 952 1093 quia
1001 1019 1446 1075 consuetudinis
1493 1020 1700 1073 robore
1745 1022 1907 1072 tene-

252 1118 428 1172 batur
473 1115 632 1170 orbis
681 1117 990 1166 terrarum.
1023 1133 1042 1157 ι
1083 1109 1225 1164 Vide
1272 1113 1330 1164 et
1373 1107 1411 1162 l.
1446 1125 1495 1163 c.
1529 1108 1583 1172 6,
1619 1111 1682 1160 ut
1729 1122 1910 1177 supra

248 1205 582 1261 retulimus.
614 1202 814 1258 1235
852 1199 1137 1254 Eusebius
1177 1213 1409 1270 quoque
1457 1213 1637 1268 supra
1691 1194 1908 1250 relatus

249 1295 294 1350 1.
329 1312 430 1361 vn,
463 1309 513 1347 c.
546 1294 580 1345 2
611 1295 666 1346 et
694 1292 747 1360 3,
780 1289 1078 1360 antiquam
1114 1285 1621 1355 consuetudinem,
1652 1285 1745 1340 cui
1778 1285 1910 1339 Ste-

250 1384 488 1456 phanus
520 1379 747 1436 tuendae
797 1377 1193 1441 incumbebat,
1225 1376 1284 1430 in
1317 1376 1477 1430 omni
1527 1374 1782 1429 Ecclesia
1815 1373 1907 1426 in-

252 1471 515 1526 valuisse
544 1467 806 1523 insinuat
836 1466 909 1521 ab
941 1465 1128 1520 initio.
1155 1465 1224 1520 Ut
1255 1480 1488 1520 necesse
1519 1464 1596 1518 sit
1631 1459 1909 1517 Firmiliai

255 1577 401 1616 num
459 1559 707 1630 partium
766 1571 1004 1611 suarum
1039 1554 1234 1609 studio
1288 1558 1520 1626 raptum
1582 1556 1742 1607 extra
1790 1567 1911 1606 ver—

255 1649 528 1706 semitam
555 1647 754 1714 fuisse,
778 1661 911 1700 cum
937 1645 1006 1698 de
1029 1644 1195 1715 copia
1217 1659 1457 1698 suorum
1486 1645 1906 1697 assectatorum

251 1739 528 1795 licentius
560 1735 860 1808 gloriatur.

253 1882 416 1937 XXX.
450 1879 569 1936 Non
598 1880 747 1933 ultra
787 1876 971 1932 minas
1015 1876 1191 1930 saeviit
1236 1874 1564 1945 Stephanus,
1598 1880 1650 1928 et
1693 1871 1912 1926 tandem

328 1951 723 2024 dispensationi
752 1950 1042 2024 acquievit,
1074 1951 1233 2018 atque
1279 1949 1358 2001 ita
1407 1946 1613 2001 decreti
1643 1946 1731 2000 sui
1760 1959 1913 1998 exse-

330 2021 605 2080 cutionem
634 2021 917 2092 suspendit
947 2024 1194 2088 ipsemet.

332 2131 491 2195 Quod
525 2133 717 2184 autem
749 2127 1082 2198 Stephanus
1124 2124 1278 2179 ultra
1323 2123 1514 2179 minas
1546 2126 1604 2177 et
1635 2126 1915 2176 terrorem

257 2237 379 2276 non
426 2219 700 2290 eruperit,
737 2215 1110 2286 cohibitaque
1165 2229 1442 2268 mucrone
1493 2229 1678 2276 sacro,
1720 2208 1916 2263 indul-

260 2308 476 2381 gentize
510 2308 716 2362 tacitus
741 2303 948 2359 saltem
974 2303 1341 2373 acquieverit,
1365 2307 1429 2356 ut
1454 2317 1524 2356 ne
1554 2317 1621 2356 ea
1650 2301 1720 2354 de
1741 2315 1919 2353 causa

264 2398 466 2452 unitas
522 2394 786 2452 Ecclesia
845 2393 1226 2460 scinderetur,
1287 2391 1489 2445 multis
1549 2389 1920 2460 assequimur

259 2484 633 2555 conjecturis.
672 2480 956 2536 Eusebius
1002 2496 1217 2535 novum
1258 2485 1314 2533 et
1352 2477 1616 2532 insolens
1647 2473 1918 2549 Cypriani

259 2575 560 2630 decretum
579 2577 635 2626 et
656 2569 860 2642 synodi
885 2568 1361 2640 Carthaginensis
1381 2567 1711 2636 gravissime
1733 2563 1922 2618 tulisse

260 2665 346 2720 ait
375 2661 758 2732 Stephanum,
796 2675 896 2713 nec
936 2657 1087 2712 ultra
1124 2655 1586 2728 indignationem
1618 2657 1917 2721 aestuasse,

259 2757 366 2807 aut
395 2756 647 2806 tentasse
679 2747 817 2819 quid
848 2751 1063 2802 narrat.
1090 2746 1478 2816 Hieronymus
1510 2760 1691 2814 supra
1722 2741 1921 2796 lauda-

258 2847 359 2895 tus
391 2838 579 2894 aiebat
601 2837 954 2908 Cyprianum
980 2833 1207 2890 concilii
1240 2834 1331 2888 sui
1364 2834 1658 2889 decretum
1694 2831 1762 2885 ad
1796 2835 1917 2884 Ste-

261 2929 525 3002 phanum
562 2927 815 2992 misisse,
845 2926 946 2981 sed
995 2932 1250 2979 conatum
1288 2923 1408 2992 ejus
1456 2924 1667 2991 [rustra
1697 2921 1918 2989 fuisse:

262 3016 515 3087 denique
548 3014 678 3069 illos
731 3015 890 3085 ipsos
939 3012 1244 3084 episcopos
1275 3012 1346 3066 ad
1379 3009 1756 3065 vetustiorem
1790 3024 1918 3062 con-

264 3105 638 3163 suetudinem
671 3121 796 3160 sese
823 3102 1208 3174 recollegisse.
1229 3100 1568 3156 Vincentius
1601 3097 1918 3154 Lirinensis

263 3198 546 3253 fervorem
569 3195 853 3267 Stephani
878 3193 1480 3266 magniﬁcentissimis
1501 3191 1691 3246 verbis
1723 3205 1917 3261 prose-

266 3292 442 3342 cutus
471 3289 577 3352 est,
607 3286 679 3339 de
711 3284 1082 3338 anathemate
1116 3299 1354 3353 prorsus
1385 3280 1534 3336 silet.
1558 3279 1920 3351 Augustinus

264 3375 309 3430 1.
341 3391 399 3439 v,
432 3391 480 3428 c.
512 3375 583 3427 23
607 3391 619 3426 :
647 3372 1018 3445 «Cyprianus
1048 3371 1117 3426 ad
1152 3369 1489 3440 Pompeium
1541 3369 1801 3424 scribens
1833 3366 1919 3420 in-

268 3463 428 3519 dicat
457 3462 816 3535 Stephanum
868 3477 980 3516 non
1029 3459 1220 3515 solum
1253 3459 1362 3515 sibi
1396 3459 1466 3513 ad
1499 3459 1610 3514 ista
1642 3474 1756 3512 non
1785 3472 1919 3512 con-

263 3551 544 3622 sensisse,
574 3567 772 3606 verum
805 3549 980 3604 etiam
1015 3554 1217 3604 contra
1237 3546 1545 3620 scripsisse
1576 3552 1748 3616 atque
1780 3562 1922 3616 prae-

263 3641 510 3713 cepisse.
565 3662 590 3687 ››
622 3644 745 3694 Huc
801 3656 984 3708 usque
1029 3637 1290 3692 saevitum
1337 3644 1442 3692 est.
1476 3637 1545 3690 Et
1576 3635 1612 3690 l.
1645 3635 1719 3689 De
1765 3634 1926 3688 unico

267 3732 428 3800 Bapt.
477 3738 649 3784 contr.
701 3728 898 3793 Petit.,
945 3744 994 3782 c.
1051 3729 1187 3781 14.‹‹
1221 3726 1367 3780 Cum
1425 3725 1757 3796 Stephanus
1812 3739 1926 3778 non

263 3816 461 3873 solum
512 3834 626 3872 non
678 3817 1064 3887 rebaptizaret
1116 3813 1448 3881 haereticos,
1499 3828 1701 3868 verum
1752 3811 1929 3866 etiam

264 3906 570 3971 facientes,
595 3903 679 3960 vel
712 3909 775 3959 ut
809 3905 970 3960 ﬁeret
990 3904 1396 3970 decernentes,
1421 3899 1932 3956 excommunican-

264 3996 378 4051 dos
422 4010 549 4050 esse
600 3997 882 4060 censeret,
915 3993 1067 4048 sicut
1116 3991 1366 4046 aliorum
1417 3990 1824 4062 episcoporum
1877 3992 1933 4044 et

266 4083 460 4155 ipsius
491 4082 760 4154 Cypriani
811 4081 1015 4136 litterae
1058 4080 1399 4145 ostendunt,
1436 4084 1630 4134 tamen
1681 4095 1816 4134 cum
1865 4094 1930 4133 eo

267 4173 597 4244 Cyprianus
629 4171 688 4225 in
720 4171 964 4226 unitatis
996 4185 1136 4241 pace
1170 4169 1556 4240 permansit.»
1589 4169 1934 4224 Excommu-

269 4261 555 4317 nicandos
587 4261 881 4322 censebat,
912 4277 1026 4314 non
1060 4258 1607 4314 excommunicabat
1639 4275 1651 4313 :
1690 4257 1936 4312 minita-

269 4351 449 4406 batur
462 4349 943 4421 Stephanus,non
962 4348 1357 4418 jaculabatur.
1383 4347 1514 4402 ldeo
1538 4353 1596 4401 et
1612 4347 1936 4418 Cyprianus

267 4437 598 4512 permansit
639 4439 698 4493 in
731 4455 868 4510 pace
919 4436 1376 4503 unitatis,etiam
1426 4453 1560 4492 cum
1613 4436 1934 4508 Stephano,

1939 1776 1988 1840 B

2017 492 2082 543 ut
2111 505 2208 543 eos
2231 503 2333 541 nec
2357 487 2423 541 ad
2449 503 2776 542 sermonem
2811 487 3015 544 saltem
3039 489 3312 562 colloquii
3339 497 3667 552 communis

2016 567 2347 631 admitteret
2384 594 2396 630 :
2431 575 2618 630 adhuc
2670 577 2907 646 insuper
2939 579 3273 650 praeciperet
3319 583 3665 639 fraternitati

2017 665 2324 729 universaz,
2357 681 2427 719 ne
2460 665 2592 735 quis
2640 681 2739 719 eos
2772 665 2830 719 in
2863 667 3104 721 domum
3136 686 3304 724 suam
3338 671 3617 743 reciperet
3651 690 3664 728 :

2017 759 2084 809 ut
2113 753 2482 808 venientibus
2527 769 2640 808 non
2673 753 2862 808 solum
2917 773 3025 826 pax
3072 762 3128 811 et
3176 761 3530 829 communio,
3565 763 3665 817 sed

2015 846 2232 898 tectum
2293 847 2349 898 et
2405 842 2723 914 hospitium
2798 849 3124 916 negaretur.
3189 847 3671 906 Rhetoricabatur

2017 932 2414 997 Firmilianus,
2438 937 2495 987 et
2524 949 2710 987 causae
2743 950 2862 988 suae
2903 939 3045 989 aestu
3085 936 3328 992 effusius
3360 938 3668 995 incandes-

2017 1021 2201 1076 cebat.
2238 1021 2309 1075 Ut
2338 1022 2542 1076 I286
2574 1023 2839 1092 asperius
2888 1023 3077 1092 primo
3129 1028 3417 1098 acceperit
3447 1028 3667 1100 legatos

2017 1110 2282 1182 Cypriani
2328 1110 2680 1180 Stephanus,
2715 1128 2827 1182 quo
2877 1112 2947 1166 ad.
2996 1112 3254 1168 officium
3289 1115 3456 1170 illum
3506 1134 3665 1173 revo‘

2019 1203 2195 1261 caret,
2229 1198 2370 1253 nihil
2405 1215 2600 1253 moror
2631 1214 2644 1251 :
2680 1203 2737 1254 at
2771 1216 2970 1271 pacem
3002 1201 3072 1256 ab
3116 1218 3181 1256 eo
3223 1220 3334 1257 non
3371 1220 3498 1260 esse
3529 1223 3667 1276 rup-

2018 1292 2160 1354 tam,
2193 1287 2249 1340 id
2291 1288 2593 1358 superiora
2642 1294 2986 1360 argumenta
3029 1291 3395 1362 pervincunt.
3429 1297 3498 1347 Et
3543 1295 3671 1365 ipse

2019 1377 2269 1448 denique
2301 1376 2623 1448 Cyprianus
2656 1377 2713 1430 in
2753 1378 2922 1448 Epist.
2955 1381 3034 1433 ad
3063 1384 3405 1452 Pompeium,
3440 1399 3555 1453 qua
3586 1400 3676 1438 as-

2019 1465 2276 1536 periores
2299 1466 2369 1519 ad
2394 1482 2456 1519 se
2478 1465 2758 1536 Stephani
2791 1465 3016 1522 litteras
3048 1469 3368 1539 asperrime
3394 1472 3671 1544 exagitat,

2019 1553 2258 1608 fratrem
2283 1563 2478 1608 tamen
2510 1554 2705 1625 ipsum
2731 1554 3005 1626 appellat,
3034 1563 3216 1628 ruptae
3240 1559 3675 1614 communionis

2023 1659 2306 1713 nusquam
2369 1643 2652 1698 meminit.
2687 1643 2756 1698 Et
2812 1645 2883 1698 ad
2943 1646 3246 1700 cumulum
3309 1649 3677 1719 Augustinus

2020 1731 2058 1786 l.
2093 1749 2128 1785 ν
2161 1732 2343 1786 Contr.
2379 1733 2596 1795 Donat.,
2629 1748 2680 1787 e.
2714 1733 2784 1786 25
2817 1750 2829 1787 :
2861 1756 2878 1778 -
2917 1733 3252 1805 Stephanus
3297 1737 3678 1794 abstinendos

2023 1826 2325 1892 putaverat
2369 1822 2467 1892 qui
2521 1821 2591 1876 de
2639 1823 3030 1892 suscipiendis
3079 1824 3366 1881 haereticis
3419 1827 3675 1898 priscam

2023 1910 2508 1965 consuetudinem
2568 1909 2888 1965 convellere
2938 1917 3305 1969 conarentur.
3353 1917 3675 1986 Cyprianus

2022 1999 2082 2053 in
2114 1999 2336 2054 unitate
2369 2015 2498 2053 cum
2548 2000 2632 2053 eis
2683 2001 3041 2054 manendum
3090 2003 3187 2072 qui
3237 2003 3464 2060 diversa
3492 2004 3676 2059 senti-

2025 2093 2174 2142 rent.
2211 2092 2293 2142 Ita
2322 2088 2590 2158 quamvis
2631 2089 2980 2144 commotius
3027 2091 3125 2145 sed
3176 2096 3374 2148 tamen
3425 2095 3680 2150 fraterne

2024 2176 2384 2247 indignetur,
2432 2177 2570 2231 vicit
2616 2181 2811 2232 tamen
2875 2196 2984 2249 pax
3015 2178 3228 2235 Christi
3288 2181 3344 2235 in
3405 2183 3683 2238 cordibus

2026 2283 2250 2335 eorum,
2286 2270 2350 2319 ut
2397 2265 2454 2320 in
2501 2265 2599 2320 tali
2633 2266 3052 2337 disceptatione
3101 2269 3329 2324 nullum
3380 2269 3534 2325 inter
3579 2287 3678 2326 eos

2028 2354 2248 2410 malum
2317 2354 2655 2410 schismatis
2721 2355 2988 2411 oriretur.
3043 2378 3071 2406 »
3132 2357 3436 2430 Utcunque
3500 2359 3683 2431 igitur

2029 2443 2326 2500 consensit
2368 2443 2698 2515 Stephanus
2731 2445 2829 2515 qui
2865 2445 3092 2501 diversa
3131 2449 3415 2502 sentirent
3445 2449 3517 2503 ab
3548 2450 3680 2504 uni-

2028 2539 2146 2589 tate
2180 2550 2292 2588 non
2325 2533 2595 2604 praecidi;
2629 2539 2682 2588 et
2732 2535 3057 2590 universale
3111 2537 3422 2592 concilium
3476 2555 3680 2610 exspe-

2030 2622 2194 2677 ctari.

2029 2728 2195 2784 XXXI
2243 2728 2498 2784 Graviori
2517 2731 2838 2784 auctoritati
2865 2730 3053 2785 cedere
3071 2730 3321 2786 debuisse
3340 2734 3682 2803 Cyprianum

2640 2815 2710 2854 ex
2739 2803 2772 2854 Α
2786 2804 3061 2868 ugustino.

2101 2906 2381 2972 Quocirca
2414 2910 2475 2960 ut
2497 2906 2620 2976 ejus
2641 2906 2970 2962 auctoritati
2994 2925 3026 2962 a
3048 2908 3250 2963 multis
3283 2909 3671 2977 resisteretur,

2029 2994 2282 3050 charitas
2311 2997 2438 3063 ejus
2469 2994 2526 3049 in
2559 3012 2735 3051 causa
2765 2997 2872 3051 fuit
2907 3014 3031 3068 quas
3071 2998 3140 3051 ad
3181 2997 3406 3052 veniam
3439 2999 3674 3054 tandem

2029 3083 2220 3154 ipsum
2245 3089 2302 3138 et
2322 3085 2703 3138 mconomiam
2729 3083 3047 3140 inclinavit.
3069 3086 3295 3157 Alioqui
3321 3087 3679 3157 quantalibet

2032 3176 2316 3244 potestate
2348 3177 2406 3226 et
2435 3173 2689 3227 scientiae
2730 3175 2992 3229 ubertate
3041 3176 3304 3230 afﬂueret
3332 3177 3681 3248 Cyprianus,

2029 3261 2245 3317 inflecti
2277 3266 2473 3316 tamen
2523 3261 2716 3332 ipsum
2759 3263 3030 3318 debuisse
3057 3265 3306 3334 graviori
3354 3268 3681 3320 auctoritate

2032 3356 2233 3405 auctor
2279 3356 2368 3405 est
2417 3351 2538 3421 ipse
2586 3352 2946 3421 Augustinus
2994 3351 3032 3405 l.
3090 3371 3129 3406 ιι
3178 3355 3252 3408 De
3299 3355 3456 3425 Bapt.
3508 3363 3678 3410 contr.

2031 3440 2248 3506 Donat.,
2301 3455 2350 3493 c.
2386 3439 2463 3492 3:
2503 3463 2528 3487 ‹‹
2573 3443 2732 3494 Certe
2790 3440 2957 3496 nobis
3013 3441 3262 3512 objicere
3319 3442 3520 3497 soletis
3578 3444 3682 3516 Cy-

2035 3529 2218 3600 priani
2264 3527 2508 3596 litteras,
2543 3528 2808 3600 Cypriani
2842 3531 3217 3597 sententiam,
3249 3532 3516 3604 Cypriani
3551 3550 3682 3587 con-

2035 3617 2257 3687 cilium,
2292 3622 2398 3671 etc.
2430 3617 2570 3682 Quis
2596 3618 2814 3673 nesciat
2838 3624 3098 3674 sanctam
3131 3621 3489 3692 Scripturam
3513 3639 3686 3676 cano-

2037 3708 2228 3760 nicam
2262 3707 2536 3761 omnibus
2576 3707 2996 3778 posterioribus
3032 3709 3438 3780 episcoporum
3479 3711 3690 3767 litteris

2037 3793 2119 3847 ita
2150 3795 2424 3864 praeponi,
2461 3799 2660 3848 utrum
2704 3812 2902 3850 verum
2935 3796 3022 3851 vel
3075 3801 3138 3851 ut
3185 3798 3256 3852 de
3304 3797 3403 3852 illa
3449 3797 3687 3853 omnino

2040 3882 2292 3937 dubitari
2317 3889 2374 3937 et
2394 3883 2704 3955 disceptari
2730 3901 2844 3939 non
2875 3886 3079 3956 possit,
3105 3891 3301 3940 utrum
3336 3892 3557 3941 rectum
3593 3887 3690 3956 sit,

2041 3969 2324 4041 quidquid
2359 3969 2416 4024 in
2448 3987 2514 4025 ea
2546 3971 2827 4042 scriptum
2861 3989 2988 4027 esse
3017 3973 3358 4028 constiterit.
3384 3973 3691 4044 Episcopo-

2042 4075 2175 4112 rnm
2203 4063 2394 4114 autem
2430 4058 2652 4115 litteras
2675 4077 2800 4132 quae
2825 4065 2954 4131 post
2976 4062 3386 4117 confirmatum
3410 4076 3688 4118 canonem

2042 4146 2129 4203 vel
2162 4148 2389 4219 scriptae
2431 4153 2586 4215 sunt,
2623 4148 2707 4202 vel
2745 4149 3120 4205 scribuntur:
3147 4155 3202 4205 et
3234 4166 3334 4222 per
3365 4167 3692 4206 sermonem

2045 4238 2188 4292 forte
2219 4237 2631 4308 sapientiorem
2663 4237 2978 4309 cujuslibet
3012 4239 3070 4293 in
3102 4255 3169 4294 ea
3201 4255 3260 4294 re
3294 4239 3605 4310 peritioris,
3641 4243 3698 4294 et

2045 4342 2150 4397 per
2179 4325 2423 4380 aliorum
2457 4326 2861 4398 episcoporum
2907 4327 3231 4398 graviorem
3265 4328 3694 4391 auctoritatem,

2047 4415 2484 4485 doctioremque
2533 4415 2928 4486 prudentiam,
2972 4421 3029 4471 et
3074 4432 3176 4487 per
3222 4417 3468 4472 concilia
3526 4416 3697 4472 licere

268 4503 432 4583 inde
463 4527 678 4583 ibidem
717 4503 847 4583 {nox
880 4545 892 4582 ε
923 4547 951 4576 α
984 4526 1126 4580 Ecce
1159 4526 1272 4581 duo
1304 4529 1473 4580 erant
1505 4541 1620 4579 uno
1650 4503 1931 4596 tefnpore,
1966 4511 2011 4574 Ι)
2045 4503 2412 4596 reprehendi,
2438 4503 2660 4596 siquid
2695 4505 2752 4558 in
2784 4505 2867 4560 eis
2898 4504 3043 4560 forte
3073 4522 3107 4560 a
3133 4505 3369 4562 veritate
3399 4505 3691 4561 deviatum

270 4620 343 4670 ut
391 4619 460 4671 de
513 4615 644 4671 aliis
697 4620 945 4680 taceam,
979 4614 1078 4685 qui
1129 4614 1362 4669 diversa
1416 4615 1764 4668 sentiebant.
1817 4618 1938 4666 Duo

272 4708 444 4759 erant
463 4703 1066 4759 eminentissimarum
1093 4702 1508 4772 Ecclesiarum,
1539 4703 1812 4756 Romanis
1835 4701 1941 4755 sci-

279 4791 426 4848 licet
455 4798 510 4849 et
539 4791 1016 4865 Carthaginensis
1065 4791 1344 4864 episcopi,
1379 4790 1710 4862 Stephanus
1741 4795 1797 4846 et
1834 4790 1938 4862 Cy-

284 4881 531 4952 prianus
563 4882 736 4937 ambo
767 4881 827 4936 in
859 4881 1085 4935 unitate
1107 4879 1394 4935 catholica
1425 4877 1746 4934 constituti.
1773 4877 1940 4933 Multi

274 4985 412 5024 cum
438 4968 559 5036 illo,
578 4970 821 5041 quidam
846 4985 978 5024 cum
1006 4968 1118 5023 isto
1139 4969 1318 5023 etiam
1343 4967 1692 5036 sentiebant,
1710 4967 1940 5038 utrique

277 5073 417 5112 cum
448 5057 533 5114 eis
563 5058 620 5112 in
654 5058 876 5113 unitate
908 5057 1359 5112 consistentes.»
1383 5055 1537 5110 Nihil
1570 5055 1662 5110 his
1685 5056 1942 5126 apertius

277 5145 406 5201 fieri
441 5151 651 5218 potest.
686 5150 875 5218 Atque
925 5147 1067 5200 adeo
1112 5144 1438 5216 mitiganda
1487 5149 1627 5199 sunt
1676 5143 1942 5199 nonnihil

279 5235 609 5291 Firmiliani
655 5237 728 5291 ad
760 5235 1113 5308 Cyprianum
1149 5237 1320 5289 verba
1367 5233 1647 5289 adversus
1695 5233 1938 5305 Stepha-

280 5341 429 5379 num
483 5325 790 5380 stridentia
851 5327 908 5380 in
967 5325 1123 5378 hunc
1183 5324 1422 5378 modum
1459 5340 1523 5377 ;‹‹
1562 5323 1766 5377 Pacem
1808 5339 1941 5376 cum

285 5413 537 5486 singulis
565 5415 723 5470 vario
756 5414 1060 5470 discordia:
1107 5429 1314 5484 genere
1345 5417 1736 5484 rumpentem,
1772 5412 1944 5466 modo

285 5518 422 5557 cum
455 5503 1042 5574 Orientalibus,quod
1080 5517 1183 5556 nec
1213 5518 1314 5556 vos
1355 5501 1533 5557 latere
1563 5501 1942 5568 confidimus;

287 5591 464 5646 modo
522 5591 847 5661 vobiscum,
895 5590 998 5663 qui
1046 5590 1104 5645 in
1157 5589 1399 5646 meridie
1446 5589 1622 5656 estis;
1663 5605 1698 5643 a
1729 5589 1944 5660 quibus

2050 4598 2207 4648 est.»
2247 4591 2668 4658 Quorumlibet,
2721 4597 2780 4648 ut
2839 4593 3019 4662 vides,
3064 4595 3491 4665 episcoporum,
3528 4599 3700 4663 atque

2049 4683 2192 4737 adeo
2222 4681 2490 4753 Cypriani
2525 4681 2728 4736 litterae
2762 4683 3105 4754 reprehendi
3141 4689 3427 4754 poterant,
3462 4701 3574 4739 non
3607 4700 3700 4737 sa-

2051 4771 2332 4843 pientiora
2370 4774 2598 4825 tantum
2649 4771 2962 4843 cujuslibet
3011 4773 3217 4844 privati
3265 4789 3554 4840 sermone,
3584 4789 3699 4826 non

2050 4859 2282 4915 concilii
2312 4862 2538 4914 tantum
2590 4859 3058 4933 congregatione,
3093 4863 3194 4917 sed
3243 4861 3489 4917 aliorum
3524 4861 3701 4915 etiam

2036 4950 2478 5022 episcoporum,
2502 4953 2677 5021 atque
2710 4951 2852 5006 adeo
2884 4968 2998 5023 prae
3030 4950 3253 5006 caeteris
3285 4950 3526 5006 Romani
3562 4949 3706 5003 Prai-

2050 5039 2199 5094 sulis
2253 5040 2506 5110 graviore
2563 5042 2886 5095 auctoritate
2941 5040 3314 5111 doctioreque
3373 5037 3701 5110 prudentia.

2051 5127 2180 5184 Hac
2211 5127 2366 5183 enim
2399 5128 2508 5182 tria
2539 5129 2845 5201 perspicue
2875 5127 3241 5184 discriminat
3271 5128 3655 5200 Augustinus.

2051 5235 2266 5291 ΧΧΧΗ.
2301 5237 2362 5290 Et
2395 5235 2703 5306 Cyprianus
2749 5242 2800 5290 et
2835 5236 2960 5318 alii
2990 5237 3108 5305 eius
3136 5236 3491 5290 consentanei
3517 5237 3704 5306 forsan

2730 5323 3026 5378 resipuere.

2128 5413 2272 5479 Quid
2305 5413 2352 5468 si
2385 5417 2442 5467 et
2472 5411 2596 5483 ipse
2627 5413 2949 5484 Cyprianus
2985 5418 3117 5468 ante
3155 5413 3378 5468 obitum
3413 5413 3658 5485 resipuit
3682 5413 3708 5467 ?

2057 5501 2244 5559 Nolim
2277 5501 2548 5573 equidem
2580 5501 2664 5557 vel
2697 5502 2880 5574 illius,
2904 5503 2990 5558 vel
3023 5501 3344 5558 Firmiliani
3377 5503 3708 5558 sanctitatis

2055 5593 2271 5647 famam
2294 5591 2364 5645 ab
2388 5589 2496 5645 hoc
2522 5589 2770 5665 religare
2790 5592 3088 5666 ambiguo.
3108 5591 3218 5648 Sed
3242 5595 3300 5648 et
3319 5607 3443 5648 rem
3465 5591 3711 5648 dubiam
