4088 6174
422 350 578 409 1287

1476 347 1579 406 DE
1624 344 2222 407 HERETICORUM
2267 346 2798 409 BAPTlSMATE.

3682 345 3833 410 1288

408 477 588 532 nolim
612 476 853 532 indubie
874 476 1124 547 explodi.
1153 476 1355 532 Sobrie
1376 480 1433 531 et
1459 478 1757 549 sapienter
1778 494 1884 533 suo
1906 492 2067 533 more
2094 477 2151 543 Α
2178 475 2325 550 legis
2357 479 2583 550 copiam
2631 479 2849 547 fecerit,
2882 482 2983 534 aut
3026 476 3417 551 patrocinium
3448 479 3834 549 adornaverit,

405 568 774 638 Augustinus
803 565 841 620 1.
873 583 937 632 ιι,
964 566 1035 621 Dc
1061 566 1217 637 Bapt.
1245 574 1417 621 contr.
1451 568 1643 623 Donat.
1673 583 1727 621 ει
1746 567 1803 622 Si
1838 567 2069 622 Petrum

407 654 609 710 laudat
652 660 709 711 et
759 655 1034 728 praedicat
1086 655 1415 727 Cyprianus
1463 656 1533 711 ab
1588 673 1704 712 uno
1753 656 2073 728 posteriore

414 745 637 817 collega
670 749 938 817 patenter
959 745 1437 816 concordilerque
1467 750 1821 813 correctum;
1851 749 2072 817 quanto

416 833 592 889 citius
632 834 757 905 ipse
807 850 940 888 cum
995 833 1238 889 concilio
1288 835 1596 905 provinciae
1646 852 1785 904 suae,
1816 834 2072 903 universi

415 923 574 980 orbis
640 924 1018 987 auctoritate,
1076 923 1320 979 veritate
1374 924 1692 995 patefacta,
1753 923 2073 979 cessisset?

415 1014 561 1078 Quia
594 1013 849 1085 profecto
881 1014 1083 1069 1231
1128 1018 1185 1068 et
1218 1014 1315 1067 uni
1368 1031 1567 1069 verum
1601 1014 1816 1069 dicenti
1868 1020 1924 1070 et
1974 1015 2072 1069 de-

414 1102 767 1157 monstranti
801 1106 1001 1173 posset
1040 1102 1315 1157 facillime
1347 1103 1677 1159 consentire
1714 1108 1837 1159 tam
1872 1105 2075 1158 sancta

413 1191 632 1260 anima,
664 1196 782 1246 tam
818 1196 1043 1263 pacata.
1069 1192 1138 1245 Et
1170 1192 1416 1247 fortasse
1444 1191 1661 1247 factum
1698 1198 1803 1259 est,
1841 1192 1939 1247 sed
1973 1208 2072 1247 ne-

412 1281 654 1337 scimus.
678 1280 876 1352 Neque
906 1281 1061 1336 enim
1093 1281 1291 1335 omnia
1322 1298 1450 1352 (11112
1479 1281 1536 1335 in
1570 1281 1668 1337 illo
1701 1288 1963 1353 tempore
1991 1282 2076 1336 in'

410 1373 500 1424 ter
528 1370 835 1441 episcopos
866 1373 1027 1442 gesta
1056 1373 1195 1423 sunt
1221 1370 1522 1425 memoriae
1552 1370 1879 1441 litterisque
1912 1387 2074 1424 man-

412 1460 536 1514 dari
571 1463 886 1531 potuerunt
918 1476 931 1513 :
966 1464 1067 1514 aut
1096 1459 1292 1514 omnia
1325 1475 1458 1530 quae
1493 1460 1770 1514 mandata
1799 1464 1940 1515 sunt
1970 1475 2074 1514 no-

409 1548 849 1604 vimus.»Vides
873 1553 935 1603 ut
955 1548 1060 1603 has
1083 1549 1452 1618 conjecturas
1478 1565 1581 1603 nec
1608 1547 1809 1604 leviter
1825 1551 2072 1619 astruat,

410 1654 513 1693 nec
542 1637 790 1692 ﬁdenter
819 1641 1165 1709 aspernetur
1198 1644 1443 1691 sanctus
1473 1638 1657 1692 Pater.
1682 1638 1749 1692 Et
1770 1636 1938 1707 epist.
1964 1637 2032 1691 48
2057 1670 2069 1708 ε

421 1749 449 1776 ‹‹
482 1725 805 1797 Cyprianus
864 1730 964 1780 aut
1022 1742 1137 1781 non
1199 1726 1387 1781 sensit
1419 1725 1677 1797 omnino,
1731 1726 1884 1798 quod
1937 1741 2070 1781 eum

2182 571 2245 622 ut
2274 572 2407 624 ante
2449 568 2762 624 concilium
2816 568 3144 641 plenarium
3195 584 3311 623 non
3376 569 3829 639 acquiescerent.

2184 657 2407 728 Ingenti
2438 658 2593 712 enim
2627 674 2867 730 prorsus
2898 658 2985 712 hae
3017 657 3373 729 questiones
3403 657 3624 712 distant
3654 658 3831 713 inter-

2181 745 2350 800 vallo.
2388 746 2487 802 Ille
2515 747 2587 802 ad
2633 747 2832 812 ﬁdem,
2864 747 2985 802 haec
3034 747 3105 802 ad
3155 747 3612 801 consuetudines
3646 747 3835 819 magis

2181 834 2450 891 Ecclesia
2500 836 2769 907 pertinet.
2803 837 2863 890 In
2899 836 3187 890 unitatem
3236 835 3369 890 fidei
3404 837 3711 891 concinere
3738 854 3835 891 ne-

2182 939 2415 980 cessum
2446 929 2537 980 est
2584 924 2783 981 fideles
2815 940 3051 980 necesse
3085 941 3098 978 :
3129 927 3175 978 A
3205 923 3320 979 fide
3351 924 3719 980 deviastibus
3752 925 3838 979 nil

2181 1015 2361 1069 venias
2385 1018 2673 1085 superest,
2689 1014 2805 1069 nisi
2828 1017 2864 1068 1
2882 1014 3033 1070 288
3059 1017 3225 1068 rectae
3248 1012 3449 1068 orbita:
3476 1027 3538 1069 se
3559 1013 3842 1068 reddant:

2185 1121 2217 1158 a
2248 1103 2743 1159 consuetudinum
2777 1108 2936 1158 recto
2981 1102 3216 1156 tramite
3264 1101 3625 1156 declinantes
3653 1118 3720 1157 ex
3749 1118 3849 1157 ve-

2184 1192 2282 1247 nia
2314 1207 2568 1263 persaepe
2616 1191 2957 1246 tolerantur.
2994 1190 3094 1245 Hic
3129 1190 3324 1257 habet,
3356 1189 3478 1245 illic
3520 1207 3637 1246 non
3668 1190 3851 1246 habet

2182 1279 2373 1336 locum
2427 1280 2807 1352 dispensatio.
2843 1280 3107 1336 Definitaa
3153 1278 3336 1334 semel
3385 1279 3520 1333 ﬁdei
3578 1279 3849 1351 derogari

2184 1370 2457 1442 deinceps
2489 1386 2791 1441 nunquam
2824 1374 2881 1424 et
2911 1384 3203 1440 nusquam
3238 1373 3467 1438 potest:
3503 1368 3845 1423 constitutae

2183 1458 2623 1531 quomodolibet
2653 1458 3145 1514 consuetudinum
3181 1456 3505 1529 disciplina
3549 1473 3666 1512 non
3710 1474 3846 1512 raro

2182 1549 2467 1620 posterior
2510 1554 2650 1603 aetas
2699 1549 2961 1620 derogat,
2993 1548 3124 1619 ipsa
3170 1546 3376 1602 saltem
3428 1547 3844 1601 desuetudine.

2180 1637 2451 1693 Conciliis
2482 1637 2655 1692 etiam
2688 1636 3066 1692 cecumenicis
3119 1636 3581 1691 consuetudines
3610 1634 3845 1707 aliquas

2182 1727 2569 1783 sentientibus
2601 1730 2702 1780 aut
2741 1742 2853 1780 non
2906 1724 3105 1780 statim
3137 1724 3575 1796 obtemperatur
3605 1728 3711 1778 aut
3739 1725 3841 1779 ob-

414 1814 673 1871 sensisse
705 1814 984 1881 recitatis,
1012 1818 1113 1870 aut
1143 1814 1252 1871 hoc
1276 1819 1478 1887 postea
1503 1814 1752 1870 correxit
1781 1815 1839 1869 in
1871 1814 2072 1886 regula
2098 1850 2149 1915 B
2180 1813 2493 1883 temperari
2544 1812 2830 1867 desinitur
2862 1816 3081 1882 postea,
3117 1815 3181 1865 ut
3228 1827 3344 1866 non
3388 1809 3536 1866 citra
3578 1810 3840 1882 culpam,

410 1903 693 1970 veritatis,
726 1907 829 1959 aut
857 1903 1013 1959 hunc
1045 1903 1212 1975 quasi
1267 1920 1493 1959 naevum
1543 1903 1843 1976 cooperuit
1892 1904 2073 1959 ubere
2098 1899 2149 1915 "
2180 1907 2239 1957 at
2266 1902 2423 1957 circa
2470 1900 2713 1957 unitatis
2762 1899 3166 1955 ecclesiasticas
3215 1899 3437 1967 labem;
3471 1904 3529 1954 at
3581 1899 3716 1955 ﬁdei
3751 1916 3842 1955 se-

423 1992 746 2048 charitatis.
770 2014 800 2042 »

476 2081 821 2153 Dionysium
856 2080 1312 2137 Alexandrinum
1347 2083 1512 2138 docet
1539 2082 1924 2154 Hieronymus
1958 2081 2063 2138 lib.

404 2170 470 2225 de
501 2170 699 2241 Script.
726 2171 929 2225 Ecclcs.
955 2194 982 2220 ‹‹
1020 2171 1080 2225 In
1113 2170 1382 2243 Cypriani
1430 2175 1486 2225 et
1533 2171 1809 2226 Africanae
1860 2170 2065 2242 synodi

402 2260 617 2331 dogma
646 2260 1046 2327 consensisse;
1079 2264 1136 2315 et
1165 2265 1360 2315 tamen
1407 2264 1473 2314 ut
1524 2260 1653 2331 ejus
1684 2259 1962 2331 epistolas
1992 2260 2063 2314 ad

404 2349 698 2405 Romanos
728 2348 1032 2420 pontifices
1061 2363 1129 2403 ex
1151 2347 1399 2402 Eusebio
1433 2348 1598 2403 datas
1632 2345 1839 2403 sileam
1869 2363 1882 2401 :
1908 2347 2066 2402 Basi—

399 2438 515 2493 lius
545 2438 602 2493 in
635 2439 807 2510 epist.
841 2438 911 2492 ad
942 2438 1134 2509 Amph.
1165 2436 1345 2492 semel
1378 2437 1715 2509 iterumque
1747 2437 2061 2509 conqueri-

400 2532 495 2582 tur
525 2529 595 2583 de
625 2527 930 2599 Dionysio,
964 2528 1115 2598 quod
1167 2526 1601 2598 Pepuzenorum
1634 2526 1929 2598 baptisma
1958 2544 2058 2599 aps

400 2618 689 2689 probaret.
750 2616 893 2671 Hine
961 2617 1294 2685 conjectura
1358 2620 1448 2672 est
1517 2617 1587 2670 ad
1661 2616 2057 2672 Romanorum

400 2707 751 2763 sententiam
800 2707 1037 2762 tandem
1078 2706 1415 2762 accessisse.
1446 2706 1829 2778 Hieronymus
1860 2711 2055 2760 autem

394 2795 518 2867 adv.
569 2796 785 2867 Lucif.:
838 2794 927 2851 Illi
1002 2795 1115 2866 ipsi
1161 2794 1419 2865 episcopi
1468 2796 1567 2866 qui
1614 2794 2058 2866 rebaptizandos

399 2862 465 2937 hi
580 2883 590 2894 .
700 2862 708 2867 '
1030 2862 1043 2866 “
1081 2886 1090 2894 .
1196 2862 1214 2865 “
1363 2862 1379 2865 “
1486 2862 1502 2866 ”
1756 2862 1773 2866 “
1856 2882 1865 2893 .

439 2888 696 2938 aereticos
745 2901 879 2939 cum
925 2885 1210 2955 Cypriano
1258 2888 1604 2953 statuerant,
1636 2884 1705 2937 ad
1750 2887 2050 2954 antiquam

396 2973 884 3029 consuetudinem
919 2972 1187 3041 revoluti,
1212 2989 1425 3027 novum
1453 2972 1700 3028 emisere
1730 2973 2050 3042 decretum,

395 3065 503 3117 etc.
532 3084 558 3110 »
580 3061 947 3132 Augustinus
980 3062 1019 3116 I.
1057 3078 1117 3116 ιιι
1148 3070 1335 3117 contra
1366 3061 1637 3129 Graecam,
1672 3078 1720 3117 c.
1748 3062 1803 3126 2,
1834 3060 2050 3131 innuit,

398 3172 420 3199 α
453 3150 770 3206 Orientales
818 3167 996 3206 suum
1047 3151 1341 3221 judicium
1390 3150 1797 3207 correxisse.»
1850 3151 2045 3205 Incas-

393 3257 524 3295 sum
594 3255 731 3311 ergo
788 3240 1032 3295 Baronio
1096 3240 1479 3312 indignantur
1549 3238 1840 3311 ejusmodi
1898 3221 2113 3311 quidC

394 3328 679 3385 ominanti
721 3329 791 3384 de
832 3329 1188 3384 Firmiliano.
1223 3330 1280 3384 Si
1329 3334 1524 3385 tamen
1582 3330 1727 3384 ﬁdes
1783 3329 1911 3399 ejus
1961 3329 2042 3383 rei

394 3421 585 3476 adhuc
618 3425 806 3484 nutat,
830 3435 937 3475 nec
968 3419 1098 3489 plus
1118 3435 1282 3490 sequo
1313 3418 1738 3491 indulgendum
1771 3424 1827 3473 et
1857 3418 2044 3489 suspi-

391 3509 659 3565 cionibus
690 3508 869 3563 animi
922 3508 1127 3575 nostri,
1162 3507 1491 3563 consultius
1521 3508 1630 3563 erit
1663 3508 2045 3579 Augustinum

390 3616 626 3653 rursum
657 3598 881 3664 audire,
905 3597 945 3652 Ι.
970 3596 1036 3651 de
1067 3599 1228 3652 unico
1258 3598 1414 3668 Bapt.
1439 3605 1608 3651 contr.
1635 3598 1825 3661 Petil.,
1856 3613 1906 3651 c.
1942 3598 2040 3651 13:

393 3705 421 3734 «
452 3685 566 3739 Nec
598 3701 704 3740 nos
735 3684 833 3754 qui
884 3684 1163 3755 baptismi
1194 3684 1494 3739 veritatem
1528 3684 1703 3739 etiam
1754 3686 1812 3739 in
1862 3684 2042 3739 haere-

390 3774 637 3829 ticorum
669 3773 974 3844 iniquitate
1013 3772 1389 3845 agnoscimus
1422 3773 1617 3844 potius
1648 3789 1826 3844 quam
1867 3789 2041 3845 nega-

392 3880 546 3934 mus,
580 3864 709 3919 ideo
742 3863 1014 3920 meliores
1043 3862 1329 3935 Cypriane
1361 3878 1591 3931 sumus,
1624 3862 1775 3917 sicut
1806 3878 1909 3916 nec
1944 3863 2042 3917 Pe-

391 3957 503 4019 tro,
540 3952 678 4023 quia
726 3956 930 4024 gentes
972 3951 1274 4022 judaizare
1321 3968 1435 4006 non
1489 3951 1774 4023 cogimus.
1810 3951 1927 4006 Hoc
1974 3950 2044 4005 de

394 4041 716 4113 Agrippino
738 4041 990 4113 aliisque
1018 4040 1308 4113 episcopis
1329 4041 1429 4111 qui
1450 4040 1553 4096 illa
1573 4040 1817 4096 concilia
1838 4039 2044 4096 fecisse

388 4130 773 4202 perhibentur
820 4129 1248 4202 responderim,
1282 4130 1382 4201 qui
1434 4129 1518 4185 sic
1566 4130 1798 4185 diversa
1843 4146 2042 4185 sense-

386 4222 547 4284 runt,
579 4228 639 4274 ut
688 4236 819 4275 cum
873 4220 956 4275 eis
1020 4224 1222 4274 contra
1250 4237 1397 4291 quos
1447 4221 1517 4274 de
1567 4219 1675 4275 hac
1724 4220 2043 4290 quaestione

387 4309 740 4377 sentiebant,
764 4309 824 4364 in
856 4308 1079 4364 unitate
1111 4307 1491 4379 persisterent
1520 4308 1619 4364 ubi
1641 4308 1897 4364 charitas
1917 4325 2047 4364 coo-

387 4397 538 4468 perit
576 4398 1017 4453 multitudinem
1068 4402 1461 4470 peccatorum.
1493 4419 1514 4449 ιι
1552 4398 1623 4453 Et
1668 4398 1884 4453 Bedam
1915 4414 2043 4453 rur-

383 4503 515 4541 sum
557 4487 759 4541 audire
806 4488 1078 4559 superius
1133 4487 1411 4556 relatum;
1449 4487 1550 4560 qui
1603 4486 1809 4543 Aidani
1858 4487 2038 4542 vitam

383 4575 728 4647 evangelicae
758 4577 981 4632 amussi
1030 4581 1361 4648 coaptatam
1412 4576 1713 4645 laudabat,
1742 4592 1859 4631 non
1907 4576 2041 4633 lau-

382 4663 562 4717 dabat
614 4668 810 4719 autem
871 4666 1026 4736 quod
1086 4665 1431 4721 canonicum
1492 4664 1726 4721 Pascha:
1781 4669 2037 4737 tempus,

382 4774 409 4801 «
438 4750 524 4807 vel
555 4750 854 4823 ignorans,
876 4753 963 4809 vel
1000 4771 1117 4809 suae
1146 4754 1334 4821 gentis
1361 4755 1727 4821 auctoritate,
1751 4770 1858 4811 nec
1883 4754 2042 4827 agni-

380 4845 505 4896 tum
538 4846 899 4913 sequeretur,
932 4842 1216 4909 devictus,
1249 4860 1365 4899 non
1399 4844 1754 4899 observaret.
1782 4865 1812 4893 »

380 4965 620 5040 XXXIII.
655 4966 838 5022 Altera
870 4969 1128 5037 aperitur
1178 4968 1263 5021 via
1312 4966 1582 5022 solvendae
1613 4966 1792 5040 hujus
1820 4977 2035 5024 contro-

452 5039 664 5105 versia,
706 5055 775 5093 ea:
820 5040 1144 5095 discrimine
1192 5040 1561 5109 qmetionm
1605 5039 1691 5094 de
1722 5039 1830 5109 ﬁde
1874 5043 1925 5095 et
1971 5040 2039 5095 de

451 5110 960 5167 consuetudinibus.

451 5234 519 5287 Et
550 5233 685 5288 hinc
718 5251 924 5289 rursus
951 5234 1065 5288 alia
1096 5248 1156 5288 se
1188 5229 1394 5303 pandit
1415 5232 1561 5287 ratio
1585 5235 1855 5290 secundm
1884 5235 2036 5291 inter

378 5322 537 5377 varia
567 5323 1003 5395 Augustinianze
1027 5321 1301 5376 doctrinae
1328 5322 1518 5391 capita
1544 5323 1991 5380 conﬂictationis
2016 5342 2029 5380 :

379 5426 512 5465 cum
547 5411 698 5465 idem
732 5412 856 5484 ipse
888 5416 943 5466 et
972 5408 1201 5465 concilii
1246 5407 1490 5480 plenarii
1522 5426 1681 5481 spem
1715 5414 2034 5484 amputarit

379 5499 741 5571 Pelagianis,
802 5500 1218 5559 inexorabilem
1287 5499 1554 5557 indicans
1622 5505 2029 5561 necessitatem

382 5589 667 5647 Africanis
698 5592 959 5649 conciliis
984 5596 1041 5647 et
1068 5589 1409 5662 Apostolicaa
1453 5591 1705 5649 maxime
1736 5594 1901 5650 Sedis
1932 5596 2031 5650 de-

380 5677 745 5738 ﬁnitionibus
776 5680 1183 5738 subscribendi
1208 5695 1222 5735 :
1246 5679 1314 5735 Et
1335 5679 1622 5752 Cypriane
1643 5683 1891 5755 ejusque
1912 5684 2027 5740 col-

2178 1989 2293 2047 mel
2341 1989 2669 2046 constitutis
2727 1986 3185 2045 irrevocabiliter
3234 1989 3679 2045 obaudiendum
3728 1992 3838 2044 est.

2176 2080 2575 2135 Tertullianus
2606 2080 2649 2134 I.
2681 2078 2745 2134 de
2795 2079 3003 2149 Virgin.
3056 2077 3276 2133 vetanti.
3311 2095 3330 2133 :
3361 2099 3389 2127 κ
3446 2077 3693 2149 Regula,
3743 2076 3837 2131 in-

2175 2170 2323 2241 quit,
2356 2170 2469 2224 ﬁde
2501 2168 2738 2224 omnino
2770 2185 2887 2223 una
2925 2172 3033 2235 est,
3065 2166 3190 2223 sola
3227 2166 3571 2237 immobilis,
3604 2172 3663 2222 et
3695 2167 3836 2221 irre-

2173 2258 2523 2315 formahilis.
2556 2278 2583 2306 »

2302 2374 2544 2429 XXXIV.
2581 2375 2743 2429 Varia
2783 2375 2946 2440 huius
2978 2372 3319 2427 discriminis
3346 2372 3694 2428 documenta.

2242 2474 2376 2529 Ideo
2428 2473 2672 2527 forsitan
2728 2471 2973 2526 unitatis
3022 2476 3078 2526 et
3124 2472 3284 2542 pacis
3338 2470 3561 2541 gremio
3616 2470 3833 2525 retenti

2167 2567 2304 2618 sunt
2335 2563 2403 2617 ad
2439 2561 2748 2617 concilium
2782 2576 2969 2631 usque
3002 2559 3323 2621 Nicaenum,
3351 2560 3451 2630 qui
3479 2560 3552 2613 de
3586 2558 3823 2613 Pascha:

2166 2652 2259 2707 die
2290 2669 2323 2706 a
2351 2650 2635 2707 catholica
2673 2648 2929 2705 Ecclesia
2967 2648 3352 2704 dissonabant
3383 2665 3396 2702 :
3430 2663 3562 2702 cum
3597 2652 3823 2703 cetera

2163 2740 2416 2796 haereses
2445 2739 2618 2795 etiam
2652 2743 2786 2794 ante
2831 2738 3127 2793 Nicenam
3157 2737 3443 2809 synodum
3489 2752 3525 2790 a
3574 2752 3829 2808 corpore

2163 2829 2430 2885 Ecclesia:
2488 2830 2840 2884 detruncata:
2898 2827 3135 2882 fuerint.
3196 2826 3327 2881 Ideo
3376 2826 3445 2880 de
3493 2825 3825 2895 quaestione

2161 2918 2464 2975 Paschatis
2484 2917 2814 2973 dirimenda
2837 2916 3178 2972 laborarunt
3196 2915 3574 2971 vehementer
3597 2914 3822 2970 Nicaeui

2159 3008 2385 3076 Patres;
2413 3009 2484 3063 de
2515 3007 2723 3080 priscis
2754 3005 3074 3062 hazresibus
3099 3004 3428 3060 innumeris
3457 3021 3564 3076 per
3584 3006 3822 3076 provin-

2156 3096 2326 3153 cialia
2355 3101 2583 3152 tantum
2614 3094 2859 3152 concilia
2906 3094 3151 3150 antehac
3200 3093 3567 3165 proscriptis,
3603 3109 3817 3148 rursus

2157 3186 2609 3260 proscribendis,
2644 3190 2701 3241 et
2729 3202 2795 3241 ex
2825 3185 3194 3240 mcumenicze
3224 3182 3571 3239 auctoritate
3602 3182 3817 3249 synodi

2152 3276 2533 3332 fulminandis
2565 3275 2710 3330 nihil
2749 3276 2909 3330 fuere
2934 3272 3184 3329 solliciti.
3220 3273 3351 3328 Ideo
3399 3276 3457 3327 et
3505 3276 3816 3327 concerta-

2150 3366 2368 3421 tionem
2400 3366 2471 3420 de
2500 3364 2790 3436 baptismo
2821 3363 2998 3418 iidem
3031 3363 3223 3433 sopire
3252 3362 3637 3421 studuerunt.
3667 3377 3820 3415 unos

2151 3454 2496 3527 rebaptizari
2536 3454 2800 3525 jubendo
2854 3452 3267 3507 Paulianistas.
3301 3452 3449 3516 Quia
3480 3454 3547 3504 ut
3580 3451 3819 3505 liberior

2152 3550 2208 3599 et
2236 3542 2566 3600 versatilior
2594 3560 2701 3598 sua
2733 3540 2939 3614 Sponte
2980 3550 3064 3597 est
3097 3539 3438 3611 disciplina;
3472 3541 3554 3594 ita
3586 3540 3819 3594 univer-

2152 3633 2260 3689 sali
2296 3634 2481 3704 magis
2530 3648 2820 3688 consensu
2852 3647 3001 3703 opus
3031 3635 3138 3697 est,
3174 3628 3363 3684 sicubi
3397 3628 3817 3699 restringatur.

2154 3722 2285 3777 Ideo
2315 3727 2371 3777 et
2400 3721 2723 3795 Cyprianus
2755 3720 3128 3775 vehementer
3156 3718 3574 3781 contendebat,
3601 3722 3663 3771 et
3698 3718 3819 3772 Sta.

2151 3810 2383 3882 phanus
2427 3810 2663 3865 tandem
2714 3808 3078 3873 condonavit,
3115 3812 3177 3862 ut
3207 3808 3437 3862 diversa
3486 3805 3818 3877 quamlibet

2152 3899 2469 3955 sentientes
2494 3900 2568 3954 ab
2589 3898 2831 3954 unitatis
2863 3903 3059 3953 tamen
3090 3895 3392 3951 individuo
3425 3912 3579 3950 nexu
3602 3911 3681 3949 ne
3701 3894 3818 3949 dis-

2152 3988 2459 4043 cederent:
2494 3988 2646 4043 sicut
2692 3992 2749 4042 et
2793 3986 2853 4041 in
2913 3985 3143 4058 negotio
3194 3983 3492 4040 Paschatis
3553 3983 3814 4038 lrenaeus

2152 4077 2369 4149 aliique
2396 4076 2726 4132 sentiebant
2751 4075 3041 4148 sequioris
3072 4072 3452 4130 observantiae
3483 4072 3816 4127 tenaciores

2153 4182 2419 4238 quosque
2439 4183 2473 4220 a
2495 4181 2776 4237 compage
2796 4163 3065 4219 Ecclesiae
3098 4180 3211 4218 non
3241 4161 3618 4217 scindendos.
3652 4159 3817 4213 Deni-

2153 4272 2266 4327 que
2297 4254 2617 4326 disciplinae
2638 4254 2975 4309 varietatem
3007 4251 3222 4307 alicubi
3260 4250 3436 4305 etiam
3463 4253 3818 4303 ornamento

2150 4361 2280 4401 esse
2306 4350 2363 4399 et
2388 4343 2755 4417 Augustinus
2784 4346 2841 4398 et
2869 4341 3184 4414 Gregorius
3212 4340 3365 4396 infra
3393 4354 3506 4395 suo
3544 4338 3677 4394 loco
3711 4352 3819 4391 nos

2150 4434 2459 4490 docebunt.
2486 4433 2800 4505 Gregorius
2822 4435 3022 4487 autem
3045 4446 3161 4485 non
3184 4444 3463 4485 assensus
3486 4427 3689 4491 modo,
3718 4425 3820 4481 sed

2149 4522 2417 4579 hortatus
2448 4523 2623 4579 etiam
2667 4526 2756 4578 est
2806 4521 3065 4577 diversos
3112 4519 3187 4575 ab
3234 4517 3494 4574 Ecclesia
3550 4515 3819 4571 Romam

2068 4598 2119 4663 Ι)
2148 4612 2316 4682 ritus,
2345 4612 2533 4668 sicubi
2583 4610 3048 4683 tempestiviores
3076 4612 3468 4672 occurrerent,
3501 4606 3562 4660 in
3613 4602 3819 4660 Eccle-

2149 4703 2299 4758 siam
2325 4700 2705 4774 Anglicanam
2728 4698 3169 4772 transplantari.
3187 4700 3251 4754 In
3274 4697 3389 4752 ﬁde
3409 4700 3609 4752 autem
3638 4709 3817 4751 nemo

2149 4791 2296 4847 hanc
2327 4789 2622 4845 licentiam
2658 4789 3030 4845 concesserit.

2147 4898 2361 4954 XXXV.
2411 4898 2780 4966 Questionrm
2839 4897 2987 4953 hanc
3045 4895 3285 4951 civiliter
3326 4895 3637 4966 tractatam
3669 4904 3809 4966 esse,

2216 4978 2279 5025 ut
2330 4969 2401 5024 ad
2427 4962 2863 5025 consuetudines
2911 4971 3262 5039 spectantem,
3314 4982 3423 5021 non
3477 4964 3555 5019 ad
3604 4962 3813 5034 ﬁdem;

2210 5043 2479 5113 probatur
2504 5043 2750 5113 primum
2776 5057 2852 5097 ex
2878 5040 3231 5095 Fimitt'ano.

2213 5147 2328 5202 Nec
2358 5164 2452 5203 me
2482 5146 2631 5203 fallit
2657 5147 2913 5218 quodam
2946 5162 3118 5218 posse
3149 5144 3323 5200 modo
3355 5143 3425 5198 ad
3458 5142 3595 5198 ﬁdei
3626 5155 3809 5211 nego.

2142 5237 2289 5292 tium
2323 5236 2579 5293 revocari
2608 5236 2752 5292 istas
2784 5236 2856 5292 de
2887 5235 3183 5307 baptismo
3203 5233 3613 5289 hereticorum
3647 5244 3805 5301 quae-

2142 5326 2390 5393 stiones;
2416 5326 2601 5382 multo
2627 5325 2805 5382 etiam
2826 5324 3015 5398 magis
3038 5340 3218 5396 quam
3250 5323 3320 5379 de
3351 5319 3655 5378 Paschatis
3688 5318 3796 5383 die,

2142 5415 2201 5470 in
2260 5431 2375 5487 quo
2434 5416 2772 5471 aberrantes
2830 5414 3110 5471 ecclesias
3163 5412 3361 5468 Victor
3417 5408 3797 5466 heterodoxas

2142 5504 2495 5577 appellabat.
2523 5506 2636 5561 Sed
2659 5522 2843 5561 unum
2875 5504 2933 5559 id
2962 5502 3231 5559 existimo
3252 5519 3319 5557 ex
3350 5500 3675 5574 priscorum
3698 5495 3793 5549 Ριο

2138 5598 2299 5649 trum
2333 5594 2566 5666 scriptis
2596 5594 2915 5651 scintillare
2944 5592 3097 5648 hanc
3138 5608 3261 5647 rem
3292 5590 3426 5647 illos
3460 5605 3572 5645 non
3601 5585 3782 5646 aliter,

2140 5699 2321 5754 quam
2351 5688 2416 5738 ut
2459 5682 2908 5740 consuetudinis
2951 5680 3358 5738 ecclesiasticas
3391 5684 3448 5737 st
3475 5672 3785 5746 disciplina
