4088 6174
232 364 385 423 1289

1175 359 1380 423 PARS
1426 360 1502 420 II.
1538 392 1610 404 --
1645 358 2212 421 RECENTIORUM
2256 359 2685 421 EXCURSUS.

3476 361 3503 417 1
3514 359 3633 418 290

225 504 452 567 partem
485 497 803 566 spectasse,
838 510 942 549 nec
973 493 1043 548 ad
1074 493 1208 549 fidei
1238 494 1630 549 substantiam
1670 496 1728 547 et
1775 508 1875 547 ne-
1908 494 1960 558 Α
1991 492 2344 564 descriptus,
2394 508 2564 548 merae
2626 491 3070 547 consuetudinis
3129 507 3373 547 memor.
3434 494 3521 546 Ita
3579 496 3636 547 et

229 584 566 640 cessitatem
617 598 938 638 revocasse.
974 583 1058 637 Ita
1087 582 1377 638 sentiebat
1408 580 1783 637 Firmilianus
1813 580 1873 636 in

224 674 391 743 Epist.
425 671 495 726 ad
524 671 708 742 Cypr.,
743 669 901 726 salvo
928 670 1169 726 unitatis
1198 670 1431 726 vinculo
1464 670 1522 725 in
1542 669 1875 725 hisdissen-

224 761 326 817 tiri
358 776 526 832 posse
551 777 564 815 :
601 784 629 811 «
661 760 827 817 Circa
843 758 1220 815 celebrandos
1242 759 1364 814 dies
1388 759 1621 814 Paschze
1648 763 1704 814 et
1726 759 1877 814 circa

226 848 416 906 multa
445 849 559 905 alia
587 849 793 904 divinas
825 848 907 904 rei
938 851 1322 916 sacramenta,
1368 849 1561 903 videat
1589 848 1719 918 quis
1749 864 1877 903 esse

226 939 385 1009 apud
412 938 704 994 Romanos
736 938 965 1010 aliquas
997 937 1380 1006 diversitates,
1428 953 1532 993 nec
1579 936 1875 993 observari

226 1026 347 1082 illic
377 1027 573 1082 omnia
603 1026 903 1099 aequaliter
932 1026 1139 1082 1239
1171 1042 1297 1097 quis
1330 1025 1745 1098 Hierosolymis
1775 1025 1877 1081 ob-

228 1121 554 1172 servantur.
588 1115 923 1171 Secundum
959 1115 1113 1186 quod
1144 1115 1203 1169 in
1235 1116 1457 1170 caeteris
1486 1132 1714 1186 quoque
1746 1114 1878 1186 plu-

224 1205 392 1260 rimis
444 1204 758 1276 provinciis
807 1203 995 1259 multa
1039 1220 1141 1275 pro
1190 1203 1453 1259 locorum
1484 1208 1539 1259 et
1570 1204 1875 1258 nominum

226 1294 562 1350 diversitate
621 1293 943 1362 variantur,
996 1308 1100 1347 nec
1150 1297 1342 1348 tamen
1399 1296 1634 1365 propter
1663 1293 1772 1347 hoc
1805 1292 1878 1347 ab

225 1382 500 1439 Ecclesiae
545 1381 842 1437 catholicae
885 1397 1025 1453 pace
1069 1386 1242 1452 atque
1291 1382 1513 1437 unitate
1559 1381 1877 1453 aliquando

228 1471 557 1527 discessum
590 1476 698 1525 est.
733 1471 893 1534 Quod
928 1486 1084 1525 nunc
1126 1470 1311 1526 facere
1337 1470 1668 1541 Stephanus
1698 1485 1879 1525 ausus

228 1564 339 1627 est,
371 1576 653 1632 rumpens
683 1560 994 1615 adversum
1027 1576 1127 1614 vos
1162 1576 1384 1630 pacem,
1422 1576 1599 1629 quam
1649 1574 1881 1629 semper

229 1654 631 1705 antecessores
662 1648 789 1719 ejus
806 1647 1105 1703 vobiscum
1141 1663 1337 1703 amore
1358 1652 1414 1702 et
1436 1647 1652 1702 honore
1674 1650 1879 1701 mutuo

226 1738 655 1794 custodierunt.
707 1758 736 1786 »
786 1736 857 1791 Et
907 1740 1029 1791 toto
1060 1735 1283 1807 passim
1314 1734 1570 1806 epistolae
1607 1740 1878 1791 contextu

225 1825 549 1881 baechatur
576 1841 642 1881 eo
675 1826 790 1880 fere
819 1824 1055 1881 nomine
1086 1824 1145 1879 in
1175 1824 1553 1896 Stephanum,
1585 1823 1740 1896 quod
1763 1839 1879 1879 non

226 1914 427 1988 potius
472 1914 597 1969 suis
647 1930 938 1986 quemque
988 1913 1248 1969 moribus
1280 1913 1392 1968 frui
1425 1914 1662 1980 sineret,
1697 1929 1875 1986 quam

225 2002 420 2059 fcedus
450 2002 610 2074 pacis
641 2002 1001 2059 dissolveret.

635 2162 882 2220 XXXVI.
913 2164 1050 2218 Item
1078 2178 1149 2219 ex
1179 2162 1474 2235 Cypriane.

298 2289 382 2343 Ita
411 2287 695 2344 sentiebat
717 2291 775 2344 et
794 2287 1118 2360 Cyprianus
1140 2287 1199 2342 in
1224 2287 1390 2359 Epist.
1423 2287 1493 2342 ad
1522 2287 1874 2344 Jubaianum.

221 2378 373 2434 Cum
407 2379 561 2433 enim
592 2377 939 2433 sententiam
972 2393 1139 2433 suam
1169 2377 1373 2433 multis
1405 2376 1685 2449 sepsisset
1711 2392 1880 2448 argu-

216 2466 459 2537 mentis,
492 2467 573 2523 ait
596 2467 833 2522 tandem
861 2484 873 2522 :
914 2486 941 2519 α
969 2466 1099 2523 Haec
1130 2466 1239 2522 tibi
1268 2465 1516 2522 breviter
1548 2483 1648 2538 pro
1680 2470 1880 2521 nostra

218 2554 625 2611 mediocritate
649 2554 1305 2627 rescripsimus,nemini
1320 2556 1764 2627 praescribentes
1779 2559 1881 2610 aut

215 2644 1021 2717 praejudicantes,quomiuus
1046 2644 1454 2716 unusquisque
1471 2644 1810 2717 episcoporu
1823 2660 1877 2699 m

220 2733 383 2806 quod
419 2733 706 2805 putaverit
737 2733 929 2801 faciat,
977 2734 1201 2789 habens
1245 2734 1470 2789 arbitrii
1511 2733 1604 2788 sui
1636 2732 1878 2789 liberam

220 2819 581 2876 facultatem.
616 2821 732 2879 Nos
761 2825 1045 2893 quantum
1078 2821 1135 2875 in
1162 2821 1330 2877 nobis
1361 2825 1470 2889 est,
1494 2826 1733 2893 propter
1761 2821 1879 2876 hee-

220 2908 439 2965 reticos
467 2926 600 2965 cum
632 2909 872 2983 collegis
904 2915 961 2966 et
978 2911 1340 2983 coepiscopis
1365 2911 1583 2966 nostris
1604 2928 1717 2965 non
1741 2927 1878 2965 con-

217 2998 551 3066 tendimus,
582 3015 715 3054 cum
748 2999 962 3072 quibus
993 2999 1248 3055 divinam
1285 3004 1341 3055 et
1383 2999 1747 3055 Dominicam
1780 3017 1879 3071 pa-

222 3104 357 3144 cem
386 3090 963 3145 tenemus.Servatur
993 3106 1024 3144 a
1056 3090 1223 3145 nobis
1246 3088 1531 3161 patienter
1556 3092 1611 3144 et
1639 3089 1883 3144 ﬁrmiter

219 3177 486 3233 charitas
513 3176 946 3248 animi,collegil
973 3177 1178 3250 honor,
1196 3177 1527 3234 dilectionis
1554 3177 1876 3233 vinculum.

218 3265 537 3322 concordia
595 3266 925 3323 sacerdotii.
979 3289 1006 3317 »
1057 3267 1127 3321 Et
1176 3266 1235 3321 in
1284 3266 1518 3323 exordio
1551 3266 1709 3323 Cone.
1745 3268 1878 3321 Car-

216 3354 379 3427 thag.
402 3371 419 3409 :
452 3378 479 3407 ‹‹
506 3357 784 3428 Superest
806 3359 870 3411 ut
890 3356 961 3412 de
985 3356 1095 3412 hac
1117 3356 1246 3428 ipsa
1266 3373 1326 3412 re
1348 3356 1567 3428 singuli
1588 3356 1728 3427 quid
1753 3372 1882 3413 sen-

215 3442 447 3500 tiamus
504 3444 890 3516 proferamus,
945 3444 1240 3500 neminem
1291 3444 1646 3515 judicantes,
1708 3449 1809 3500 aut
1848 3462 1882 3501 a

206 3533 356 3604 jure
403 3533 834 3588 communionis
883 3532 1162 3605 aliquem,
1193 3534 1242 3589 si
1275 3534 1570 3590 diversum
1611 3534 1877 3603 senserit,

217 3626 795 3692 amoventes.Neque
815 3621 969 3678 enim
1002 3622 1316 3693 quisquam
1350 3627 1617 3678 nostrum
1652 3622 1878 3693 episco-

215 3726 370 3783 pum
402 3726 463 3766 se
495 3711 906 3783 episcoporum
939 3711 1267 3782 constituit,
1301 3718 1402 3768 aut
1430 3714 1734 3785 tyrannico
1763 3718 1881 3768 ter-

214 3816 357 3856 rore
387 3799 457 3855 ad
489 3800 846 3870 obsequendi
878 3801 1288 3857 necessitatem
1320 3801 1571 3874 collegas
1599 3819 1737 3858 suos
1765 3802 1884 3859 adl-

218 3892 333 3963 git.
396 3890 638 3954 Quando
692 3889 904 3945 habeat
943 3890 1136 3946 omnis
1176 3890 1485 3963 episcopus
1517 3908 1619 3963 pro
1651 3890 1884 3946 licentia

218 3977 516 4033 libertatis
537 3982 595 4034 et
615 3979 922 4050 potestatis
936 3996 1054 4035 suae
1069 3980 1379 4035 arbitrium
1405 3980 1882 4052 proprium,eto.»

215 4068 292 4124 In
343 4066 662 4139 disciplinae
712 4069 945 4140 negotio
995 4086 1129 4123 eum
1180 4068 1375 4141 aliquo
1402 4069 1591 4125 colore
1621 4069 1741 4125 haec
1772 4069 1889 4125 dis-

218 4160 530 4227 seruntur,
582 4157 640 4211 in
688 4158 875 4228 capite
914 4157 1049 4214 ﬁdei
1076 4157 1370 4214 catholica:
1404 4158 1766 4215 alienissima
1794 4176 1884 4215 es-

221 4248 369 4300 sent
415 4246 631 4302 omnia.
682 4245 874 4301 Verba
923 4250 1116 4302 autem
1166 4246 1301 4302 illa:
1341 4270 1370 4299 «
1402 4248 1563 4314 Quod
1598 4247 1888 4320 putaverit

219 4334 432 4401 faciat,
463 4334 683 4389 habens
715 4334 937 4390 arbitrii
970 4335 1305 4391 facultatem
1338 4336 1601 4405 liberam,
1628 4349 1760 4404 etc.,
1785 4338 1886 4393 ob-

223 4422 516 4495 sequendi
550 4424 886 4492 necessitas,
919 4428 1053 4491 etc.,
1086 4425 1156 4480 de
1204 4430 1335 4481 actu
1368 4431 1534 4481 nosto
1580 4426 1888 4496 judicandi

221 4512 502 4567 Christus
552 4529 706 4568 unus
744 4511 920 4568 habet
968 4517 1354 4585 potestatem:
1406 4536 1435 4563 »
1480 4514 1785 4585 perspicue
1815 4514 1886 4570 ad

223 4600 755 4673 disciplinam,n0n
780 4603 851 4657 ad
887 4602 1061 4659 Iidem
1095 4603 1447 4658 referuntur.
1482 4603 1562 4659 De
1593 4602 1705 4659 ﬁde
1735 4603 1891 4659 enim
1923 4608 1969 4674 D

225 4708 267 4747 a
300 4688 538 4761 collegis
569 4689 900 4761 dissentire,
948 4690 1093 4747 nulli
1124 4692 1212 4747 fas
1243 4696 1367 4748 est:
1410 4692 1465 4746 Si
1499 4693 1633 4764 quis
1661 4692 1887 4748 dissen-

228 4779 385 4835 serit
415 4784 749 4850 contumax,
783 4797 818 4836 a
864 4796 1005 4852 pace
1058 4780 1379 4851 ejiciendus
1416 4786 1507 4837 est
1538 4786 1595 4837 et
1627 4798 1891 4838 commu-

230 4869 436 4925 nione.
483 4870 554 4923 At
601 4869 873 4940 antiquas
919 4868 1185 4925 Ecclesiae
1227 4888 1343 4927 sua)
1376 4871 1827 4928 consuetudines
1860 4888 1894 4926 n

233 4956 510 5030 quolibet
538 4956 811 5029 episeopo
860 4958 1157 5029 retentari,
1198 4959 1305 5015 etsi
1338 4961 1410 5015 ab
1440 4959 1571 5016 aliis
1600 4961 1892 5027 dissonas,

232 5053 546 5119 utcunque
578 5064 760 5117 usque
790 5048 860 5103 ad
882 5048 1195 5104 concilium
1218 5048 1544 5120 plenarium
1578 5050 1893 5121 aliquando

226 5141 298 5192 et
329 5133 485 5192 ultra
513 5134 815 5193 toleratur.

308 5295 578 5354 XXXVII.
611 5298 741 5355 Item
772 5314 845 5353 ex
874 5297 1177 5369 Stephano,
1196 5314 1265 5354 ex
1294 5299 1497 5357 Arelat.
1530 5305 1582 5357 et
1611 5301 1835 5359 Νἰειῑηα

1985 580 2373 654 Hieronymus
2430 582 2599 651 cujus
2657 580 2878 653 prolixa
2933 580 3273 653 disputatio,
3327 597 3441 636 non
3474 580 3632 635 aliud

1985 686 2161 742 quam
2194 670 2497 740 antiquam
2519 673 2575 724 et
2599 674 2975 725 inveteratam
2996 669 3480 725 consuetudinem
3501 686 3638 725 ven-

1984 760 2150 814 ditat.
2204 761 2317 814 Itat
2362 759 2547 815 sensit
2592 764 2650 814 et
2680 758 3032 815 Arelatensis
3061 759 3319 829 synodus
3349 774 3571 814 canone
3600 762 3635 813 8

1986 848 2085 902 ubi
2114 847 2324 903 habet:
2360 869 2387 897 ‹‹
2423 846 2503 903 De
2532 846 2687 903 Afris
2716 848 2814 918 qui
2848 846 3082 920 propria
3100 864 3210 903 sua
3237 847 3361 919 lege
3385 851 3636 903 utuntur

1985 940 2051 991 ut
2082 936 2464 1006 rebaptizent,
2494 957 2524 984 »
2568 952 2673 991 nec
2703 935 3185 993 contumeliosius
3216 935 3543 1007 quidquam
3573 936 3635 991 in

1985 1041 2085 1082 eos
2105 1025 2383 1095 jactatur,
2416 1023 2506 1079 vel
2536 1024 2596 1080 in
2627 1040 2829 1080 eorum
2861 1040 3137 1080 errorem.
3170 1025 3231 1080 Si
3259 1025 3417 1080 enim
3440 1026 3635 1081 adver-

1984 1129 2118 1169 sum
2149 1113 2284 1168 fidei
2305 1112 2363 1168 id
2385 1113 2576 1169 visum
2607 1119 2780 1179 esset,
2804 1118 2869 1169 ut
2887 1113 3024 1184 quid
3046 1116 3348 1169 vocaretur
3375 1113 3489 1171 ista
3520 1130 3638 1169 non

1986 1203 2361 1269 insania,non
2383 1202 2591 1259 I240
2614 1202 2980 1269 haresis,sed
3004 1202 3241 1274 propria
3267 1200 3361 1257 lex
3392 1201 3642 1274 rebapti-

1984 1290 2153 1346 zandi
2177 1291 2204 1345 ?
2231 1291 2489 1361 Denique
2510 1308 2763 1348 canones
2785 1291 2880 1346 hic
2900 1308 3017 1347 non
3035 1290 3506 1363 complectuntur
3526 1290 3641 1346 nisi

1987 1378 2249 1451 regulam
2300 1380 2643 1452 disciplinae,
2694 1381 2829 1437 ﬁdei
2877 1386 3074 1437 autem
3115 1381 3379 1437 deﬁnitio
3432 1380 3549 1436 fere
3581 1380 3641 1435 in

1987 1468 2246 1537 antiquis
2265 1468 2527 1525 conciliis
2558 1469 2805 1526 seorsim
2837 1470 3230 1541 digerebatur.
3262 1471 3351 1527 Ita
3378 1468 3566 1527 sensit
3584 1473 3644 1525 et

1986 1557 2220 1613 Nicaeus
2248 1558 2509 1629 synodus
2539 1564 2720 1615 totam
2752 1556 2911 1615 illam
2944 1560 3016 1614 de
3057 1558 3353 1630 baptismo
3407 1562 3638 1615 contro-

1985 1648 2233 1704 versiam
2264 1649 2538 1706 dirimere
2583 1649 2806 1718 molita,
2837 1667 2954 1706 non
2985 1650 3259 1723 Symbolo
3280 1656 3382 1708 aut
3411 1651 3641 1708 confes-

1988 1737 2152 1793 sione
2190 1737 2348 1806 fidei,
2398 1739 2501 1795 sed
2542 1755 2762 1795 canone
2791 1739 2985 1809 unico,
3013 1744 3071 1795 et
3099 1740 3207 1797 hoc
3238 1757 3355 1797 uno
3385 1741 3637 1810 decreto,

1989 1842 2137 1882 unos
2188 1826 2463 1899 deinceps
2506 1827 2899 1885 Paulianistas
2947 1828 3163 1885 iterum
3192 1828 3523 1901 tingendos.
3558 1826 3641 1885 De

1989 1914 2322 1986 apostolicis
2352 1917 2679 1971 canonibus
2708 1918 2777 1971 ad
2812 1917 2920 1973 hoc
2949 1918 3100 1974 idem
3127 1918 3511 1974 attinentibus
3532 1934 3640 1974 suo

1986 2002 2113 2060 loco
2145 2004 2528 2062 disseremus.
2560 2005 2755 2062 Unum
2787 2007 3030 2080 insuper
3059 2009 3210 2065 addo
3240 2006 3640 2082 OptatumlJ:

1987 2114 2016 2143 «
2049 2094 2218 2165 Apud
2248 2110 2396 2165 quos
2417 2110 2533 2151 non
2556 2100 2697 2151 sunt
2741 2101 3129 2154 sacramenta.
3163 2120 3191 2148 »
3215 2098 3280 2154 In
3312 2114 3441 2170 qua
3468 2098 3647 2154 verba

1987 2181 2381 2254 Albaspineus
2423 2184 2545 2240 hinc
2595 2186 2872 2242 adnotat:
2924 2206 2953 2237 «
3002 2191 3149 2259 Ergo
3198 2203 3268 2243 ex
3315 2187 3425 2243 hoc
3469 2192 3528 2243 et
3577 2202 3648 2243 ex

1989 2272 2195 2326 multis
2240 2271 2368 2328 aliis
2419 2272 2563 2328 locis
2621 2280 2908 2345 quantum
2951 2275 3220 2347 conjicio,
3252 2276 3499 2348 Optatus
3530 2292 3647 2332 non

1988 2360 2359 2416 existimabat
2391 2361 2693 2418 haereticos
2722 2379 2896 2434 posse
2926 2363 3234 2436 baptizare.
3274 2388 3296 2416 ι

2409 2522 2701 2581 XXXVIII.
2739 2524 2870 2581 Item
2898 2540 2969 2582 ex
2996 2525 3227 2584 Basilio.

2060 2663 2148 2720 Ita
2178 2664 2354 2721 dubio
2388 2664 2589 2737 procul
2621 2665 2908 2723 sentiebat
2932 2670 2989 2722 et
3016 2667 3291 2735 Basilius,
3328 2667 3428 2740 qui
3464 2669 3645 2741 Epist.

1989 2752 2060 2808 ad
2090 2751 2495 2825 Amphil.,cum
2527 2752 2824 2810 haareticos
2857 2754 3165 2827 quiipsam
3190 2754 3325 2811 ﬁdei
3348 2770 3646 2811 summam

1989 2841 2340 2898 labefactare
2389 2841 2733 2912 moliuntur,
2785 2843 3157 2900 discrevisset
3187 2860 3219 2899 a
3250 2844 3647 2900 schismaticis

1990 2931 2090 3003 qui
2123 2932 2195 2987 ob
2224 2930 2515 2987 sanabiles
2566 2932 2917 3004 quaestiones
2948 2949 3010 2989 se
3067 2933 3465 3001 absciderunt,
3526 2932 3608 2989 ait
3629 2974 3643 2988 .

1996 3020 2247 3076 «Visum
2283 3024 2369 3076 est
2401 3036 2537 3091 ergo
2569 3021 2640 3076 ab
2667 3019 2831 3077 initio
2855 3021 3156 3078 haereticos
3189 3021 3426 3094 quidem
3454 3021 3651 3078 omni-

1995 3126 2067 3165 no
2126 3111 2404 3181 rejieere;
2462 3126 2561 3165 eos
2608 3114 2807 3166 autem
2852 3111 3047 3182 quise
3083 3110 3478 3179 absciderent,
3508 3126 3645 3168 seu-

1994 3198 2447 3254 sehismatorum
2497 3198 2792 3270 baptisma
2842 3198 3173 3268 admittere,
3221 3202 3286 3255 ut
3317 3199 3417 3271 qui
3449 3199 3647 3255 adhuc

1992 3288 2111 3343 sint
2165 3287 2454 3343 Ecctesiaa.
2518 3308 2547 3337 «
2607 3286 2947 3343 Firmiliano
2996 3290 3192 3344 tamen
3249 3292 3308 3344 et
3361 3287 3647 3360 Cypriano

1989 3394 2124 3433 mox
2153 3376 2234 3433 ait
2262 3376 2452 3432 visum
2484 3391 2612 3433 esse
2643 3376 3157 3433 schismatioorum
3190 3392 3421 3449 quoque
3450 3377 3645 3449 bapti-

1989 3482 2187 3522 smum
2234 3464 2479 3521 iterare:
2514 3487 2543 3516 «
2573 3466 2682 3520 Sed
2717 3465 2996 3538 quoniam
3028 3464 3333 3523 nonnullis
3363 3464 3640 3522 Asiaticis

1990 3573 2083 3610 om
2094 3554 2229 3610 nino
2250 3555 2441 3611 visum
2463 3558 2553 3611 est
2578 3557 2813 3627 propter
2832 3554 3151 3611 multorum
3181 3554 3567 3612 meonomiam
3586 3558 3646 3610 et

1990 3643 2509 3715 dispensationem,
2539 3659 2743 3700 eorum
2773 3643 3064 3716 baptisma
3093 3644 3337 3717 suscipi,
3360 3643 3641 3718 suscipia-

1988 3738 2104 3790 tur.
2136 3752 2162 3785 υ
2202 3737 2333 3788 Haec
2377 3732 2475 3788 ille
2521 3733 2591 3789 de
2629 3733 2916 3804 Catharis,
2950 3749 3085 3790 mox
3110 3751 3246 3791 vero
3279 3734 3349 3790 de
3375 3733 3640 3791 Encrati-

1991 3823 2103 3878 tis:
2165 3845 2195 3873 ‹‹
2242 3821 2528 3885 Quoniam
2584 3821 2731 3877 nihil
2775 3826 2865 3879 est
2912 3823 2982 3878 de
3026 3822 3120 3879 his
3159 3827 3357 3895 aperte
3388 3824 3637 3893 dictum,

1992 3915 2219 3983 oportet
2269 3927 2376 3966 nos
2423 3927 2625 3966 eorum
2664 3910 3025 3983 baptismum
3059 3911 3360 3983 abrogare.
3395 3911 3557 3979 Quod
3588 3911 3639 3966 si

1993 4001 2103 4057 hoc
2147 3999 2461 4055 universali
2510 4000 2845 4055 oeconomiae.
2893 4000 2971 4056 sit
3016 4000 3436 4071 impedimento
3482 4002 3639 4055 futu-

1994 4107 2147 4155 rum,
2199 4106 2404 4143 rursus
2454 4088 2877 4144 consuetudine
2926 4090 3211 4145 utendum
3252 4095 3362 4157 est,
3389 4094 3445 4145 et
3474 4088 3643 4161 sequi

1994 4184 2224 4251 oportet
2266 4176 2463 4232 Patres
2509 4176 2611 4249 qui
2656 4194 2783 4249 quae
2816 4178 2887 4233 ad
2919 4194 3025 4235 nos
3053 4178 3346 4250 pertinent
3373 4177 3645 4250 provide-

1995 4272 2152 4322 runt.
2187 4291 2214 4317 ››
2248 4267 2315 4321 Et
2344 4266 2495 4322 infra
2525 4283 2653 4321 can.
2684 4266 2776 4332 47,
2826 4283 3030 4323 omnes
3069 4267 3201 4323 illos
3233 4266 3642 4324 schismaticos

1995 4374 2027 4412 ιι
2057 4372 2119 4411 se
2150 4354 2493 4427 rebaptizari
2516 4355 2618 4421 ait,
2648 4354 2923 4427 idemque
2955 4356 3165 4412 suadet
3191 4355 3601 4429 Amphilocbio
3626 4372 3641 4413 :

1997 4460 2337 4519 quanquam
2380 4444 2707 4515 expeditius
2754 4444 2912 4501 dicat
2938 4444 3253 4518 episcopali
3285 4448 3506 4520 synodo
3540 4446 3644 4502 has

1999 4550 2203 4591 omnes
2232 4532 2653 4589 controversias
2684 4532 2902 4591 dirimi.
2950 4533 3135 4591 Multa
3162 4534 3300 4591 hinc
3356 4534 3647 4592 ebulliunt

2002 4627 2351 4695 argumenta
2374 4622 2445 4676 ad
2491 4626 2763 4677 nostrum
2812 4622 3171 4679 institutum.
3204 4624 3467 4681 Primum
3495 4624 3648 4681 anti-

2000 4711 2267 4783 quiorem
2349 4708 2724 4783 traditionem
2804 4716 3261 4781 commemorat;
3337 4711 3648 4783 partitione

2000 4804 2259 4856 utentem
2285 4816 2298 4867 ;
2331 4803 2457 4852 tum
2484 4813 2547 4853 se
2577 4796 2651 4852 ab
2672 4814 2740 4853 ea
2760 4798 3071 4855 dissentire
3092 4801 3491 4858 conﬁtetur.ln
3514 4800 3651 4857 ﬁdei

2002 4888 2231 4959 negotio
2278 4904 2395 4943 non
2445 4887 2501 4942 id
2553 4885 2664 4942 sibi
2695 4891 2953 4943 sumeret
2981 4888 3253 4945 Basilius.
3286 4890 3564 4946 Catharos
3592 4894 3651 4945 et

2000 4978 2328 5034 Encratitas
2348 4978 2404 5031 in
2436 4977 2637 5031 eadem
2673 4976 3184 5033 schismaticorum
3216 4980 3346 5034 navi
3369 4978 3648 5046 collocat;

2001 5074 2129 5125 tum
2160 5067 2394 5123 illorum
2417 5066 2528 5121 reci
2535 5064 2594 5137 pi
2621 5066 2906 5137 permittit
2925 5066 3455 5138 baptisma,horum
3476 5073 3649 5124 vetat.

2003 5158 2129 5213 Non
2161 5157 2242 5212 ita
2290 5155 2351 5211 in
2384 5154 2517 5209 ﬁdei
2550 5155 2872 5225 quaestione
2904 5154 3237 5213 alternaret.
3269 5156 3653 5213 Catharorum

2004 5248 2300 5318 baptisma
2328 5243 2549 5314 suscipi
2579 5259 2648 5298 ex
2678 5242 3113 5315 dispensatione
3142 5249 3445 5302 censet.At
3469 5246 3527 5301 in
3561 5262 3655 5302 ne-

2006 5336 2162 5409 gotio
2194 5334 2327 5390 ﬁdei
2359 5350 2475 5388 non
2506 5331 2588 5387 ita
2644 5332 3071 5403 dispensationi
3099 5331 3262 5390 locus
3294 5333 3487 5391 datur.
3546 5335 3658 5391 En-

2006 5424 2243 5481 cratitas
2274 5420 2620 5493 rebaptizari
2652 5421 2896 5488 suadet;
2928 5420 2977 5476 si
3007 5427 3196 5479 tamen
3227 5423 3541 5481 universali
3562 5424 3661 5480 Ec-

317 5508 405 5567 Ita
436 5510 723 5567 sentiebat
752 5518 811 5568 et
861 5511 1213 5583 Stephanus,
1268 5529 1401 5569 eum
1435 5515 1571 5587 quid
1605 5515 1749 5581 ﬁeri,
1782 5532 1898 5571 non
2009 5512 2198 5571 clesiae
2228 5510 2351 5583 paci
2384 5514 2438 5565 et
2472 5509 2897 5580 dispensationi
2929 5510 2987 5565 id
3019 5511 3658 5585 obstrepat,admitten-

226 5600 390 5673 quid
444 5602 598 5656 credi
651 5601 907 5672 deberet,
945 5601 1315 5673 praeciperet;
1350 5605 1720 5660 traditionem
1751 5605 1899 5660 anti-
2010 5604 2152 5659 dum
2187 5607 2597 5656 censeteorum
2630 5598 3145 5669 baptismaznonne
3163 5600 3285 5657 haec
3312 5600 3441 5673 ipsa
3457 5608 3549 5660 est
3575 5601 3664 5655 di-

227 5706 383 5763 que:
414 5689 857 5749 consuetudinis
884 5693 1313 5749 ostentaret.lta
1337 5698 1393 5750 et
1413 5693 1701 5752 Eusebius
1722 5709 1905 5769 supra
2010 5691 2270 5766 seiplinae
2299 5685 2698 5748 versatilitas?
2727 5687 2813 5744 Ad
2849 5705 3059 5749 novam
3088 5690 3379 5764 synodum
3407 5690 3674 5765 suspirat

571 5817 842 5884 PATROL.
888 5816 997 5884 III.

3283 5817 3365 5903 ιιι,

780 5368 1006 5443 synodi),
1048 5385 1117 5425 ex
1149 5368 1362 5439 Optato.
