4088 6174
556 365 707 423 1291

1618 358 1718 416 DE
1768 355 2358 421 HAZRETICORUM
2402 357 2904 423 BAPTISMATE

3728 376 3844 438 1293

548 511 675 566 qua
706 494 884 549 dubia
912 493 1011 549 illa
1041 493 1237 548 omnia
1270 490 1564 548 enubilet:
1601 490 1696 546 vix
1723 507 1854 560 ergo
1895 493 2199 547 decantato
2229 495 2285 560 Α
2312 496 2439 548 tent
2484 493 2717 563 scripta,
2769 495 3307 568 proloquanturque
3351 498 3466 570 ipsa
3508 502 3724 576 nomina,
3763 508 3848 565 fru-

542 581 644 639 illo
669 584 821 654 apud
845 582 1238 655 Augustinum
1291 580 1548 652 plenario
1581 580 1826 636 concilio
1859 581 2047 652 SOpita
2077 585 2200 637 erat

539 673 734 729 omnis
755 673 1263 730 controversialta
1287 673 1356 727 de
1379 673 1673 744 baptismo
1699 670 2042 742 disceptatio
2071 673 2202 742 post

535 761 1102 834 Arelatensem,post
1133 761 1427 816 Nicanam
1459 759 1881 832 synodum,vix
1906 759 2048 815 satis
2077 759 2199 814 elu-

537 852 730 908 cidata
749 852 1062 908 videbatur
1083 851 1319 923 Basilio,
1349 868 1497 906 nova
1513 849 1598 905 illi
1619 850 1676 904 in
1700 849 1848 905 votis
1870 854 1994 905 erat
2024 865 2201 921 syno-

544 943 894 1009 dus,rursus
915 958 983 996 ea
1011 941 1082 995 de
1114 957 1172 995 re
1203 939 1528 995 secundum
1561 938 1987 994 acumenicum
2012 936 2201 993 conci-

543 1029 692 1085 lium
717 1029 910 1086 sanxit
933 1029 1072 1101 quid
1096 1028 1460 1100 sequendum
1491 1031 1665 1084 esset.
1688 1027 1773 1082 Ita
1794 1031 1925 1099 post
1953 1026 2201 1098 Stepha-

542 1119 601 1174 ni
633 1135 816 1192 papa,
867 1122 1000 1190 post
1044 1116 1403 1173 Arelatensis
1451 1122 1508 1171 et
1557 1116 1802 1171 Nicana
1840 1115 2198 1187 synodorum

544 1207 1154 1273 sanctiones,Basilius
1169 1223 1376 1262 novam
1395 1206 1682 1278 synodum
1699 1205 2200 1276 expetebat,utpo-

544 1304 602 1356 te
631 1300 692 1354 in
715 1316 776 1354 re
809 1299 881 1354 ad
915 1297 1434 1371 disciplinam,non
1463 1298 1532 1352 ad
1569 1297 1742 1352 ﬁdem
1771 1301 1898 1352 tum
1931 1302 2198 1369 spectan-

541 1393 618 1444 te.
649 1390 850 1445 1241
889 1387 1009 1442 Etsi
1042 1387 1186 1442 alias
1239 1387 1595 1458 quandoque
1625 1385 1946 1457 disciplina
1976 1390 2032 1441 et
2062 1402 2197 1442 con-

540 1478 924 1535 suetudinum
956 1477 1171 1549 capita,
1199 1477 1270 1532 ad
1307 1475 1588 1547 baptismi
1624 1474 1848 1530 scilicet
1895 1474 1985 1531 vel
2013 1491 2200 1530 sacra-

542 1575 875 1626 mentorum
925 1567 1219 1640 spiritales
1270 1583 1479 1624 causas
1528 1566 1855 1633 attinentia,
1919 1566 1989 1621 ad
2023 1567 2197 1622 ﬁdem

539 1659 871 1726 trahantur,
901 1661 966 1712 ut
987 1657 1139 1712 infra
1171 1656 1544 1712 monebimus
1575 1654 2005 1726 dissert.hujus
2030 1671 2196 1710 num.

542 1747 650 1802 ult.

975 1869 1212 1928 XXXIX.
1244 1873 1332 1926 Ex
1359 1869 1753 1942 Amphilochia.

617 2017 704 2070 Ita
734 2013 1022 2070 sentiebat
1050 2017 1108 2069 et
1135 2012 1598 2085 Amphilochius,
1633 2012 1730 2084 qui
1762 2012 1820 2068 in
1852 2013 2194 2070 Novatiano-

543 2120 674 2160 rum
707 2102 1001 2176 baptismo
1023 2103 1288 2158 iterando
1319 2101 1407 2158 vel
1431 2119 1545 2157 non
1568 2101 1976 2167 iterando,sua
1998 2103 2193 2174 cujus-

539 2209 655 2264 que
684 2193 948 2249 moribus
997 2191 1260 2247 Ecclesia
1292 2189 1662 2246 serviendum
1711 2205 1840 2246 esse
1875 2192 2188 2259 censebat;

535 2287 603 2337 ut
629 2287 878 2337 testatur
903 2280 1156 2336 Basilius
1188 2297 1238 2336 c.
1265 2279 1582 2350 l,epist.ad
1612 2279 1883 2334 eumdem
1917 2280 2146 2352 scripta
2171 2298 2186 2336 :

533 2391 562 2421 ‹‹
593 2370 729 2434 Qua
760 2371 959 2440 itaque
1007 2369 1081 2424 ad
1125 2369 1408 2424 Catharos
1458 2367 1773 2438 pertinent,
1808 2373 1960 2424 recte
1991 2369 2189 2425 admo-

526 2458 731 2526 nuisti,
781 2458 935 2528 quod
990 2460 1216 2528 oportet
1269 2457 1738 2526 uniuscujusque
1770 2457 2023 2527 regionis
2058 2475 2185 2513 mo-

521 2563 644 2602 rem
678 2546 867 2617 sequi.
905 2567 933 2594 »
965 2546 1100 2609 Qua
1131 2545 1213 2600 ita
1256 2545 1678 2616 interpretatur
1707 2545 2057 2602 Balsamon:
2094 2554 2182 2602 An

520 2639 784 2707 oporteat
832 2633 1114 2705 baptizari
1167 2633 1538 2704 Novatianos,
1586 2633 1828 2688 diversa
1877 2635 2180 2690 sententia

524 2728 936 2797 processerunt
998 2722 1496 2794 quemadmodum
1567 2727 1632 2776 tu
1682 2722 2064 2790 admonuisti,
2123 2729 2182 2779 et

525 2813 746 2886 placuit
775 2813 942 2885 sequi
970 2828 1195 2866 morem
1228 2811 1693 2882 uniuscujusque
1724 2811 1998 2883 regionis.
2037 2836 2058 2861 ι

1059 2974 1172 3030 XL.
1212 2975 1295 3030 Ex
1322 2975 1639 3031 Athanasio.

599 3122 686 3173 Ita
715 3117 998 3173 sentiebat
1027 3120 1083 3173 et
1111 3116 1490 3187 Athanasius,
1527 3115 1697 3188 cujus
1745 3119 1888 3171 orat.
1939 3118 1992 3181 3,
2047 3117 2170 3174 adv.

525 3295 650 3351 Filii
684 3297 859 3352 datur
884 3294 1270 3367 perfectitudo
1306 3293 1600 3366 baptismi,
1644 3295 1929 3366 plenaque
1972 3295 2168 3351 initia-

521 3385 602 3441 tio
631 3403 643 3441 :
676 3385 902 3441 Patrem
938 3388 1132 3440 autem
1163 3401 1364 3440 verum
1394 3383 1592 3439 Ariani
1625 3400 1734 3440 non
1762 3385 2167 3456 pronuntiant,

519 3489 584 3529 eo
618 3475 772 3546 quod
807 3477 1020 3545 negent
1049 3472 1270 3545 aliquid
1318 3490 1385 3528 ex
1415 3472 1543 3544 ipso
1585 3472 1862 3529 exsistere
1891 3478 1948 3528 et
1977 3473 2170 3530 simile

517 3579 646 3619 esse
675 3561 834 3618 illius
877 3562 1259 3618 substantia:
1310 3562 1535 3635 Negant
1581 3578 1810 3634 quoque
1853 3578 2052 3619 verum
2087 3562 2172 3618 Fi-

517 3651 685 3720 lium,
720 3651 1020 3722 aliumque
1049 3668 1114 3708 ex
1142 3669 1254 3706 non
1286 3652 1521 3708 entibus
1553 3651 1852 3707 conditum
1877 3651 1986 3707 sibi
2009 3669 2166 3708 com-

519 3741 898 3798 miniscentes
945 3741 1001 3796 in
1053 3740 1402 3812 baptismate
1439 3741 1778 3813 proferunt;
1813 3741 1936 3813 qui,
1971 3758 2167 3813 quaso

516 3829 696 3904 igitur
721 3847 834 3886 non
860 3830 1032 3903 plane
1061 3846 1275 3886 vanum
1317 3847 1382 3885 ac
1412 3829 1619 3885 inutile
1669 3829 1842 3884 fuerit
1870 3829 2166 3902 baptisma

518 3921 671 3991 quod
703 3920 776 3975 ab
823 3919 940 3974 illis
984 3920 1174 3985 datur,
1222 3935 1355 3974 eum
1401 3919 1460 3973 id
1493 3917 1724 3973 nonnisi
1757 3919 1979 3991 species
2005 3919 2081 3973 sit
2109 3925 2167 3975 et

516 4008 690 4064 inane
719 4008 1100 4063 simulacrum
1120 4007 1147 4062 ?
1177 4008 1302 4062 Non
1332 4007 1488 4062 enim
1519 4007 1577 4062 in
1611 4011 1780 4062 Patre
1800 4013 1856 4062 et
1887 4007 2028 4063 Filio
2060 4008 2166 4063 tri-

517 4097 710 4152 buunt
738 4096 1033 4168 baptisma
1060 4096 1383 4162 Ariani,sed
1421 4097 1478 4150 in
1511 4095 1778 4150 Creatore
1801 4103 1856 4151 et
1876 4100 2163 4163 creatura,

517 4185 576 4241 in
614 4187 846 4242 Factore
883 4189 941 4240 et
988 4185 1232 4240 factura.
1284 4184 1442 4239 Sicut
1479 4183 1659 4255 igitur
1688 4187 1946 4239 creatura
1980 4185 2168 4241 diver-

516 4291 649 4330 sum
672 4274 812 4346 quid
845 4277 933 4330 est
962 4290 990 4328 a
1023 4271 1187 4333 Filio,
1212 4273 1292 4327 ita
1313 4273 1606 4327 diversum
1631 4272 1768 4344 quid
1805 4288 1837 4327 a
1858 4289 1988 4328 vero
2021 4274 2161 4346 bap-

510 4363 748 4420 tismate
781 4363 1048 4435 est,quod
1082 4362 1154 4418 ab
1185 4361 1300 4416 illis
1334 4361 1705 4417 existimatur
1734 4361 1857 4416 dari
1888 4363 2160 4428 ;tametsi

511 4468 725 4509 nomen
775 4452 962 4508 Patris
1010 4454 1069 4507 et
1115 4449 1266 4518 Filii,
1309 4449 1586 4522 quoniam
1618 4449 1718 4504 illa
1751 4449 1809 4504 in
1841 4450 2160 4522 Scripturis

508 4542 730 4611 vident,
758 4541 1039 4596 simulent
1069 4557 1132 4597 se
1161 4539 1485 4596 nominare.
1522 4561 1549 4588 ν
1585 4539 1650 4594 Et
1680 4538 1867 4594 infra;
1903 4562 1932 4588 ‹‹
1994 4539 2160 4597 Certe

509 4629 634 4686 alia
665 4629 839 4684 etiam
874 4629 1142 4696 hareses,
1167 4645 1363 4702 eaque
1393 4645 1639 4684 numero
1671 4644 1782 4683 non
1818 4645 2155 4700 pauca,no-
2189 4599 2237 4662 Β

507 4718 667 4775 mine
695 4721 866 4774 tenus
897 4717 1072 4773 ritum
1106 4719 1284 4774 istum
1315 4717 1823 4790 pronuntiant,sed
1857 4734 1966 4772 non
2003 4721 2157 4774 recte

507 4807 1044 4880 sentientes,neque
1076 4824 1277 4863 sanam
1314 4808 1487 4862 ﬁdem
1521 4807 1858 4870 retinentes,
1885 4805 2152 4862 inutilem

505 4898 809 4972 possident
837 4913 1075 4968 aquam,
1111 4898 1390 4952 nimirum
1421 4896 1644 4951 lumine
1672 4899 1728 4949 et
1751 4894 2031 4966 religione
2060 4897 2156 4950 de-

503 4988 792 5044 stitutam.
825 4987 979 5042 Adeo
1028 4990 1094 5042 ut
1123 4986 1224 5058 qui
1256 4987 1326 5042 ab
1361 4984 1476 5040 illis
1509 4988 1922 5054 asperguntur,
1956 4985 2152 5041 sorde-

503 5081 670 5132 scant
699 5076 893 5148 potius
923 5093 1100 5147 prava
1131 5075 1428 5146 religione,
1473 5089 1651 5142 quam
1700 5073 2085 5128 redimantur.
2122 5097 2150 5124 ››

499 5169 632 5220 Hac
651 5164 738 5220 vir
766 5164 1292 5220 intaminatissima
1327 5160 1460 5215 fidei
1500 5161 1570 5215 de
1599 5160 1892 5232 baptismo
1924 5161 2148 5218 hareti-

497 5272 698 5311 corum
731 5258 789 5309 et
818 5259 1157 5310 caterarum
1191 5252 1498 5318 haresum,
1534 5250 1761 5306 tametsi
1787 5249 2147 5308 invocatione

493 5343 798 5400 Trinitatis
829 5345 1190 5399 conferretur
1219 5359 1232 5396 :
1266 5340 1416 5395 Audi
1451 5346 1506 5395 et
1525 5338 1660 5410 quid
1693 5355 1825 5394 mox
1848 5340 2140 5411 subjiciat.

489 5457 518 5484 «
556 5433 761 5488 Itidem
793 5448 1026 5503 quoque
1057 5436 1114 5486 et
1140 5430 1461 5498 Manichai,
1495 5445 1558 5483 ac
1583 5429 1933 5500 Phryges,ac
1965 5429 2140 5486 disci-

485 5520 608 5595 puli
641 5521 1087 5586 Samosatensis,
1121 5519 1360 5575 nomina
1390 5519 1518 5592 ipsa
1548 5518 2018 5591 pronuntiantes,
2053 5519 2139 5573 ni-

481 5611 567 5668 hil
599 5610 672 5666 ob
702 5609 760 5664 id
790 5613 930 5666 sunt
959 5609 1156 5666 minus
1187 5609 1459 5665 haeretici.
1494 5608 1577 5663 Ila
1607 5621 1841 5679 quoque
1863 5607 2137 5681 deinceps

487 5705 545 5768 et
571 5697 801 5772 reliqui,
833 5703 890 5754 et
919 5698 1020 5775 qui
1049 5700 1321 5759 cumArio
1371 5698 1669 5770 sentiunt,
1721 5695 1956 5756 etiamsi
1985 5698 2135 5756 reci-

2308 582 2968 656 strantur,illuduntque
2988 587 3072 642 eis
3105 586 3205 658 qui
3231 588 3300 642 ab
3327 587 3457 660 ipsis
3474 590 3772 663 baptismate
3785 616 3850 654 ac-

2307 671 2551 743 cipiunt.
2584 691 2609 722 ιι
2651 673 2750 728 llic
2782 674 2970 730 obiter
3000 675 3233 732 adverte
3262 678 3484 734 nomine
3508 679 3619 751 ipsa
3635 699 3848 754 persona-

2309 775 2440 814 rum
2468 759 2822 827 divinarum,
2873 762 3013 834 quia
3051 763 3235 818 sacris
3263 762 3318 818 in
3349 765 3556 837 paginis
3579 769 3851 842 consignata

2305 848 2500 904 verbis
2527 850 2824 922 conceptis
2856 857 3016 924 sunt,
3049 852 3202 908 inter
3222 852 3541 925 tingendum
3561 857 3623 912 ab
3641 859 3851 918 omnibus

2308 953 2454 1009 pene
2484 938 2771 994 hareticis
2802 940 3180 1012 pronuntiata
3228 941 3419 1008 fuisse,
3444 942 3660 1016 ideoque
3684 946 3852 1006 nullius

2308 1025 2486 1098 culpa
2519 1027 2700 1084 fuisse
2746 1029 2982 1086 afﬁnem
3024 1031 3094 1085 ad
3129 1030 3476 1103 Stephanum
3505 1033 3581 1089 vel
3609 1035 3850 1093 Ecclesium

2309 1114 2652 1183 Romanam,
2685 1133 2888 1173 eorum
2917 1118 3213 1191 baptisma
3245 1120 3433 1176 iterari
3458 1126 3726 1179 vetantem.
3755 1126 3853 1182 Por-

2307 1219 2371 1258 ro
2403 1203 2760 1261 Athanasius
2803 1206 3016 1262 Basilio
3067 1212 3263 1279 aperte
3309 1209 3650 1282 suffragatur,
3677 1229 3853 1270 cassum

2307 1296 2474 1348 ratus
2524 1294 2838 1367 baptisma,
2891 1297 3047 1367 quod
3096 1297 3329 1354 tametsi
3373 1297 3548 1354 verbis
3582 1301 3852 1373 evangelici:

2306 1382 2658 1448 conferatur,
2704 1399 2906 1439 eorum
2960 1388 3157 1441 tamen
3224 1385 3326 1458 qui
3367 1387 3644 1444 conferunt
3689 1388 3856 1447 alienus

2309 1486 2520 1526 sensus
2551 1473 2623 1528 ab
2648 1473 2980 1546 Evangelio,
3013 1473 3205 1530 aliena
3233 1476 3377 1532 ﬁdes
3405 1481 3507 1532 est.

2698 1637 2904 1694 1242
2936 1637 3078 1693 XLI.
3122 1643 3209 1695 Ea:
3233 1639 3548 1711 Epiphanio.

2381 1763 2464 1817 Ita
2493 1763 2782 1818 sentiebat
2801 1765 2859 1816 et
2876 1760 3431 1833 Epiphanius,cujus
3453 1763 3778 1820 ascribendus
3795 1764 3855 1820 hic

2223 1868 2273 1933 B
2307 1854 2396 1906 est
2448 1850 2612 1907 locus
2667 1849 2914 1906 illustris
2961 1852 3019 1905 in
3053 1853 3308 1922 Exposit.
3357 1850 3448 1920 βά.
3503 1851 3668 1919 Catia,
3714 1853 3851 1907 n.l3:

2307 1961 2336 1990 ‹‹
2364 1939 2472 1995 Alii
2505 1940 2603 2012 qui
2635 1938 2978 1996 audaciores
2995 1939 3274 1995 videntur
3288 1956 3356 1996 ex
3371 1939 3748 1997 Catholicorum
3763 1957 3851 2012 par-

2302 2029 2482 2100 tibus,
2515 2029 2740 2102 privata
2771 2028 2885 2084 sibi
2941 2028 3191 2084 factione
3237 2029 3478 2086 conﬂata
3507 2033 3690 2100 prater
3711 2029 3847 2084 Eccle-

2301 2118 2403 2174 sia
2465 2117 2974 2184 consuetudinem,
3035 2133 3100 2172 ac
3171 2119 3318 2173 citra
3371 2117 3588 2173 concilii
3639 2117 3848 2190 generalis

2299 2207 2620 2276 decretum,
2651 2223 2750 2262 eos
2779 2207 2877 2278 qui
2910 2207 2982 2263 ab
3011 2205 3245 2262 Arianis
3275 2207 3345 2262 ad
3379 2223 3510 2263 suas
3536 2210 3698 2279 partes
3714 2211 3846 2262 trans-

2297 2302 2460 2367 eunt,
2510 2297 2723 2352 iterum
2763 2296 3058 2368 baptizare
3099 2295 3250 2351 nihil
3282 2301 3573 2352 verentur:
3601 2312 3712 2351 cum
3745 2311 3843 2350 non-

2297 2387 2437 2440 dum
2486 2402 2554 2441 ea
2601 2403 2714 2455 res,
2765 2391 2830 2439 ut
2876 2385 3015 2453 dixi,
3062 2383 3410 2442 universalis
3457 2386 3641 2456 synodi
3682 2383 3842 2455 judicio

2293 2475 2489 2530 decisa
2507 2475 2583 2530 sit
2607 2493 2620 2542 ;
2653 2475 2806 2546 quod
2831 2473 3022 2530 adhuc
3046 2473 3242 2546 populi
3268 2475 3582 2546 promiscue
3600 2474 3660 2529 ad
3680 2472 3842 2528 hodier-

2295 2580 2434 2618 num
2469 2579 2655 2635 usque
2685 2563 2835 2618 diem
2869 2562 3214 2618 habeantur.
3255 2566 3410 2619 Inter
3438 2579 3573 2634 quos
3601 2561 3738 2617 multi
3761 2561 3844 2632 qui

2291 2651 2422 2706 dem
2441 2642 2586 2708 sunt
2616 2652 2920 2719 Catholici,
2955 2653 3054 2706 sed
3089 2652 3220 2707 ﬁcte
3255 2667 3320 2706 ac
3349 2668 3450 2724 per
3477 2651 3839 2712 simulationem,

2290 2743 2659 2798 sacerdotum
2712 2742 3114 2797 auctoritatem
3164 2747 3512 2813 sequuntur,
3557 2742 3712 2796 donec
3731 2755 3840 2794 exse

2289 2833 2498 2886 oranda
2532 2831 2634 2886 illa
2663 2836 2821 2886 secta
2851 2831 2923 2886 ab
2967 2829 3238 2886 Ecclesia
3287 2830 3669 2886 communione
3703 2842 3836 2899 segre-

2287 2925 2478 2992 getur,
2511 2924 2574 2974 ut
2602 2927 2741 2975 tunc
2787 2918 3005 2990 aliquid
3046 2919 3119 2974 de
3149 2917 3255 2974 illa
3285 2923 3583 2975 statuatur.
3610 2919 3678 2973 Ex
3701 2917 3755 2972 iis
3774 2914 3836 2986 qui

2287 3013 2494 3082 suapte
2523 3010 2868 3065 auctoritate
2896 3009 3110 3064 iterum
3142 3007 3255 3063 hoc
3287 3009 3457 3063 modo
3486 3007 3752 3079 baptizant,
3773 3020 3837 3058 au-

2284 3097 2381 3152 dio
2413 3099 2725 3169 quemdam
2756 3097 2814 3152 in
2847 3096 3020 3169 Lycia
3050 3096 3454 3168 presbyterum
3483 3112 3650 3152 esse.»
3674 3092 3834 3150 Nemini

522 3208 757 3264 Arianae
791 3207 911 3262 hac
955 3210 1094 3261 sunt
1141 3206 1349 3262 verba:
1395 3229 1414 3254 ι
1451 3180 1511 3261 Si
1543 3180 1615 3260 in.
1633 3205 1867 3261 nomine
1897 3180 2084 3262 Patris
2116 3211 2172 3263 et
2203 3228 2245 3289 ρ
2283 3186 2557 3289 ξίξξίδαον.
2582 3191 2645 3241 υδ
2674 3186 2944 3289 “flii”???
2974 3186 3192 3289 τηίνιξω.
3220 3185 3540 3289 αοθξίξξθῖνιθοί
3563 3180 3834 3289 δυσξυξνθτίί

2280 3274 2656 3342 Athanasius,
2691 3274 2740 3330 si
2769 3275 3041 3340 Basilius,
3071 3275 3120 3330 si
3164 3273 3620 3348 Amphilochius,
3646 3277 3691 3328 et
3712 3270 3832 3326 hare-

2277 3365 2526 3420 ticorum
2561 3364 2854 3437 baptisma
2881 3363 2940 3418 in
2995 3365 3259 3430 nomine,
3291 3365 3394 3421 sed
3425 3380 3532 3419 non
3563 3363 3614 3416 in
3640 3359 3728 3414 ﬁds
3749 3356 3830 3412 Tn-

2278 3454 2481 3511 nitatis
2511 3454 2788 3510 collatum
2819 3453 3017 3509 iterari
3047 3455 3374 3525 optaverit;
3407 3469 3534 3509 cum
3563 3444 3830 3523 Epiphanius

2280 3544 2552 3600 Romana
2585 3543 2849 3600 Ecclesia
2875 3547 2933 3600 et
2977 3543 3372 3600 Occidentalis
3402 3557 3613 3598 morum
3639 3534 3830 3594 scientis-

2278 3633 2464 3688 simus
2521 3649 2684 3704 aque
2741 3631 3134 3700 alternaverit,
3193 3638 3258 3688 et
3303 3647 3404 3690 eos
3450 3631 3544 3704 qui
3587 3629 3648 3684 ab
3672 3620 3828 3682 Ariani:

2278 3721 2510 3778 ablutos
2539 3722 2744 3778 iterato
2773 3721 3110 3791 abluebant,
3145 3738 3266 3777 non
3301 3722 3575 3777 hareseos
3603 3717 3685 3773 sed
3706 3713 3827 3768 anda-

2279 3811 2377 3866 cia
2408 3809 2785 3877 insimularit,
2818 3825 3122 3880 unumque
3153 3809 3305 3865 illud
3335 3811 3540 3865 iterum
3582 3810 3724 3876 atque
3759 3798 3826 3854 ite-

2279 3918 2412 3955 rum
2472 3901 2818 3972 deprecatus
2859 3899 2957 3967 sit,
3005 3915 3077 3954 ne
3128 3905 3270 3956 ante
3317 3897 3537 3955 concilii
3574 3887 3826 3951 universalis

2276 3989 2672 4044 deﬁnitionem
2708 3988 3065 4060 rebaptizare
3094 4004 3196 4044 eos
3221 3987 3633 4060 perseverarent
3649 3977 3823 4038 maxime

2274 4095 2408 4134 cum
2441 4078 2523 4132 illi
2573 4079 2824 4133 necdum
2873 4081 2975 4133 aut
3021 4078 3426 4147 secessissent,
3453 4081 3547 4132 aut
3571 4069 3740 4131 exsecti
3762 4081 3820 4119 es-

2274 4172 2404 4223 sent
2432 4168 2503 4223 ab
2534 4166 2802 4223 Ecclesia
2832 4163 3126 4222 catholica
3156 4164 3578 4222 communione.

2679 4327 2846 4384 XLII.
2879 4329 2961 4383 Ex
2993 4329 3210 4400 Cyrillo
3240 4327 3506 4384 Hierosol.

2344 4461 2427 4512 lta
2476 4455 2761 4511 sentiebat
2806 4459 2864 4510 et
2909 4452 3160 4527 Cyrillus
3203 4438 3818 4524 Hierosolymitanus,qui

2269 4545 2494 4600 Prafat.
2527 4545 2586 4599 in
2623 4545 2846 4601 Catech.
2881 4544 2952 4599 de
2981 4543 3260 4598 omnibus
3282 4539 3555 4598 hareticis
3575 4532 3817 4611 promiscue

2266 4633 2385 4689 hac
2433 4634 2626 4698 habet,
2679 4656 2708 4682 «
2757 4633 2872 4687 Soli
2923 4632 3175 4687 haretici
3233 4616 3815 4703 rebaptizantnr.Siqni-

2267 4722 2397 4776 dem
2433 4723 2596 4794 prius
2627 4720 2769 4776 illud
2802 4736 2916 4774 non
2946 4723 3069 4774 erat
3114 4719 3429 4790 baptisma.
3463 4738 3490 4764 »
3530 4716 3647 4780 Qua
3681 4710 3812 4794 autem

2264 4810 2350 4867 vel
2374 4788 2838 4866 levissimaillius
2861 4809 2934 4863 ab
2963 4788 3289 4879 Augustino
3309 4796 3723 4863 decantatissimi
3743 4788 3815 4862 ple-

2265 4900 2412 4955 narii
2444 4917 2512 4955 ex
2542 4905 2660 4954 toto
2691 4897 3018 4953 Christiano
3067 4897 3207 4953 orbe
3254 4893 3484 4952 concilii
3526 4893 3660 4945 fama
3680 4892 3811 4938 evase-

2264 4993 2352 5044 rat
2382 4989 2452 5044 ad
2504 4987 2802 5050 Basilium,
2854 4986 2925 5041 ad
2974 4984 3468 5058 Amphilochium,
3519 4979 3583 5034 ad
3612 4968 3810 5062 Cyrillut'n

2265 5078 2568 5143 Hierosol.,
2619 5077 2687 5130 ad
2744 5055 3135 5147 Epiphanium
3167 5071 3462 5144 denique?
3488 5067 3570 5123 ubi
3601 5063 3682 5118 illa
3707 5055 3808 5112 orbi!

2261 5167 2566 5222 consensio
2597 5169 2728 5238 post
2758 5163 3086 5236 plenarium
3119 5162 3430 5218 concilium
3460 5157 3527 5213 ad
3549 5151 3810 5238 non

2259 5257 2397 5311 dum
2433 5236 2833 5311 hareticorum
2861 5252 3155 5324 baptisma
3174 5252 3204 5306 ?
3233 5252 3376 5308 Cum
3406 5237 3715 5304 Arelatensis
3738 5236 3809 5324 119’

2258 5361 2370 5416 que
2399 5343 2499 5400 illa
2528 5345 2606 5400 sit
2635 5343 2892 5416 synodus
2922 5315 2993 5396 ab
3025 5341 3351 5413 Augustino
3381 5333 3671 5406 indigitata,
3691 5315 3805 5396 paulo

2254 5439 2388 5490 ante
2417 5434 2544 5504 ejus
2571 5431 2794 5488 natales
2841 5429 3151 5494 celebrata,
3207 5434 3275 5484 ut
3317 5427 3448 5483 alibi
3478 5416 3802 5504 ostendemus}

2254 5491 2648 5595 ecquauhujus
2678 5519 2831 5592 apud
2877 5518 3102 5574 Gracos
3143 5491 3407 5590 usquam
3437 5507 3652 5580 vestigia
3672 5491 3802 5595 vel

2251 5577 2733 5668 em‘unctissima‘
2767 5607 2926 5664 naris
2985 5607 3323 5664 hominibus
3379 5599 3548 5660 olﬁeri
3582 5577 3802 5677 possunt?

2247 5701 2372 5777 Non
2402 5702 2678 5775 Zonaras,
2714 5713 2831 5757 non
2881 5695 3211 5778 Balsamon,
3256 5709 3372 5778 non
3400 5689 3493 5776 glii
3517 5685 3626 5770 eius
3653 5684 3801 5756 ηιθΨῖ
