4088 6174
195 329 350 391 1293

1141 330 1346 390 PARS
1394 328 1469 390 II.
1502 362 1578 373 -—
1610 328 2182 394 RECENTIORUM
2228 332 2665 395 EXCURSUS.

3453 334 3613 395 1294

184 478 323 517 nere
353 460 557 516 Graeci.
590 460 705 516 Sed
736 464 793 516 et
828 461 887 516 in
917 460 1245 517 Arelatensi
1299 462 1545 534 synodo,
1596 460 1696 516 ubi
1753 460 1853 516 illa
1882 465 1929 529 Α
1964 464 2246 536 Cypriano
2278 466 2377 538 qui
2408 466 2678 521 Afrorum
2713 464 2966 537 regionis
2999 464 3111 520 fuit
3133 463 3610 536 archiepiscopus

184 554 309 607 tam
356 550 595 621 copiosa
625 548 939 606 elucidatio
969 551 1249 620 veritatis,
1284 567 1402 622 qua
1433 550 1703 623 Cypriani
1748 552 1849 606 do-

188 639 388 697 ctrina
409 638 787 710 refelleretur,
812 638 1151 695 traditionis
1174 638 1472 695 catholica
1505 643 1563 694 et
1614 639 1855 694 vetusti-

185 728 350 786 sima
381 727 529 784 ratio
547 732 605 783 et
629 728 924 801 sapientia
944 727 1428 801 splendidissime
1447 727 1851 783 elucesceret?

187 823 277 874 An
309 822 641 890 temporum
674 817 961 889 iniquitas
994 817 1306 889 intercepit
1336 821 1457 872 tam
1491 816 1725 889 egregia
1749 816 1849 873 do-

192 907 394 964 ctrina
408 906 709 962 catholica
733 909 1119 962 monumenta
1133 906 1161 960 7
1180 911 1268 962 An
1282 906 1381 961 diu
1407 909 1539 962 ante
1562 906 1851 978 synodum

194 996 354 1051 inter
382 994 732 1051 orthodoxos
764 995 1069 1068 episcopos
1100 1011 1192 1050 res
1224 995 1446 1067 agitata
1488 998 1545 1050 et
1599 994 1855 1066 eliquata

201 1086 414 1153 fuerat,
447 1088 505 1140 et
533 1085 615 1139 ita
645 1084 715 1139 ad
744 1085 1033 1157 synodum
1068 1088 1307 1140 ventum
1358 1083 1494 1140 est?
1549 1084 1612 1139 Id
1660 1085 1852 1140 forsan

200 1173 398 1229 innuit
427 1172 815 1245 Augustinus,
849 1171 889 1229 l.
923 1190 987 1243 ιι,
1020 1174 1089 1229 de
1118 1174 1278 1245 Bapt.
1310 1176 1483 1230 contr.
1546 1174 1769 1241 Donat.,
1802 1190 1853 1232 c.

200 1262 275 1318 ιε
316 1285 337 1312 ι
368 1262 668 1326 Quomodo
702 1260 889 1334 potuit
920 1261 1034 1317 ista
1059 1278 1152 1317 res
1184 1261 1363 1317 tantis
1411 1261 1855 1317 altercationum

202 1350 436 1407 nebulis
465 1349 748 1417 involuta,
772 1351 844 1406 ad
875 1350 1119 1422 plenarii
1149 1349 1379 1407 concilii
1401 1350 1760 1407 luculentam
1786 1350 1855 1405 il-

199 1439 611 1496 lustrationem
626 1438 1254 1511 confirmationemque
1267 1439 1645 1511 perduci,nisi
1668 1441 1857 1512 primo

201 1528 425 1584 diutius
456 1543 558 1600 per
588 1527 749 1583 orbis
782 1531 1066 1582 terrarum
1129 1528 1419 1599 regiones,
1467 1527 1671 1584 multis
1720 1528 1857 1583 hinc

203 1622 379 1689 atque
405 1616 544 1671 hinc
574 1616 1078 1688 disputationibus
1109 1620 1166 1671 et
1197 1616 1610 1672 collationibus
1642 1615 1861 1689 episco-

202 1723 413 1779 porum
436 1709 789 1778 pertractata
813 1710 1110 1761 constaret
1133 1708 1154 1759 ἓ
1178 1704 1326 1760 Illud
1349 1709 1502 1761 certe
1536 1723 1604 1761 ex
1635 1706 1857 1761 antedi-

204 1796 319 1852 ctis
346 1798 593 1862 constat,
623 1794 979 1851 Arelatensis
1011 1795 1217 1851 1248
1249 1795 1455 1866 synodi
1487 1794 1580 1850 vix
1625 1810 1860 1850 rumore

209 1884 411 1957 aliquo
440 1899 715 1954 aspersas
761 1900 888 1939 esse
935 1887 1183 1950 Gracos,
1241 1883 1489 1955 ideoque
1539 1883 1859 1955 plenariam

208 1972 376 2029 illam
406 1971 552 2027 forte
582 1972 654 2027 ab
687 1971 1014 2043 Augustino
1036 1972 1173 2039 dici,
1198 1988 1314 2027 non
1337 1971 1507 2043 quasi
1546 1972 1861 2028 acumeni-

213 2077 369 2132 cam,
401 2061 503 2117 sed
536 2066 600 2117 ut
627 2060 737 2133 ipsi
774 2061 955 2116 moris
983 2065 1093 2127 est,
1128 2061 1297 2132 quasi
1320 2060 1731 2128 universalem,
1754 2060 1863 2117 hoc

213 2156 327 2215 est,
360 2150 627 2222 pluribus
657 2166 724 2205 ex
756 2148 1066 2220 provinciis
1097 2154 1529 2221 congregatam,
1580 2148 1738 2205 velut
1780 2164 1859 2204 κιθ-

214 2239 533 2313 gionalem,
566 2243 670 2295 aut
698 2236 1077 2294 nationalem.
1110 2237 1274 2294 Unde
1302 2238 1456 2293 idem
1491 2236 1666 2309 paulo
1712 2238 1866 2293 infra

214 2328 547 2385 enodandis
577 2327 708 2385 aliis
739 2327 1094 2398 quibusdam
1126 2327 1196 2383 de
1220 2327 1512 2398 baptismo
1544 2328 1865 2383 dubitatio-

214 2418 398 2474 nibus
426 2417 649 2489 optabit
679 2439 707 2468 ‹‹
736 2419 1142 2472 auctoritatem
1174 2416 1403 2471 concilii
1454 2416 1627 2484 tanti,
1676 2433 1865 2488 quan-

218 2512 351 2564 tum
379 2510 559 2562 tanta
590 2507 673 2563 rei
702 2505 979 2562 sufﬁciat.
1014 2528 1044 2555 »
1070 2505 1306 2577 Optabit
1337 2506 1478 2561 item
1513 2527 1539 2555 α
1582 2505 1865 2577 regionali

216 2600 412 2667 coepta
440 2594 707 2666 concilio,
732 2594 989 2666 plenario
1011 2594 1258 2651 concilio
1298 2594 1623 2650 terminari.
1645 2616 1674 2644 ››
1706 2595 1865 2650 Idem

213 2684 361 2741 alibi
392 2684 790 2739 transmarina
821 2683 1067 2740 concilia
1099 2684 1296 2756 magni
1330 2685 1516 2739 facere
1562 2683 1727 2739 visus
1757 2687 1864 2739 est.

211 2773 387 2831 Unde
426 2777 621 2829 autem
671 2773 998 2845 Augustino
1058 2773 1128 2828 de
1177 2772 1556 2828 acumenicis
1604 2770 1869 2829 conciliis

214 2863 346 2919 hac
365 2860 655 2917 sententia
675 2862 1051 2933 obrepsisset,
1070 2860 1172 2932 qui
1193 2861 1383 2917 solum
1408 2877 1552 2932 pene
1572 2860 1869 2915 Nicanum

221 2949 467 3009 audivit.
513 2949 889 3006 CPolitanum
921 2950 1011 3005 vix
1060 2950 1248 3016 scivit,
1285 2948 1640 3021 Ephesinum
1684 2953 1872 3004 morte

223 3038 585 3097 antevertit?
608 3039 678 3095 Et
708 3037 805 3094 ille
836 3042 1028 3094 tamen
1057 3039 1325 3110 frequens
1345 3037 1605 3109 plenaria
1630 3036 1874 3093 concilia

225 3132 451 3199 crepat,
484 3126 714 3199 aliaque
744 3126 874 3182 aliis
898 3126 1197 3183 emendari
1228 3131 1512 3182 autumat.
1546 3127 1661 3182 Nec
1710 3126 1871 3181 Basi-

1891 1843 1938 1907 B

1959 559 2016 609 et
2047 558 2286 625 martyr,
2319 558 2376 609 et
2405 554 2626 626 synodo
2657 570 2785 626 qua
2841 554 2951 609 sub
3002 569 3068 610 eo
3125 552 3255 619 fuit,
3322 551 3609 608 emissum

1961 657 2242 698 canonem
2269 661 2282 711 ;
2316 642 2417 715 qui
2449 643 2507 699 in
2541 642 2954 714 pradictorum
2986 641 3305 715 praesulum
3355 641 3523 709 locis,
3555 644 3613 698 et

1961 729 2155 787 solum
2186 732 2512 788 secundum
2545 732 2823 788 traditam
2855 731 2939 787 eis
2970 731 3457 788 consuetudinem
3485 747 3609 787 ser-

1959 825 2131 876 vatus
2189 825 2296 877 est.
2330 843 2360 871 »
2418 821 2539 877 Etsi
2598 838 2632 877 a
2690 819 2970 894 Cypriano
3032 821 3416 878 dissentirent
3466 824 3609 877 tunc

1962 907 2169 975 Graci,
2202 909 2353 965 hanc
2378 912 2575 966 tamen
2608 910 2736 981 ejus
2764 910 3248 966 consuetudinem
3275 926 3380 966 suo
3403 907 3528 966 loco
3551 914 3611 966 et

1962 1000 2224 1070 tempore
2253 998 2511 1071 viguisse
2542 1001 2796 1055 censent.

1964 1157 2127 1216 XLV.
2180 1160 2261 1215 Ex
2306 1174 2571 1216 consensu
2616 1158 2946 1287 62:33:02,
3012 1160 3263 1214 maxime
3327 1159 3611 1215 Theodori

2797 1247 2815 1285 ι
2895 1271 2909 1284 .

2797 1247 2909 1285 ηε.

2040 1372 2124 1427 Ita
2152 1371 2695 1444 sentiebantgGraci
2725 1371 2866 1429 olim
2896 1388 3122 1443 omnes,
3145 1371 3361 1443 quibus
3381 1387 3613 1429 summo

1966 1476 2199 1532 semper
2228 1461 2289 1515 in
2322 1460 2542 1517 honore
2574 1460 2682 1517 fuit
2712 1460 2814 1517 illa
2842 1460 3043 1518 Basilii
3079 1461 3324 1533 Epistola
3352 1461 3617 1518 canonica

1966 1549 2510 1621 adAmphz'lochz’um
2539 1549 2600 1605 in
2648 1550 2845 1606 codice
2903 1566 3194 1607 canonum
3249 1552 3446 1606 Graeco
3500 1566 3615 1622 pra

1968 1640 2194 1694 cateris
2250 1639 2508 1694 radians.
2579 1638 2920 1710 Specialiter
2992 1644 3190 1695 autem
3270 1638 3617 1695 Timotheus

1968 1727 2287 1799 presbyter,
2307 1727 2478 1797 cujus
2504 1726 2895 1800 fragmentum
2918 1728 3169 1783 refertur
3188 1745 3222 1783 a
3246 1726 3614 1798 Balsamone,

1970 1814 2067 1872 ubi
2100 1820 2219 1871 tres
2242 1816 2477 1872 ordines
2526 1820 2788 1872 recenset
2843 1817 3246 1873 accedentium
3296 1817 3367 1872 ad
3416 1814 3614 1872 Eccle-

1971 1905 2141 1973 siam,
2165 1904 2266 1975 qui
2293 1904 2605 1976 baptismo.
2631 1904 2732 1977 qui
2758 1904 3089 1970 chrismate,
3109 1905 3211 1977 qui
3243 1904 3369 1962 sola
3400 1904 3615 1961 erroris

1971 1994 2295 2065 ejuratione
2323 1994 2532 2051 I244
2563 1993 2943 2064 recipiuntur.
3004 2016 3031 2044 «
3065 1995 3135 2049 Et
3179 1994 3280 2066 qui
3322 1994 3621 2067 baptizan-

1971 2085 2069 2137 tur
2094 2082 2353 2154 quidem,
2387 2087 2528 2139 sunt
2558 2082 2619 2138 hi
2648 2100 2661 2139 :
2689 2083 3071 2155 Tascodrugi,
3106 2083 3481 2155 Marcionita,
3512 2084 3618 2138 Ar-

1971 2172 2238 2245 totyrita.
2299 2171 2671 2244 Saccophori,
2721 2172 3084 2245 Apotactita,
3152 2171 3468 2243 Valentini,
3518 2171 3621 2245 qui

1974 2260 2151 2316 etiam
2184 2259 2447 2316 Basilidii
2480 2266 2537 2316 et
2568 2262 2813 2317 Hermai
2854 2260 3241 2333 appellantur,
3299 2259 3617 2329 Nicola’ita,

1975 2348 2367 2420 Montanista,
2401 2349 2708 2421 Pepuzeni,
2741 2350 3068 2417 Manichai,
3092 2349 3625 2417 Eunomiani,Pau-

1972 2438 2248 2503 lianista,
2296 2438 2759 2506 Photinianista,
2821 2436 3162 2506 Sabelliani,
3229 2436 3621 2506 Cerinthiani,

1977 2526 2402 2595 Menandriani,
2437 2527 2715 2595 Ehionai,
2774 2526 3120 2593 Simoniani,
3174 2524 3622 2598 Carpocratiani.

1976 2614 2337 2683 Saturniani,
2370 2618 2427 2670 et
2457 2615 2556 2686 qui
2590 2615 2662 2671 ab
2690 2615 2870 2685 impio
2898 2615 3112 2686 Marco,
3145 2615 3247 2686 qui
3290 2614 3363 2671 ab
3408 2614 3624 2686 Apelle,

1978 2705 2078 2777 qui
2112 2722 2146 2759 a
2173 2703 2468 2760 Theodoto
2490 2703 2767 2773 Coriario,
2790 2702 3147 2770 Helcesaita,
3190 2703 3291 2773 qui
3322 2720 3357 2759 a
3384 2703 3624 2775 Nepote,

1980 2793 2077 2864 qui
2112 2791 2389 2863 aPelagio
2411 2797 2468 2847 et
2493 2791 2777 2858 Calestio,
2810 2795 2868 2847 et
2922 2790 3459 2848 Melchisedecbita.
3517 2789 3628 2855 Qui

1979 2887 2172 2937 autem
2204 2885 2405 2936 sancto
2436 2880 2752 2936 chrismate
2781 2885 3105 2953 unguntur,
3139 2885 3279 2936 sunt
3307 2876 3367 2935 hi
3388 2897 3403 2937 :
3426 2883 3627 2936 Tetra-

1982 2971 2112 3025 dita
2144 2986 2247 3026 seu
2280 2970 2842 3026 Tessaresdecatita.
2896 2967 3197 3026 Novatiani
3255 2984 3356 3024 seu
3403 2967 3627 3024 Sabba-

1983 3059 2147 3126 tiani,
2211 3058 2425 3127 Ariani,
2486 3056 2910 3124 Macedoniani,
2968 3056 3513 3130 Appollinarista.»
3560 3056 3633 3113 Et

1987 3146 2162 3219 paulo
2192 3150 2324 3218 post
2352 3145 2569 3203 ibidem
2600 3146 2914 3218 subjicitur
2942 3151 2999 3202 et
3037 3146 3199 3202 istud
3231 3162 3301 3202 ex
3330 3143 3631 3218 epistolaé

226 3218 349 3273 lius
379 3233 559 3289 supra
588 3217 659 3273 de
706 3216 1063 3272 acumenico
1106 3216 1350 3272 concilio
1400 3216 1722 3289 satagebat,
1774 3214 1870 3269 sed

1988 3207 2273 3292 Theodori
2330 3234 2577 3291 Studita
2642 3207 2730 3291 adv
2799 3236 3179 3292 Naucratium
3252 3207 3631 3307 excerptum:

230 3308 307 3363 de
337 3306 581 3362 concilio
613 3310 867 3371 tantum,
894 3309 958 3360 ut
982 3304 1053 3361 lis
1075 3304 1188 3360 ista
1214 3305 1601 3361 dirimeretur.
1622 3304 1875 3377 Epipha-

228 3395 368 3452 nius
400 3394 770 3450 acumenica
801 3394 1007 3466 synodi
1037 3410 1272 3466 cperam
1305 3394 1616 3461 desiderat,
1641 3394 1879 3465 peritior

224 3485 479 3540 fortasse
512 3483 737 3539 dissidii
771 3499 885 3554 quo
915 3481 1237 3538 Orientales
1268 3481 1531 3538 nonnulli
1590 3484 1662 3539 ab
1710 3482 1875 3538 Occi-

223 3572 566 3630 dentalibus
597 3572 790 3629 adhuc
820 3571 1204 3627 dissidebant.

466 3732 652 3788 XLIII.
684 3732 768 3787 Ea:
792 3729 1029 3787 secunda
1058 3731 1265 3802 synodo
1294 3732 1643 3787 acumenica.

305 3857 394 3911 Ita
422 3855 753 3912 sentiebant
812 3855 1013 3910 Patres
1063 3858 1295 3910 centum
1348 3854 1777 3928 quinquaginta
1816 3854 1875 3910 in

225 3945 457 4017 synodo
487 3946 741 4001 secunda
782 3944 1161 4000 acumenica.
1224 3944 1369 4000 Nam
1420 3960 1548 3999 can.
1578 3946 1614 3997 7
1640 3944 1720 3999 ita
1764 3944 1881 3999 edi-

227 4038 417 4092 cunt:
455 4057 481 4083 ‹‹
515 4035 625 4089 Eos
656 4034 755 4104 qui
788 4038 954 4089 recta
982 4032 1133 4087 'ﬁdei
1186 4032 1563 4103 adjiciuntur,
1622 4036 1678 4089 et
1730 4033 1875 4106 parti

229 4139 440 4179 eorum
473 4123 569 4192 qui
600 4138 669 4177 ex
714 4121 1000 4177 haereticis
1056 4127 1381 4191 servantur,
1428 4122 1743 4193 recipimus
1791 4139 1881 4179 se-

230 4212 498 4268 cundum
532 4212 857 4282 subjectam
892 4210 987 4265 hic
1016 4209 1490 4281 consequentiam
1525 4215 1577 4265 et
1636 4227 1883 4267 consue-

230 4299 529 4370 tudinem,
564 4299 805 4355 Arianos
835 4298 1097 4370 quidem,
1130 4302 1241 4354 etc.
1302 4298 1695 4355 Ennomianos
1727 4316 1882 4365 vero,

230 4394 351 4445 etc.
386 4410 415 4438 ››
448 4388 582 4443 Illos
615 4404 823 4459 nempe
856 4386 1129 4443 unctione
1160 4386 1519 4453 chrismatis,
1554 4386 1660 4443 bos
1695 4389 1883 4461 bapti-

229 4495 391 4535 smo.
424 4479 609 4534 Suum
640 4476 1083 4549 simplicissime
1131 4492 1348 4531 morem
1403 4482 1697 4545 enarrant,
1748 4494 1886 4533 con-

1987 3348 2014 3376 ‹‹
2046 3327 2180 3391 Qua
2203 3342 2237 3380 a
2265 3340 2358 3380 me
2378 3325 2657 3396 petivisti,
2680 3329 2746 3380 ut
2766 3323 3069 3397 sigillatim
3116 3324 3532 3396 responderem
3562 3324 3634 3379 de

1985 3412 2182 3483 sectis,
2204 3416 2261 3467 et
2281 3412 2617 3484 baptismis,
2648 3417 2757 3469 etc.
2776 3413 2999 3470 Accede
3041 3413 3113 3467 ad
3141 3428 3374 3468 sacrum
3414 3410 3633 3467 librum

1984 3499 2315 3573 Epiphanii,
2348 3505 2457 3556 etc.
2492 3500 2914 3573 Contemplatio
2972 3500 3279 3574 tripliciter
3324 3499 3631 3557 dividitur.

1986 3590 2363 3661 Baptizantur
2391 3593 2589 3646 autem
2620 3590 2987 3659 Marcionita,
3020 3588 3404 3662 Tascodrugi.
3446 3589 3632 3645 Mani-

1985 3678 2151 3745 cbai,
2178 3684 2236 3735 et
2266 3679 2365 3750 qui
2398 3682 2538 3735 sunt
2567 3680 2831 3751 ejusdem
2861 3678 3107 3749 ordinis,
3139 3694 3330 3751 usque
3361 3678 3434 3735 ad
3486 3676 3633 3734 Mel-

1986 3767 2435 3835 chisedechitas,
2455 3768 2945 3841 vigintiquinque
2968 3767 3239 3824 hareses.
3257 3769 3631 3839 Inunguntur

1987 3860 2181 3911 autem
2245 3872 2411 3912 sacro
2496 3855 2821 3913 Cbrismate
2889 3856 3224 3922 Tetradita,
3300 3855 3629 3925 Novatiani,

1986 3944 2206 4013 Ariani,
2228 3942 3328 4016 Macedoniani,Appollinarista,simul
3347 3943 3631 4015 quinque.

1988 4034 2097 4100 Qui
2116 4050 2250 4089 vero
2284 4050 2388 4089 nec
2420 4034 2809 4105 baptizantur,
2842 4049 2948 4089 nec
2970 4038 3292 4105 unguntur,
3316 4033 3417 4088 sed
3450 4031 3637 4087 solam

1990 4122 2286 4195 propriam
2309 4127 2365 4178 et
2383 4139 2616 4178 omnem
2646 4122 2818 4177 aliam
2844 4121 3089 4177 haresin
3114 4121 3638 4187 anathematizant,

1991 4211 2304 4281 Meletiani,
2353 4212 2705 4279 Nestoriani,
2765 4209 3239 4280 Eutychianista,
3286 4214 3399 4265 etc.
3434 4232 3463 4258 »
3508 4209 3645 4273 Qua

1995 4300 2274 4374 prolixior
2301 4300 2419 4356 fere
2441 4303 2531 4355 est
2552 4300 2793 4355 canonis
2822 4298 3055 4371 septimi
3078 4298 3284 4371 synodi
3321 4296 3646 4353 CPolitana

1995 4389 2415 4461 interpretatio.
2449 4388 2624 4443 Vides
2673 4391 2864 4443 autem
2910 4403 3086 4459 quam
3146 4385 3482 4442 immaniter
3525 4386 3649 4440 hac

1997 4478 2326 4533 dissideant
2356 4494 2389 4532 a
2418 4476 2841 4532 consuetudine
2872 4477 3143 4532 Romana
3196 4475 3486 4542 Ecclesia,
3518 4490 3647 4546 qua

227 4567 613 4623 suetudinem
646 4566 794 4621 hanc
822 4582 951 4621 esse
967 4563 1275 4636 perhibent
1296 4563 1441 4619 nihil
1465 4565 1889 4622 amarulentius
1919 4576 1965 4642 Ι)
2000 4582 2305 4637 nunquam
2340 4566 2612 4638 deinceps
2638 4569 2833 4621 tamen
2887 4582 2955 4622 ea
3011 4566 3081 4621 de
3138 4581 3200 4622 re
3257 4564 3421 4621 litem
3468 4564 3651 4620 movit

226 4656 301 4711 in
334 4670 505 4710 secus
527 4654 615 4711 vel
648 4654 984 4719 sentientes,
1018 4651 1105 4709 vel
1141 4653 1417 4708 facientes
1451 4654 1892 4710 stomachanlur

229 4744 526 4799 (laterum
558 4744 967 4813 Montanistas,
999 4758 1100 4797 seu
1136 4741 1550 4814 Cataphrygas,
1586 4743 1894 4799 Eunomia-

232 4848 377 4897 nos,
413 4831 670 4902 aliosque
702 4831 1019 4887 nonnullos
1069 4829 1351 4902 baptizari
1406 4830 1615 4886 iterum
1660 4832 1891 4903 jubent,

239 4939 402 4995 quos
435 4922 695 4977 Romana
724 4922 784 4976 in
816 4920 1071 4976 Ecclesia
1117 4920 1505 4991 rebaptizatos
1554 4938 1667 4978 non
1717 4921 1898 4979 fuisse

235 5010 486 5066 elicitur
532 5027 601 5065 ex
662 5027 841 5082 supra
898 5008 1104 5081 positis
1156 5008 1489 5079 Hieronymi
1533 5008 1899 5083 aliorumque

234 5099 628 5155 testimoniis.
688 5098 856 5155 Solos
915 5096 1303 5154 Paulianistas
1351 5097 1586 5153 Nicana
1640 5101 1899 5171 synodus

221 5189 511 5260 jusserat
536 5187 750 5244 iterum
772 5186 947 5259 tingi,
976 5203 1091 5242 non
1120 5186 1522 5243 Montanistas.
1550 5189 1613 5243 In
1635 5188 1901 5245 Ecclesia

235 5276 532 5333 Romana
565 5277 762 5333 codice
793 5292 1086 5333 canonum
1118 5276 1281 5332 deest
1309 5291 1493 5332 canon
1522 5275 1651 5334 iste.

631 5435 825 5494 XLIV.
857 5440 951 5493 Ex
976 5436 1189 5510 synodo
1233 5435 1531 5493 Trullana.

321 5560 409 5617 Ita
432 5561 765 5618 sentiebant
801 5566 861 5619 et
890 5560 1157 5620 Trullani
1188 5560 1408 5629 Patres,
1439 5560 1538 5634 qui
1570 5577 1697 5618 can.
1754 5581 1794 5621 ιι
1823 5584 1908 5625 re-

2003 4656 2239 4722 Gracis,
2273 4656 2566 4711 Canonem
2599 4654 2767 4710 illum
2800 4654 3176 4710 CPolitanum
3210 4670 3316 4710 suo
3347 4670 3414 4709 ex
3453 4653 3651 4709 codice

2005 4745 2275 4817 rejecisse
2328 4746 2624 4799 contenta.
2686 4742 2863 4799 Vides
2925 4758 3104 4815 quam
3184 4743 3361 4799 rudes
3438 4740 3658 4797 fuerint

2006 4832 2206 4901 Graci,
2241 4836 2343 4889 aut
2372 4830 2653 4889 incuriosi
2682 4831 2845 4889 illius
2876 4832 3123 4905 plenarii
3156 4831 3411 4899 concilii,
3462 4833 3519 4886 et
3565 4845 3657 4883 ca-

2008 4922 2179 4980 nonis
2212 4921 2569 4978 Arelatensis
2599 4921 2668 4977 de
2698 4916 2991 4994 baptismo
3025 4921 3096 4975 ab
3124 4918 3450 4993 Augustino
3508 4914 3659 4972 cele-

2008 5012 2184 5067 brati.
2217 5011 2391 5067 Vides
2417 5027 2592 5082 quam
2622 5012 2752 5080 jure
2784 5010 3105 5080 meritoque
3137 5025 3322 5063 canon
3354 5002 3653 5061 Arelaten—

2011 5102 2094 5157 sis
2126 5101 2197 5156 ad
2221 5102 2390 5156 Afros
2422 5099 2768 5169 destinetur,
2806 5114 3058 5171 quorum
3118 5096 3354 5170 pr0pria
3394 5094 3485 5149 lex
3531 5096 3659 5148 erat

2012 5195 2080 5246 ut
2111 5189 2554 5262 rebaptizarent.

2510 5346 2701 5404 XLVI.
2732 5348 2816 5404 Ex
2862 5343 3159 5404 Gennadzo.

2089 5477 2175 5532 Ita
2199 5472 2506 5541 sentiebat,
2539 5476 2603 5529 ut
2632 5474 2705 5529 ad
2739 5473 2971 5531 Latinos
3001 5487 3212 5529 rursus
3242 5483 3336 5526 me
3391 5466 3663 5537 referam,

2016 5564 2375 5634 Gennadius,
2404 5562 2470 5618 de
2503 5564 2747 5633 Dogmat.
2781 5565 3007 5631 Eccles.,
3061 5578 3111 5618 c.
3157 5560 3265 5616 52:
3322 5581 3343 5609 ι
3378 5556 3515 5615 Illos
3566 5555 3669 5631 qui

233 5650 486 5726 cipiunt
514 5667 649 5715 cum
670 5650 803 5710 aliis
829 5650 1252 5729 receptissimis
1283 5651 1546 5726 synodis,
1606 5652 1781 5712 etiam
1814 5680 1840 5709 ‹‹
1876 5676 1911 5714 a
2019 5673 2138 5715 non
2167 5656 2377 5711 sancta
2408 5652 2716 5713 Trinitatis
2747 5651 3113 5713 invocatione
3150 5648 3305 5728 apud
3363 5646 3672 5715 hareticou
