4042 6194
398 352 426 412 1
438 351 554 412 295

1454 336 1556 397 DE
1602 326 2197 394 HERETICORUM
2243 323 2748 388 BAPTISMATE

3648 314 3794 377 1296

396 479 673 552 baptizati
695 481 854 544 sunt,
892 479 948 532 et
976 473 1220 530 veniunt
1251 472 1323 526 ad
1352 487 1485 537 nos,
1516 466 1794 540 baptizari
1835 465 2046 519 debere
2074 466 2126 529 Α
2159 460 2323 528 ritas,
2357 459 2769 515 commendata
2818 461 2992 526 atque
3037 456 3261 510 statuta
3311 449 3571 519 retineri,
3630 449 3796 505 sicuti

399 567 880 642 pronuntiamus,
915 580 1029 619 non
1065 560 1430 632 rebaptizari.
1462 559 1661 628 Neque
1718 554 1871 609 enim
1923 567 2045 608 cre-

403 660 662 715 dendum
692 662 783 712 est
809 672 910 711 eos
942 654 1123 708 fuisse
1156 650 1498 722 baptizatos,
1533 645 1632 718 qui
1664 661 1778 700 non
1838 644 1898 697 in
1945 657 2048 695 no-

409 924 722 991 Prooliani,
760 921 1096 981 Borboritai,
1129 915 1382 988 Siphori,
1415 914 1513 985 qui
1563 927 1720 967 nunc
1774 913 2056 964 vocantur

409 1012 746 1080 Bonosiani,
769 1008 1117 1075 Photiniani,
1135 1005 1411 1070 Montani,
1431 1007 1488 1059 et
1507 999 1832 1069 Manichaai,
1867 997 2054 1052 varia-

411 1119 527 1175 que
543 1099 865 1173 impietatis
886 1096 1172 1170 germina,
1193 1093 1284 1150 vel
1306 1097 1523 1149 czeterae
1544 1090 1790 1146 istorum
1815 1083 2058 1157 originis

409 1191 531 1248 sive
565 1189 790 1245 ordinis
813 1191 1024 1260 pestes,
1058 1201 1186 1257 qua:
1215 1184 1332 1238 duo
1363 1179 1654 1254 principia
1699 1176 1813 1233 sibi
1860 1175 2062 1246 ignota

412 1279 812 1342 introducunt,
839 1280 903 1330 ut
931 1274 1152 1330 Cerdon
1186 1276 1245 1328 et
1273 1269 1528 1326 Marcion
1555 1292 1569 1333 ;
1602 1265 1691 1322 vel
1745 1261 2057 1328 contraria,

414 1373 482 1424 ut
503 1366 859 1423 Manichaaus
883 1361 1130 1430 ;veltria
1178 1364 1234 1416 et
1261 1360 1605 1422 barbara,ut
1635 1352 1972 1418 Sethianus,
2006 1352 2064 1404 et

417 1455 816 1520 Theodosius;
839 1451 929 1508 vel
953 1451 1228 1519 multa,ut
1244 1446 1594 1504 Valentinus
1617 1461 1629 1512 ;
1650 1442 1738 1498 vel
1761 1441 2061 1496 Christum

419 1545 719 1603 hominem
747 1542 929 1598 fuisse
958 1541 1182 1611 absque
1211 1537 1349 1602 Deo,
1383 1540 1447 1590 ut
1475 1531 1809 1599 Corinthus,
1856 1527 2060 1604 Ebion,

423 1637 703 1690 Artemon
732 1636 789 1688 et
817 1630 1124 1686 Photinus.
1157 1628 1239 1682 Ex
1267 1623 1434 1698 ipsis,
1466 1623 1732 1694 inquam,
1765 1619 1815 1674 si
1845 1616 1944 1689 qui
1991 1615 2063 1672 ad

424 1740 532 1778 nos
561 1720 846 1788 venerint,
880 1735 997 1774 non
1026 1713 1446 1788 requirendum
1477 1711 1549 1766 ab
1581 1710 1665 1766 eis
1697 1713 1894 1763 utrum
1918 1705 2066 1776 bap-

2160 551 2315 620 quod
2348 548 2576 604 Domini
2600 547 2816 620 passio,
2851 549 2910 600 et
2939 543 3309 607 resurrectio,
3341 546 3400 597 et
3428 539 3692 595 ascensio
3740 539 3795 592 in

2157 638 2392 704 ccelum,
2424 643 2480 692 et
2509 637 2792 693 adventus
2823 635 2894 689 de
2931 633 3072 689 coelo
3110 631 3360 702 Spiritus
3408 628 3599 684 sancti
3644 629 3801 683 anni-

2157 726 2415 781 versaria
2443 724 2813 781 solemnitate
2843 722 3230 778 celebrantur.
3262 723 3330 774 Et
3357 719 3408 774 si
3449 716 3590 788 quid
3645 715 3798 770 aliud

2035 859 2050 886 ,
2160 815 2276 871 tale
2304 815 2640 880 occurrerit,
2683 813 2838 884 quod
2888 815 3152 867 ervatur
3193 810 3265 865 ab
3316 807 3613 875 universa,
3661 821 3800 876 qua-

2163 919 2416 976 cumque
2447 919 2509 960 se
2538 901 2833 968 diffundit,
2867 899 3141 955 Ecclesia.
3174 896 3303 953 Alia
3337 911 3473 952 vero
3530 911 3661 966 quas
3706 909 3803 966 per

2163 990 2292 1048 loca
2338 997 2629 1048 terrarum
2686 989 3068 1063 regionesque
3113 986 3434 1056 variantur,
3493 983 3669 1040 sicuti
3721 986 3803 1039 est

2166 1082 2320 1151 quod
2351 1081 2749 1152 aliijejunant
2803 1079 3075 1144 Sabbato,
3135 1074 3231 1133 alii
3289 1091 3422 1130 vero
3482 1089 3621 1142 non,
3674 1074 3800 1141 etc.,

2171 1175 2355 1226 totum
2378 1169 2485 1226 hoc
2508 1186 2692 1242 genus
2713 1184 2910 1224 rerum
2932 1166 3147 1222 liberas
3167 1164 3343 1220 habet
3353 1161 3801 1220 observationes.

2170 1258 2285 1317 Nec
2307 1258 2618 1330 disciplina
2638 1257 2758 1312 ulla
2779 1255 2945 1312 estin
2977 1255 3071 1311 his
3113 1253 3317 1309 melior
3354 1252 3514 1324 gravi
3555 1250 3804 1322 pruden-

2171 1348 2331 1419 tique
2351 1347 2705 1415 Christiano,
2728 1361 2903 1416 quam
2928 1350 2991 1400 ut
3019 1360 3086 1400 eo
3119 1344 3292 1398 modo
3315 1347 3472 1415 agat,
3498 1356 3616 1413 quo
3641 1355 3806 1412 agere

2170 1436 2378 1492 viderit
2399 1435 2811 1501 Ecclesiam,ad
2828 1447 3263 1504 quamcumque
3285 1432 3430 1487 forte
3447 1428 3758 1486 devenerit.
3779 1450 3805 1476 ι»

2172 1533 2278 1591 Ubi
2295 1533 2670 1606 perspicuum
2701 1537 2810 1598 est,
2842 1548 2956 1586 non
2988 1531 3072 1586 uti
3109 1529 3306 1601 ﬁdem,
3336 1528 3419 1584 ita
3437 1525 3805 1600 disciplinam

2172 1629 2231 1679 et
2275 1621 2730 1679 consuetudines
2773 1621 2845 1676 ad
2895 1635 3073 1675 unam
3146 1615 3462 1674 formulam
3517 1616 3578 1672 in
3654 1613 3805 1670 omni

2170 1710 2426 1768 Ecclesia
2444 1709 2716 1781 restringi
2739 1713 2795 1765 et
2816 1707 3065 1764 adunari
3091 1705 3414 1763 necessario
3437 1705 3649 1761 debere
3673 1721 3686 1758 :
3711 1703 3804 1759 sed

423 1811 585 1870 tizati
613 1811 753 1876 Sint,
786 1825 859 1863 an
891 1824 1034 1866 non:
1068 1805 1170 1861 sed
1203 1803 1307 1859 hoc
1338 1804 1588 1863 tantum,
1623 1797 1672 1853 si
1696 1796 1934 1853 credant
1953 1793 2065 1848 Ec-
2097 1836 2146 1901 B
2176 1801 2235 1855 in
2268 1798 2370 1854 illa
2399 1815 2602 1854 omnes
2633 1796 2961 1863 convenire,
2993 1795 3054 1850 in
3089 1795 3193 1850 hac
3223 1793 3369 1850 alias
3389 1793 3462 1848 ab
3481 1793 3614 1848 aliis
3634 1790 3811 1848 incul-

929 1900 932 1901 ν
1001 1897 1011 1901 -
1123 1893 1156 1901 ..
1275 1897 1282 1901 .
1525 1888 1536 1901 .
1615 1888 1626 1898 .
1709 1885 1741 1901 ,.
1876 1886 1932 1901 ,γ
1991 1881 2030 1901 ,,
2258 1887 2291 1901 ..
2367 1887 2378 1898 .
2501 1887 2538 1901 τ,
2612 1885 2623 1901 .
2703 1885 2712 1895 .
2828 1885 2864 1901 ..
3124 1900 3128 1901 ,
3646 1880 3802 1901 A,,,_

425 1900 612 1958 clesiaa
652 1899 851 1965 ﬁdem,
887 1900 944 1952 et
1001 1893 1366 1967 baptizentur
1423 1885 1815 1945 ecclesiastico
1873 1881 2070 1954 bapti-

424 1994 634 2046 smate.
657 2010 685 2038 ››
706 1987 896 2043 Minus
922 1983 1190 2057 stupebis
1205 1983 1332 2053 jam
1359 1980 1587 2036 Graecos
1635 1977 1707 2032 ab
1744 1969 2069 2030 Arelatensi

423 2092 665 2148 canone,
689 2082 746 2132 et
762 2076 833 2132 ab
851 2074 1121 2131 Ecclesiae
1143 2072 1415 2127 Romana:
1450 2068 1563 2122 ritu
1614 2063 1899 2132 deviasse,
1933 2075 2069 2116 cum

420 2169 622 2226 videas
641 2165 860 2222 civitati
883 2168 940 2218 et
965 2159 1290 2217 Arelatensi
1320 2156 1522 2214 I245
1577 2158 1634 2210 et
1661 2153 1935 2208 Romana:
1967 2148 2068 2204 ad-

414 2259 680 2329 jacentes
709 2251 999 2309 Ecclesias
1029 2251 1100 2306 ab
1131 2247 1216 2304 eis
1263 2261 1428 2318 aeque
1476 2241 1800 2299 deﬂexisse.
1852 2237 2068 2295 Multos

423 2345 581 2402 enim
613 2344 845 2409 horum,
877 2357 1025 2412 quas
1045 2336 1382 2394 Gennadius
1404 2333 1549 2406 tingi
1573 2347 1779 2386 rursus
1801 2328 2068 2400 imperat,

425 2436 487 2500 in
516 2431 770 2490 Ecclesia
803 2431 1066 2486 Romana
1097 2427 1224 2482 sine
1264 2441 1408 2480 novo
1467 2421 1759 2494 baptismo
1808 2419 2070 2488 receptos

427 2523 611 2579 fuisse
644 2537 824 2592 supra
855 2533 1126 2590 expresse
1160 2533 1264 2571 nos
1325 2510 1633 2568 admonuit
1660 2508 2070 2578 Hieronymus.

431 2611 584 2670 Sileo
616 2590 816 2667 nostro
846 2608 956 2664 hoc
1000 2623 1117 2662 aevo
1176 2601 1433 2659 novellos
1481 2597 1783 2654 haereticos
1813 2613 1844 2649 a
1875 2590 2076 2648 multis

433 2698 748 2757 Catholicis
778 2699 887 2755 sub
915 2693 1244 2753 conditione
1276 2689 1661 2763 rebaptizatos
1692 2682 2078 2753 fuisse,idque

429 2791 746 2847 vetandum
780 2786 984 2854 fuisse,
1017 2800 1180 2840 conc.
1216 2781 1443 2837 Rotom.
1479 2795 1551 2832 an
1595 2775 1752 2842 1581,
1803 2768 2076 2827 Itemensi

432 2897 526 2936 an.
563 2878 719 2945 1583,
753 2873 1035 2947 Aquiensi
1065 2889 1159 2929 an.
1222 2870 1380 2938 1585,
1432 2865 1721 2922 Tolosano
1766 2879 1859 2917 an.
1915 2859 2073 2927 1590,

429 2967 693 3025 Narbon.
728 2983 823 3022 an.
863 2964 1021 3019 1609.
1057 2964 1138 3018 lla
1169 2959 1325 3017 enim
1357 2955 1662 3014 deﬁnierat
1715 2951 1853 3008 Pius
1901 2949 1965 3020 ν,
2017 2949 2082 3002 ut

429 3058 613 3114 fertur
636 3057 696 3111 in
729 3054 948 3128 synodo
979 3047 1317 3108 Ebroicensi
1349 3064 1443 3103 an.
1473 3044 1610 3100 1576
1668 3041 1822 3115 apud
1842 3035 2077 3096 Bochel-

423 3146 572 3214 lum,
605 3161 738 3218 pag.
775 3145 897 3198 141.

2178 1887 2478 1962 patiesime
2501 1885 2786 1942 Ecclesiae
2812 1885 3160 1956 discrepare.
3189 1882 3387 1939 Sicubi
3409 1886 3608 1938 autem
3641 1880 3808 1936 etiam

2177 1978 2536 2034 consuetudo
2557 1975 2748 2046 aliqua
2772 1973 2859 2029 vel
2880 1973 3161 2041 obtineat,
3185 1971 3274 2027 vel
3302 1972 3568 2028 obtinere
3613 1969 3812 2024 debeat

2177 2067 2235 2122 in
2267 2067 2423 2122 omni
2454 2064 2708 2120 Ecclesia
2737 2064 2885 2118 hanc
2930 2063 3118 2133 legem
3165 2061 3254 2117 vel
3284 2077 3318 2117 a
3355 2058 3693 2132 Scripturis,
3731 2057 3811 2113 vel

2178 2156 2249 2213 ab
2301 2153 2620 2227 apostolica
2661 2151 2990 2220 traditione,
3035 2150 3189 2206 vela
3235 2148 3512 2222 plenariis
3560 2146 3814 2204 conciliis

2181 2244 2489 2317 proﬁcisci.
2525 2247 2590 2296 Et
2617 2241 2656 2298 l.
2690 2257 2746 2298 xv
2773 2243 2840 2297 de
2863 2242 3022 2312 Bapt.
3071 2243 3248 2295 contr.
3297 2238 3516 2301 Donat.,
3551 2253 3680 2309 cap.
3708 2235 3812 2291 24:

2181 2366 2209 2394 κ
2244 2343 2403 2408 Quod
2436 2340 2707 2397 universa
2734 2343 2893 2394 tenet
2921 2336 3194 2402 Ecclesia,
3215 2352 3320 2392 nec
3341 2334 3606 2392 conciliis
3655 2333 3815 2390 insti-

2179 2435 2398 2510 tutum,
2430 2429 2532 2485 sed
2573 2427 2778 2484 I246
2830 2442 3062 2498 semper
3109 2429 3400 2480 retentum
3450 2427 3542 2479 est
3588 2421 3815 2478 nonnisi

2181 2520 2524 2577 auctoritate
2537 2515 2856 2589 apostolica
2874 2514 3155 2570 traditum
3168 2513 3492 2568 rectissime
3508 2511 3814 2567 creditur.»

2183 2609 2250 2664 Et
2279 2607 2318 2662 1.
2353 2623 2414 2674 n,
2447 2623 2496 2662 c.
2528 2607 2600 2661 7:
2635 2628 2663 2656 ‹‹
2697 2607 2882 2671 Quam
2915 2601 3404 2669 consuetudinem
3452 2617 3570 2657 non
3617 2601 3817 2671 rebap-

2183 2696 2397 2752 tizandi
2429 2694 2752 2758 haereticos,
2811 2693 2981 2748 credo
3032 2708 3102 2746 ex
3149 2689 3470 2762 apostolica
3515 2688 3819 2745 traditione

2181 2785 2533 2852 venientem,
2557 2783 2710 2839 sicut
2740 2780 2927 2837 multa
2956 2796 3071 2835 non
3103 2778 3485 2834 inveniuntur
3510 2777 3572 2833 in
3618 2777 3820 2832 litteris

2183 2889 2408 2941 eorum,
2443 2888 2631 2942 neque
2662 2871 2720 2925 in
2760 2868 3022 2926 conciliis
3073 2866 3486 2940 posteriorum,
3527 2872 3588 2922 et
3630 2871 3819 2922 tamen

2186 2963 2324 3034 quia
2354 2978 2455 3032 per
2483 2960 2816 3015 universam
2850 2957 3265 3013 custodiuntur
3292 2953 3634 3021 Ecclesiam,
3677 2971 3816 3009 non-

2188 3050 2300 3107 nisi
2333 3049 2403 3105 ab
2434 3048 2580 3120 ipsis
2611 3048 2831 3103 tradita
2876 3050 2934 3101 et
2979 3044 3388 3100 commendata
3435 3042 3766 3099 creduntur.
3792 3063 3820 3090 η

2187 3149 2256 3204 Et
2313 3163 2518 3202 rursus
2577 3145 2731 3200 idem
2789 3141 3178 3214 Augustinus,
3235 3140 3283 3196 l.-
3333 3157 3374 3196 ιι
3429 3149 3600 3197 contr.
3655 3141 3815 3210 Epist.

905 3282 1116 3342 XLVII.
1153 3283 1236 3337 Ea:
1267 3279 1592 3348 Augustino.
2105 3200 2148 3268 C
2186 3200 2473 3348 Pergin;
2503 3200 2563 3290 δ’
2590 3234 2711 3348 .13.:
2751 3200 2916 3348 ﬁrm”
2951 3231 3072 3331 hf“
3129 3200 3393 3348 qllidemr
3415 3227 3534 3284 alia
3582 3200 3815 3348 initiatio

2188 3332 2297 3396 est,
2329 3330 2528 3381 utrum
2558 3327 2616 3379 et
2641 3323 2714 3379 ab
2747 3320 2865 3377 illis
2898 3319 3000 3391 qui
3031 3334 3334 3390 nunquam
3365 3318 3604 3374 fuerunt
3638 3316 3816 3373 Chris-

505 3435 590 3489 lta
617 3429 908 3489 sentiebat
935 3426 1186 3497 denique
1213 3420 1578 3495 Augustinus
1624 3417 1889 3488 ipsemet,
1950 3428 2080 3469 sex-
2190 3415 2334 3472 tiani
2365 3412 2550 3486 possit
2607 3411 2942 3482 baptismus
2987 3406 3134 3464 dari.
3185 3407 3298 3464 Nec
3349 3406 3573 3478 aliquid
3614 3410 3813 3461 temere

439 3523 657 3582 centies
687 3521 838 3576 hanc
865 3495 1307 3574 consuetndinem
1333 3508 1702 3583 appellitans,
1763 3503 1905 3560 locis
1952 3505 2082 3558 tum
2193 3505 2328 3561 inde
2359 3500 2777 3559 afﬁrmandum
2807 3503 2918 3567 est,
2950 3497 3077 3554 sine
3107 3495 3452 3552 auctoritate
3500 3495 3642 3551 tanti
3687 3510 3812 3550 con-

443 3629 623 3684 supre
658 3607 944 3681 allegatis,
970 3611 1096 3661 tum
1127 3602 1258 3659 aliis
1306 3582 1652 3663 innumeris,
1705 3593 1920 3684 quibus
1967 3591 2084 3647 huc
2195 3594 2334 3660 cilii,
2365 3596 2652 3665 quantum
2701 3594 2875 3645 tanta
2922 3587 3004 3643 rei
3053 3585 3327 3642 sufﬁciat.
3365 3608 3394 3635 ι)
3443 3589 3511 3641 Et
3556 3584 3599 3640 l.
3650 3601 3722 3639 vn
3758 3582 3818 3637 de

450 3681 821 3771 congerindis
851 3693 1224 3768 supersedeo.
1254 3690 1415 3745 Addo
1446 3687 1605 3742 hunc
1637 3699 1820 3738 unum
1868 3681 2083 3748 locum,

445 3793 491 3847 1.
524 3789 596 3846 de
624 3788 786 3843 unico
821 3786 1115 3856 Baptismo,
1164 3788 1338 3837 contr.
1393 3775 1580 3842 Petil.,
1637 3789 1688 3828 ο.
1750 3772 1853 3826 13:
1909 3793 1935 3820 «
1972 3773 2086 3841 Ego

446 3883 642 3936 autem
675 3881 740 3932 ut
771 3875 926 3947 quod
959 3873 1029 3928 de
1059 3872 1169 3928 hac
1199 3886 1260 3925 re
1285 3865 1494 3930 sentio,
1553 3861 1803 3919 breviter
1857 3859 2043 3915 dicam
2071 3875 2085 3913 :

446 3967 806 4039 rebaptizare
837 3962 1158 4028 haereticos,
1191 3957 1346 4031 quod
1407 3955 1490 4010 illi
1536 3952 1743 4008 fecisse
1790 3950 2086 4016 dicuntur,

448 4037 721 4113 tunc—iuit
743 4052 989 4109 humani
1010 4048 1255 4115 erroris;
1281 4042 1637 4116 rebaptizare
1661 4044 1856 4096 autem
1879 4037 2089 4093 Catho—

447 4147 612 4214 licos,
643 4143 799 4216 quod
832 4142 1023 4199 adhuc
1056 4139 1152 4195 isti
1183 4137 1427 4204 faciunt,
1460 4147 1691 4202 semper
1748 4133 1838 4184 est
1888 4127 2090 4182 diabo-

450 4236 572 4292 licae
617 4228 1110 4308 prmsumptionis.
1152 4247 1179 4280 ιι
1232 4228 1431 4296 Itaque
1481 4238 1550 4276 ea
1598 4219 1707 4273 fuit
1753 4216 1989 4289 propria
2037 4219 2094 4270 et

453 4305 728 4381 haeretica
784 4320 1218 4377 Donatistarum
1252 4310 1622 4386 perversitas,
1669 4312 1732 4362 ut
1779 4305 2098 4377 rebaptiza-

450 4418 582 4470 rent
605 4429 705 4469 eos
736 4411 836 4483 qui
869 4411 928 4465 in
960 4405 1218 4464 Ecclesia
1245 4400 1533 4460 catholica
1551 4399 1675 4469 jam
1707 4393 1886 4452 abluti
1930 4409 2094 4449 sacro

452 4505 610 4560 fonte
641 4502 890 4557 fuerant.

451 4661 692 4718 XLVIII.
721 4659 960 4716 Concilio
999 4651 1626 4726 plcnariagAugnstinus
1663 4649 1981 4726 [req-uenter
2027 4641 2100 4698 ad

736 4720 1148 4787 consuetudines
1179 4720 1523 4780 ordinandas
1562 4720 1813 4788 requirit.

522 4875 773 4932 Plenarii
787 4879 979 4929 autem
998 4868 1228 4926 concilii
1251 4865 1657 4922 auctoritatem
1683 4860 1754 4916 ab
1773 4857 2101 4932 Augustino

460 4967 775 5040 expetitam
803 4963 1006 5030 fuisse,
1029 4977 1143 5015 non
1167 4959 1238 5014 ad
1266 4955 1420 5018 ﬁdei,
1445 4954 1544 5008 sed
1568 4952 1638 5006 ad
1657 4947 2104 5006 consuetudinis

461 5063 518 5113 et
547 5054 870 5127 disciplina:
929 5051 1210 5106 unitatem
1275 5044 1556 5100 universa:
1608 5039 1874 5094 Ecclesia)
1921 5037 2105 5092 conci-

458 5147 740 5212 liandam,
795 5143 933 5214 quia
976 5137 1338 5196 consuetudo
1397 5149 1504 5188 sua
1548 5134 1755 5201 sponte
1809 5127 1990 5182 libera
2048 5129 2106 5182 et

457 5235 820 5302 indifferens,
864 5233 944 5286 ita
992 5225 1358 5284 commodius
1409 5219 1753 5290 astringitur
1795 5218 1868 5272 ad
1918 5231 2104 5272 unum

461 5325 675 5394 ubique
706 5325 920 5377 ritum:
967 5319 1153 5389 liquet
1208 5332 1276 5370 ex
1337 5312 1507 5384 epist.
1563 5309 1698 5362 118:
1747 5304 1849 5361 Illa
1906 5311 2104 5360 autem

459 5429 586 5483 quae
614 5428 728 5467 non
758 5410 994 5482 scripta,
1018 5407 1120 5462 sed
1143 5402 1359 5459 tradita
1375 5397 1765 5466 custodimus,
1809 5411 1934 5466 quas
1977 5394 2105 5465 qui-

459 5503 591 5558 dem
647 5505 765 5555 toto
825 5504 1117 5555 terrarum
1177 5493 1317 5550 orbe
1401 5488 1808 5550 observantur,
1890 5484 2108 5538 dantur

463 5588 709 5658 intelligi
756 5588 844 5642 vel
869 5588 942 5642 ab
973 5585 1118 5657 ipsis
1174 5577 1480 5655 apostolis,
1530 5574 1618 5630 vel
1667 5572 1943 5647 plenariis
1977 5588 2110 5627 con-

463 5675 639 5744 ciliis,
671 5689 924 5745 quorum
953 5673 1130 5729 estin
1171 5667 1429 5727 Ecclesia
1474 5663 1866 5722 saluberrima
1903 5665 2102 5718 aucto-

2194 3687 2352 3755 Bapt.
2385 3690 2560 3738 contr.
2598 3681 2817 3745 Donat.,
2849 3693 2899 3732 c.
2931 3677 3022 3744 53,
3058 3675 3363 3747 inquirens
3394 3691 3470 3730 an
3510 3674 3815 3745 baptismus

2198 3791 2233 3829 a
2259 3786 2484 3844 pagano
2516 3767 2784 3837 collatus,
2817 3764 2904 3822 vel
2921 3766 3077 3837 joco,
3110 3763 3200 3820 vel
3230 3763 3487 3830 mimice,
3515 3767 3671 3818 ratus
3709 3760 3809 3815 sit:

2202 3895 2231 3924 ‹‹
2263 3871 2462 3938 Nobis,
2496 3867 2706 3940 inquit,
2731 3870 2926 3922 tutum
2943 3869 3034 3920 est
3053 3863 3114 3920 in
3136 3879 3204 3920 ea
3224 3879 3340 3919 non
3359 3860 3625 3935 progredi
3642 3858 3816 3930 aliqua

2199 3959 2527 4018 temeritate
2576 3956 2896 4023 sententiae,
2934 3971 3060 4026 quas
3099 3951 3258 4008 nullo
3306 3951 3367 4007 in
3417 3949 3698 4008 Catholica
3738 3963 3815 4001 re-

2199 4048 2417 4122 gionali
2447 4045 2693 4102 concilio
2728 4049 2928 4116 cepta,
2964 4041 3127 4099 nullo
3159 4041 3420 4114 plenario
3450 4039 3684 4096 concilio
3711 4042 3814 4091 ter-

2203 4140 2428 4195 minata
2457 4139 2616 4191 sunt.
2644 4155 2671 4187 ι
2705 4134 2775 4189 Et
2803 4132 2976 4204 epist.
3014 4131 3133 4197 119,
3167 4147 3218 4185 c.
3255 4131 3352 4185 15:
3389 4152 3418 4180 «
3441 4130 3528 4184 Ad
3549 4127 3815 4201 agendum

2203 4227 2426 4285 Pascha
2446 4241 2513 4281 ex
2542 4221 2853 4294 Evangelio
2885 4220 3024 4293 quia
3045 4221 3170 4292 jam
3194 4217 3576 4274 manifestum
3597 4220 3819 4285 est,quo

2203 4318 2297 4373 die
2322 4314 2603 4370 Dominus
2620 4310 2958 4378 resurrexit,
2981 4309 3256 4376 adjuncta
3274 4310 3365 4362 est
3382 4306 3558 4362 etiam
3582 4307 3820 4378 ipsorum

2203 4407 2432 4462 dierum
2462 4402 2788 4460 observatio
2840 4415 2943 4472 per
2991 4399 3226 4452 Patrum
3277 4395 3563 4451 concilia:
3613 4398 3666 4450 et
3709 4389 3821 4447 orbi

2209 4495 2474 4550 universo
2497 4489 2823 4546 Christiano
2847 4502 3194 4560 persuasum
3217 4489 3327 4554 est,
3350 4501 3416 4541 eo
3441 4485 3611 4540 modo
3627 4480 3824 4538 Pascha

2129 4571 2173 4634 D
2205 4582 2483 4641 celebrari
2513 4583 2798 4653 Oportere.
2835 4599 2862 4627 »
2896 4578 2960 4632 In
2996 4576 3130 4631 ﬁdei
3168 4579 3364 4631 autem
3413 4573 3700 4646 dogmatis
3741 4569 3824 4622 vix

2211 4690 2492 4744 umquam
2560 4671 2639 4725 ita
2714 4667 2965 4740 pendere
3015 4664 3198 4720 animi
3283 4663 3528 4719 dubium
3592 4658 3824 4718 invenies

2209 4761 2606 4834 Augustinum
2638 4775 2673 4812 a
2701 4754 3082 4812 conciliorum
3115 4753 3477 4822 deﬁnitione,
3536 4751 3678 4806 adde
3716 4746 3826 4818 Epi-

2213 4851 2493 4923 phanium
2517 4845 3037 4919 supralaudatum,
3062 4859 3134 4896 an
3167 4841 3378 4896 iterum
3414 4839 3640 4897 lustrali
3687 4840 3823 4894 fonte

2212 4939 2409 5012 piandi
2430 4941 2644 5002 essent,
2670 4951 2817 5006 quos
2837 4933 3153 4988 tinxissent
3175 4929 3400 4998 Ariani,
3420 4931 3490 4985 ab
3528 4927 3824 4984 cacumenico

2211 5029 2438 5086 concilio
2460 5025 2839 5083 statuendum
2861 5037 2988 5076 esse
3010 5019 3365 5092 opinantem.
3389 5019 3550 5074 Adde
3572 5015 3824 5072 Basiliam

2212 5115 2484 5175 similiter
2512 5113 2741 5171 concilii
2771 5110 3062 5167 desiderio
3096 5112 3463 5179 astuantem,
3515 5108 3572 5162 in
3621 5107 3723 5161 ista
3762 5100 3827 5154 de

2213 5207 2504 5280 baptismo
2534 5203 2940 5260 haereticorum
2973 5197 3369 5254 ﬂuctuatione.
3399 5199 3544 5252 Cum
3574 5195 3826 5251 adversus

2213 5295 2574 5368 Origenistas
2601 5296 2658 5349 et
2692 5295 2780 5346 tot
2811 5289 2955 5345 alias
3010 5293 3152 5343 tunc
3203 5290 3542 5358 grassantes
3579 5283 3822 5343 heretica,

2215 5403 2318 5442 nec
2349 5381 2735 5457 Epiphanius,
2768 5395 2870 5436 nec
2902 5377 3150 5435 Basilius
3180 5380 3342 5432 tanta
3374 5373 3664 5448 ﬂagrarint
3703 5384 3825 5424 con-

2214 5475 2333 5532 cilii
2364 5472 2698 5546 cupiditate.
2731 5469 2998 5540 Denique»
3022 5468 3418 5522 acnmenicam
3474 5479 3635 5520 suam
3683 5458 3826 5514 illam

2213 5562 2714 5629 constitutionem,
2773 5563 2900 5616 uta
2940 5557 3150 5630 Cyrillo
3199 5553 3706 5628 Hierosolymitano
3743 5560 3830 5601 v0-

2214 5661 2382 5715 catur
2411 5651 2632 5727 catech.
2667 5653 2754 5724 18,
2787 5647 3062 5730 synodice
3089 5646 3401 5729 ediderunt
3429 5639 3681 5726 apostoli,
3721 5649 3830 5690 non
