4088 6174
283 281 308 339 1
323 279 437 341 297

1231 279 1434 340 PARS
1483 280 1559 340 ll.
1590 313 1666 323 —
1698 279 2260 343 RECENTIORUM
2309 283 2749 346 EXCURSUS.

3539 280 3692 344 1298

276 413 354 468 de
387 412 542 480 ﬁdei,
576 411 675 466 sed
727 411 799 466 de
846 409 1178 483 disciplina
1223 410 1514 483 capitibus
1547 428 1560 466 :
1595 417 1653 468 et
1701 413 1931 484 provin-
1963 417 2014 482 Α
2049 419 2485 484 perseveranter
2514 415 2770 470 Ecclesia
2801 418 2824 470 Ρ
2855 437 2881 463 ››
2909 415 2974 469 Et
3009 414 3162 469 infra
3193 431 3206 469 :
3242 437 3270 464 «
3297 413 3420 471 Non
3447 421 3535 472 est
3554 434 3690 489 ergo

277 501 458 557 ciales
488 499 693 573 synodi
727 499 908 556 semel
949 505 1005 556 et
1035 500 1248 556 iterum
1298 501 1612 573 quotannis
1661 503 1928 574 cogenda

276 589 420 646 olim
457 594 642 659 erant,
695 605 808 644 non
843 594 957 644 tam
1011 593 1076 644 ut
1123 589 1194 644 de
1242 590 1356 645 ﬁde
1407 590 1545 661 quid
1591 589 1927 658 sciscerent,

273 695 457 751 quam
489 682 553 734 ut
583 676 902 749 disciplina
935 679 1343 734 castimoniam
1363 683 1712 734 tutarentur.
1740 679 1926 735 Etiam

271 784 433 824 nunc
463 783 604 824 sane
635 767 706 822 de
738 767 1205 835 conﬁrmatione,
1240 767 1310 822 de
1339 768 1560 839 ordine,
1594 768 1664 824 de
1691 769 1924 824 absolu-

270 858 455 928 tione,
489 858 558 913 de
589 855 968 912 matrimonio
1012 874 1128 912 non
1177 873 1364 929 pauca
1419 861 1928 913 controvertuntur

268 946 429 1002 inter
458 945 667 1002 schola
697 945 1237 1018 optimates,aliqua
1267 946 1419 1000 inter
1448 946 1736 1002 Ecclesias
1766 947 1926 1018 ipsas

273 1036 615 1108 discrepant
649 1053 662 1091 :
697 1051 828 1106 qua
859 1034 948 1090 bis
977 1040 1124 1101 rata,
1157 1034 1251 1091 his
1280 1035 1551 1090 videntur
1580 1036 1745 1091 irrita
1776 1051 1789 1090 :
1823 1037 1924 1091 sed

271 1124 462 1181 civilis
491 1128 550 1180 et
599 1124 673 1180 ad
721 1123 1048 1195 disciplina
1099 1124 1401 1196 ingenium
1452 1129 1776 1195 temperata
1805 1125 1926 1179 hac

271 1213 629 1270 conflictatio
658 1217 792 1270 est:
825 1213 1061 1269 tametsi
1108 1215 1178 1268 de
1226 1213 1341 1284 bis,
1396 1217 1460 1268 ut
1507 1213 1578 1269 de
1629 1213 1924 1284 complus-

269 1303 424 1360 culis
471 1302 602 1359 aliis
642 1309 884 1375 possent
931 1303 1068 1359 eudi
1117 1302 1507 1373 deﬁnitiones,
1549 1306 1607 1358 et
1669 1304 1740 1358 ad
1787 1301 1922 1358 fidei

271 1393 689 1450 necessitatem
737 1391 914 1448 trahi.
965 1392 1080 1448 Nec
1127 1397 1324 1448 tamen
1371 1392 1652 1464 quamdiu
1703 1397 1760 1447 et
1797 1407 1925 1447 sen-

271 1480 480 1536 tentiis
512 1483 568 1535 et
599 1479 865 1536 moribus
897 1483 1152 1535 certatur
1193 1479 1332 1535 hinc
1384 1484 1441 1535 et
1471 1479 1605 1535 hinc
1651 1478 1918 1543 diversis,

273 1568 541 1642 utrisque
569 1586 640 1624 ex
667 1584 833 1641 aquo
869 1568 1223 1640 applaudere
1256 1569 1550 1640 integrum
1583 1573 1691 1624 est.
1727 1569 1922 1640 Longe

270 1660 651 1727 an,eterenda
678 1663 768 1714 est
795 1659 950 1714 enim
973 1657 1150 1714 altera
1179 1659 1490 1724 sententia,
1523 1657 1682 1712 verbi
1712 1658 1919 1728 gratia,

268 1748 572 1819 baptisma
619 1747 1026 1803 hareticorum
1077 1764 1192 1801 non
1237 1747 1576 1801 iterantium
1625 1750 1824 1817 utpote
1865 1751 1921 1801 et

271 1833 629 1890 sacramenti
661 1833 953 1905 dignitati,
987 1838 1047 1888 et
1074 1833 1373 1889 traditioni
1421 1833 1846 1897 ecclesiastica,
1869 1837 1926 1888 et

275 1923 628 1980 Pontiﬁcum
660 1922 984 1979 deﬁnitioni
1017 1926 1426 1978 consentanea.
1479 1922 1591 1978 Sed
1640 1939 1708 1977 ex
1737 1921 1925 1977 Eccle-

274 2013 378 2068 sia
408 2020 463 2068 et
493 2013 842 2068 Pontiﬁcum
873 2016 1007 2067 ante
1036 2011 1324 2083 synodum
1366 2010 1753 2066 universalem
1785 2027 1921 2066 con-

273 2101 537 2157 niventia
566 2117 632 2156 ac
675 2100 1132 2172 dispensatione,
1175 2101 1277 2172 qui
1324 2117 1496 2155 secus
1545 2097 1807 2154 sentiunt
1855 2115 1922 2154 ac

274 2190 519 2258 faciunt,
550 2190 729 2246 videri
764 2190 998 2245 interim
1031 2189 1115 2244 illi
1147 2193 1415 2261 possunt,
1461 2205 1652 2244 errore
1683 2188 1920 2260 quidem

271 2280 497 2353 aliquo,
530 2281 632 2335 sed
664 2279 953 2335 materiali
999 2283 1253 2342 tantum,
1309 2283 1373 2332 ut
1416 2278 1601 2347 aiunt,
1633 2276 1918 2333 laborare.

269 2369 392 2424 Hac
421 2373 618 2424 autem
647 2368 816 2424 venia
853 2367 1135 2439 prolixius
1183 2366 1267 2422 uti
1315 2365 1633 2422 Ecclesiam
1681 2370 1740 2422 et
1773 2366 1918 2421 Pon-

266 2458 488 2513 tiﬁcem
519 2475 636 2513 non
667 2457 964 2529 improbat
993 2457 1287 2524 Bellarm.,
1319 2455 1359 2511 1.
1392 2473 1411 2510 1
1441 2455 1508 2510 de
1538 2455 1720 2522 Conon,
1753 2456 1916 2510 0.10:

269 2546 579 2602 Probabile
607 2552 663 2603 et
711 2546 1056 2602 auctoritate
1104 2545 1270 2600 Sedis
1317 2543 1660 2615 Apostolica
1711 2544 1939 2600 124⁸1-

269 2635 652 2707 quastionem
684 2633 850 2690 illam
892 2635 1046 2706 apud
1088 2651 1293 2689 omnes
1330 2632 1660 2689 Catholicos
1691 2633 1920 2703 luisset,

269 2725 522 2792 ﬁnitam,
557 2725 658 2780 sed
715 2723 949 2780 etiamsi
997 2723 1240 2794 quastio
1297 2723 1464 2777 ﬁnita
1514 2738 1629 2777 non
1687 2721 1916 2776 fuisset.

270 2830 463 2886 usque
511 2814 582 2869 ad
642 2813 874 2870 concilii
935 2810 1178 2884 plenarii
1235 2809 1798 2874 delerminationem,
1861 2819 1921 2865 ut

269 2902 640 2974 Augustinus
659 2901 802 2958 dicit
833 2918 847 2958 :
881 2918 997 2958 non
1030 2906 1226 2957 tamen
1256 2900 1392 2955 inde
1435 2897 1708 2971 colligere
1750 2915 1918 2970 opor-

269 2997 418 3048 teret
460 3008 573 3047 non
631 2990 895 3063 potuisse
943 2989 1118 3044 ﬁniri.
1180 2989 1347 3059 Nam,
1399 2987 1534 3044 licet
1574 2987 1917 3059 Apostolica

267 3080 403 3136 Sedi
445 3078 896 3151 cooperantibus
944 3077 1400 3150 provincialibus
1461 3075 1724 3132 conciliis
1780 3091 1917 3131 con-

267 3169 615 3226 troversiam
655 3167 818 3223 illam
865 3166 1110 3223 ﬁniendi
1163 3165 1477 3222 auctoritas
1518 3182 1632 3220 non
1664 3166 1914 3236 deesset,
1948 3143 1991 3211 (ἶ

267 3257 608 3314 maluerunt
636 3261 833 3312 tamen
872 3255 1059 3311 sancti
1109 3254 1192 3308 illi
1243 3254 1551 3310 Pontiﬁces
1591 3254 1824 3310 diﬁ‘erre
1855 3254 1913 3308 in

265 3351 504 3419 tempus
533 3345 694 3402 aliud
727 3345 919 3416 magis
951 3349 1342 3416 opportunum
1368 3342 1697 3399 absolutam
1729 3343 1916 3398 deter-

267 3435 652 3491 minationem
700 3436 828 3506 ejus
877 3432 1238 3506 quastionis,
1309 3448 1489 3503 quam
1533 3436 1621 3487 tot
1668 3447 1913 3503 magnos

263 3524 424 3579 viros
449 3524 520 3580 ab
549 3522 809 3580 Ecclesia
838 3538 1130 3594 separare.
1161 3543 1190 3571 »
1232 3521 1395 3576 Certe
1441 3524 1554 3576 act.
1589 3521 1614 3574 1
1652 3519 1912 3592 septima

264 3614 475 3686 synodi
509 3613 784 3669 laudatur
812 3609 1186 3676 Eustochius,
1218 3610 1550 3682 patriarcha
1587 3608 1912 3680 Hierosoly-

264 3702 656 3774 mitanus,qui
680 3699 986 3758 monachis
1005 3698 1269 3771 Origenis
1283 3698 1487 3755 deliria
1509 3697 1914 3754 osculantibus

265 3797 398 3848 octo
429 3790 798 3848 induciarum
831 3805 1065 3845 menses
1108 3787 1437 3844 indulserat
1467 3788 1538 3842 ad
1572 3787 1914 3858 resipiscen-

262 3883 498 3946 dum,et
518 3880 740 3952 quinta
763 3878 1135 3936 acumonica
1156 3877 1376 3949 synodo
1396 3877 1910 3932 subscribendum.

489 4040 674 4097 XLIX.
705 4041 1060 4112 Nequaquam
1087 4038 1157 4093 ad
1185 4039 1510 4110 quastiones
1531 4036 1678 4106 ﬁdei.

341 4186 400 4239 In
435 4182 859 4256 quastionibus
911 4187 1104 4236 autem
1152 4179 1281 4235 ﬁdei
1335 4195 1710 4252 nequaquam
1766 4195 1914 4251 opus

260 4288 392 4330 esse
440 4273 801 4346 congregari,
874 4285 1248 4341 nequaquam
1311 4270 1397 4324 fas
1463 4284 1592 4324 esse
1636 4267 1914 4339 appellari

260 4360 652 4418 acumenicas
677 4359 764 4416 vel
796 4358 1089 4432 plenarias
1131 4358 1404 4431 synodos,
1464 4357 1593 4412 vide
1646 4362 1710 4412 ut
1757 4358 1912 4412 idem

261 4449 630 4522 Augustinus
662 4465 769 4505 nos
817 4448 1039 4504 doceat.
1094 4446 1324 4502 Etenim
1374 4445 1413 4500 1.
1463 4463 1478 4501 ι
1541 4445 1725 4501 Contr.
1776 4447 1910 4514 Jul.,

2041 519 2147 559 cur
2197 523 2469 576 provoces
2519 507 2589 561 ad
2641 504 2892 560 Orientis
2940 505 3254 574 antistites,
3301 506 3442 575 quia
3483 514 3539 562 et
3576 508 3689 578 ipsi

2040 594 2239 663 utique
2265 593 2579 650 Christiani
2598 597 2821 661 sunt,et
2851 593 3158 662 utriusque
3180 596 3362 664 partis
3393 600 3685 652 terrarum

2037 682 2183 737 ﬁdes
2215 683 2327 738 ista
2379 701 2496 738 una
2547 687 2672 748 est;
2706 683 2844 754 quia
2893 688 2948 737 et
2995 683 3141 737 ﬁdes
3193 683 3308 737 ista
3355 683 3685 741 Christiana

2037 775 2162 836 est;
2221 777 2278 827 et
2324 776 2380 826 te
2429 777 2582 828 certe
2644 771 3033 826 Occidentalis
3100 777 3258 826 terra
3323 773 3678 842 generavit:

2036 859 2427 915 Occidentalis
2456 860 2814 932 regeneravit
2844 859 3117 914 Ecclesia.
3145 881 3172 908 »
3203 859 3350 925 Quia
3368 878 3503 933 ergo
3535 862 3680 920 ﬁdes

2036 963 2152 1002 non
2184 946 2299 1002 alia
2324 947 2486 1011 alibi,
2519 947 2672 1002 sicut
2701 947 3198 1002 consuetudinum
3229 948 3680 1020 disciplina,sed

2035 1052 2153 1090 una
2201 1035 2418 1106 ubique
2469 1040 2761 1091 terrarum
2828 1041 2936 1101 est,
3000 1036 3264 1106 adeoque
3325 1036 3384 1091 in
3450 1038 3685 1094 Oriente

2034 1125 2299 1180 eamdem
2332 1128 2506 1195 atque
2531 1125 2591 1179 in
2622 1124 2930 1181 Occidente
2956 1129 3066 1193 est,
3120 1139 3328 1194 nempe
3362 1143 3479 1182 una
3517 1127 3682 1184 Chri-

2035 1212 2226 1268 stiana
2259 1213 2424 1282 ﬁdes,
2457 1230 2572 1270 non
2604 1212 2740 1270 licet
2770 1215 2841 1269 ad
2876 1212 3129 1269 Orientis
3153 1213 3447 1270 antistites
3476 1232 3580 1271 seu
3609 1217 3682 1272 ad

2033 1303 2452 1358 acumenicam
2463 1303 2754 1375 synodum
2766 1303 3213 1374 provocarezsed
3229 1302 3676 1360 auscultandum

2030 1396 2120 1446 est
2148 1407 2270 1447 sua
2311 1391 2522 1463 cuique
2579 1392 2844 1448 Ecclesia
2875 1391 3188 1464 episcopis,
3222 1393 3679 1452 auscultandum

2032 1484 2122 1534 est
2163 1479 2409 1535 maxime
2440 1479 2703 1536 Romano
2748 1479 3009 1551 pontiﬁci
3067 1481 3366 1552 antiquam
3416 1483 3678 1540 Ecclesia

2032 1585 2150 1624 sua
2183 1569 2358 1624 ﬁdem
2390 1569 2653 1624 dictanti.
2701 1569 2771 1624 Et
2810 1570 2848 1624 l.
2881 1587 2938 1625 1v
2967 1569 3046 1624 Ad
3093 1572 3447 1642 Boni/aetum
3472 1588 3678 1645 papam

2030 1673 2075 1714 c.
2115 1657 2219 1711 ult.
2257 1674 2270 1712 :
2304 1680 2332 1708 ‹‹
2363 1659 2479 1714 Aut
2499 1675 2631 1714 vero
2653 1658 3100 1730 congregatione
3120 1660 3326 1730 synodi
3350 1676 3497 1731 opus
3528 1665 3673 1729 erat,

2032 1750 2098 1800 ut
2144 1752 2345 1817 aperta
2376 1747 2636 1817 pernices
2691 1747 3091 1803 damnaretur.
3138 1748 3313 1813 Quasi
3364 1748 3527 1804 nulla
3556 1748 3672 1804 ha-

2037 1834 2181 1890 resis
2214 1835 2530 1905 aliquando
2548 1835 2661 1890 nisi
2693 1835 2899 1907 synodi
2922 1837 3370 1909 congregatione
3399 1838 3676 1893 damnata

2034 1923 2126 1980 sit.
2179 1923 2324 1979 Cum
2374 1925 2568 1995 potius
2629 1923 2928 1980 rarissime
2984 1925 3375 1993 inveniantur,
3443 1931 3678 1999 propter

2033 2029 2180 2083 quas
2213 2013 2578 2068 damnandas
2611 2012 2926 2069 necessitas
2957 2014 3090 2070 talis
3133 2015 3425 2071 extiterit:
3461 2015 3676 2072 multo-

2032 2117 2142 2172 que
2167 2101 2288 2156 sint
2315 2105 2490 2172 atque
2547 2100 3082 2173 incomparabiliter
3128 2102 3345 2175 plures,
3399 2119 3526 2174 qua
3579 2105 3677 2160 ubi

2031 2188 2368 2258 extiterunt,
2399 2188 2518 2244 illic
2545 2189 2864 2261 improbari
2896 2189 3281 2262 damnarique
3315 2197 3676 2258 meruerunt,

2031 2284 2206 2351 atque
2235 2279 2369 2336 inde
2418 2297 2520 2351 per
2567 2285 2806 2335 cateras
2851 2284 3038 2334 terras
3085 2279 3406 2335 devitanda
3447 2281 3674 2338 innote-

2029 2385 2189 2424 scere
2202 2369 2762 2440 potuerunt.Verum
2786 2369 3033 2424 istorum
3048 2368 3324 2440 superbia
3338 2368 3486 2426 hanc
3499 2371 3677 2427 etiam

2029 2457 2274 2530 gloriam
2305 2463 2540 2530 captare
2571 2456 2936 2528 intelligitur,
2954 2462 3018 2512 ut
3048 2463 3284 2529 propter
3312 2457 3444 2514 illos
3473 2460 3679 2516 Orien-

2030 2547 2106 2601 tis
2151 2550 2210 2601 et
2266 2545 2598 2601 Occidentis
2671 2545 2933 2618 synodus
3011 2550 3416 2618 congregetur.
3467 2547 3677 2605 Orbem

2031 2633 2247 2706 quippe
2273 2633 2944 2704 catholicum,quoniam
2980 2634 3220 2690 Domino
3252 2633 3336 2689 eis
3368 2635 3678 2693 resistente

2030 2723 2236 2780 I248
2298 2727 2618 2794 pervertere
2672 2726 2994 2793 nequeunt,
3053 2721 3264 2779 saltem
3313 2739 3678 2780 commovere

2030 2816 2336 2867 conantur.
2370 2833 2399 2861 »
2441 2811 2566 2866 Non
2610 2810 2707 2866 hic
2757 2811 3223 2879 consuetueines,
3276 2811 3376 2867 sed
3425 2812 3677 2869 bareses

2028 2903 2328 2968 resonant,
2362 2899 2505 2955 ﬁdes
2540 2899 2957 2968 ingeminatur,
2991 2898 3120 2955 ideo
3165 2900 3535 2956 acumenica
3580 2918 3674 2974 sy-

2030 2990 2166 3044 nodi
2197 2993 2445 3060 negatur
2477 2988 2782 3043 imminere
2809 2987 3147 3054 necessitas,
3181 3004 3314 3044 cum
3342 2988 3512 3061 longe
3538 2988 3674 3060 plu-

2029 3078 2189 3134 rima
2213 3077 2459 3133 bareses
2483 3078 2740 3133 oﬁ‘ocata
2773 3077 2892 3133 sint
2930 3077 3056 3132 sine
3077 3077 3381 3134 itiusmodi
3412 3077 3671 3151 synodis.

2200 3238 2259 3293 L.
2295 3237 2521 3294 Summa
2551 3237 2936 3295 controversiae
2964 3236 3127 3309 hujus
3155 3238 3486 3308 posterioris.

2094 3379 2349 3435 Inaniter
2378 3396 2512 3452 ergo
2542 3379 2852 3452 ganniunt,
2885 3378 3149 3450 exemplo
3181 3378 3504 3444 Firmiladi,
3535 3379 3669 3436 Dio-

2023 3469 2192 3542 nysii,
2225 3469 2514 3542 Cypriani.
2550 3486 2663 3524 non
2685 3469 3010 3529 necessrrio
3063 3469 3340 3524 standum
3370 3485 3499 3524 esse
3521 3469 3668 3525 deﬁ-

2022 3560 2346 3615 nitionibus
2387 3558 2552 3613 Sedis
2599 3557 2962 3630 Apostolica.
3013 3559 3226 3614 Contra
3262 3557 3441 3626 enim,
3496 3562 3562 3614 ut
3600 3575 3669 3614 ex

2022 3648 2425 3721 superioribus
2456 3651 2702 3714 constat,
2737 3648 2788 3702 1.
2819 3648 3056 3703 Errasse
3087 3647 3473 3704 demonstrati
3504 3653 3666 3714 sunt,

2023 3738 2124 3810 qui
2147 3737 2266 3792 illis
2289 3754 2401 3793 non
2427 3752 2674 3804 cessere,
2693 3741 2750 3790 et
2779 3736 2934 3792 hunc
2959 3753 3214 3792 errorem
3246 3737 3558 3793 eluendum
3583 3737 3670 3792 vel

2022 3831 2281 3896 cruento,
2315 3825 2400 3881 vel
2435 3825 2737 3882 incruento
2756 3827 3032 3897 quopiam
3064 3826 3342 3898 martyrio
3367 3826 3668 3882 habuisse.

2020 3917 2074 3971 2.
2104 3915 2362 3970 Cessisse
2413 3914 2789 3987 Cyprianum,
2837 3913 2956 3970 veri
3006 3932 3118 3969 non
3172 3913 3457 3970 dissimile
3507 3915 3672 3971 duxit

2021 4004 2410 4078 Augustinus,
2442 4004 2494 4058 3.
2530 4003 2637 4069 Qui
2686 4004 2978 4074 Stephano
3026 4020 3140 4058 non
3201 4003 3530 4070 obaudiere,
3564 4019 3671 4059 nec

2021 4092 2325 4149 traditioni
2383 4091 2735 4164 apostolica,
2808 4109 2912 4148 nec
2981 4091 3332 4148 universalis
3401 4091 3668 4149 Ecclesia

2023 4182 2357 4239 auctoritati
2386 4187 2444 4238 et
2482 4182 2891 4237 consuetudini
2942 4197 3162 4238 morem
3212 4186 3524 4252 gesserunt
3555 4197 3570 4238 :
3601 4198 3671 4237 ex

2022 4288 2224 4327 eorum
2256 4287 2392 4342 ergo
2424 4271 2713 4326 sententia
2759 4287 2874 4325 non
2909 4270 3042 4326 licet
3091 4270 3412 4340 quidquam
3464 4270 3524 4324 in
3565 4271 3668 4342 jus

2021 4361 2272 4417 trahere.
2302 4359 2354 4414 4.
2389 4360 2504 4414 Nec
2536 4358 2856 4415 Arelatensi
2889 4357 2978 4414 vel
3030 4358 3260 4413 Nicano
3292 4362 3496 4430 postea
3525 4375 3669 4414 con-

2024 4449 2155 4505 cilio
2208 4448 2290 4502 illi
2349 4447 2463 4519 ipsi
2515 4447 2600 4503 vel
2660 4463 2861 4502 eorum
2941 4446 3156 4520 posteri
3234 4449 3665 4504 auscultarunt.

263 4556 314 4596 c.
352 4540 404 4607 4,
431 4556 563 4595 cum
599 4539 934 4595 Latinorum
967 4537 1204 4592 Patrum
1238 4536 1618 4592 auctoritates
1650 4536 1915 4606 deprom-
1946 4517 1991 4580 D
2024 4537 2356 4592 Arelatense
2375 4517 2656 4591 forrtasse
2679 4517 3668 4604 nescierunt;Nicanumaccommo

262 4631 500 4702 psisset,
533 4633 615 4686 ait
647 4647 659 4685 :
696 4653 724 4680 ‹‹
751 4633 836 4685 An
868 4630 998 4683 ideo
1044 4627 1505 4683 contemnendos
1549 4631 1744 4698 putas,
1777 4626 1913 4696 quia

260 4719 651 4775 Occidentalis
677 4717 946 4775 Ecclesia
976 4721 1116 4772 sunt
1141 4731 1364 4783 omnes,
1401 4731 1506 4769 nec
1550 4713 1706 4770 ullus
1735 4719 1823 4770 est
1850 4715 1910 4769 in

258 4808 347 4865 eis
388 4809 882 4864 commemoratus
942 4823 977 4862 a
1017 4804 1187 4861 nobis
1253 4803 1506 4860 Orientis
1555 4803 1913 4876 episcopus?

259 4897 410 4962 Quid
463 4914 598 4968 ergo
656 4897 963 4963 faciemus,
1030 4910 1167 4950 cum
1236 4893 1320 4949 illi
1382 4893 1561 4950 Graci
1620 4893 1758 4964 sint,
1805 4909 1910 4948 nos

258 4986 454 5042 Latini
475 4987 502 5041 ‘I
533 4991 680 5041 Peto
707 4985 812 5040 tibi
830 5001 958 5040 eam
982 4990 1204 5055 partem
1238 4981 1396 5037 orbis
1417 4982 1685 5038 sufﬁcere
1701 4981 1910 5037 debere

254 5077 318 5132 in
369 5093 484 5147 qua
526 5076 782 5148 primum
833 5072 1231 5147 apostolorum
1283 5087 1523 5126 suorum
1574 5069 1757 5125 voluit
1797 5069 1907 5124 Do-

254 5164 458 5220 minus
493 5164 860 5237 glorisssimo
892 5159 1168 5232 martyrio
1201 5158 1615 5215 coronare.Cui
1644 5157 1908 5214 Ecclesia

255 5253 668 5327 prasidentem
705 5254 766 5308 B.
799 5249 1202 5309 Innocentium
1249 5249 1300 5304 si
1350 5248 1551 5304 audire
1600 5246 1905 5314 voluisses,

247 5344 374 5413 jam
412 5346 554 5397 tunc
587 5342 976 5414 periculosam
1019 5340 1326 5409 juventem
1366 5342 1530 5392 tuam
1579 5335 1906 5407 Pelagianis

255 5430 486 5504 laqueis
517 5432 798 5486 exuisses.
830 5429 976 5494 Quid
1008 5429 1162 5483 enim
1198 5426 1387 5498 potuit
1414 5427 1502 5481 vir
1530 5426 1626 5480 ille
1667 5431 1906 5481 sanctus

257 5520 548 5577 Africanis
581 5521 932 5594 respondere
960 5515 1365 5586 conciliis,nisi
1391 5517 1541 5587 quod
1578 5515 1905 5588 antiquitus

257 5610 597 5683 Apostolica
643 5612 822 5669 Sedes
861 5615 918 5668 et
966 5610 1229 5666 Romana
1287 5622 1422 5664 cum
1471 5605 1690 5663 caeteris
1751 5610 1908 5664 tenet

2023 4628 2156 4682 date
2189 4625 2442 4697 pristina
2474 4641 2592 4679 sua
2641 4626 2940 4681 sententia
2989 4625 3352 4697 interpretati
3388 4631 3528 4683 sunt
3557 4645 3570 4682 :
3604 4631 3670 4683 ut

2021 4713 2300 4770 Basilium
2323 4730 2501 4785 supra
2522 4714 2741 4785 experti
2773 4714 3125 4771 sumus.Nec
3138 4720 3339 4771 contra
3368 4715 3667 4787 generales

2018 4809 2212 4861 tamen
2246 4804 2497 4877 synodos
2529 4803 2665 4858 hinc
2698 4804 3246 4876 licetinsurgere.5.
3282 4805 3446 4860 Ultra
3477 4805 3668 4860 minas

2017 4899 2251 4950 evectus
2282 4909 2398 4949 non
2429 4897 2517 4948 est
2561 4894 2916 4964 Stephanus,
2967 4897 3024 4948 et
3061 4893 3318 4964 acquivit
3364 4894 3510 4965 ipse,
3544 4893 3662 4949 dis-

2018 4983 2379 5056 pensationis
2407 4986 2464 5037 et
2494 4982 2735 5038 unitatis
2767 4983 2995 5038 tuenda
3037 4999 3245 5038 causa.
3274 4999 3407 5038 cum
3438 4981 3668 5038 diversa

2017 5076 2074 5127 et
2102 5071 2487 5126 sentientibus
2518 5074 2576 5125 et
2607 5069 2958 5126 facientibus
2991 5071 3577 5134 communicare.0ua
3604 5070 3665 5123 in

2017 5175 2078 5215 re
2111 5176 2225 5216 non
2258 5160 2430 5233 paulo
2462 5160 2815 5233 Cyprianum
2850 5157 3165 5214 antecessit
3205 5157 3530 5216 intervallo.
3563 5157 3668 5216 Hic

2014 5249 2171 5305 enim
2201 5265 2455 5305 errorem
2488 5265 2664 5304 suum
2717 5246 3022 5304 charitatis
3073 5246 3241 5318 copia
3269 5251 3327 5302 et
3359 5246 3666 5320 sanguinis

2014 5338 2310 5409 impendio
2343 5337 2644 5394 abstersit:
2665 5337 2762 5393 ille
2792 5355 2826 5393 a
2853 5336 2997 5392 recti
3019 5336 3231 5392 semita
3244 5353 3348 5392 nec
3368 5341 3668 5394 transver-

2015 5443 2146 5482 sum
2183 5443 2436 5498 unguem
2469 5426 2699 5481 deﬂexit
2730 5443 2743 5480 :
2779 5425 2978 5481 stricto
3001 5425 3120 5496 juri
3155 5426 3433 5497 primum,
3465 5429 3532 5482 ut
3561 5443 3669 5500 par

2013 5521 2121 5584 est,
2146 5516 2371 5572 studuit
2404 5533 2417 5571 :
2454 5516 2550 5570 ubi
2585 5514 2770 5571 sensit
2803 5513 3139 5572 schismatis
3169 5514 3475 5572 imminere
3505 5516 3666 5588 peri-

2015 5607 2238 5676 culum,
2274 5622 2417 5663 usus
2448 5611 2538 5663 est
2565 5609 2915 5677 temperato.
2946 5606 3000 5659 6.
3033 5603 3152 5661 Etsi
3183 5603 3423 5676 quastio
3454 5605 3574 5662 hac
3599 5605 3672 5662 ad
