4088 6174
278 301 431 362 1301

1226 308 1430 370 PARS
1479 310 1555 370 ll.
1596 342 1671 354 -—-
1705 308 2269 372 RECENTIORUM
2315 309 2754 373 EXCURSUS.

3541 305 3693 368 {302

265 453 404 492 sum
434 439 579 503 erat,
604 439 758 508 quod
792 437 1044 495 multum
1078 443 1307 513 proﬁcit
1335 460 1545 500 nomen
1580 444 1916 516 (auctoritas
1948 447 1998 512 Α
2032 446 2260 516 proﬁcit
2310 460 2524 500 nomen
2574 443 2808 510 Christi,
2863 447 2997 508 etc.,
3030 463 3058 492 »
3106 458 3284 513 quam
3334 456 3451 512 qua
3493 446 3696 513 postea

262 542 334 581 ac
365 526 573 596 virtus)
606 525 847 598 Christi,
885 529 1024 600 (quo
1066 538 1341 603 operante
1379 533 1466 602 ﬁt)
1501 538 1564 589 ut
1594 534 1928 605 quicunque

257 620 318 671 et
350 613 689 686 ubicunque
717 617 773 671 in
810 619 1048 674 nomine
1095 621 1310 677 Christi
1353 622 1682 694 baptizatus
1731 623 1924 692 fuerit,

263 707 664 782 consequatur
687 706 887 761 statim
911 708 1158 780 gratiam
1191 710 1428 766 Christi.
1449 715 1566 768 Hoc
1582 711 1764 784 igitur
1794 728 1924 783 pro-

260 792 588 866 pugnabat,
622 795 782 866 quod
815 795 1105 853 Joannem
1139 815 1172 854 a
1201 799 1473 855 columba
1501 800 1778 856 didicisse
1809 817 1924 856 non

267 897 388 938 uno
418 881 545 939 loco
573 884 940 956 Augustinus
962 885 1236 959 inculcat,
1256 905 1466 962 nempe
1486 894 1552 945 ut
1583 889 1714 946 aliis
1734 889 1925 945 verbis

261 969 362 1027 hic
393 972 596 1028 doctor
623 973 880 1045 exponit,
943 997 972 1025 «
1026 978 1351 1042 Quamdam
1401 977 1814 1050 proprietatem
1863 978 1922 1034 in

261 1057 494 1116 Christo
526 1060 704 1118 talem
735 1061 1016 1132 futuram,
1050 1068 1114 1120 ut
1143 1065 1411 1136 quamvis
1449 1067 1622 1122 multi
1667 1067 1922 1123 ministri

259 1147 616 1222 baptizaturi
647 1156 862 1220 essent,
892 1151 1011 1209 sive
1032 1153 1183 1224 justi
1215 1154 1334 1210 sive
1384 1155 1608 1226 injusti,
1658 1173 1772 1212 non
1825 1155 1923 1211 tri-

265 1237 550 1294 bueretur
596 1239 875 1296 sanctitas
905 1241 1205 1314 baptismi,
1253 1243 1367 1300 nisi
1396 1244 1480 1300 illi
1513 1261 1690 1317 super
1743 1261 1920 1317 quem

267 1327 575 1384 descendit
605 1327 897 1398 columba,
932 1332 1002 1386 de
1033 1348 1149 1404 quo
1178 1331 1400 1389 dictum
1431 1339 1548 1390 est:
1573 1335 1675 1390 Hic
1698 1339 1787 1390 est
1816 1334 1916 1406 qui

255 1415 516 1489 baptizat
545 1417 604 1472 in
635 1417 855 1490 Spiritu
889 1426 1113 1478 sancto.
1149 1421 1352 1478 Petrus
1384 1423 1656 1495 baptizet,
1691 1424 1787 1480 hic
1829 1429 1920 1481 est

255 1506 358 1576 qui
388 1506 910 1578 baptizatzPaulus
931 1510 1206 1582 baptizet,
1242 1511 1336 1566 hic
1358 1516 1446 1568 est
1476 1513 1574 1584 qui
1612 1514 1866 1584 baptizat
1899 1532 1912 1571 :

253 1591 442 1649 Judas
463 1595 945 1666 baptizet,hicest
963 1598 1062 1670 qui
1097 1599 1369 1670 baptizat.
1404 1623 1432 1652 »
1459 1601 1602 1656 Hinc
1625 1605 1914 1674 quomodo

258 1685 318 1737 et
349 1681 409 1737 in
428 1681 685 1740 Ecclesia
706 1689 764 1740 et
793 1687 946 1758 apud
983 1686 1283 1743 haereticos
1311 1706 1494 1744 unum
1530 1690 1740 1748 Christi
1771 1692 1914 1763 bap-

259 1770 440 1826 tisma
459 1787 589 1828 esse
613 1775 815 1845 possit,
839 1777 992 1846 quod
1021 1794 1054 1831 a
1075 1777 1370 1849 Stephano
1385 1779 1683 1850 praedicari
1709 1781 1914 1835 Firmi-

256 1857 453 1915 lianus
476 1860 679 1933 iniquo
701 1863 896 1918 animo
921 1865 1159 1936 ferebat,
1188 1872 1338 1923 recte
1362 1868 1697 1940 percipitur.

331 1985 382 2039 4.
417 1988 653 2041 Frustra
675 1986 855 2060 igitur
873 1991 1195 2062 Cyprianus
1213 1992 1282 2047 ad
1307 1993 1704 2049 defensionem
1724 2010 1910 2051 causa:

259 2089 382 2129 suis
429 2073 622 2130 locum
672 2075 1059 2134 Ecclesiastici
1107 2098 1296 2148 xxxrv,
1335 2083 1424 2151 30,
1477 2083 1803 2154 proferebat
1849 2085 1908 2138 in

259 2161 420 2218 hunc
446 2164 727 2219 mendum
759 2166 952 2238 (epist.
977 2170 1090 2240 71).
1143 2193 1169 2219 ‹‹
1200 2171 1306 2238 Qui
1353 2173 1663 2243 baptizatur
1691 2188 1727 2228 a
1759 2188 1910 2227 mor-

264 2252 379 2319 tuo,
403 2251 537 2323 quid
558 2254 779 2324 proﬁcit
810 2256 1013 2311 lavatio
1037 2258 1157 2326 eius
1173 2259 1200 2313 ‘?
1222 2281 1241 2307 »
1265 2259 1460 2316 Primo
1491 2261 1728 2332 quidem
1751 2277 1908 2329 eum,

261 2340 366 2410 qui
396 2341 758 2413 baptismum
791 2345 863 2399 ab
887 2345 1154 2402 haeretica
1179 2350 1448 2421 suscipit,
1470 2367 1504 2404 a
1525 2357 1752 2406 mortuo
1776 2351 1912 2423 bap-

262 2429 435 2484 tizari
484 2430 630 2486 falso
663 2437 752 2488 est
791 2433 1130 2493 arbitratus.
1179 2437 1333 2492 Vivit
1379 2438 1593 2511 quippe
1623 2439 1908 2508 Christus,

262 2517 366 2590 qui
392 2534 494 2590 per
513 2519 1140 2597 haereticumbaptizat,
1156 2527 1416 2600 adeoque
1439 2529 1539 2600 qui
1554 2529 1911 2602 baptismum

256 2607 333 2664 ab
367 2607 575 2665 baarico
607 2611 868 2682 suscipit,
919 2631 1290 2688 nequaquam
1323 2634 1358 2672 a
1389 2623 1616 2674 mortuo
1649 2619 1912 2691 baptiza-

254 2701 377 2751 tur.
406 2697 624 2754 Deinde
656 2700 977 2757 testimonii
1015 2703 1172 2758 allati
1207 2704 1356 2761 sicut
1385 2722 1490 2762 nec
1519 2707 1911 2780 integritatem

262 2785 495 2852 habuit,
529 2787 607 2843 ita
637 2805 742 2844 nec
772 2797 1078 2848 assecutus
1121 2798 1210 2848 est
1239 2810 1501 2850 sensum.
1559 2800 1620 2850 In
1671 2797 1916 2853 sinceris

255 2874 418 2930 enim
443 2875 831 2935 Ecclesiastici
863 2880 1164 2936 codicibus
1187 2881 1331 2938 illud
1375 2883 1457 2938 ita
1494 2883 1779 2956 legimus:
1815 2887 1920 2954 Qui

259 2963 576 3035 baptizatur
604 2983 637 3021 a
666 2976 903 3034 mortuo,
934 2978 985 3026 et
1011 2973 1213 3026 iterum
1243 2973 1421 3042 tangit
1449 2989 1598 3040 eum,
1631 2976 1764 3045 quid
1789 2991 1918 3047 pro-

263 3051 381 3123 ﬁcit
411 3053 612 3110 lavatio
641 3056 763 3126 ejus
783 3059 808 3110 .9
836 3058 1058 3122 Quibus
1092 3059 1282 3116 verbis
1317 3060 1552 3116 inanem
1594 3079 1720 3119 esse
1749 3064 1918 3119 doce-

2037 534 2404 605 Augustinus
2431 551 2490 590 ;‹‹
2527 535 2633 589 Per
2652 532 2970 605 quemlibet
2995 531 3150 587 enim
3174 531 3509 585 ministrum
3537 529 3694 586 illius

2037 626 2126 677 est
2149 623 2478 694 baptismus
2516 624 2586 677 de
2610 640 2725 695 quo
2757 619 2981 676 dictum
3015 625 3104 675 est
3139 620 3278 676 :llic
3309 623 3398 674 est
3427 618 3524 690 qui
3547 619 3692 690 bap-

2036 711 2315 782 tizat(lib.
2344 730 2378 768 v
2407 716 2473 768 de
2502 714 2665 784 Bapt.
2722 720 2916 766 contra
2945 709 3162 775 Donat,
3195 724 3320 780 cap.
3368 708 3474 775 12).
3522 729 3547 756 ››
3581 707 3693 762 Sed

2035 801 2238 856 eadem
2258 801 2536 873 Stephani
2571 801 2746 857 verba
2766 797 3190 872 quaestionibus
3221 797 3351 854 allis
3381 796 3575 853 locum
3598 797 3690 852 de-

2035 891 2263 946 derunt.

2105 1061 2174 1116 ΙΙ.
2204 1062 2287 1116 Αη
2317 1061 2620 1132 Stephanus
2643 1059 2975 1131 baptismum
2999 1057 3065 1113 ab
3079 1057 3360 1132 haereticis
3391 1057 3490 1113 sub
3511 1073 3641 1130 qua-

2369 1129 2499 1188 libet
2525 1129 2993 1203 forma'coltatum
3021 1129 3320 1184 admiserit.

2097 1287 2152 1341 5.
2185 1285 2310 1342 Non
2343 1286 2558 1342 desunt
2589 1285 2688 1356 qui
2717 1283 3082 1356 Stephanum
3119 1283 3178 1338 in
3219 1282 3574 1338 confutanda
3595 1297 3681 1336 re.

2028 1373 2450 1446 baptizantium
2485 1373 2776 1428 sententia
2797 1373 3036 1427 modum
3060 1388 3176 1426 non
3197 1371 3478 1437 tenuisse,
3503 1375 3679 1441 atque

2026 1463 2432 1518 haereticorum
2464 1461 2805 1533 quorumvis
2846 1460 3207 1532 baptismum
3256 1459 3366 1514 sub
3413 1459 3676 1531 qualibet

2026 1552 2211 1607 forma
2226 1551 2500 1606 collatum
2521 1552 2589 1606 ad
2602 1551 2834 1605 misisse
2857 1549 3399 1622 suspiscentur.Sed
3419 1549 3488 1602 ad
3515 1565 3675 1603 amo-

2023 1642 2271 1698 vendam
2315 1640 2654 1712 hujusmodi
2693 1639 3087 1711 suspicionem
3118 1638 3240 1694 hac
3296 1637 3457 1693 illius
3505 1637 3680 1693 verba

2024 1735 2282 1802 repetere
2314 1729 2458 1785 satis
2489 1729 2616 1794 erit,
2653 1745 2783 1799 quae
2833 1745 2865 1782 a
2901 1726 3236 1782 Firmiliano
3270 1726 3441 1780 nobis
3485 1730 3677 1780 trans-

1947 1817 1992 1882 B
2023 1821 2206 1874 missa
2237 1823 2408 1874 sunt:
2436 1840 2464 1867 «
2493 1817 2744 1873 Multum
2780 1817 3009 1888 proﬁcit
3040 1831 3253 1870 nomen
3275 1813 3488 1870 Christi
3511 1815 3582 1868 ad
3607 1815 3677 1868 fi-

2021 1909 2155 1963 dem
2187 1913 2242 1962 et
2274 1906 2550 1978 baptismi
2582 1905 3128 1970 sanctiﬁcationem,
3161 1908 3226 1958 ut
3256 1904 3588 1974 quicunque
3615 1906 3672 1957 et

2023 1996 2357 2067 ubicunque
2417 1995 2474 2049 in
2536 1993 2772 2049 nomine
2818 1993 3032 2050 Christi
3095 1992 3422 2064 baptizatus
3473 1992 3668 2058 fuerit,

2021 2088 2418 2156 consequatur
2439 2084 2636 2138 statim
2670 2082 2919 2154 gratiam
2944 2081 3219 2137 Christi.»
3259 2085 3421 2135 Certe
3453 2079 3551 2150 qui
3585 2084 3674 2133 to-

2021 2180 2140 2228 tam
2192 2172 2470 2244 baptismi
2515 2170 2834 2226 efﬁcaciam
2880 2169 3094 2224 Christi
3126 2169 3324 2223 virtuti
3375 2167 3668 2231 attribuit,

2021 2261 2248 2318 nullum
2280 2265 2477 2316 censet
2527 2260 2686 2315 illius
2729 2259 3008 2326 fructum,
3049 2258 3096 2314 si
3128 2257 3337 2313 Christi
3369 2273 3584 2312 nomen
3616 2255 3669 2310 ei

2019 2350 2289 2407 defuerit.
2349 2349 2512 2405 Unde
2561 2366 2675 2404 non
2723 2364 2958 2403 omnem
2978 2345 3363 2417 baptismum,
3395 2345 3494 2400 sed
3528 2361 3662 2399 cum

2018 2443 2274 2507 tantum,
2308 2439 2407 2510 qui
2453 2437 2665 2492 Christi
2697 2435 2933 2492 nomine
2970 2442 3026 2490 et
3046 2435 3387 2490 auctoritate
3417 2433 3664 2489 collatus

2021 2529 2157 2598 sit,a
2182 2527 2478 2599 Stephano
2499 2526 2826 2582 admissum
2841 2541 2970 2581 esse
2990 2524 3537 2581 conﬁcitur.Eadem
3561 2527 3671 2578 Pa-

2021 2634 2107 2690 pae
2129 2617 2306 2688 hujus
2337 2617 2511 2671 verba
2541 2617 2680 2670 dum
2707 2615 2954 2670 refutare
2975 2613 3313 2686 aggreditur
3330 2611 3673 2684 Cyprianus,

2025 2708 2131 2762 hoc
2153 2705 2445 2760 intellectu
2469 2705 2625 2759 dicta
2645 2720 2773 2759 esse
2795 2704 3106 2758 conﬁrmat
3128 2701 3188 2756 in
3210 2702 3368 2756 hunc
3392 2702 3632 2756 modum
3659 2717 3672 2754 ε

2025 2817 2052 2844 ‹‹
2080 2794 2140 2849 Si
2172 2793 2439 2848 effectum
2473 2792 2753 2863 baptismi
2787 2791 3078 2863 majestati
3111 2789 3366 2844 nominis
3388 2789 3677 2857 tribuunt,

2026 2888 2092 2938 ut
2121 2881 2221 2954 qui
2255 2882 2313 2936 in
2347 2881 2585 2936 nomine
2613 2880 2753 2936 Jesu
2804 2879 3016 2934 Christi
3075 2878 3409 2948 ubicunque
3438 2882 3496 2931 et
3546 2893 3684 2947 quo-

2030 2972 2449 3042 modoqunque
2480 2969 2876 3042 baptizantur,
2908 2967 3164 3024 innovati
3225 2973 3283 3021 et
3333 2965 3683 3021 sanctiﬁcati

2023 3060 2364 3131 judicentur
2392 3075 2404 3113 :
2432 3076 2538 3114 cur
2568 3076 2681 3114 non
2719 3058 2775 3112 in
2797 3057 3059 3129 ejusdem
3079 3055 3291 3112 Christi
3316 3053 3686 3110 nomineillic

267 3142 580 3248 Πξιξνιθᾶιιε,
612 3145 714 3248 qni
744 3146 940 3203 I251
984 3154 1280 3205 mortuum
1307 3151 1594 3223 tetigerat,
1619 3151 1919 3223 lotionem,
1954 3182 1998 3248 Β
2033 3154 2092 3206 et
2123 3166 2330 3204 manus
2352 3148 2644 3220 baptizata
2667 3146 3069 3218 imponiturad
3085 3145 3488 3217 accipiendum
3512 3143 3690 3215 Spiri-

267 3228 319 3285 si
353 3229 508 3287 lotus
540 3235 816 3290 eumdem
853 3241 1148 3294 mortuum
1179 3255 1384 3294 rursus
1413 3245 1632 3312 tangat.
1662 3261 1690 3293 ι
1711 3243 1923 3297 Eodem

264 3317 396 3374 loco
417 3319 500 3376 sic
529 3326 800 3379 truncato
825 3325 1123 3398 similique
1147 3327 1370 3383 ratione
1395 3328 1452 3384 in
1477 3329 1728 3401 gratiam
1757 3331 1932 3386 haere-

267 3406 353 3463 sis
377 3425 495 3464 suae
525 3426 662 3466 cum
696 3413 918 3470 abusus
943 3421 1100 3470 esset
1131 3420 1407 3485 Donatus,
1445 3417 1599 3472 hunc
1650 3419 1931 3490 Augusti-

267 3513 384 3552 nus
407 3502 470 3553 ut
489 3498 671 3555 divini
705 3501 920 3575 eloquii
942 3503 1283 3560 violatorem
1306 3506 1686 3563 vehementer
1717 3507 1928 3580 arguit.

267 3587 346 3640 At
376 3602 508 3642 cum
540 3587 698 3644 idem
722 3591 998 3648 doctorin
1022 3591 1203 3650 libros
1231 3597 1603 3665 postmodum
1629 3595 1934 3652 incidisset

278 3675 663 3749 Donatiparte
680 3679 1126 3752 antiquiores,in
1144 3684 1360 3754 quibus
1378 3685 1530 3739 idem
1563 3685 1764 3740 vitium
1804 3687 1929 3757 jam

277 3769 430 3832 erat,
451 3782 584 3822 eum
637 3772 953 3826 retractare
992 3776 1165 3843 atque
1187 3773 1498 3828 emendare
1519 3791 1633 3828 non
1679 3775 1888 3845 puduit
1915 3785 1930 3836 ;

267 3854 428 3925 quod
459 3855 738 3912 adversus
761 3857 1096 3915 haereticum
1115 3859 1284 3916 illum
1306 3862 1460 3918 bona
1481 3863 1593 3917 ﬁde
1614 3861 1930 3935 scripserat

273 3943 728 4017 (Retract.,lib.1,
753 3963 881 4020 cap.
905 3949 996 4019 21,
1019 3965 1077 4004 n.
1105 3951 1180 4016 3).
1215 3951 1402 4014 Quam
1435 3956 1589 4007 recte
1630 3956 1825 4008 autem
1858 3953 1928 4008 de

263 4031 533 4088 codicum
570 4034 802 4091 illorum
836 4037 1186 4109 antiquitate
1201 4039 1794 4110 judicarit,evincunt
1822 4045 1925 4114 Cy-

267 4120 464 4192 priani
496 4121 650 4191 libri,
673 4123 734 4180 in
767 4126 984 4198 quibus
1013 4127 1340 4184 versiculus
1372 4150 1400 4179 ‹‹
1421 4133 1477 4184 et
1506 4129 1719 4186 iterum
1740 4129 1930 4203 tangit

267 4225 404 4265 eum
443 4232 469 4259 ››
479 4211 607 4282 jam
629 4213 845 4269 deerat.
881 4215 1040 4279 Quod
1074 4215 1132 4271 in
1155 4222 1532 4274 transcursus
1553 4219 1922 4274 observatum

264 4297 366 4354 sit.
414 4301 500 4354 Ad
542 4301 906 4374 Stephanum
946 4305 1100 4376 quod
1150 4306 1376 4372 attinet,
1423 4323 1556 4363 cum
1605 4308 1770 4379 dixit,
1804 4331 1830 4358 «
1864 4308 1924 4364 Si

265 4385 400 4460 quis
425 4404 562 4462 ergo
583 4407 617 4446 a
647 4407 1020 4466 quacumque
1043 4394 1246 4452 haeresi
1273 4396 1497 4452 venerit
1527 4397 1595 4452 ad
1624 4414 1750 4464 nos,
1777 4395 1924 4452 nihil

263 4475 594 4551 innovatur,
621 4479 734 4536 nisi
766 4483 920 4554 quod
948 4483 1228 4540 traditum
1274 4489 1382 4552 est,
1418 4507 1446 4534 ››
1478 4489 1706 4540 tantum
1739 4503 1917 4558 oppo-

2039 3243 2165 3293 tum
2186 3237 2485 3292 sanctum?
2505 3254 2610 3292 cur
2639 3237 2840 3291 eadem
2881 3235 3146 3305 ejusdem
3188 3234 3466 3303 majestas
3498 3231 3688 3287 nomi-

2041 3327 2134 3382 nis
2164 3343 2276 3381 non
2298 3326 2562 3397 praevalet
2579 3325 2637 3380 in
2663 3342 2869 3380 manus
2887 3325 2964 3378 im
2976 3323 3260 3396 positione
3283 3323 3486 3378 1252
3508 3337 3688 3393 quam

2040 3415 2414 3488 praavaluisse
2436 3415 2795 3470 contendunt
2830 3414 2888 3467 in
2914 3412 3191 3484 baptismi
3226 3409 3688 3466 sanctiﬁcatione

2041 3506 2224 3578 (Cypr.
2258 3504 2428 3576 epist.
2479 3504 2620 3575 74)?
2663 3525 2688 3552 ››
2723 3503 2816 3558 Sic
2873 3501 3328 3558 ratiocinabatur
3365 3498 3689 3571 Cyprianus

2041 3595 2321 3649 adversus
2353 3592 2733 3664 Stephanum,
2769 3595 2983 3663 putans
3004 3607 3137 3646 eum
3169 3590 3251 3646 ita
3281 3588 3689 3644 hereticorum

2038 3682 2400 3755 baptismum
2434 3681 2760 3749 admittere,
2793 3684 2858 3736 ut
2896 3680 3328 3752 impositionem
3373 3693 3584 3733 manus
3615 3677 3690 3732 ad

2044 3771 2447 3844 accipiendum
2479 3770 2755 3842 Spiritum
2801 3775 3070 3825 sanctum
3102 3769 3172 3824 ab
3206 3769 3290 3824 eis
3330 3771 3688 3839 susceptam,

2042 3861 2152 3916 hoc
2181 3865 2270 3917 est
2286 3859 2748 3916 conﬁrmationis
2762 3862 3192 3914 sacramentum
3214 3858 3298 3913 eis
3315 3856 3690 3921 collocatum,

2039 3953 2358 4020 respueret,
2399 3952 2576 4020 atque
2624 3947 2889 4003 innovari
2946 3951 3002 4002 et
3049 3946 3246 4001 iterari
3307 3945 3688 4016 permitteret.

2038 4039 2161 4103 Qua
2190 4038 2248 4092 in
2278 4054 2338 4092 re
2381 4055 2452 4092 an
2508 4036 2745 4092 fallatur
2773 4053 2972 4102 necne,
3005 4034 3247 4090 inferius
3279 4034 3638 4090 excutiemus
3671 4048 3684 4087 :

2035 4127 2138 4182 sed
2171 4126 2306 4181 hinc
2332 4126 2552 4182 nemini
2585 4125 2834 4181 dubium
2880 4123 3248 4197 relinquitur,
3293 4123 3432 4193 quin
3483 4137 3686 4176 eorum

2036 4215 2340 4281 duntaxat,
2371 4217 2468 4284 qui
2501 4215 2558 4268 in
2591 4214 2824 4269 nomine
2869 4214 3010 4270 Jesu
3049 4210 3262 4268 Christi
3296 4209 3686 4281 baptizantur,

2035 4305 2397 4377 baptismum
2431 4323 2463 4359 a
2494 4306 2786 4376 Stephano
2819 4304 2995 4377 recipi
3029 4302 3199 4374 plane
3231 4305 3508 4373 agnoscat
3528 4300 3682 4355 idem

2034 4393 2247 4467 praesul
2283 4411 2350 4450 ac
2381 4411 2483 4466 pro
2514 4399 2668 4450 certo
2701 4395 3053 4449 habeat.Nec
3076 4408 3302 4447 movere
3321 4406 3681 4478 quamquam

2035 4484 2200 4539 debet
2218 4484 2274 4538 in
2299 4482 2496 4539 allatis
2535 4482 2804 4554 Cypriani
2835 4480 3028 4538 verbis
3042 4498 3147 4536 vox
3165 4481 3677 4553 quomodocunque:

265 4565 443 4622 sitam
468 4569 723 4638 proferre
760 4569 944 4627 voluit
989 4573 1341 4629 sententiam
1390 4578 1607 4630 statuto
1653 4556 1915 4630 Afri—cani
1951 4556 1996 4621 Ῑ)
2028 4590 2161 4628 cum
2212 4572 2284 4627 ab
2334 4571 2432 4627 illo
2474 4571 2546 4627 ad
2588 4571 2869 4640 majorem
2918 4569 3362 4642 explicationem
3411 4569 3680 4626 vocabuli

263 4655 496 4711 concilii
507 4658 599 4721 ,de
611 4675 678 4713 eo
701 4660 796 4729 qui
821 4660 893 4714 ab
918 4659 1120 4716 haaresi
1148 4661 1306 4716 venit
1325 4662 1693 4719 decernentis
1717 4680 1730 4717 :
1757 4685 1785 4713 ‹‹
1819 4664 1918 4719 Ba-

261 4742 576 4816 ptizandus
594 4752 682 4801 est
704 4751 762 4802 et
792 4747 1159 4805 innovandus
1182 4749 1281 4821 qui
1315 4750 1386 4804 ad
1409 4750 1720 4806 Ecclesiam
1753 4752 1918 4808 rudis

260 4832 443 4903 venit,
505 4839 568 4888 ut
626 4835 786 4891 intus
851 4853 951 4909 per
1003 4841 1238 4895 sanctos
1287 4839 1684 4895 sanctiﬁcatur
1721 4841 1912 4913 (Cypr.

265 4921 592 4994 epist.70).n
621 4924 738 4981 Hoc
762 4925 941 4998 igitur
961 4927 1072 4984 sibi
1103 4928 1230 4983 vult
1253 4946 1266 4985 :
1287 4928 1444 4984 Nihil
1482 4928 1790 4985 innovetur
1811 4930 1918 4985 cir-

265 5025 338 5065 ca
367 5010 729 5081 baptismum
761 5015 892 5086 ejus
921 5016 1020 5088 qui
1045 5017 1130 5072 sic
1151 5017 1330 5083 venit,
1353 5019 1453 5074 sed
1477 5022 1705 5074 tantum
1729 5035 1916 5074 serve-

264 5101 537 5171 turquod
561 5103 843 5159 traditum
877 5109 1001 5173 est;
1035 5122 1162 5175 seu,
1187 5105 1334 5161 nihil
1374 5107 1425 5162 ei
1453 5109 1523 5164 de
1546 5125 1692 5164 novo
1726 5109 1914 5180 detur,

266 5187 381 5244 nisi
415 5191 568 5261 quod
601 5192 883 5249 traditum
915 5197 1003 5250 est
1030 5211 1169 5268 erga
1192 5212 1325 5252 eum
1350 5198 1742 5269 praestandum
1767 5214 1914 5268 esse,

268 5280 335 5334 ut
395 5278 618 5336 scilicet
664 5298 877 5339 manus
922 5284 974 5340 ei
1021 5283 1358 5357 imponatur
1386 5286 1444 5342 in
1491 5287 1916 5359 pcenitentiam.

263 5366 403 5423 Ideo
437 5373 632 5424 autem
665 5371 1026 5442 baptismum
1059 5373 1294 5429 nolebat
1325 5374 1607 5445 innovari,
1642 5377 1778 5448 quia
1808 5375 1918 5430 hoc

263 5463 701 5514 sacramentum
736 5477 850 5516 non
882 5479 950 5517 ex
977 5477 1042 5517 eo
1064 5464 1162 5533 qui
1199 5463 1511 5531 ministrat,
1542 5466 1642 5520 sed
1665 5481 1732 5521 ex
1753 5465 1916 5520 Chri-

265 5550 380 5617 sto,
412 5547 584 5619 cujus
624 5549 858 5607 nomine
880 5552 1191 5620 confertur,
1227 5553 1498 5609 virtutem
1528 5570 1695 5610 suam
1721 5554 1917 5611 sortiri

269 5653 623 5710 persuasum
667 5638 936 5699 habebat.
963 5642 1076 5700 Nec
1109 5641 1221 5701 alia
1255 5643 1367 5702 ﬁde
1396 5642 1542 5701 dixit
1569 5661 1581 5700 :
1611 5665 1637 5693 ‹‹
1667 5643 1917 5704 Multum

2024 4661 2339 4732 ubicunque
2387 4661 2672 4730 adjectam
2704 4676 2852 4726 esse,
2886 4675 2952 4714 ac
2982 4675 3084 4731 pro
3128 4659 3334 4731 quovis
3385 4659 3676 4729 ministro,

2026 4751 2126 4822 qui
2158 4750 2216 4804 in
2248 4748 2482 4804 nomine
2525 4752 2662 4804 Jesu
2695 4747 2908 4806 Christi
2952 4748 3224 4820 baptizet,
3262 4765 3375 4804 non
3401 4765 3502 4820 pro
3533 4765 3676 4819 qua-

2025 4839 2165 4896 libet
2195 4840 2381 4895 forma
2412 4842 2709 4912 acceptam
2759 4838 2960 4910 fuisse,
2995 4855 3061 4894 eo
3115 4838 3332 4894 certius
3356 4839 3676 4909 judicetur,

2026 4929 2180 5001 quod
2215 4930 2369 5002 apud
2402 4928 2829 5000 Firmilianum,
2863 4927 2962 5000 qui
3013 4928 3142 5001 ipsa
3188 4925 3469 4999 Stephani
3505 4926 3681 4981 verba

2026 5021 2238 5075 referre
2279 5019 2611 5074 accuriatus
2652 5019 2902 5088 videtur,
2936 5018 3092 5073 istud
3120 5022 3177 5072 et
3203 5015 3681 5089 quomodocunque

2026 5108 2270 5164 minime
2302 5113 2654 5180 compareat.
2732 5127 2742 5134 ί

2096 5199 2149 5252 6.
2175 5197 2455 5262 Quocirca
2487 5196 2854 5267 falluntur,et
2876 5213 2910 5252 a
2931 5194 3213 5267 Stephani
3247 5195 3441 5248 monte
3474 5191 3680 5265 procul

2027 5286 2321 5356 aberrant,
2345 5286 2468 5358 qui,
2503 5287 2693 5342 verbis
2731 5284 2892 5340 illius
2916 5283 3176 5357 pressius
3210 5283 3514 5352 haerentes,
3547 5281 3678 5354 qui-

2027 5375 2138 5430 bus
2165 5374 2487 5446 quemlibet
2518 5392 2552 5429 a
2580 5390 2904 5446 quacunque
2941 5374 3137 5429 haeresi
3178 5373 3405 5444 venerit,
3456 5371 3678 5444 suscipi

2027 5469 2082 5520 et
2101 5465 2155 5518 in
2178 5463 2337 5518 nullo
2359 5464 2718 5535 baptismum
2743 5463 3003 5518 innovari
3027 5461 3676 5534 praecipit,baptismum

2028 5553 2135 5610 sub
2162 5552 2366 5625 quavis
2393 5553 2580 5609 forma
2600 5551 2877 5608 collatum
2897 5553 2967 5608 ab
2990 5567 3056 5608 eo
3087 5551 3317 5607 admitti
3338 5551 3676 5624 opinantur.

2027 5643 2124 5702 Sic
2139 5659 2308 5718 porro
2332 5641 2685 5716 loquebatur
2705 5641 3060 5718 Stephanus,
3085 5643 3223 5714 quia
3243 5641 3545 5699 haereticos
3568 5638 3680 5696 sub
