4088 6174
483 294 509 357 1
522 296 638 358 303

1546 297 1648 358 DE
1692 295 2290 358 HJERETICORUM
2331 295 2840 358 BAPTISMATE

3667 305 3790 369 {304

476 430 670 487 aliena
691 430 877 488 forma
897 430 1260 504 baptizantes
1282 434 1383 488 aut
1419 432 1748 506 ignorabat,
1767 434 1872 488 aut
1892 448 2008 487 non
2030 433 2114 486 at-
2155 431 2208 497 Α
2237 433 2346 497 est,
2391 431 2754 503 Stephanum
2787 435 2844 488 et
2880 431 3110 488 nullum
3164 432 3469 504 suscepisse
3494 435 3790 507 baptismum

475 520 772 576 tendebat.
824 520 987 576 Certe
1039 521 1350 594 Augustini
1401 538 1468 578 ea
1507 525 1596 578 est
1661 522 2006 591 observatio,
2058 525 2124 575 ut

476 628 507 660 «
539 608 772 666 facilius
798 610 1173 666 inveniantur
1200 610 1457 666 haeretici
1485 611 1586 683 qui
1645 628 1760 667 non
1800 611 2119 683 baptizent,

474 713 654 770 quam
686 699 786 771 qui
833 715 950 755 non
996 700 1188 756 verbis
1242 699 1371 756 istis
1427 699 1507 769 (in
1567 700 1822 756 Ecclesia
1866 698 2123 771 usitatis)

473 787 771 861 baptizent
801 789 882 860 (S.
905 794 1052 861 Aug.
1073 788 1174 846 lib.
1193 789 1330 844 vute
1351 794 1508 861 Bapt.
1533 799 1724 845 contra
1748 791 1961 857 Donat.,
1993 805 2121 860 cap.

471 877 564 948 25,
596 894 656 932 n.
689 877 800 949 47).
837 899 865 926 ››
896 877 1113 934 Notant
1145 895 1378 951 quoque
1419 879 1792 935 Innocentius
1821 879 2003 951 (epist.
2033 879 2122 944 i6,

476 964 549 1021 ad
576 966 917 1032 Macedonas,
950 982 1075 1038 cap.
1112 967 1200 1037 10)
1232 970 1289 1022 et
1328 967 1717 1040 Hieronymus
1766 968 1899 1038 (sub
1949 968 2126 1023 finem

478 1055 695 1128 Dialogi
747 1059 938 1113 contra
969 1055 1394 1128 Lueiferianos),
1443 1057 1742 1112 Nicsenum
1797 1056 2128 1123 concilium,

477 1143 579 1200 ubi
635 1144 791 1200 solos
828 1143 1218 1200 Paulianistas
1247 1144 1478 1216 excipit,
1511 1149 1851 1202 czeterorum
1897 1145 2128 1200 haereti-

474 1248 678 1288 corum
709 1233 1002 1305 baptisma
1032 1234 1348 1304 suscipere.
1383 1238 1622 1306 Propter
1653 1233 1803 1290 hanc
1833 1234 2012 1306 igitur
2043 1251 2130 1290 ra-

477 1321 710 1377 ritatem
743 1338 851 1378 usu
883 1322 1060 1388 venit,
1084 1327 1150 1378 ut
1182 1327 1380 1378 Patres
1412 1323 1483 1378 de
1515 1323 1808 1392 baptismo
1831 1323 2128 1378 haeretico-

478 1427 611 1466 rum
643 1409 969 1482 loquentes,
1012 1410 1082 1466 de
1127 1409 1246 1465 ulla
1298 1411 1632 1482 exceptione
1668 1411 1933 1467 facienda
1982 1411 2128 1467 nihil

477 1513 722 1570 prorsus
735 1499 1573 1571 cogitarint.Quemadmodum
1597 1499 1930 1572 Stephanus
1942 1499 2000 1554 in
2015 1500 2130 1571 epi-

483 1587 636 1644 stola
652 1587 972 1644 Firmiliani
1011 1587 1337 1660 generatim
1379 1588 2131 1653 dixissenarraturchuid

481 1692 618 1750 ergo
643 1677 739 1733 fiet
755 1677 825 1732 de
845 1676 918 1732 iis
932 1677 1029 1748 qui
1050 1677 1122 1732 ab
1145 1676 1352 1733 haeresi
1386 1677 1684 1733 venientes
1708 1679 1833 1734 sine
1865 1677 2130 1733 Ecclesia:

484 1765 778 1838 baptismo
790 1765 1047 1838 suscepti
1061 1764 1349 1821 sunt?»ita
1363 1768 1419 1820 et
1429 1765 1812 1838 Hieronymus
1825 1767 1936 1822 sub
1955 1768 2129 1822 finem

486 1854 702 1928 dialogi
725 1871 858 1910 mox
872 1853 1010 1909 dicti
1036 1853 1492 1922 ait,«Hasreticos
1514 1871 1548 1910 a
1574 1855 1896 1924 majoribus
1917 1855 2135 1910 nostris

489 1960 720 2016 semper
752 1943 935 2000 fuisse
975 1947 1300 2014 susceptos,
1324 1949 1381 1998 et
1443 1943 1758 1999 Ecclesiam
1791 1959 2023 2016 semper
2063 1944 2135 2000 ab

487 2031 809 2089 hmreoticis
849 2032 1208 2104 baptismum
1236 2031 1586 2104 suscepisse.
1615 2055 1635 2082 ι
1671 2037 1786 2088 Nec
1817 2033 2014 2089 minus
2038 2048 2136 2106 ge-

2233 521 2345 576 nisi
2378 520 2654 577 collatum
2685 522 2745 576 in
2780 523 3015 577 nomine
3034 522 3173 578 Jesu
3196 521 3638 588 Christi,ettotam
3654 525 3793 598 hujus

2230 609 2588 665 Sacramenti
2606 609 2879 665 virtutem
2894 614 2952 666 et
2968 609 3282 665 efficaciam
3296 612 3644 682 potentissimi
3658 613 3796 686 hujus

2233 698 2492 754 nominis
2517 699 2810 754 sanctitati
2832 699 3129 755 tribuisse.
3163 700 3232 754 Et
3273 699 3493 770 quidem
3523 705 3794 773 temporum

2233 787 2466 843 illorum
2501 786 2744 859 aequalis
2767 792 2867 843 aut
2880 805 3099 860 supper
3123 805 3436 859 anonymus
3457 806 3487 844 a
3503 789 3611 845 Nic.
3646 791 3800 864 Rigal-

2233 876 2313 931 tio
2345 876 2600 948 primum
2633 893 2663 932 e
2695 877 3038 948 Remigiano
3069 876 3374 948 exemplari
3406 878 3472 932 ad
3496 877 3684 935 calcem
3702 897 3802 953 epe-

2236 982 2367 1021 rum
2407 965 2752 1020 Tertulliani
2783 966 2999 1034 editus,
3033 982 3100 1021 ac
3150 966 3355 1021 deinde
3383 983 3416 1020 a
3443 965 3576 1021 Phil.
3609 969 3802 1038 Labbeo,

2232 1058 2377 1110 tom.
2394 1055 2435 1110 I.
2457 1055 2685 1123 Concit.,
2709 1071 2842 1127 pag.
2875 1056 3002 1121 770,
3035 1070 3297 1120 recusus,
3319 1055 3399 1110 sic
3421 1056 3486 1110 ab
3510 1055 3654 1110 initio
3678 1059 3806 1112 Trac-

2237 1147 2428 1198 ctatus
2476 1143 2542 1199 de
2589 1145 2868 1216 Baptismo
2917 1143 3310 1200 haereticorum
3360 1144 3718 1214 qumstionem,
3755 1147 3809 1203 de

2238 1248 2354 1303 qua
2385 1236 2524 1287 tunc
2556 1232 3009 1305 disceptabatur,
3045 1232 3319 1305 proponit
3361 1249 3375 1287 :
3416 1256 3442 1280 «
3473 1233 3807 1289 Animadverte

2239 1321 2392 1392 apud
2427 1321 2632 1376 fratres
2663 1321 3000 1392 quaesitum,
3033 1320 3170 1392 quid
3193 1319 3387 1392 potius
3409 1321 3673 1377 observari
3689 1339 3812 1393 opor-

2236 1412 2320 1464 tet
2347 1408 2408 1463 in
2431 1424 2741 1480 personam
2775 1425 2977 1464 eorum
3027 1409 3126 1480 qui
3167 1408 3227 1463 in
3260 1407 3460 1463 haeresi
3486 1409 3714 1480 quidem,
3737 1413 3811 1465 sed

2239 1514 2299 1553 IN
2331 1513 2551 1552 NOMINE
2570 1497 2674 1552 DEI
2705 1513 2909 1552 NOSTRI
2927 1497 3064 1554 Jesu
3094 1498 3330 1554 CHRISTI
3350 1514 3473 1552 SINT
3491 1513 3674 1568 TINc'rI,
3694 1505 3814 1571 post-

2241 1587 2480 1642 modum
2504 1586 2638 1642 inde
2665 1585 2966 1658 disgressi,
3009 1591 3066 1642 et
3093 1586 3434 1660 suppliciter
3476 1587 3541 1642 ad
3559 1587 3814 1644 Ecclesiam

2240 1675 2342 1731 Dei
2389 1674 2748 1739 advolantes,
2779 1675 2917 1731 totis
2950 1675 3284 1747 praecordiis
3327 1675 3695 1747 pcsnitentiam
3719 1692 3814 1749 age-

2243 1767 2392 1820 rent.
2411 1789 2431 1818 ι
2469 1764 2595 1819 Non
2627 1763 2804 1835 igitur
2825 1765 3052 1836 questio
3077 1770 3217 1820 tunc
3249 1768 3372 1820 erat
3401 1765 3469 1821 de
3495 1765 3562 1820 iis
3583 1766 3670 1836 qui
3694 1765 3813 1820 indii-

2247 1853 2497 1909 ferenter
2526 1853 2638 1909 sub
2659 1853 2864 1925 quavis
2887 1853 3076 1910 forma
3097 1854 3154 1908 in
3175 1853 3366 1910 heresi
3384 1853 3636 1924 baptizati
3651 1859 3814 1921 essent,

2247 1943 2348 1998 sed
2381 1943 2452 1997 de
2474 1943 2545 1998 iis
2567 1942 2698 1997 unis
2722 1943 2819 2014 qui
2844 1942 2903 1997 in
2923 1942 3128 1998 hmresi
3161 1942 3424 2015 quidem,
3448 1943 3544 1997 sed
3571 1943 3620 1996 in
3639 1943 3817 1998 nomine

2209 2093 2213 2097 ,
2249 2031 2693 2087 DeinostriJesu
2726 2031 2939 2088 Christi
2973 2031 3094 2088 sint
3122 2033 3313 2101 tincti,
3348 2049 3469 2096 seu,
3502 2034 3562 2086 ut
3587 2031 3719 2087 idem
3751 2047 3818 2085 au-

488 2120 684 2178 nerale
700 2125 791 2177 est
833 2121 1044 2177 Leonis
1081 2121 1376 2176 decretum
1401 2137 1505 2176 seu
1529 2121 1588 2176 in
1619 2122 1867 2193 epistola
1905 2123 2028 2190 149,
2057 2122 2139 2178 ad
2246 2125 2372 2176 ctor
2401 2120 2532 2176 aliis
2560 2121 2754 2176 verbis
2786 2137 2918 2176 mox
2949 2120 3175 2192 repetit,
3205 2121 3310 2192 qui
3340 2120 3476 2176 foris
3505 2120 3731 2191 quidem,
3750 2121 3819 2174 sed

483 2213 753 2279 Nicetam,
787 2227 914 2282 cap.
935 2211 1008 2268 7:
1047 2211 1207 2276 «Qui
1241 2210 1604 2283 baptismum
1647 2212 1717 2266 ab
1741 2211 2134 2268 hmreticisac-

480 2304 917 2372 ceperunt,cum
942 2302 1114 2354 antea
1134 2298 1407 2371 baptizati
1422 2316 1538 2354 non
1557 2299 1958 2368 fuissent,sola
1973 2300 2135 2356 invo-

479 2388 704 2446 catione
728 2388 982 2460 Spiritus
1003 2386 1189 2442 sancti
1228 2403 1331 2458 per
1367 2387 1803 2458 impositionem
1847 2405 2132 2444 manuum

478 2476 863 2534 conﬁrmandi
895 2479 1062 2542 sunt;
1091 2497 1118 2524 ››
1144 2492 1243 2531 seu
1267 2475 1328 2530 in
1360 2475 1608 2546 epistola
1630 2477 1752 2542 155,
1775 2477 1845 2532 ad
1872 2478 2130 2546 Neonem,

479 2567 682 2638 cap.2:
710 2565 799 2622 «Si
821 2566 893 2621 ab
917 2564 1200 2621 haereticis
1218 2565 1576 2636 baptizatum
1595 2565 1932 2638 quempiam
1952 2567 2134 2623 fuisse

479 2655 827 2723 constiterit,
851 2669 990 2727 erga
1026 2653 1184 2709 hunc
1221 2653 1558 2710 nullatenus
1581 2659 2014 2711 sacramentum
2037 2672 2131 2712 re-

480 2743 868 2818 generationis
896 2743 1176 2799 iteretur:
1211 2743 1312 2798 sed
1336 2742 1444 2797 hoc
1481 2747 1708 2800 tantum
1741 2745 1894 2816 quod
1927 2744 2007 2800 ibi
2030 2746 2129 2801 de-

480 2834 610 2904 fuit,
643 2833 996 2898 conferatur,
1027 2835 1094 2887 ut
1123 2847 1225 2904 per
1247 2831 1594 2904 episcopalis
1643 2849 1854 2888 manus
1882 2833 2132 2906 imposi-

478 2922 699 2979 tionem
729 2922 1004 2978 virtutem
1045 2919 1301 2992 Spiritus
1341 2921 1525 2977 sancti
1550 2926 1964 2994 consequatur.
1989 2922 2131 2987 Qui-

479 3011 592 3068 bus
618 3010 811 3068 verbis
846 3011 1088 3067 Leonem
1123 3009 1402 3082 Stephani
1437 3010 1785 3066 sententiam
1808 3011 2130 3082 exprimere

476 3099 732 3156 voluisse
775 3115 946 3154 nemo
994 3116 1108 3154 non
1157 3098 1588 3155 animadvertit.
1623 3098 1680 3155 Si
1713 3099 1892 3170 igitur
1930 3100 1986 3154 in
2041 3100 2129 3155 his

2242 2225 2305 2266 IN
2356 2225 2578 2266 NOMINE
2626 2209 2770 2266 Jesu
2833 2211 3070 2267 CHRISTI
3136 2209 3509 2266 Dominicum
3551 2214 3824 2280 acceperunt

2247 2298 2567 2370 baptisma:
2596 2315 2783 2370 neque
2800 2297 2911 2354 alia
2941 2300 3011 2354 de
3040 2299 3584 2371 causaStephanus,
3603 2299 3822 2370 Cypriane

2244 2390 2410 2455 teste,
2468 2387 2942 2443 Marcionitarum
3000 2386 3370 2460 baptismum
3421 2387 3704 2459 recipiebat
3745 2387 3823 2441 nisi

2245 2477 2383 2548 quia
2411 2475 2468 2530 hi
2504 2477 2563 2531 in
2591 2478 2817 2532 nomine
2829 2479 2956 2533 Jesu
2979 2476 3448 2549 baptizabantur.
3471 2477 3603 2532 Hinc
3622 2474 3717 2532 alia
3733 2476 3826 2531 obo-

2243 2565 2392 2621 ritur
2422 2567 2689 2638 qumstio.

2244 2672 2340 2743 III,
2384 2672 2462 2725 An
2520 2688 2629 2742 eos,
2689 2688 2821 2742 quos
2878 2672 3177 2743 baptizatos
3229 2672 3289 2727 in
3339 2673 3554 2729 nomine
3579 2673 3688 2728 Jesu
3723 2669 3825 2724 dixit

2313 2742 2641 2812 Stephanus,
2676 2742 3012 2800 intellexerit
3063 2746 3124 2799 in
3163 2745 3396 2800 nomine
3446 2745 3710 2799 Trinitatis
3733 2742 3823 2812 bap-

2312 2815 2524 2872 εἰκαίας.

2311 2921 2369 2976 8.
2409 2921 2623 2976 Eadem
2656 2921 2904 2992 quaestio
2955 2921 3124 2977 aliter
3154 2921 3411 2994 proponi
3459 2922 3533 2976 sit
3576 2924 3751 2992 potest,
3775 2934 3822 2971 an

2240 3009 2503 3064 videlicet
2521 3010 2851 3080 Stephanus
2871 3010 3262 3082 baptismum,
3297 3012 3354 3065 in
3388 3027 3499 3082 quo
3516 3011 3653 3079 fJesu
3670 3006 3822 3064 Christi

2240 3115 2450 3155 nomen
2465 3098 2590 3154 loco
2607 3099 2785 3154 trium
2809 3116 3192 3170 personarum
3211 3102 3596 3157 substitutum
3615 3098 3824 3162 esset,ed-

479 3187 708 3254 Leonis,
743 3188 1075 3258 Hieronymi
1099 3186 1466 3258 aliorumque
1488 3187 1723 3242 Patrum
1743 3187 1815 3244 de
1842 3189 2123 3259 recipien-
2157 3172 2200 3240 C
2239 3187 2490 3258 miserit,
2513 3193 2570 3242 et
2589 3203 2744 3256 eum,
2780 3190 2880 3260 qui
2911 3192 2968 3245 in
2991 3191 3219 3246 nomine
3259 3195 3399 3248 Jesu
3441 3190 3647 3257 Christi,
3677 3203 3763 3243 non
3786 3186 3822 3238 in

475 3277 549 3333 do
581 3277 988 3333 haereticorum
1022 3275 1314 3347 baptismo
1369 3275 1664 3331 similibus
1697 3277 1839 3331 locis
1888 3276 2127 3332 clausu-

477 3365 622 3433 lam,
653 3366 826 3421 modo
858 3381 991 3420 cum
1023 3363 1286 3438 legitima
1319 3364 1506 3420 forma
1552 3370 1610 3420 et
1658 3365 1892 3420 usitatis
1937 3365 2128 3421 verbis

473 3454 720 3512 collatus
754 3455 856 3522 sit,
899 3453 1198 3509 subaudiri
1240 3469 1409 3509 nemo
1439 3453 1688 3521 dubitat;
1731 3471 1919 3525 neque
1950 3459 2126 3510 etiam

473 3545 768 3616 ambigere
799 3544 991 3607 debet,
1023 3543 1163 3614 quin
1199 3545 1255 3596 et
1285 3543 1491 3598 1213
1534 3559 1567 3597 a
1597 3542 1892 3614 Stephano
1923 3545 2127 3600 eadem

474 3631 737 3690 clausula
765 3633 1087 3703 eademque
1138 3631 1391 3687 conditio
1421 3629 1716 3686 intellecta
1746 3632 1840 3687 sit.
1877 3632 2035 3700 Imo;
2077 3634 2127 3688 si

472 3737 613 3778 vera
642 3724 730 3777 est
758 3720 1026 3792 superior
1051 3718 1368 3776 Innocentii
1388 3719 1842 3792 Hieronymique
1862 3720 2128 3777 observa-

474 3810 579 3879 tio,
613 3826 730 3882 qua
751 3808 907 3865 solos
928 3808 1322 3864 Paulianistas
1353 3807 1596 3863 Nicaenm
1626 3809 1831 3881 synodi
1865 3816 2126 3882 tempore

475 3903 677 3955 contra
708 3899 952 3955 formam
995 3897 1270 3969 baptismi
1304 3911 1593 3968 peccasse,
1619 3897 1864 3970 ideoque
1895 3898 2124 3954 concilii

469 3986 651 4058 hujus
685 3986 1048 4053 Patres,solis
1080 3984 1454 4040 Paulianistis
1485 3986 2124 4057 exceptis,caeterorum

469 4075 872 4132 haereticorum
923 4075 1219 4147 baptisma
1259 4073 1587 4145 suscepisse
1637 4080 1929 4130 censent:
1990 4093 2124 4132 cum

465 4164 742 4237 Stephani
784 4181 904 4221 avo
952 4165 1212 4220 nondum
1263 4164 1446 4219 exorti
1490 4167 1688 4220 essent
1729 4164 2120 4238 Paulianistae,

463 4253 612 4310 nihil
644 4270 793 4327 opus
823 4257 952 4309 erat
977 4258 1043 4308 ut
1072 4253 1164 4309 his
1196 4253 1367 4324 Papa,
1394 4253 1798 4308 haereticorum
1833 4254 2124 4326 baptisma

463 4342 904 4416 suscipiendum
941 4358 1070 4399 esse
1098 4358 1501 4414 propugnans,
1535 4341 1696 4397 illam
1725 4343 2122 4415 exceptionem

470 4432 769 4504 adjiceret.

2236 3279 2460 3332 nomine
2496 3279 2703 3342 Patris,
2722 3282 2773 3333 et
2792 3279 2952 3344 Filii,
2981 3283 3034 3334 et
3062 3281 3317 3350 Spiritus
3346 3281 3530 3335 sancti
3570 3278 3823 3348 baptizatus

2237 3370 2415 3434 esset,
2468 3365 2744 3436 baptismi
2778 3366 3025 3439 gratiam
3075 3369 3368 3440 consequi
3409 3368 3649 3438 potuisse
3681 3362 3823 3419 existi-

2240 3455 2432 3509 marit.
2465 3455 2908 3511 Observandum
2939 3460 3028 3511 est
3056 3461 3284 3524 autem,
3321 3455 3595 3529 Stephani
3616 3456 3674 3510 de
3689 3452 3822 3524 bapti-

2237 3559 2364 3598 smo
2395 3542 2772 3615 locutionem,
2803 3562 2978 3615 quam
3009 3549 3270 3601 Actuum
3305 3544 3722 3618 apostolicorum
3757 3555 3824 3592 au-

2237 3633 2502 3688 ctoritate
2534 3634 2741 3688 fultam
2773 3635 2980 3692 1254
3031 3652 3160 3690 esse
3219 3652 3396 3691 nemo
3447 3634 3638 3704 nescit,
3677 3647 3763 3686 non
3792 3627 3824 3680 ei

2236 3722 2361 3790 uni,
2381 3723 2481 3778 sed
2515 3727 2570 3778 et
2599 3723 2858 3794 antiquis
2879 3724 3058 3778 fuisse
3091 3725 3476 3780 familiarem.
3501 3723 3607 3778 Hac
3636 3719 3708 3775 usi
3727 3719 3822 3772 sunt

2236 3810 2410 3865 etiam
2444 3810 2633 3882 ipsius
2658 3811 2937 3883 Stephani
2970 3812 3554 3884 adversarii.Nempe
3575 3811 3625 3865 in
3645 3804 3824 3864 concilio

2233 3898 2680 3972 Carthaginensi
2724 3901 2801 3955 Ill
2833 3901 2942 3956 sub
2975 3901 3290 3973 Cypriano,
3335 3918 3462 3974 cap.
3490 3903 3538 3968 1,
3570 3896 3780 3954 Caecilius
3801 3909 3823 3946 α

2235 3987 2382 4043 Bilta
2411 3989 2563 4059 apud
2606 3988 2906 4045 hmreticos
2937 4012 2964 4039 ‹‹
3005 3989 3102 4044 ubi
3128 4007 3190 4044 IN
3212 4007 3438 4046 NOMINE
3461 3991 3672 4046 CHRlSTl
3703 3980 3824 4054 tingit

2234 4076 2649 4143 Antichristus,
2699 4097 2726 4129 ι)
2777 4077 3078 4150 Baptisma
3108 4094 3246 4134 esse
3281 4084 3475 4151 negat,
3507 4094 3612 4132 non
3641 4077 3750 4145 quia
3784 4072 3823 4123 is

2231 4168 2456 4222 nomine
2497 4166 2732 4234 Christi,
2780 4167 2880 4222 sed
2923 4166 3063 4237 quia
3111 4169 3291 4238 tingit
3340 4168 3699 4224 Antichristus.
3737 4159 3823 4216 Non

2231 4253 2346 4310 alia
2377 4264 2571 4311 mente
2599 4272 2724 4328 cap.
2757 4255 3298 4322 21,Hortensianus
3333 4274 3367 4311 a
3403 4256 3629 4312 Laribus
3655 4248 3823 4322 quer“.

2232 4366 2260 4394 ‹‹
2293 4343 2593 4407 Quomodo
2627 4350 2875 4414 possunt
2906 4344 2966 4398 in
2996 4345 3239 4400 nomine
3271 4345 3483 4401 Christi
3514 4342 3732 4416 aliquem
3755 4337 3824 4391 ba-

2230 4433 2467 4504 ptizare,
2502 4448 2648 4504 quos
2687 4432 2816 4504 ipse
2864 4433 3132 4488 Christus
3163 4433 3311 4489 dicit
3342 4432 3685 4489 adversarios
3723 4439 3821 4481 suos

531 4521 584 4576 7.
620 4520 870 4577 Aliunde
896 4537 1032 4578 vero
1063 4537 1198 4578 eum
1249 4537 1365 4576 non
1398 4520 1556 4576 aliud
1591 4521 1706 4576 nisi
1733 4520 1948 4577 Christi
1981 4521 2122 4594 bap-
2156 4540 2200 4605 ι)
2235 4521 2392 4577 esse?
2422 4543 2449 4570 ››
2481 4521 2756 4577 Eamdem
2791 4520 3070 4592 loquendi
3105 4522 3402 4577 rationem
3435 4527 3492 4579 et
3507 4518 3822 4593 Cypriannus,

461 4610 642 4664 tisma
689 4626 862 4666 nosse
899 4615 1003 4665 aut
1040 4611 1320 4682 probasse
1358 4615 1586 4666 certum
1640 4614 1747 4665 est.
1784 4609 2122 4668 Firmiliano

462 4698 574 4754 hac
603 4698 662 4752 in
694 4714 775 4764 re,
809 4702 874 4753 ut
901 4699 1178 4764 vidimus,
1211 4699 1466 4756 concinit
1493 4697 1847 4771 Cyprianus:
1867 4700 1963 4769 qui
1989 4700 2116 4770 qui-

464 4788 597 4843 dem
623 4789 1082 4859 prastereaepist.
1107 4789 1403 4861 73,primo
1427 4787 1704 4861 Stephani
1729 4788 2117 4844 nominatium

463 4878 537 4932 de
568 4875 879 4932 Marcionis
911 4877 1202 4948 baptismo
1233 4878 1580 4934 sententiam
1605 4876 1684 4931 ita
1706 4877 1960 4948 exponit,
2001 4897 2028 4930 ι
2057 4882 2121 4932 ut

467 4981 572 5022 nec
593 4965 693 5037 (ab
713 4966 802 5037 eo)
839 4967 1134 5022 venientes
1149 4967 1306 5022 dicat
1347 4967 1931 5037 baptizarioportere,
1964 4967 2119 5036 quod

453 5054 584 5126 jam
623 5054 904 5126 baptizati
949 5071 1078 5112 esse
1125 5055 1185 5110 in
1230 5053 1468 5109 nomine
1519 5053 1658 5108 Jesu
1709 5053 2055 5109 videantur:
2091 5078 2118 5105 ››

2230 4609 2400 4681 epist.
2432 4611 2524 4677 73,
2548 4615 2604 4665 et
2635 4611 2787 4681 apud
2811 4626 2945 4666 eum
2969 4610 3378 4678 Firmilianus,
3405 4612 3569 4682 epist.
3599 4609 3678 4676 75,
3699 4619 3825 4659 usur:

2229 4703 2392 4770 pant.
2441 4698 2544 4754 Hic
2575 4698 2767 4754 valere
2822 4700 2994 4755 debet
3051 4699 3258 4754 Hilarii
3315 4701 3618 4767 monitum,
3646 4709 3737 4767 quo
3778 4703 3822 4742 ea

2227 4789 2496 4842 Actorum
2554 4787 2694 4859 loca,
2729 4787 2786 4842 in
2821 4788 3035 4858 quibus
3080 4789 3337 4860 apostoli
3381 4789 3440 4844 in
3473 4788 3687 4842 nomine
3725 4781 3820 4835 Jesu

2229 4876 2556 4944 baptizasse
2575 4876 2870 4948 leguntur,
2897 4876 3286 4948 explicatione
3309 4877 3564 4948 indigere
3577 4872 3792 4929 observat
3811 4878 3821 4917 ε

2231 4987 2260 5015 «
2277 4963 2377 5033 Ne,
2394 4965 2608 5034 inquit,
2633 4963 2884 5036 apostoli
2910 4964 3359 5036 reperianturin
3376 4963 3629 5028 crimine,
3650 4957 3731 5029 qui
3755 4955 3822 5007 ba-

2231 5054 2447 5124 ptizare
2481 5056 2536 5107 in
2571 5053 2805 5110 nomine
2835 5052 3044 5116 Patris,
3063 5057 3120 5108 et
3158 5052 3319 5122 Filii,
3343 5057 3401 5108 et
3420 5050 3659 5124 Spiritus
3686 5037 3822 5100 sancti

461 5159 528 5200 ac
556 5144 809 5199 subinde
839 5160 944 5199 cur
973 5145 1128 5199 idem
1163 5144 1317 5215 Papa
1361 5141 1684 5213 generatim
1725 5147 1782 5197 et
1821 5159 1855 5197 a
1898 5141 2121 5198 caeteris
2222 5142 2402 5213 jussi,
2444 5146 2675 5197 tantum
2711 5142 2770 5196 in
2800 5140 3184 5197 nomineJesu
3212 5141 3289 5212 (si
3323 5140 3529 5197 litterae
3545 5126 3824 5196 haeremus)

457 5231 746 5288 hereticis
778 5231 1074 5288 venientes
1106 5233 1308 5287 eodem
1342 5231 1514 5286 modo
1558 5229 1967 5302 suscipiendos
1997 5247 2124 5286 esse

460 5321 697 5391 sentiat,
740 5325 906 5378 notat
959 5321 1052 5376 his
1098 5320 1290 5376 verbis
1333 5337 1347 5377 :
1391 5343 1411 5369 α
1462 5319 1586 5375 Non
1619 5323 1709 5375 est
1740 5323 1934 5375 autem
1967 5319 2122 5391 quod

462 5407 775 5479 aliquis,ad
793 5409 1366 5466 circumveniendam
1390 5409 1782 5465 Christianam
1797 5408 2120 5483 veritatem,

465 5497 678 5554 Christi
712 5515 923 5556 nomen
968 5504 1243 5570 opponat,
1288 5505 1352 5554 ut
1401 5500 1576 5565 dicat,
1630 5499 1689 5554 IN
1732 5515 1954 5554 NOMINE
1983 5501 2122 5554 Iesu

467 5586 706 5642 CHRISTI
752 5588 1084 5659 ubicunque
1134 5593 1189 5642 et
1248 5589 1776 5660 quomodocunque
1845 5586 2123 5658 baptizati

469 5673 723 5747 gratiam
739 5675 1037 5748 baptisimi
1061 5679 1200 5735 sunt
1219 5678 1510 5735 consecuti
1522 5676 1742 5734 .nUnde
1758 5675 2123 5750 exploratum

2231 5231 2602 5304 baptizarunt
2631 5229 2765 5303 (Hi1.
2817 5232 2887 5285 85
2933 5230 2998 5286 de
3029 5229 3208 5303 Syn.).
3245 5231 3466 5286 Eodem
3513 5227 3706 5301 quippe
3745 5218 3822 5274 ϐτί·

2233 5320 2391 5376 mine
2421 5321 2778 5376 tenebuntur
2807 5324 2864 5376 et
2893 5319 3270 5392 sequentium
3296 5317 3634 5376 saeculorum
3653 5314 3821 5369 PatreS.

2232 5410 2281 5467 si
2315 5427 2462 5482 quos
2494 5410 2553 5464 in
2585 5410 2821 5466 nomine
2849 5411 2986 5464 Jesu
3019 5408 3819 5480 baptizatosdixerunt,neqna-

2234 5517 2409 5572 quam
2443 5498 2632 5554 verbis
2661 5515 2695 5554 a
2726 5498 2953 5554 Christo
2987 5497 3348 5571 praescriptis
3374 5496 3676 5568 baptizatos
3701 5483 3820 5544 intel-

2234 5588 2496 5642 lexerint.
2533 5592 2744 5643 Verum
2785 5589 2970 5643 ardua
3015 5604 3126 5643 non
3165 5591 3261 5641 est
3312 5581 3701 5657 interpretatio,
3736 5589 3816 5646 qua

2231 5682 2289 5733 et
2319 5675 2564 5749 apostoli
2596 5679 2652 5732 et
2682 5675 3076 5749 apostolorum
3110 5673 3445 5732 imitatores
3474 5690 3508 5730 a
3548 5659 3812 5728 crimineli-
