4088 6174
249 287 278 347 1
290 288 407 348 308

1195 290 1396 349 PARS
1442 289 1519 348 ll.
1553 321 1628 332 —
1662 285 2225 349 RECENTIORUM
2272 284 2711 348 EXCURSUS.

3498 280 3523 340 l
3542 276 3658 338 306

245 421 544 478 herentur.
577 421 987 495 Apostolorum
1019 424 1234 497 quippe
1253 423 1616 496 temporibus
1645 442 1678 480 a
1705 423 1896 496 bapti-
1926 422 1984 490 Α,
2012 421 2340 477 clesiastica
2368 419 2571 493 regula
2617 419 2930 475 videretur.
2955 438 2984 467 »
3007 416 3168 481 Quod
3192 416 3412 470 factum
3433 411 3535 469 ubi
3565 412 3654 468 la-

241 513 616 585 smate,quod
648 513 905 570 Joannes
934 513 1759 586 tradiderat,distinguendum
1785 514 1894 569 fuit

241 604 399 677 quod
431 603 693 660 Christus
739 606 1117 676 postmodum
1168 606 1442 661 instituit.
1492 604 1667 662 Nulla
1696 610 1892 662 autem

241 693 436 766 aptior
464 691 772 766 excogitari
831 693 1021 766 potuit
1063 695 1378 763 distinctio,
1415 711 1590 766 quam
1641 699 1725 763 ut,
1759 712 1893 750 cum

245 781 505 853 primum
530 783 656 852 jam
688 782 980 837 diceretur
1029 782 1318 856 baptisma
1348 784 1612 855 Joannis,
1647 784 1894 840 alterum

247 869 548 942 baptisma
577 869 788 926 Christi
822 871 1249 943 appellaretur;
1277 876 1334 929 et
1363 874 1462 945 qui
1493 873 1602 929 hoc
1635 875 1894 946 suscipe-

245 963 396 1025 rent,
430 959 490 1014 in
523 959 759 1015 nomine
815 959 953 1016 Jesu
989 961 1282 1032 baptizati,
1314 961 1422 1018 hoc
1480 967 1569 1018 est
1598 963 1894 1036 baptismo

239 1047 457 1104 Christi
489 1049 834 1104 auctoritate
865 1048 1420 1124 instituto,adeoque
1453 1054 1514 1106 in
1535 1054 1759 1108 nomine
1789 1056 1893 1109 Pa-

237 1146 362 1208 tris,
392 1144 443 1193 et
468 1138 624 1206 Filii,
655 1146 708 1192 et
735 1138 976 1209 Spiritus
994 1142 1191 1209 sancti,
1224 1140 1434 1196 initiati
1469 1143 1819 1201 dicerentur.

315 1225 370 1279 9.
405 1226 685 1290 Quocirca
713 1225 1108 1295 Innocentius,
1162 1227 1331 1299 epist.
1369 1230 1435 1284 16
1460 1229 1530 1285 ad
1558 1230 1892 1303 Macedonas,

245 1331 304 1368 n.
339 1315 424 1386 10,
456 1330 555 1370 eos
587 1314 687 1386 qui
721 1319 848 1370 Act.
881 1332 995 1384 XIX,
1027 1317 1081 1388 5,
1114 1317 1388 1390 baptizati
1425 1319 1482 1373 in
1526 1320 1759 1376 nomine
1793 1322 1896 1376 Do-

242 1403 390 1458 mini
418 1403 556 1459 Jesu
582 1405 942 1473 dicuntur,in
965 1405 1200 1462 nomine
1223 1407 1495 1479 Patris,et
1515 1408 1664 1477 Filii,
1689 1413 1745 1464 et
1773 1411 1894 1484 Spi-

240 1493 392 1549 ritus
415 1495 599 1549 sancti
623 1493 946 1566 baptizatos
968 1511 1097 1551 esse
1109 1496 1263 1552 haud
1291 1497 1506 1553 dubius
1529 1501 1892 1570 pronuntiat.

234 1586 368 1655 Ipse
398 1599 530 1638 vero
562 1582 831 1654 quamvis
863 1584 1098 1656 epist.2,
1123 1602 1249 1658 cap.
1281 1587 1337 1656 8,
1371 1586 1616 1642 sanciat:
1649 1587 1894 1644 Venien-

233 1676 326 1727 tes
346 1688 377 1725 a
394 1670 733 1729 Novatianis
758 1671 844 1727 vel
873 1673 1271 1730 Montensibus
1293 1692 1396 1746 per
1427 1692 1639 1732 manus
1663 1680 1893 1734 tantum

2006 510 2125 566 tius
2146 511 2437 567 enarravit
2458 508 2857 578 Firmilianus,
2883 504 3082 562 statim
3106 502 3407 576 adjungit:
3439 524 3468 552 «
3503 499 3651 568 Quid

2003 600 2178 672 igitur
2198 600 2267 656 de
2295 600 2474 671 hujus
2496 597 2788 671 baptismo
2811 596 3074 652 dicemus
3093 594 3120 649 ?
3152 591 3446 664 Numquid
3469 595 3524 645 et
3543 590 3654 644 hoc

2003 690 2360 762 Stephanus,
2403 694 2460 744 et
2505 687 2602 760 qui
2650 687 2733 742 illi
2780 685 3174 753 consentiunt,
3222 678 3651 753 comprobant?

2005 779 2258 834 maxime
2281 778 2373 834 cui
2399 795 2502 834 nec
2525 775 2854 850 symbolum
2874 773 3306 835 Trinitatis,nec
3327 769 3649 841 interroga-

2005 869 2086 925 tio
2116 868 2378 941 legitima
2404 871 2459 922 et
2488 865 2881 923 ecclesiastica
2910 861 3128 918 defuit?
3152 884 3178 912 »
3209 861 3496 925 Quorsum
3520 874 3653 914 vero

2006 959 2162 1014 istud
2198 957 2472 1028 maxime,
2500 960 2633 1022 etc.,
2668 954 2780 1010 nisi
2828 953 2967 1026 quia
2998 951 3331 1023 Stephanus
3375 946 3651 1004 ecclesia-

2004 1048 2211 1105 sticam
2234 1045 2564 1119 baptizandi
2583 1045 2829 1101 formam
2849 1047 3056 1098 tenens
3077 1056 3204 1097 eam
3232 1039 3404 1094 etiam
3429 1038 3502 1092 ab
3524 1035 3653 1093 aliis

2004 1138 2188 1194 teneri
2217 1136 2423 1205 vellet;
2476 1137 2618 1192 adeo
2652 1139 2716 1190 ut
2747 1132 2796 1188 si
2846 1131 2979 1204 quis
3004 1146 3074 1186 ex
3122 1133 3352 1201 recepta
3382 1126 3650 1183 Ecclesiae

2003 1227 2200 1300 regula
2251 1226 2606 1299 praecipuum
2650 1222 2888 1292 aliquid,
2923 1219 3114 1293 qualis
3156 1223 3245 1274 est
3272 1219 3330 1273 in
3381 1216 3588 1289 primis
3618 1232 3653 1271 a

2005 1316 2232 1372 Christo
2260 1315 2597 1388 praescripta
2641 1313 2948 1368 verborum
2999 1311 3205 1373 forma,
3239 1306 3536 1363 omisisset
3562 1302 3654 1360 vel

2005 1403 2673 1477 mutasset,baptismum
2693 1401 2852 1457 illius
2870 1400 2940 1455 ab
2963 1399 3070 1454 hoc
3089 1403 3246 1470 Papa
3265 1395 3652 1468 rejiciendum

2005 1511 2133 1552 esse
2155 1493 2530 1550 Firmilianus
2553 1509 2667 1549 non
2689 1488 3031 1546 dubitaret?
3052 1489 3162 1544 Sed
3187 1491 3244 1542 et
3263 1503 3329 1542 ea
3349 1485 3653 1541 occasione

2004 1584 2159 1640 idem
2192 1583 2500 1656 episcOpus
2529 1581 2809 1654 Stephani
2842 1577 3192 1636 sententiam
3235 1574 3480 1630 mirifice
3521 1573 3654 1629 illu-

2004 1677 2172 1744 strat,
2215 1675 2354 1729 dum
2386 1689 2514 1728 eam
2546 1672 2629 1728 sic
2659 1669 2934 1744 sugillat:
2972 1668 3214 1723 «Potest
3247 1664 3402 1721 credi
3427 1667 3528 1719 aut
3557 1678 3651 1718 re-

235 1759 672 1831 impositioncm
697 1761 1114 1833 suscipiantur,
1148 1763 1287 1836 quia
1309 1766 1578 1837 quamvis
1609 1767 1681 1821 ab
1711 1766 1891 1823 hrere-
1930 1797 1979 1862 B
2008 1763 2210 1820 missio
2241 1766 2609 1837 peccatorum
2635 1761 2896 1826 data,aut
2926 1755 3135 1813 lavacri
3159 1752 3653 1862 mgeneratip‘rite

238 1848 394 1918 ticis,
418 1854 614 1906 tamen
660 1850 717 1904 in
779 1851 991 1906 Christi
1052 1854 1289 1909 nomine
1319 1859 1460 1911 sunt
1515 1855 1828 1928 baptizati:
1864 1879 1893 1908 »

240 1940 300 1994 et
330 1938 679 1996 Novatianos
712 1943 906 1996 tamen
938 1945 994 1997 et
1043 1942 1374 2000 Montenses
1425 1962 1525 2000 seu
1559 1945 1894 2003 Donatistae

241 2027 435 2083 verbis
465 2046 498 2084 a
551 2027 780 2085 Christo
840 2031 1194 2104 praescriptis
1223 2033 1556 2105 baptizasse
1585 2052 1686 2107 pro
1736 2041 1893 2093 certo

241 2117 439 2174 habet.
472 2119 632 2175 Unde
663 2120 722 2175 in
776 2121 1007 2179 Nicteno
1064 2123 1309 2179 concilio
1369 2124 1538 2182 aliter
1576 2143 1708 2183 cum
1746 2129 1890 2184 Pau-

236 2206 517 2270 lianistis.
541 2213 598 2264 et
617 2210 787 2266 aliter
808 2226 942 2266 cum
971 2211 1306 2269 Novatianis
1329 2220 1520 2270 actum
1545 2231 1672 2272 esse
1695 2217 1891 2273 obser-

239 2301 374 2352 vat:
415 2319 436 2349 ι
470 2297 616 2364 Quia
646 2299 1015 2356 Paulianistae
1047 2301 1099 2356 in
1149 2303 1383 2360 nomine
1415 2305 1618 2374 Patris,
1661 2311 1716 2362 et
1741 2306 1890 2376 Filii,

239 2391 298 2441 et
327 2386 578 2458 Spiritus
635 2389 821 2444 sancti
873 2389 1114 2446 minime
1146 2391 1460 2463 baptizant,
1494 2399 1550 2449 et
1591 2395 1889 2452 Novatiani

237 2475 449 2531 iisdem
483 2477 822 2533 nominibus
851 2479 1172 2536 tremendis
1204 2483 1666 2556 venerandisque
1709 2485 1894 2558 bapti-

237 2570 394 2620 zant.
423 2588 450 2614 »
479 2567 638 2622 Idem
671 2567 982 2623 dicendum
1005 2573 1063 2624 et
1094 2571 1162 2624 de
1196 2571 1538 2641 Donatistis,
1570 2574 1670 2646 qui
1700 2575 1892 2633 verbis

237 2653 299 2708 in
363 2654 620 2711 Ecclesia
660 2657 956 2714 consuetis
1002 2659 1300 2732 baptizare
1353 2678 1466 2716 non
1517 2663 1890 2721 destiterunt.

240 2745 371 2815 Ipse
392 2743 941 2820 etiam‘Cyprianus,
961 2764 1074 2802 non
1100 2765 1270 2805 secus
1293 2754 1466 2821 atque
1502 2753 1892 2821 Innocentius,

241 2833 402 2902 quod
437 2834 595 2888 Actis
647 2835 1042 2906 apostolorum
1101 2837 1394 2909 baptisma
1433 2838 1648 2896 Christi
1694 2843 1893 2914 appel-

241 2921 418 2989 latur,
467 2922 576 2978 hoc
623 2923 681 2978 in
733 2925 969 2981 nomine
1018 2927 1204 2983 Patris
1260 2932 1315 2984 et
1362 2927 1487 2984 Filii
1544 2934 1599 2984 et
1645 2931 1893 3002 Spiritus

239 3011 427 3066 sancti
452 3011 731 3068 collatum
758 3030 887 3070 esse
910 3031 1026 3070 non
1058 3015 1307 3072 dubitat.
1339 3017 1534 3073 Primo
1569 3017 1726 3076 enim
1757 3037 1896 3092 prae-

239 3099 464 3156 mittit:
489 3123 515 3150 ››
542 3101 646 3171 Illi,
672 3103 766 3173 qui
787 3104 912 3174 jam
946 3104 1089 3176 legis
1117 3111 1174 3160 et
1204 3105 1383 3178 Moysi
1407 3108 1888 3180 antiquissimum

239 3189 534 3261 baptisma
583 3191 814 3246 fuerant
843 3193 1058 3264 adepti,
1095 3194 1153 3248 in
1201 3195 1438 3251 nomine
1486 3212 1720 3270 quoque
1747 3199 1889 3255 Jesu

236 3282 406 3333 erant
435 3277 1146 3351 baptizandi,'secundum
1190 3285 1343 3356 quod
1388 3283 1446 3340 in
1478 3285 1635 3342 Actis
1665 3292 1894 3359 aposto-

233 3365 428 3422 lorum
460 3372 666 3423 Petrus
697 3371 766 3424 ad
801 3387 900 3426 eos
931 3370 1188 3443 loquitur
1216 3377 1272 3428 et
1303 3373 1481 3430 dicit:
1517 3378 1889 3445 Paenitemini,

232 3464 285 3510 ει
335 3456 635 3527 baptizetar
677 3460 1050 3531 unusquisque
1108 3465 1349 3517 vestrum
1391 3463 1450 3518 in
1505 3467 1728 3520 nomine
1765 3467 1892 3522 Iesu

236 3543 464 3600 Christi.
504 3568 525 3595 υ
562 3551 642 3600 Ac
669 3546 880 3602 deinde
911 3547 1025 3603 ista
1065 3550 1362 3621 explicans
1393 3552 1667 3622 subjicit:
1701 3576 1729 3604 «
1752 3555 1886 3610 Jesu

233 3633 419 3688 Chisti
454 3635 812 3690 mentionem
872 3638 1076 3694 1255
1128 3637 1266 3694 facit
1291 3640 1515 3709 Petrus,
1550 3659 1662 3697 non
1718 3643 1886 3715 quasi

231 3726 406 3778 Pater
434 3723 824 3794 omitteretur,
857 3727 958 3782 sed
991 3730 1055 3783 ut
1105 3727 1259 3783 Patri
1289 3745 1523 3801 quoque
1564 3730 1742 3788 Filius
1783 3733 1886 3788 ad-

220 3813 598 3884 jungeretur.
635 3835 663 3864 »

303 3936 391 3991 lO.
424 3935 706 4008 Stephani
766 3955 900 3996 vero
955 3940 1199 3996 idoneus
1255 3945 1346 3998 est
1393 3942 1678 4015 interpres
1734 3945 1879 4018 ipse,

226 4025 333 4096 qui
362 4027 536 4082 verba
565 4029 694 4096 ejus
724 4029 944 4097 retulit,
978 4030 1376 4088 Firmilianus.
1405 4032 1508 4088 Hic
1529 4051 1700 4104 porro
1724 4036 1880 4107 quod

225 4115 566 4187 Stephanus
595 4133 728 4172 cum
789 4117 962 4174 sociis
993 4118 1233 4174 dixerat.
1290 4143 1316 4171 ‹‹
1355 4120 1605 4176 Multum
1657 4123 1883 4194 proficit

223 4220 444 4260 nomen
497 4204 803 4262 Christi....
834 4211 896 4261 ut
948 4207 1285 4281 quicunque
1341 4214 1398 4266 et
1453 4209 1790 4283 ubicunque
1820 4213 1878 4267 in

225 4293 466 4349 nomine
495 4293 706 4350 Christi
741 4296 1068 4368 baptizatus
1099 4298 1293 4365 fuerit,
1328 4301 1526 4356 statim
1560 4316 1879 4373 consequa-

220 4386 322 4437 tur
351 4382 598 4453 gratiam
647 4383 882 4455 Christi,
933 4385 1018 4441 sic
1069 4386 1259 4458 palam
1291 4392 1348 4442 et
1377 4393 1574 4459 aperte
1604 4391 1876 4462 exponit:

227 4492 248 4518 α
278 4471 404 4527 Non
438 4477 646 4544 putant
667 4475 1047 4545 quaerendum
1073 4492 1200 4530 esse
1222 4477 1321 4547 qui
1345 4477 1423 4531 sit
1451 4477 1546 4531 ille
1565 4479 1666 4549 qui
1689 4480 1877 4551 bapti-

2008 1853 2279 1926 perfecta,
2313 1851 2410 1907 ubi
2445 1851 2640 1908 omnia
2668 1867 2770 1922 per
2791 1849 3110 1904 daemonem
3145 1847 3308 1916 gesta
3337 1841 3507 1899 sunt?
3529 1840 3652 1897 Nisi

2004 1941 2053 1998 si
2085 1947 2140 1998 et
2162 1943 2484 1997 dmmonem
2516 1941 2574 1995 in
2610 1938 2845 1995 nomine
2875 1935 3062 1992 Patris
3080 1939 3136 1990 et
3165 1932 3295 1988 Filii
3317 1936 3373 1987 et
3400 1930 3651 2004 Spiritus

2005 2031 2187 2088 sancti
2212 2031 2460 2103 gratiam
2482 2027 2758 2102 baptismi
2779 2026 3011 2081 dedisse
3028 2019 3518 2092 contendunt,qui
3540 2020 3653 2075 hae-

2003 2121 2315 2177 reticorum
2351 2121 2645 2192 baptisma
2676 2117 3016 2174 defendunt.
3048 2136 3077 2165 »
3109 2114 3250 2169 Inde
3271 2112 3427 2168 enim
3459 2111 3651 2167 mani-

2000 2211 2216 2266 festum
2233 2213 2317 2265 est
2333 2209 2559 2264 nullum
2583 2225 2615 2262 a
2628 2205 2921 2279 Stephano
2939 2202 3299 2260 baptismum
3322 2201 3648 2257 admissum

2000 2316 2148 2366 esse,
2173 2298 2285 2354 nisi
2310 2299 2410 2372 qui
2442 2297 2500 2352 in
2534 2296 2771 2352 nomine
2819 2293 3008 2350 Patris
3038 2296 3094 2348 et
3131 2291 3259 2346 Filii
3290 2294 3347 2346 et
3392 2289 3649 2360 Spiritus

2001 2388 2185 2446 sancti
2219 2387 2469 2445 collatus
2528 2390 2702 2442 esset.
2735 2384 2860 2440 Uno
2908 2383 3082 2439 verbo
3112 2379 3408 2454 Cypriani,
3441 2378 3650 2435 Firmi-

1998 2477 2139 2534 liani
2163 2494 2228 2533 ac
2249 2477 2540 2534 sociorum
2569 2491 2704 2531 cum
2733 2473 3025 2546 Stephano
3043 2475 3101 2528 et
3121 2470 3339 2527 caeteris
3359 2465 3650 2540 episcopis

2001 2566 2335 2622 traditionis
2394 2565 2800 2622 defensoribus
2831 2579 2950 2617 una
3005 2563 3074 2617 de
3107 2560 3396 2624 ministro,
3431 2573 3546 2612 non
3578 2557 3651 2612 de

2001 2657 2192 2712 forma
2222 2655 2521 2728 baptismi,
2554 2652 2948 2711 controversia
2967 2653 3109 2717 erat,
3144 2649 3276 2706 aliis
3305 2646 3650 2720 putantibus

2003 2746 2382 2817 quaerendum
2417 2760 2544 2800 esse
2575 2742 2709 2815 quis
2737 2741 2815 2797 sit
2837 2740 2934 2796 ille
2962 2739 3059 2811 qui
3092 2736 3490 2810 baptizaverit,
3518 2734 3649 2791 aliis

2002 2834 2059 2889 id
2091 2835 2467 2905 quaerendum
2503 2850 2615 2888 non
2647 2848 2796 2901 esse,
2830 2829 3241 2886 sentientibus.

2002 2968 2096 3026 ιν.
2131 2968 2210 3023 Αη
2241 2985 2352 3024 ηοη
2382 2968 2690 3045 Stephanus
2727 2965 3126 3045 [iaereticornm
3175 2962 3445 3045 baptismo
3475 2962 3647 3045 majo-

2069 3057 2208 3167 gem2
2254 3057 2416 3111 quam
2465 3034 2630 3108 decet,
2679 3039 2942 3094 virtutem
2987 3039 3149 3108 atque
3203 3034 3504 3104 efﬁcaciam
3545 3034 3648 3088 tri-

2109 3129 2182 3167 αα
2214 3152 2228 3168 .

2077 3229 2162 3286 11.
2197 3228 2401 3285 Totius
2423 3225 2849 3295 controversia,
2878 3225 2947 3281 de
2972 3240 3085 3297 qua
3106 3224 3232 3296 jam
3266 3220 3447 3278 multa
3473 3221 3652 3276 disse-

2001 3319 2230 3375 ruimus
2271 3318 2552 3390 originem
2585 3321 2762 3389 atque
2792 3331 3030 3371 causam
3061 3311 3419 3385 Augustinus
3441 3311 3524 3368 sic
3554 3327 3648 3367 ex-

2001 3408 2211 3481 plicat:
2250 3432 2277 3458 «
2311 3411 2426 3464 Nec
2457 3408 2528 3463 ob
2561 3406 2719 3462 aliud
2743 3405 2860 3462 illis
2890 3401 3514 3476 temporibus,quando
3536 3400 3651 3456 ista

1999 3498 2242 3568 quaestio
2273 3503 2469 3553 contra
2502 3501 2755 3552 veterem
2784 3493 3266 3550 consuetudinem
3301 3489 3648 3561 disputatio-

2000 3586 2175 3643 nibus
2225 3585 2384 3642 salva
2431 3586 2673 3641 caritate
2727 3591 2901 3656 atque
2947 3582 3172 3638 unitate
3228 3578 3646 3635 altercantibus

1996 3675 2440 3743 discutiebatur,
2475 3675 2682 3732 1250
2729 3674 2917 3730 visum
2950 3677 3040 3728 est.
3075 3670 3429 3742 quibusdam
3469 3669 3645 3724 etiam

1997 3763 2248 3838 egregiis
2282 3764 2648 3820 antistitibus
2696 3763 2929 3829 Christi,
2962 3761 3114 3816 inter
3160 3775 3309 3830 quos
3359 3757 3647 3829 praecipue

1996 3854 2059 3909 B.
2093 3853 2414 3927 Cyprianus
2436 3853 2752 3920 eminebat,
2788 3868 2900 3906 non
2922 3866 3050 3906 esse
3080 3865 3251 3921 posse
3283 3847 3434 3919 apud
3465 3845 3646 3901 haere-

1997 3943 2147 3999 ticos
2173 3941 2256 3998 vel
2289 3941 2697 3998 schismaticos
2733 3940 3094 4013 baptismum
3126 3934 3480 4004 Christi,nisi
3507 3935 3646 4006 quia

1995 4049 2109 4088 non
2142 4031 2614 4103 distinguebatur
2633 4033 3067 4086 sacramentum
3086 4029 3157 4084 ab
3180 4027 3385 4084 effectu
3417 4023 3503 4080 vel
3532 4040 3643 4079 usu

1991 4120 2364 4176 sacramenti.
2401 4120 2471 4174 Et
2493 4119 2633 4191 quia
2661 4120 2790 4190 ejus
2821 4118 3061 4175 eﬂ‘eotus
3093 4122 3266 4188 atque
3314 4131 3460 4171 usus
3497 4114 3554 4168 in
3579 4113 3644 4168 li-

1988 4209 2285 4265 beratione
2315 4226 2348 4264 a
2376 4209 2624 4281 peccatis
2657 4213 2714 4264 et
2743 4207 2935 4262 cordis
2965 4204 3310 4262 rectitudine
3333 4203 3485 4275 apud
3524 4202 3640 4258 hae-

1988 4298 2198 4354 reticos
2231 4315 2346 4354 non
2377 4295 2802 4364 inveniebatur,
2837 4297 3030 4369 ipsum
3056 4310 3286 4366 quoque
3308 4308 3640 4349 sacramen-

1989 4390 2116 4442 tum
2155 4404 2270 4442 non
2301 4386 2424 4442 illic
2472 4403 2600 4442 esse
2650 4387 2988 4458 putabatur.
3022 4408 3043 4434 ι
3096 4383 3288 4456 (Initio
3337 4383 3436 4438 lib.
3467 4400 3544 4448 Vl,
3576 4383 3639 4438 de

1990 4477 2138 4549 bapt.
2171 4481 2347 4531 contr.
2372 4476 2595 4547 Donat.)
2627 4474 2907 4540 Quocirca
2935 4473 3091 4528 idem
3120 4474 3320 4528 doctor
3357 4472 3640 4544 Cypriano

220 4543 460 4628 “veriti
495 4578 562 4617 ϐο
594 4543 749 4634 (ιυὸά
791 4563 890 4634 qui
928 4543 1257 4635 baptizatus
1295 4564 1370 4619 sit
1391 4543 1642 4637 gratiam
1675 4543 1878 4624 conse-
1911 4543 1958 4608 D
1988 4543 2307 4636 obiicienti,
2365 4584 2386 4612 α
2420 4543 2591 4620 Salus
2623 4571 2784 4618 extra
2831 4561 3147 4618 Ecclesiam
3198 4579 3311 4616 non
3345 4543 3452 4629 est,
3490 4583 3518 4610 »
3550 4577 3638 4616 re-

222 4651 339 4722 qu'r
363 4649 616 4722 potuerit
646 4651 912 4707 invocata
958 4653 1262 4709 TRlNlTA'rE
1306 4671 1577 4711 NOMINUM
1611 4656 1799 4714 Patris
1829 4661 1887 4715 et

219 4738 352 4795 Filii
376 4745 434 4795 et
453 4739 711 4811 Spiritus
737 4741 979 4796 sancti.»
1007 4741 1169 4798 Unde
1190 4743 1426 4799 evidens
1447 4749 1536 4800 est
1552 4744 1646 4799 his
1667 4745 1883 4816 verbis,

216 4827 508 4900 baptizari
544 4829 600 4882 in
627 4828 864 4884 nomine
895 4829 1130 4899 Christi,
1159 4831 1521 4904 baptismum
1557 4834 1614 4888 in
1646 4834 1885 4890 nomine

216 4917 414 4972 Patris
445 4923 500 4972 et
530 4916 654 4972 Filii
684 4921 742 4974 et
779 4917 1032 4990 Spiritus
1079 4920 1261 4976 sancti
1287 4920 1586 4990 collatum,
1620 4939 1653 4976 a
1685 4923 1882 4977 Firmi-

215 5005 399 5076 liano,
420 5006 712 5078 Stephano
739 5011 797 5062 et
817 5007 992 5063 sociis
1015 5007 1377 5065 intellectum
1399 5026 1547 5067 esse.
1571 5011 1713 5067 Rem
1738 5011 1882 5068 adeo

214 5095 548 5150 evidentem
575 5096 764 5167 magis
787 5112 854 5150 ac
878 5098 1070 5169 magis
1099 5099 1556 5172 confirmat,tu
1579 5101 1650 5154 ab
1674 5101 1880 5157 eodem

212 5182 558 5239 Firmiliano
613 5184 892 5239 adversus
923 5185 1286 5256 Stephanum
1317 5205 1384 5242 ac
1415 5189 1602 5244 socios
1635 5188 1880 5260 subjici-

209 5275 318 5327 tur
348 5271 594 5328 historia
627 5272 894 5329 mulieris
917 5296 944 5323 «
978 5291 1101 5345 quae
1142 5276 1306 5348 prius
1338 5294 1440 5350 per
1467 5277 1797 5351 prestigias
1823 5283 1880 5334 et

211 5361 482 5417 fallacias
514 5362 797 5418 daemonis
829 5361 1013 5418 multa
1042 5365 1112 5419 ad
1163 5365 1564 5437 deceptionem
1614 5366 1875 5423 ﬁdelium

214 5451 590 5517 moliebatur,
611 5473 637 5500 ››
656 5457 830 5523 atque
851 5452 1003 5508 inter
1033 5459 1238 5511 caetera
1255 5456 1363 5512 hoc
1386 5457 1564 5512 etiam
1586 5473 1729 5512 ausa
1749 5457 1873 5512 fue-

1995 4653 2261 4726 spondet.
2299 4676 2326 4704 «
2357 4653 2497 4718 Quis
2528 4657 2699 4726 negat
2727 4653 2754 4708 ?
2804 4654 2870 4708 Et
2894 4653 3024 4708 ideo
3057 4668 3420 4725 quaecunque
3452 4650 3639 4721 ipsius

1994 4741 2260 4798 Ecclesia:
2292 4741 2583 4798 habentur
2611 4748 2773 4799 extra
2819 4739 3162 4810 Ecclesiam,
3196 4759 3312 4797 non
3344 4741 3537 4796 valent
3566 4740 3637 4794 ad

1993 4831 2263 4887 salutem.
2289 4832 2398 4886 Sed
2425 4831 2581 4886 aliud
2607 4837 2832 4887 estnon
2852 4830 3252 4899 habere,aliud
3280 4848 3393 4886 non
3419 4829 3640 4885 utiliter

1991 4920 2205 4976 habere
2245 4921 2402 4992 (Ibid.
2437 4920 2537 4976 lib.
2562 4939 2614 4990 v,
2649 4938 2774 4993 cap.
2810 4921 2916 4992 1⁵7).
2967 4920 3113 4989 (Non
3160 4919 3381 4974 utiliter
3422 4918 3639 4990 quippe

1990 5010 2185 5078 habet,
2212 5011 2310 5083 qui
2371 5015 2806 5066 sacramentum
2865 5009 3044 5065 habet
3099 5009 3226 5066 sine
3285 5006 3636 5064 sacramenti

1989 5101 2242 5172 effectu.)
2272 5101 2380 5166 Qui
2412 5117 2523 5156 non
2557 5100 2750 5167 habet,
2784 5107 2870 5154 est
2899 5099 3285 5171 baptizandus
3310 5104 3372 5154 ut
3404 5096 3634 5152 habeat.

1989 5189 2096 5256 Qui
2141 5207 2255 5245 non
2311 5189 2531 5245 utiliter
2582 5189 2775 5254 habet,
2817 5187 3215 5261 corrigendus.
3252 5210 3272 5237 η
3327 5187 3395 5241 Et
3435 5185 3637 5258 paucis

1987 5279 2309 5351 interjectis
2336 5296 2393 5335 :«
2429 5278 2822 5350 Potestigitur
2842 5278 3012 5334 nobis
3045 5282 3102 5333 et
3123 5276 3413 5333 haereticis
3443 5275 3634 5348 bapti-

1987 5383 2115 5423 sma
2144 5385 2271 5424 esse
2303 5383 2636 5433 commune,
2659 5383 2792 5422 cum
2826 5367 3042 5440 quibus
3073 5369 3264 5439 potest
3294 5368 3350 5420 et
3380 5369 3633 5438 Evange-

1983 5456 2128 5512 lium
2159 5473 2287 5512 esse
2335 5473 2669 5523 commune,
2710 5455 2978 5527 quamvis
3007 5473 3041 5514 a
3069 5455 3183 5512 ﬁde
3235 5460 3435 5512 nostra
3473 5471 3635 5512 error

210 5546 329 5604 rat,
354 5563 382 5590 «
408 5546 471 5595 ut
493 5540 813 5612 baptizaret
845 5541 1061 5598 multos
1093 5545 1305 5599 usitata
1338 5551 1394 5600 et
1421 5545 1678 5617 legitima
1700 5545 1872 5600 verba
1981 5546 2156 5602 distet
2187 5545 2444 5601 illorum.
2481 5568 2508 5595 »

210 5629 690 5702 interrogationis
723 5646 1036 5704 usurpans,
1071 5635 1134 5688 ut
1183 5633 1261 5690 nil
1293 5634 1625 5706 discrepare
1675 5634 1746 5691 ab
1777 5651 1870 5692 ec-

2052 5635 2136 5690 12.
2171 5634 2280 5690 Sed
2305 5634 2353 5692 si
2378 5651 2409 5690 a
2431 5650 2568 5694 vero
2590 5635 2886 5696 aberravit
2913 5635 3256 5709 Cyprianus,
3287 5652 3424 5695 cum
3446 5649 3640 5696 sacra‘
