4088 6174
438 326 465 388 Ι
477 326 594 387 307

1496 325 1599 383 DE
1641 322 2241 385 HIERETICORUM
2284 322 2792 384 BAPTISMATE

3706 323 3869 385 1308

438 459 703 515 mentum
728 460 784 513 et
822 471 994 512 usum
1031 472 1132 512 seu
1167 457 1435 513 effectum
1461 455 1813 513 sacramenti
1844 472 1956 511 non
1978 455 2094 511 dis-
2123 455 2175 523 Α
2208 456 2360 528 quod
2391 453 2618 510 veritati
2651 470 2764 509 non
2816 452 3081 525 apprime
3124 458 3430 527 congruat.
3479 454 3679 511 Potest
3703 455 3873 510 enim

434 548 732 620 tinguens,
767 546 895 601 ideo
928 546 1165 619 negavit
1216 551 1652 603 sacramentum
1702 548 1775 601 ab
1804 545 2092 601 hereticis

433 636 639 708 accipi,
674 635 893 707 quiain
925 634 1131 691 heresi
1158 651 1271 692 non
1305 637 1601 692 confertur
1626 636 1868 692 effectus
1897 652 2092 691 sacra-

436 724 614 781 menti
643 741 655 791 ;
689 739 882 779 nonne
913 738 1184 794 peccasse
1227 723 1510 780 dicendus
1540 728 1628 780 est
1656 728 1713 779 et
1737 724 2091 796 Stephanus.

435 831 594 880 cum,
611 811 763 868 viam
787 812 1116 885 oppositam
1140 813 1669 885 tenens,affirmare
1690 813 1954 870 videatur
1975 829 2090 868 non

435 903 609 959 modo
631 906 1087 970 sacramentum,
1110 902 1210 958 sed
1235 902 1410 959 etiam
1443 904 1792 959 sacramenti
1821 903 2091 959 effectum

439 992 510 1049 ab
541 990 826 1047 bereticis
857 990 1118 1064 percipi?
1162 996 1304 1047 Cum
1335 992 1491 1047 enim
1514 992 1763 1047 salutem
1794 996 1958 1048 extra
1988 992 2089 1046 Ec-

438 1080 673 1139 clesiam
723 1097 837 1136 non
870 1097 999 1136 esse
1044 1080 1101 1135 in
1150 1081 1415 1137 confesso
1466 1082 1577 1151 sit;
1609 1098 1720 1153 quo
1769 1085 1938 1153 pacto
1978 1080 2093 1135 exi-

442 1185 601 1226 mere
632 1169 704 1225 ab
763 1185 954 1224 errore
984 1168 1138 1238 licet,
1189 1186 1316 1242 quae
1346 1186 1380 1225 a
1423 1170 1735 1242 Stephano,
1785 1174 1843 1225 et
1884 1169 1957 1225 iis
1988 1169 2091 1242 qui

439 1275 575 1316 cum
607 1257 708 1314 illo
730 1258 1361 1327 consentiebant,dicta
1391 1275 1519 1315 esse
1540 1259 1862 1332 Cyprianus
1882 1276 1949 1315 ac
1972 1259 2090 1313 Fir-

440 1348 719 1405 milianus
757 1348 1199 1404 testiﬁcantur?
1227 1348 1279 1403 Si
1321 1348 1477 1404 enim
1524 1348 1582 1404 hi
1634 1366 1748 1404 non
1784 1347 2092 1417 falluntur,

440 1437 676 1494 aiebant
700 1436 805 1505 illi,
840 1460 867 1488 ‹‹
886 1436 1290 1493 dimissionem
1309 1441 1677 1510 peccatorum
1695 1442 1752 1493 et
1773 1437 2091 1493 secundam

440 1524 809 1581 nativitatem
859 1525 917 1579 in
969 1524 1375 1581 hereticorum
1420 1525 1714 1597 baptisma
1758 1526 2090 1598 procedere,

439 1630 542 1669 seu
577 1630 679 1686 per
706 1630 806 1669 eos
836 1613 936 1686 qui
964 1630 1096 1669 cum
1144 1614 1254 1687 ipsi
1290 1614 1348 1670 in
1382 1614 1659 1670 omnibus
1698 1614 1952 1687 peccatis
1974 1614 2095 1669 sint

438 1702 758 1771 constituti,
811 1719 983 1775 posse
1031 1703 1441 1759 remissionem
1501 1708 1873 1777 peccatorum
1923 1703 2088 1773 dari;

2202 544 2323 619 ﬁeri
2358 549 2422 600 ut
2451 544 2769 617 quiszrecte
2798 542 3056 598 sentiens
3088 544 3162 598 ab
3194 559 3283 612 eo,
3314 560 3488 615 quem
3522 543 3872 600 hereticum

2201 633 2406 698 nescit,
2465 632 2827 705 baptismum
2890 630 3155 703 accipiat.
3209 633 3371 687 'I‘unc
3423 648 3557 688 vero
3615 632 3874 689 heresis

2204 721 2397 777 dantis
2430 720 2577 777 nihil
2607 720 2825 776 ofﬁciet
2860 719 2983 774 viro
3020 723 3456 776 sacramentum
3486 720 3594 777 hoc
3626 737 3781 777 sana
3813 728 3877 777 et

2204 810 2431 884 integra
2459 811 2571 866 ﬁde
2602 808 2973 883 suscipienti.

2274 918 2362 975 44.
2395 918 2518 974 Imo
2566 920 2622 974 et
2677 914 3003 972 catholicus
3036 916 3107 972 ab
3162 932 3251 987 eo,
3283 932 3461 989 quem
3522 917 3881 974 hereticum

2201 1007 2381 1078 novit,
2401 1007 2763 1079 baptismum
2780 1022 2915 1060 cum
2938 1005 3292 1061 sacramenti
3319 1005 3499 1078 hujus
3529 1008 3737 1063 effectu
3766 1025 3851 1080 po
3880 1043 3887 1048 ι

2201 1100 2317 1152 test
2347 1095 2663 1169 percipere.
2699 1117 2728 1146 «
2760 1093 2863 1150 Ille
2894 1093 3073 1165 enim,
3105 1093 3300 1164 inquit
3348 1097 3740 1169 Augustinus,
3780 1098 3888 1153 cui

2201 1185 2382 1241 tradit
2440 1183 2812 1257 (separatus),
2873 1186 3065 1256 potest
3119 1181 3442 1239 salubriter
3496 1184 3793 1258 accipere,
3834 1186 3888 1240 si

2202 1273 2330 1345 ipse
2362 1290 2478 1329 non
2497 1276 2803 1345 separatus
2835 1270 3102 1343 accipiat:
3125 1271 3280 1328 sicut
3309 1271 3603 1345 plerisque
3623 1274 3884 1341 accidit,

2201 1363 2268 1416 ut
2299 1359 2585 1416 catholico
2619 1360 2814 1415 animo
2856 1363 2914 1414 et
2941 1360 3134 1427 corde,
3166 1360 3240 1416 ab
3286 1360 3508 1417 unitate
3546 1362 3706 1434 pacis
3746 1379 3883 1418 non

2202 1449 2472 1517 alienato,
2499 1447 2698 1520 aliqua
2724 1448 3075 1503 necessitate
3110 1447 3319 1504 mortis
3350 1450 3636 1522 urgentis,
3667 1451 3733 1506 in
3762 1450 3890 1507 ali-

2202 1554 2376 1611 quem
2408 1536 2749 1594 hereticum
2782 1536 3093 1603 irruerent,
3126 1541 3182 1591 et
3211 1537 3284 1592 ab
3327 1554 3392 1593 eo
3422 1537 3635 1595 Christi
3670 1540 3892 1612 bapti-

2201 1643 2398 1684 smum
2432 1627 2559 1682 sine
2580 1625 2741 1681 illius
2771 1625 3147 1698 perversitate
3175 1624 3881 1698 perciperent.»Tantum

2200 1715 2259 1772 id
2291 1716 2376 1774 eis
2404 1720 2544 1771 tunc
2574 1715 2895 1771 cavendum
2928 1714 3058 1786 fuit,
3092 1731 3165 1770 ne
3197 1715 3345 1774 forte
3373 1715 3444 1770 ad
3486 1714 3775 1772 heresim
3814 1734 3884 1773 ac

435 1791 682 1885 ideoque
705 1793 1228 1885 quaerendumpon
1247 1810 1377 1885 9886
1400 1793 1532 1885 quis
1558 1794 1635 1885 sit
1656 1793 1755 1850 ἱῙΙθ
1777 1796 1878 1885 (illi
1899 1792 2088 1867 ὺθριὶ-
2122 1820 2170 1885 Β
2200 1804 2637 1879 perversitatem
2665 1819 2889 1871 eorum,
2924 1820 2958 1859 a
3015 1803 3231 1875 quibus
3282 1803 3645 1875 baptismum
3681 1806 3885 1861 susci-

437 1881 671 1951 zaverit,
694 1898 759 1937 eo
781 1882 935 1954 quod
959 1882 1057 1954 qui
1099 1883 1433 1956 baptizatus
1452 1883 1645 1954 fuerit,
1670 1883 1915 1953 gratiam
1946 1901 2090 1940 con-

440 1970 607 2042 sequi
630 1971 884 2043 potuerit
913 1971 1181 2028 invocata
1208 1972 1491 2029 Trinitate
1524 1973 1855 2029 nominum:
1880 1976 1937 2028 et
1957 1972 2092 2043 quia

439 2058 691 2115 multum
728 2060 957 2132 proﬁcit
995 2078 1206 2117 nomen
1239 2061 1474 2129 Christi,
1509 2066 1574 2117 ut
1620 2062 1958 2134 quicunque
1985 2061 2089 2117 ba-

438 2148 691 2222 ptizatus
722 2149 896 2205 fuerit
922 2149 981 2204 in
1014 2150 1251 2206 nomine
1283 2149 1514 2217 Christi,
1564 2154 1956 2224 consequatur
1977 2153 2091 2206 sta-

437 2238 545 2294 tim
578 2238 825 2309 gratiam
859 2237 1091 2294 Christi.
1127 2260 1156 2288 »

511 2363 599 2420 43.
630 2363 736 2420 Hic
767 2363 1194 2420 observandum
1226 2367 1315 2420 est
1364 2363 1574 2437 primo,
1608 2363 1771 2421 nulla
1809 2363 2090 2437 Stephani

439 2452 616 2510 verba
631 2451 747 2508 nisi
767 2469 836 2509 ex
856 2454 1317 2510 adversariorum
1337 2454 1464 2524 ejus
1486 2453 1719 2526 scriptis
1740 2453 1814 2509 ad
1838 2470 1943 2511 nos
1965 2469 2091 2526 per-

438 2540 689 2599 venisse.
711 2542 827 2599 Neo
849 2542 1098 2598 dubium
1135 2542 1277 2614 quin
1312 2559 1381 2599 ea
1401 2543 1832 2615 exscripserint,
1852 2560 1919 2599 ac
1944 2544 2090 2599 forte

440 2649 507 2689 eo
527 2630 701 2688 etiam
732 2632 905 2688 modo
944 2633 1352 2705 expresserint,
1378 2633 1532 2689 unde
1567 2632 1655 2687 illi
1685 2634 1969 2705 majorem
1996 2634 2089 2688 in-

441 2720 660 2777 vidiam
708 2721 958 2777 conﬂare
1008 2725 1263 2793 possent.
1302 2721 1513 2779 Deinde
1562 2723 1946 2779 metuendum
1978 2727 2086 2791 est,

445 2827 518 2867 ne
538 2810 638 2882 qui
659 2814 1091 2867 sacramentum
1108 2816 1165 2867 et
1184 2811 1535 2867 sacramenti
1553 2812 1821 2867 effectum
1844 2829 1959 2868 non
1978 2811 2092 2869 dis-

446 2900 818 2971 tinguebant,
850 2899 1118 2957 eamdem
1169 2900 1571 2957 confusionem
1602 2900 1894 2973 Stephano
1925 2902 2091 2959 attri-

441 2988 696 3054 buerint,
716 2989 859 3045 adeo
899 2992 962 3044 ut
983 2990 1137 3061 quod
1162 2988 1259 3045 ille
1290 2990 1359 3046 de
1384 3006 1498 3045 uno
1530 2995 1893 3046 sacramento
1933 2990 2090 3047 dixe-

442 3077 536 3145 rit,
569 3077 678 3133 hoc
716 3094 786 3133 ex
814 3083 1214 3150 preoccupata
1243 3083 1457 3145 mente,
1488 3083 1771 3151 tanquam
1803 3097 1925 3136 rem
1958 3080 2091 3136 inde

2199 1895 2458 1968 piebant,
2481 1894 2765 1949 transisse
2797 1896 3167 1965 putarentur,
3199 1898 3257 1950 et
3287 1910 3486 1950 eorum
3521 1896 3873 1965 exemplum

2200 1983 2334 2041 aliis
2356 1982 2666 2040 offensioni
2694 1986 2869 2039 esset.
2904 1983 3211 2053 Ceterum,
3246 1986 3311 2039 ut
3341 1981 3496 2039 idem
3527 1984 3738 2039 doctor
3772 2001 3877 2040 ex-

2199 2072 2398 2146 plicat,
2430 2095 2459 2123 ‹‹
2492 2088 2625 2128 cum
2686 2071 2981 2145 baptisma
3009 2072 3201 2129 verbis
3257 2072 3610 2145 evangelicis
3662 2073 3874 2141 datur,

2200 2161 2461 2234 qualibet
2504 2177 2573 2217 ea
2627 2160 3005 2234 perversitate
3065 2160 3358 2235 intelligat
3413 2161 3514 2217 ille
3541 2178 3650 2235 per
3680 2179 3874 2234 quem

2199 2251 2374 2307 datur
2392 2250 2479 2307 vel
2512 2248 2611 2307 ille
2631 2250 2724 2306 cui
2758 2251 2953 2318 datur,
2986 2251 3177 2323 ipsum
3211 2268 3314 2323 per
3342 2268 3405 2308 se
3436 2256 3711 2307 sanctum
3751 2257 3871 2319 est,

2198 2348 2434 2415 propter
2461 2340 2629 2396 illum
2690 2342 2861 2413 cujus
2894 2344 2983 2397 est
3011 2356 3027 2396 :
3058 2344 3116 2397 et
3167 2340 3218 2397 si
3248 2340 3381 2414 quis
3421 2357 3523 2413 per
3549 2340 3866 2397 hominem

2198 2446 2536 2503 perversum
2594 2431 2652 2487 id
2686 2430 2997 2504 accipiens,
3029 2447 3143 2486 non
3211 2429 3457 2502 accipiat
3513 2432 3714 2485 tamen
3754 2430 3866 2485 mi-

2199 2519 2367 2576 nistri
2400 2521 2859 2593 perversitatem,
2886 2521 2987 2576 sed
3038 2518 3224 2576 solam
3274 2519 3534 2592 mysterii
3564 2520 3859 2576 sanctita-

2197 2612 2338 2678 tem,
2367 2609 2426 2665 in
2481 2610 2635 2666 bona
2689 2610 2824 2679 fide,
2856 2626 2959 2682 spe
3008 2612 3068 2666 et
3122 2607 3360 2665 caritate
3417 2608 3629 2664 unitati
3689 2624 3860 2664 com-

2199 2699 2513 2772 paginatur
2529 2698 3226 2770 Ecclesie,remissionem
3246 2697 3459 2771 accipit
3478 2701 3859 2770 peccatorum

2200 2788 2319 2861 (lib.
2352 2796 2428 2856 iv,
2456 2805 2503 2844 ο.
2540 2789 2647 2862 12).
2706 2810 2735 2839 ‹‹
2764 2790 2927 2845 Tunc
2979 2787 3161 2861 igitur
3198 2787 3411 2843 accidit
3468 2787 3627 2858 quod
3689 2787 3858 2841 doce-

2200 2877 2301 2933 bat
2331 2877 2687 2949 Stephanus,
2721 2900 2750 2929 (ι
2784 2878 3029 2933 Heresis
3057 2876 3294 2950 quidem
3328 2875 3478 2949 parit
3506 2880 3565 2932 et
3594 2875 3859 2948 exponit,

2201 2967 2496 3040 expositos
2527 2972 2725 3024 autem
2757 2966 3012 3023 Ecclesia
3041 2966 3308 3039 suscipit.
3345 2987 3373 3015 »

2274 3074 2361 3129 15.
2396 3076 2540 3131 Item
2572 3078 2849 3131 constans
2876 3073 3188 3149 Augustini
3209 3073 3476 3130 doctrina
3504 3072 3686 3141 est,id
3709 3073 3861 3145 quod

446 3171 923 3238 consequentem,
957 3166 1028 3222 ab
1059 3183 1125 3223 eo
1174 3167 1352 3224 etiam
1382 3168 1454 3224 de
1501 3169 1851 3225 sacramenti
1882 3170 2089 3226 eﬂ‘ectu
2121 3193 2165 3262 Ο
2203 3168 2638 3221 sacramentum
2668 3168 2928 3233 vocatur,
2961 3180 3122 3237 eque
3153 3163 3213 3219 in
3244 3163 3523 3220 omnibus
3545 3162 3700 3218 illud
3744 3178 3866 3235 per-

444 3254 668 3310 dictum
698 3254 1062 3328 interpretati
1103 3256 1240 3312 sint.
1277 3258 1623 3329 Quanquam
1670 3258 1848 3314 etiam
1879 3258 2091 3331 predi-

441 3347 535 3400 cta
562 3344 841 3416 Stephani
880 3344 1053 3401 verba
1084 3361 1199 3401 non
1250 3348 1533 3415 mutasse,
1564 3347 1667 3403 sed
1715 3364 1950 3403 summa
1979 3348 2094 3403 {ide

448 3434 806 3504 expressisse
836 3439 1165 3505 ponantur;
1190 3433 1338 3489 nihil
1369 3435 1429 3491 in
1460 3434 1532 3491 iis
1561 3439 1678 3504 est,
1704 3437 1859 3508 quod
1881 3442 1984 3493 aut
2012 3454 2096 3493 er-

445 3522 595 3579 roris
616 3523 912 3595 argui,aut
934 3540 1049 3579 non
1069 3523 1364 3580 catholice
1386 3525 1611 3581 veritati
1634 3530 2095 3583 consentaneum

440 3610 691 3682 judicari
718 3610 991 3683 possit.Si
1014 3611 1170 3667 enim
1192 3612 1263 3669 de
1308 3613 1632 3671 infantibus
1662 3631 1855 3671 sermo
1889 3617 2090 3674 I257

448 3704 556 3767 est,
598 3703 822 3756 certum
868 3705 958 3756 est
1004 3717 1125 3769 eos,
1175 3701 1511 3774 ubicunque
1558 3708 1618 3759 et
1662 3721 1696 3759 a
1747 3721 2098 3778 quocunque

448 3787 722 3860 baptizati
756 3788 990 3858 fuerint,
1033 3789 1234 3845 statim
1275 3792 1550 3861 consequi
1591 3792 1841 3864 gratiam
1864 3792 2096 3849 Christi.

447 3877 506 3933 Si
537 3878 607 3933 de
637 3878 854 3934 adultis
885 3879 1100 3952 agitur,
1134 3879 1307 3935 etiam
1349 3879 1496 3935 illud
1525 3898 1653 3938 vere
1686 3882 1743 3937 in
1785 3881 2042 3955 Epistola
2066 3899 2101 3938 a

449 3967 738 4025 Jubaiano
768 3968 839 4024 ad
872 3968 1223 4041 Cyprianum
1244 3968 1426 4025 missa
1441 3969 1725 4043 scriptum
1746 3975 1922 4039 erat,«
1945 3972 2099 4044 quod

450 4074 567 4114 non
598 4057 676 4113 sit
695 4058 1076 4129 querendum
1095 4058 1227 4130 quis
1244 4058 1638 4130 baptizaverit,
1656 4061 1886 4133 quando
1918 4062 1969 4117 is
1999 4062 2102 4133 qui

450 4145 782 4218 baptizatus
812 4146 909 4212 sit,
941 4147 1204 4219 accipere
1237 4148 1547 4204 remissam
1590 4155 1963 4221 peccatorum
1997 4166 2103 4222 po-

454 4235 664 4303 tuerit;
688 4258 715 4286 ››
751 4253 866 4292 non
889 4235 1233 4308 simpliciter
1254 4237 2103 4308 quidem,et,quemadmodum

455 4326 729 4394 infantes,
764 4325 891 4398 ipso
925 4325 1277 4381 sacramenti
1308 4325 1562 4393 usu;sed
1610 4330 1675 4380 ut
1714 4325 1794 4382 ibi
1842 4327 2105 4399 proxime

457 4413 751 4485 adjicitur,
786 4415 1111 4470 secundum
1146 4415 1301 4486 quod
1334 4413 1599 4482 credidit,
1625 4414 1734 4470 hoc
1755 4418 1844 4470 est
1878 4415 1927 4471 si
1950 4420 2107 4471 recta

454 4504 571 4559 ﬁde
600 4504 887 4576 acceperit
916 4508 1092 4575 atque
1120 4503 1318 4559 omnia
1334 4520 1447 4575 pre
1474 4519 1536 4558 se
1552 4502 1770 4571 tulerit,
1796 4521 1921 4575 que
1940 4503 2105 4559 Chri-

2201 3252 2558 3326 cipientibus
2611 3258 2882 3310 sanctum
2910 3269 3059 3322 esse,
3111 3269 3219 3310 nec
3248 3250 3550 3309 sanctitati
3600 3252 3737 3323 ejus
3765 3267 3864 3306 au-

2201 3342 2402 3415 gendae
2432 3341 2519 3399 vel
2546 3342 2876 3398 minuende
2908 3342 3192 3398 tradentis
3221 3341 3310 3398 vel
3341 3341 3496 3398 susci
3506 3340 3731 3413 pientis
3764 3355 3862 3395 seu

2203 3430 2536 3503 equitatem
2569 3449 2672 3487 seu
2714 3432 3154 3504 perversitatem
3201 3431 3480 3505 prodesse
3512 3429 3601 3487 vel
3636 3430 3861 3486 obesse.

2205 3543 2233 3572 ι(
2264 3519 2422 3576 Nihil
2476 3520 2740 3591 interest,
2784 3521 2996 3594 inquit,
3032 3522 3104 3577 ad
3164 3520 3446 3594 baptismi
3488 3518 3859 3577 sanctitatem

2206 3615 2424 3681 quanto
2455 3611 2708 3683 quisque
2740 3612 2904 3683 pejor
2932 3609 2991 3666 id
3022 3610 3237 3666 habeat
3273 3615 3332 3666 et
3361 3614 3582 3681 quanto
3615 3610 3783 3680 pejor
3809 3606 3859 3660 id

2205 3700 2456 3755 tradat.»
2487 3700 2605 3756 Hoc
2627 3703 2683 3755 et
2712 3716 2745 3756 a
2766 3700 3078 3756 traditione
3106 3716 3243 3755 cum
3272 3698 3599 3770 accepisset
3619 3697 3860 3771 Stepha-

2208 3789 2593 3857 nus,docehat
2623 3789 3003 3863 querendum
3027 3805 3141 3845 non
3160 3805 3288 3845 esse
3317 3789 3452 3861 quis
3483 3785 3865 3861 baptizaverit

2208 3877 2334 3952 (lib.
2358 3895 2431 3947 vx,
2455 3895 2507 3935 c.
2537 3879 2616 3949 5);
2648 3879 3151 3951 quemadmodum
3172 3878 3199 3933 ?
3232 3877 3440 3935 I258
3460 3877 3602 3949 quia
3624 3876 3779 3932 nihil
3797 3875 3863 3932 ad

2208 3968 2469 4040 corporis
2490 3967 2705 4025 Christi
2724 3967 3099 4024 sanctitatem
3131 3967 3307 4025 obest
3335 3966 3630 4024 tradentis
3663 3965 3863 4038 nequi-

2210 4055 2328 4125 tia;
2365 4057 2749 4129 querendum
2780 4073 2897 4112 non
2919 4073 3045 4113 esse
3074 4057 3371 4113 credimus
3402 4054 3537 4128 quis
3570 4056 3650 4111 sit
3683 4071 3867 4111 sacer-

2211 4146 2318 4201 dos
2350 4146 2450 4217 qui
2511 4145 2653 4201 illud
2712 4146 2924 4202 tradat.
2976 4146 3085 4202 Sed
3139 4146 3408 4218 quamvis
3467 4145 3768 4217 integrum
3799 4144 3869 4199 sit

2212 4241 2669 4305 sacramentum,
2731 4253 2900 4292 seua
2957 4234 3111 4291 malo
3168 4236 3458 4302 tradatur,
3488 4251 3596 4291 seu
3651 4252 3689 4290 a
3721 4234 3867 4289 malo

2213 4324 2554 4396 accipiatur,
2588 4323 2759 4397 longe
2788 4329 2986 4380 tamen
3013 4325 3281 4380 diversus
3310 4330 3402 4381 est
3443 4324 3692 4380 effectus
3721 4326 3869 4396 ejus,

2214 4414 2265 4470 si
2296 4418 2454 4469 recta
2475 4414 2589 4469 ﬁde
2617 4418 2675 4469 et
2702 4414 2924 4486 optimo
2954 4414 3125 4470 corde
3154 4417 3259 4469 aut
3304 4429 3483 4485 prava
3511 4412 3625 4468 ﬁde
3659 4416 3723 4468 et
3751 4429 3868 4484 per-

2214 4518 2379 4559 verso
2410 4502 2581 4559 corde
2637 4503 3020 4575 percipiatur.
3079 4503 3151 4558 Et
3180 4502 3309 4559 ideo
3349 4502 3729 4574 Augustinus
3759 4504 3866 4557 ait:

456 4592 653 4649 stiana
694 4568 895 4665 religio
927 4568 1013 4649 ad.
1047 4592 1198 4649 hanc
1224 4568 1473 4665 gratiam
1512 4568 1984 4665 consequendam
2017 4609 2104 4649 re-
2137 4568 2183 4634 Ῑ)
2216 4614 2244 4642 ‹‹
2280 4590 2413 4647 Dico
2473 4568 2913 4648 sacramentum
2963 4590 3239 4664 baptismi
3272 4595 3329 4648 et
3381 4568 3568 4647 bo'nos
3598 4595 3660 4647 et
3692 4590 3868 4648 malos

456 4682 655 4754 quirit.
676 4684 745 4737 Et
776 4681 925 4738 hanc
948 4683 1186 4754 quidem
1217 4681 1517 4754 Stephani,
1536 4685 1594 4738 et
1623 4697 1825 4738 eorum
1845 4682 2103 4755 quicum

454 4770 556 4828 illo
615 4771 1075 4839 consentiebant,
1126 4771 1480 4828 sententiam
1543 4788 1673 4828 esse
1730 4772 2104 4828 Firmilianus

456 4860 786 4931 confirmat,
816 4859 915 4915 ubi
946 4861 1016 4916 de
1036 4860 1132 4929 iis,
1163 4860 1299 4932 «qui
1333 4876 1449 4916 non
1480 4861 1861 4932 querendum
1895 4863 2107 4933 putant

459 4950 592 5025 quis
623 4949 696 5006 sit
726 4948 821 5006 ille
852 4950 953 5022 qui
995 4948 1395 5022 baptizaverit,
1423 4968 1450 5001 ι
1487 4949 1596 5005 hoc
1631 4953 1878 5005 testatur
1906 4967 1919 5007 :
1952 4969 1979 5001 α
2008 4949 2107 5006 Di-

454 5039 869 5112 cunteum,qui
884 5038 1411 5111 quomodocunque
1425 5037 1565 5092 foris
1580 5038 2107 5111 baptizatur,men-

457 5135 513 5186 te
529 5130 715 5185 etfide
745 5145 853 5185 sua
880 5128 1130 5201 gratiam
1162 5125 1441 5198 consequi
1487 5142 1710 5198 posse.»
1746 5128 1981 5193 Quoties
2002 5126 2107 5201 igi-

456 5223 555 5276 tur
582 5218 937 5290 Stephanus,
966 5224 1024 5272 et
1052 5217 1242 5273 ceteri
1273 5215 1530 5289 episcopi
1561 5233 1696 5272 cum
1726 5216 1827 5272 illo
1865 5232 2105 5274 consen-

458 5309 690 5378 tientes,
739 5307 1097 5380 baptizatum
1131 5306 1203 5361 ab
1248 5305 1534 5362 hereticis
1581 5306 1831 5379 gratiam
1864 5306 2111 5380 adipisci

457 5415 629 5471 posse
660 5397 885 5465 dicunt,
916 5396 997 5452 ibi
1036 5396 1360 5452 secundum
1394 5396 1547 5468 quod
1581 5395 1846 5466 credidit,
1871 5413 1973 5452 seu
2006 5413 2109 5469 pro

458 5487 573 5541 fide
603 5491 777 5559 atque
808 5486 987 5543 animi
1021 5484 1420 5556 dispositione,
1455 5485 1925 5541 subaudiendum
1982 5503 2112 5543 esse

457 5575 614 5629 haud
648 5576 939 5647 suspectis
986 5573 1249 5645 Cypriani
1284 5580 1459 5646 atque
1493 5574 1811 5629 Firmiliani
1854 5575 2114 5630 testimo-

457 5662 573 5723 niis
605 5666 912 5723 habemus.
948 5663 1011 5721 In
1053 5679 1168 5737 quo
1200 5679 1338 5723 sane
1369 5662 1516 5721 nihil
1546 5667 1636 5721 est
1666 5664 1932 5732 absurdi,
1966 5663 2111 5721 nihil

2212 4696 2386 4753 posse
2413 4679 2648 4748 habere,
2682 4696 2853 4752 posse
2884 4681 3043 4748 dare,
3076 4697 3248 4753 posse
3272 4680 3570 4752 accipere:
3603 4685 3667 4737 et
3698 4682 3871 4737 bonos

2214 4768 2453 4840 quidem
2486 4766 2706 4823 utiliter
2736 4785 2803 4824 ac
2861 4768 3202 4831 salubriter.
3235 4768 3423 4824 malos
3452 4773 3657 4825 autem
3692 4768 3872 4842 perni~

2215 4857 2371 4914 ciose
2392 4861 2568 4930 atque
2598 4856 2927 4929 poenaliter;
2959 4874 3093 4914 cum
3117 4857 3265 4913 illud
3298 4862 3496 4914 tamen
3519 4857 3680 4914 sitin
3716 4860 3873 4913 utris-

2216 4963 2331 5020 que
2362 4946 2663 5019 equaliter
2707 4946 3003 5021 integrum
3062 4946 3186 5019 (lib.
3225 4963 3300 5016 iv,
3343 4964 3391 5003 c.
3425 4947 3502 5020 2).
3532 4968 3563 4997 τι
3602 4947 3870 5003 Eamdem

2217 5053 2450 5110 quoque
2473 5036 2545 5093 ob
2576 5052 2816 5093 causam
2872 5036 3210 5109 Stephanus
3269 5039 3713 5093 sacramentum
3749 5038 3875 5107 bap-

2214 5127 2380 5184 tismi
2426 5126 2815 5199 percipientes
2870 5129 3068 5182 mente
3124 5131 3181 5181 et
3212 5126 3327 5183 ﬁde
3380 5142 3490 5182 sua
3518 5126 3801 5194 discerni,
3822 5129 3869 5179 ct

2217 5231 2701 5287 unumquemque
2732 5215 3055 5271 secundum
3106 5216 3264 5287 quod
3314 5214 3567 5270 credidit
3596 5212 3865 5286 baptismi

2217 5307 2487 5364 effectum
2546 5303 2841 5377 percipere
2903 5304 3121 5361 docuit.
3183 5304 3249 5360 Si
3304 5320 3498 5377 porro,
3558 5303 3865 5376 apostolica

2220 5395 2529 5453 traditione
2581 5394 2848 5462 edoctus,
2880 5393 3021 5467 quia
3075 5392 3134 5449 in
3165 5393 3238 5449 iis
3286 5393 3386 5465 qui
3418 5393 3493 5448 ab
3540 5393 3748 5449 heresi
3777 5409 3858 5446 ve-

2220 5485 2479 5553 niebant,
2507 5483 2786 5555 baptismi
2836 5488 3275 5540 sacramentum
3306 5484 3600 5555 integrum
3634 5496 3856 5537 manere

2220 5580 2377 5629 certo
2412 5573 2704 5644 credebat,
2738 5572 2927 5628 noluit
2983 5573 3213 5628 iterari:
3276 5577 3332 5627 et
3361 5571 3501 5642 quia
3529 5570 3645 5625 illis
3668 5570 3857 5643 perni-

2220 5661 2374 5721 ciose
2406 5665 2583 5735 atque
2613 5660 2921 5737 penaliter
2961 5661 3155 5718 inesse
3194 5659 3583 5717 nihilominus
3622 5658 3856 5723 sciebat,
