4088 6174
282 283 439 345 1309

1227 282 1431 344 PABS
1478 282 1555 342 ΙῙ.
1590 314 1666 328 -
1700 283 2263 344 RECEN'I‘IORUM
2314 280 2752 345 EXCURSUS.

3542 272 3698 335 1310

274 415 663 473 redeuntibus
692 416 765 471 ad
796 415 1114 472 Ecclesiam
1160 432 1399 472 manum
1432 415 1491 471 in
1526 414 1927 488 pcnnitentiam
1956 418 2011 485 Α
2042 416 2318 489 piendum
2368 416 2582 488 Spiritu
2634 415 2925 470 sanctum.
2976 432 3004 460 »
3054 409 3178 466 Non
3225 407 3338 464 alia
3378 412 3574 463 mente
3629 408 3688 463 in

274 505 501 579 imponi
562 504 759 561 voluit.
829 506 1230 577 Tandemque,
1288 509 1435 561 teste
1496 505 1842 579 Augustino,
1900 527 1927 555 »

279 617 307 645 ‹‹
338 593 523 650 eluxit
554 593 889 666 pastoribus
945 594 1218 650 Ecclesia:
1276 594 1595 665 catholicae,
1638 611 1738 667 per
1781 610 1927 666 quos

2039 505 2283 562 concilio
2314 504 2758 577 Carthaginensi
2812 504 2889 566 iii,
2925 501 3034 557 sub
3081 498 3388 571 Cypriano,
3438 514 3561 567 cap.
3594 498 3685 565 24,

2038 594 2442 651 Secundianus
2473 611 2507 649 a
2535 593 2737 665 Carpis
2776 590 2955 646 dixit:
2986 611 3014 639 ‹‹
3062 592 3298 643 Constat
3328 602 3505 657 super
3534 584 3686 640 filios

274 689 481 756 postea
509 684 753 755 plenarii
799 682 1028 739 concilii
1073 684 1412 739 auctoritate
1456 682 1757 755 originalis
1787 699 1929 738 con-
2037 683 2259 739 alienos
2302 687 2361 738 et
2409 682 2636 738 soboles
2684 678 3026 735 Antichristi
3080 676 3363 748 Spiritum
3415 679 3683 730 sanctum

278 774 529 830 suetudo
553 777 610 843 (a
641 772 935 844 Stephano
981 772 1297 843 vindicata)
1328 772 1558 827 firmata
1606 775 1717 838 est,
1749 770 1926 827 etiam

275 878 443 919 ovem
492 879 617 933 quae
669 861 808 917 foris
855 862 1103 929 errabat,
1138 865 1194 917 et
1242 877 1570 917 DOMINICUM
1609 876 1925 916 CHARAC’I‘E-

276 968 395 1007 nam
425 969 457 1006 a
484 950 789 1005 fallacibus
816 950 1309 1021 depraedatoribus
1350 950 1475 1005 suis
1520 950 1660 1005 foris
1690 965 1924 1021 accepe-

270 1045 385 1106 rat,
417 1039 740 1095 venientem
775 1039 845 1094 ad
896 1038 1237 1095 Christianae
1298 1038 1543 1094 unitatis
1572 1038 1821 1094 salutem
1851 1038 1924 1093 ab

269 1144 465 1184 errore
518 1127 751 1199 corrigi,
811 1144 844 1183 a
908 1127 1241 1199 captivitate
1291 1127 1545 1197 liberari,
1597 1144 1625 1183 a
1685 1126 1923 1183 vulnere

268 1217 502 1284 sanari;
569 1233 977 1272 CHARAC'I'EREM
1050 1219 1245 1272 tamen
1304 1216 1363 1271 in
1423 1233 1487 1271 ea
1556 1216 1920 1273 Dominicum

264 1305 503 1379 agnosci
527 1306 724 1378 potius
756 1322 933 1378 quam
966 1304 1308 1377 improbari.
1349 1328 1369 1354 ι
1406 1305 1764 1378 Stephanum
1790 1306 1922 1377 qui-

262 1396 396 1451 dem
426 1396 755 1452 characteris
786 1393 1023 1450 nomine
1060 1410 1234 1450 usum
1270 1411 1397 1450 esse
1428 1394 1672 1450 minime
1693 1410 1920 1450 asseve-

262 1485 537 1554 raverim,
566 1486 665 1540 sed
699 1501 821 1541 rem
866 1484 976 1541 hoc
1031 1483 1269 1539 nomine
1310 1484 1672 1540 enuntiatam
1707 1500 1919 1557 propu-

265 1590 484 1648 gnasse
514 1573 713 1630 nullus
742 1572 1059 1646 negaverit.
1090 1574 1178 1629 Ita.
1206 1573 1303 1629 ille
1326 1578 1490 1629 rectas
1511 1573 1643 1629 ﬁdei
1666 1576 1921 1629 assertor

265 1680 334 1720 ac
364 1662 595 1729 vindex,
648 1661 1103 1735 explicationum
1157 1661 1413 1734 illarum,
1464 1660 1679 1734 quibus
1718 1664 1920 1733 postea

261 1751 629 1825 Augustinus
680 1750 1022 1808 catholicam
1073 1751 1375 1807 veritatem
1420 1751 1696 1807 adversus
1735 1751 1919 1807 Dona-

260 1841 438 1898 tistae
468 1840 711 1897 feliciter
740 1838 1053 1896 illustravit
1084 1844 1258 1912 atque
1279 1839 1920 1914 propugnavit,semina

251 1930 473 2004 jecisse
495 1929 928 2003 comprobatur.
951 1929 1155 1986 Adhuc
1178 1933 1374 1985 tamen
1399 1928 1715 2002 scrupulus
1737 1932 1918 1986 restat

258 2020 417 2077 circa
447 2020 504 2075 id
538 2020 693 2093 quod
727 2020 798 2075 de
830 2036 1008 2075 manu
1039 2018 1098 2074 in
1131 2018 1531 2092 paenitentiam
1563 2018 1917 2091 imponenda

256 2108 524 2182 praecipit
552 2108 916 2167 eximendus.

250 2290 323 2344 V.
357 2287 697 2359 Annianum
728 2286 797 2341 ab
842 2284 1055 2359 haeresi,
1090 2285 1437 2342 redeuntibus
1484 2287 1694 2359 imponi
1728 2287 1911 2343 volue-

320 2360 400 2414 rit
429 2358 767 2430 Stephanus,
812 2363 874 2414 ut
920 2357 1358 2428 conﬁrmationis
1405 2357 1807 2415 monimentum
1834 2361 1914 2415 eis

319 2433 696 2504 conferretur.

334 2592 417 2646 16.
453 2591 613 2657 Quod
653 2590 989 2662 Stephanus
1018 2590 1183 2655 dixit,
1218 2612 1246 2641 «
1275 2590 1331 2645 Si
1391 2590 1524 2662 quis
1554 2605 1691 2662 ergo
1724 2607 1915 2663 aqua-

246 2696 492 2752 cunque
522 2679 726 2735 haeresi
757 2680 980 2735 venerit
1017 2680 1089 2734 ad
1120 2696 1249 2746 nos,
1282 2678 1429 2734 nihil
1462 2680 1769 2735 innovatur
1798 2679 1912 2735 nisi

251 2769 413 2841 quod
448 2768 733 2824 traditum
765 2772 875 2835 est,
909 2772 973 2823 ut
998 2786 1212 2824 manus
1235 2768 1316 2822 illi
1350 2768 1688 2840 imponatur
1717 2768 1774 2823 in
1800 2785 1913 2840 pce.

250 2856 583 2926 nitentiam,
648 2878 677 2906 »
737 2856 958 2928 duplici
1017 2857 1241 2913 ratione
1302 2857 1670 2929 interpretari
1737 2857 1908 2927 licet;

249 2945 444 3017 primo
476 2947 715 3017 quidem
748 2947 853 3011 sic,
885 2951 949 3001 ut
979 2946 1037 3000 in
1068 2962 1134 3002 eo
1167 2947 1267 3018 qui
1298 2947 1474 3013 venit,
1501 2946 1647 3001 nihil
1681 2947 1913 3003 innove-

244 3039 347 3087 tur
394 3032 550 3089 circa
603 3034 732 3103 ejus
783 3035 1167 3106 baptismum,
1216 3036 1317 3091 sed
1370 3039 1598 3090 tantum
1650 3040 1913 3092 servetur

244 3122 405 3195 quod
436 3123 718 3179 traditum
752 3128 861 3189 est,
890 3127 956 3179 ut
980 3140 1192 3179 manus
1225 3123 1307 3178 illi
1328 3124 1661 3196 imponatur
1689 3124 1747 3179 in
1781 3143 1906 3198 pas-

244 3211 597 3279 nitentiam;
633 3216 735 3267 aut
764 3211 871 3268 hoc
904 3212 1016 3268 alio
1048 3213 1240 3283 modo,
1273 3218 1340 3268 ut
1370 3213 1427 3268 in
1451 3230 1517 3269 eo
1549 3213 1650 3287 qui
1681 3215 1753 3270 ab
1786 3214 1903 3271 hea-

242 3299 359 3355 resi
391 3300 461 3354 ad
488 3300 804 3356 Ecclesiam
835 3300 1057 3357 venerit
1085 3301 1231 3357 nihil
1259 3302 1585 3370 innovetur,
1602 3304 1716 3360 nisi
1747 3305 1901 3376 quod

237 3388 523 3443 traditum
550 3395 639 3444 est
671 3380 1093 3456 innovandum,
1131 3395 1195 3445 ut
1240 3391 1463 3447 scilicet
1501 3409 1713 3449 manus
1760 3393 1809 3449 ei
1842 3393 1903 3449 in

240 3476 449 3533 haeresi
489 3478 786 3549 imposita,
850 3480 1113 3534 redeunti
1175 3480 1379 3536 iterato
1430 3482 1787 3554 imponatur.
1838 3483 1905 3537 Et

246 3566 359 3621 hac
387 3566 619 3636 quidem
645 3572 943 3639 postrema
974 3569 1195 3624 ratione
1218 3569 1500 3641 Stephani
1524 3571 1697 3627 verba
1728 3571 1902 3628 inter-

234 3660 536 3726 pretantes
578 3656 926 3728 Cyprianus,
960 3656 1338 3713 Firmilianus
1387 3674 1710 3730 eorumque
1758 3678 1901 3716 non-

234 3742 383 3797 nulli
416 3743 579 3810 socii,
607 3744 1073 3800 confirmationis
1122 3745 1492 3803 iterationem
1548 3749 1620 3803 ab
1668 3765 1735 3805 eo
1780 3766 1903 3822 per-

230 3832 389 3888 mitti
411 3832 519 3888 sibi
544 3833 1158 3905 persuaserunt.Unde
1179 3835 1247 3890 ad
1259 3851 1461 3892 versus
1482 3836 1638 3893 hunc
1656 3842 1897 3911 Papam,

228 3920 582 3992 Cyprianus,
630 3922 783 3994 epist
824 3924 915 3991 73,
950 3924 1029 3978 ita
1078 3922 1382 3995 disputat:
1422 3950 1442 3973 σι
1498 3928 1660 3992 Quod
1712 3928 1761 3983 si
1806 3944 1900 3984 se-

225 4011 493 4065 cundum
539 4028 774 4082 pravam
841 4012 1015 4067 ﬁdem
1067 4013 1351 4084 baptizari
1426 4016 1631 4072 I259
1683 4016 1897 4089 aliquis

226 4098 392 4169 foris,
442 4104 499 4155 et
558 4099 861 4155 remissam
915 4106 1285 4173 peccatorum
1336 4105 1615 4176 consequi
1662 4106 1891 4177 potuit:

222 4188 553 4243 secundum
584 4190 851 4245 eamdem
888 4190 1062 4247 fidem
1109 4194 1392 4264 consequi
1430 4193 1715 4266 Spiritum
1760 4211 1894 4251 san-

220 4282 387 4332 ctum
419 4277 629 4349 potuit,
660 4284 717 4335 et
765 4296 881 4335 non
925 4283 1015 4335 est
1066 4297 1305 4337 necesse
1354 4283 1604 4340 venienti
1651 4301 1893 4341 manum

222 4365 472 4436 imponi,
507 4371 571 4421 ut
613 4365 897 4439 Spiritum
947 4373 1211 4424 sanctum
1262 4378 1679 4443 consequatur,
1720 4379 1777 4429 et
1820 4374 1893 4429 si-

218 4458 456 4526 gnetur.
489 4456 602 4510 Aut
633 4459 949 4527 utrumque
983 4457 1142 4513 enim
1176 4458 1323 4514 ﬁdes
1354 4460 1497 4515 foris
1546 4464 1758 4533 potuit,
1791 4468 1894 4519 aut

2036 788 2138 844 per
2165 789 2373 827 manus
2422 770 2859 844 impositionem
2908 766 3316 823 tantummodo
3366 780 3480 818 non
3514 778 3685 834 posse

2035 861 2408 927 descendere,
2454 879 2587 917 cum
2638 860 3013 915 manifestum
3070 856 3149 910 sit
3193 854 3496 909 haereticos
3547 852 3685 923 bap~

2032 950 2211 1007 tisma
2243 968 2356 1006 non
2384 951 2615 1006 habere.
2652 971 2679 999 ››
2712 948 2829 1003 Hoc
2860 947 3015 1002 enim
3066 944 3174 999 sibi
3208 942 3347 997 vult.
3385 941 3685 996 Falluntur

2033 1040 2270 1095 omnino
2319 1040 2418 1111 qui
2469 1039 2621 1111 apud
2675 1036 2977 1093 haereticos
3027 1033 3315 1105 baptisma
3381 1046 3526 1098 esse,
3578 1030 3681 1085 sed

2032 1130 2439 1185 tantummodo
2486 1125 2943 1184 confirmationis
3008 1124 3443 1178 sacramentum
3485 1119 3555 1173 ab
3609 1117 3682 1173 iis

2030 1217 2277 1273 conferri
2311 1235 2424 1273 non
2448 1233 2619 1290 posse
2646 1214 3002 1280 existimant,
3036 1227 3168 1267 cum
3202 1226 3301 1265 eos
3332 1224 3435 1263 nec
3467 1207 3683 1279 baptis-

2029 1323 2193 1363 mum
2224 1306 2439 1363 habere
2466 1310 2706 1363 constet.

2102 1433 2189 1488 17.
2228 1432 2292 1488 In
2340 1433 2544 1489 eodem
2594 1430 2838 1487 concilio
2913 1445 3041 1500 cap.
3110 1428 3166 1496 5,
3217 1423 3602 1481 Nemesianus
3644 1439 3679 1477 a

2028 1522 2337 1579 Thubunis
2368 1522 2720 1578 sententiam
2765 1535 2935 1576 suam
2984 1517 3068 1573 ita
3112 1515 3411 1571 enuntiat:
3448 1535 3478 1562 »
3510 1510 3675 1568 Chri-

2027 1615 2155 1667 stus
2183 1610 2415 1667 locutus
2448 1616 2536 1667 est
2564 1612 2805 1667 dicens:
2838 1610 2957 1665 Nisi
2986 1608 3107 1678 quis
3138 1608 3359 1661 renatus
3404 1602 3576 1674 fuerit
3606 1617 3675 1657 ea:

2027 1716 2172 1771 aqua
2195 1710 2247 1757 et
2274 1702 2495 1772 Spiritu
2522 1708 2729 1767 sancto,
2758 1714 2869 1754 non
2893 1701 3064 1769 potest
3094 1695 3334 1751 introire
3364 1694 3426 1748 in
3445 1707 3675 1763 regnum

1949 1800 1995 1865 Β
2024 1790 2135 1844 Dei
2177 1790 2274 1845 Hic
2303 1794 2392 1847 est
2437 1789 2712 1862 Spiritus,
2746 1787 2847 1858 qui
2897 1787 2969 1841 ab
3019 1784 3185 1840 initio
3231 1783 3526 1839 ferebatur
3572 1797 3673 1836 su-

2032 1894 2134 1950 per
2162 1895 2398 1950 aquam.
2430 1880 2629 1951 Neque
2672 1877 2830 1934 enim
2880 1874 3134 1947 Spiritus
3181 1874 3307 1929 sine
3354 1888 3506 1943 aqua
3537 1888 3671 1943 ope-

2025 1968 2141 2024 rari
2191 1972 2404 2039 potest,
2452 1983 2642 2040 neque
2688 1984 2843 2038 aqua
2890 1965 3017 2021 sine
3061 1961 3303 2035 Spiritu.
3340 1960 3488 2016 Male
3534 1976 3671 2032 ergo

2023 2057 2137 2113 sibi
2164 2058 2402 2129 quidam
2432 2058 2909 2129 interpretantur,
2933 2058 3000 2109 ut
3026 2052 3222 2108 dicant
3245 2050 3399 2122 quod
3431 2066 3535 2122 per
3554 2065 3675 2104 ma-

2022 2162 2137 2201 nus
2197 2145 2633 2218 impositionem
2690 2144 2975 2217 Spiritum
3038 2145 3309 2199 sanctum
3385 2139 3675 2211 accipiant

2021 2234 2300 2303 (haeretici
2344 2239 2402 2291 et
2442 2234 2801 2291 schismatici
2850 2230 3247 2302 revertentes),
3286 2234 3342 2285 et
3389 2228 3473 2284 sic
3520 2228 3670 2285 reci-

2021 2322 2299 2396 piantur:
2334 2341 2467 2380 cum
2499 2323 2876 2380 manifestum
2909 2323 2984 2378 sit
3012 2336 3278 2384 uraoous
3300 2334 3671 2375 SACRAMENTO

2022 2415 2234 2471 debere
2264 2430 2365 2470 eos
2397 2414 2618 2470 renasci
2649 2414 2709 2469 in
2752 2412 3009 2469 Ecclesia
3050 2409 3359 2467 catholica.
3396 2429 3423 2459 ‹‹
3455 2408 3580 2473 Qua
3609 2408 3668 2464 in

2022 2520 2084 2559 re
2114 2503 2500 2559 Nemesianus
2532 2502 2799 2559 imitatus
2830 2517 2958 2558 esse
2986 2500 3217 2557 videtur
3246 2497 3584 2569 illud,quod
3606 2496 3669 2553 in

2020 2591 2271 2663 epistola
2332 2593 2403 2647 73
2459 2591 2729 2663 Cypriani
2775 2589 2881 2645 toti
2926 2587 3169 2645 concilio
3217 2592 3358 2643 tunc
3400 2585 3669 2659 pralecta

2020 2680 2321 2736 audierat:
2366 2704 2387 2730 α
2432 2680 2714 2751 Baptizari
2762 2695 2861 2734 eos
2908 2682 3155 2747 oportet,
3205 2676 3304 2749 qui
3339 2676 3409 2731 de
3461 2674 3669 2733 hmresi

2020 2769 2093 2823 ad
2143 2769 2457 2824 Ecclesiam
2505 2768 2784 2834 veniunt;
2831 2771 2895 2822 ut
2943 2767 3043 2839 qui
3093 2765 3353 2838 legitimo
3393 2768 3449 2819 et
3497 2764 3667 2819 unico

2021 2862 2235 2913 sancta:
2266 2856 2532 2912 Ecclesiae
2566 2856 2853 2928 baptismo
2901 2856 2971 2910 ad
3024 2871 3265 2926 regnum
3300 2853 3399 2908 Dei
3430 2868 3667 2924 regene-

2020 2945 2243 3001 ratione
2292 2945 2488 3001 divina
2537 2949 2955 3017 praeparantur,
2988 2959 3361 2999 SACRAMENTO
3403 2957 3668 3003 UTROQUE

2020 3035 2505 3106 nascantur,quia
2535 3034 2818 3106 scriptum
2844 3038 2966 3090 est:
2991 3036 3116 3089 Nisi
3145 3034 3268 3104 quis
3299 3038 3523 3087 renatus
3541 3032 3666 3103 fue-

2018 3126 2096 3179 rit
2122 3141 2191 3179 ea:
2218 3141 2363 3197 aqua
2391 3126 2441 3179 et
2470 3124 2703 3196 Spiritu,
2735 3140 2844 3178 non
2870 3128 3039 3194 potest
3064 3124 3297 3179 introire
3341 3124 3401 3177 in
3440 3136 3668 3192 regnum

2019 3215 2132 3270 Dei.
2169 3237 2189 3263 ιι
2225 3216 2309 3269 Ita
2330 3219 2386 3269 et
2408 3230 2643 3269 rursum
2666 3212 2987 3285 Cyprianus
3022 3213 3082 3267 in
3103 3210 3385 3284 superiori
3419 3209 3668 3283 epistola

2011 3304 2065 3371 2,
2114 3303 2185 3358 ad
2231 3302 2590 3371 Stephanum,
2640 3319 2697 3357 n.
2746 3302 2795 3373 1,
2855 3300 3118 3373 loquitur
3158 3318 3169 3356 :
3222 3326 3249 3352 «
3302 3301 3464 3356 Tunc
3507 3300 3664 3356 enim

2012 3393 2251 3447 demum
2283 3391 2451 3463 plene
2482 3390 2834 3446 sanctificari
2866 3396 2924 3446 et
2955 3408 3083 3447 esse
3117 3392 3217 3446 filii
3250 3390 3351 3446 Dei
3395 3395 3662 3461 possunt,

2011 3480 2061 3536 si
2093 3486 2457 3535 sacramento
2508 3484 2753 3551 utroque
2803 3485 3143 3548 nascantur,
3194 3497 3328 3535 cum
3379 3480 3664 3552 scriptum

2010 3570 2105 3638 sit,
2158 3571 2283 3627 Nisi
2328 3572 2449 3642 quis
2506 3576 2753 3637 renatus,
2805 3575 2915 3625 etc.
2972 3590 2999 3619 ‹‹
3056 3569 3405 3641 Hujusmodi
3466 3574 3662 3624 autem

2007 3661 2185 3715 verba
2215 3660 2581 3732 interpretari
2635 3660 2719 3715 sic
2779 3660 3022 3715 forsitan
3073 3659 3293 3724 liceret,
3336 3663 3400 3713 ut
3446 3659 3665 3714 frustra

2010 3748 2322 3821 quisquam
2354 3748 2578 3803 lavetur
2622 3765 2791 3819 aqua,
2824 3748 2873 3803 si
2926 3765 3039 3804 non
3082 3747 3261 3804 simul
3292 3752 3351 3803 et
3381 3748 3659 3819 Spiritum

2008 3842 2277 3892 sanctum
2311 3854 2412 3893 seu
2439 3837 2763 3910 spiritalem
2785 3838 3034 3909 gratiam
3057 3843 3471 3908 consequatur;
3496 3839 3663 3891 adeo-

2008 3942 2121 3997 que
2170 3926 2261 3993 iis,
2313 3926 2411 3998 qui
2462 3925 2786 3998 spiritalem
2839 3926 2997 3982 illam
3066 3926 3313 3998 gratiam
3362 3925 3661 3980 consecuti

2008 4032 2122 4070 non
2158 4015 2394 4082 fuerint,
2428 4016 2808 4072 redeuntibus
2839 4015 3056 4071 frustra
3086 4015 3422 4086 imponatur
3452 4030 3662 4069 manus

2004 4106 2077 4161 ad
2115 4105 2517 4177 accipiendum
2570 4106 2852 4177 Spiritum
2915 4108 3207 4171 sanctum,
3242 4103 3352 4159 nisi
3397 4107 3569 4160 antea
3606 4107 3665 4159 et

2005 4211 2159 4267 aqua
2190 4194 2527 4249 abluantur.
2556 4195 2763 4249 Verum
2796 4192 3075 4264 antiquus
3101 4192 3352 4263 scriptor
3378 4196 3661 4249 tractatus

2002 4283 2069 4340 de
2116 4285 2324 4340 1280
2368 4285 2647 4356 Baptismo
2717 4282 3129 4349 haereticorum,
3182 4282 3305 4351 jam
3356 4297 3536 4354 supra
3600 4281 3659 4337 in

2004 4372 2155 4429 notis
2174 4373 2245 4429 ad
2288 4372 2595 4446 epistolam
2619 4372 2655 4425 2
2683 4371 2977 4441 laudatus,
3010 4371 3275 4426 eamdem
3309 4370 3660 4425 sententiam

2001 4463 2189 4533 primo
2241 4468 2402 4517 notat
2452 4462 2544 4515 his
2600 4460 2829 4515 verbis:
2883 4482 2910 4509 ‹‹
2970 4461 3056 4514 Tu
3107 4460 3206 4531 qui
3258 4476 3469 4515 novum
3516 4459 3657 4531 quid

219 4546 501 4598 neutrum
532 4560 735 4600 eorum
767 4544 865 4616 qui
923 4545 1065 4601 foris
1116 4547 1307 4603 fuerat
1338 4549 1581 4620 accepit.
1620 4572 1647 4599 ››
1682 4551 1885 4608 Simile
1917 4540 1963 4605 D
1996 4550 2249 4619 inducis,
2310 4550 2594 4605 continuo
2645 4549 3019 4620 impatienter
3067 4550 3425 4620 respondens
3489 4549 3659 4619 (forte

223 4636 644 4701 argumentum
678 4632 847 4705 epist.
888 4634 982 4702 74,
1032 4636 1304 4707 superius
1351 4654 1514 4693 num.
1564 4638 1618 4707 5,
1654 4657 1688 4695 a
1716 4640 1887 4697 nobis

222 4720 609 4792 descriptum,
651 4727 709 4777 et
756 4722 929 4794 epist.
976 4725 1048 4778 76
1104 4725 1333 4797 repetit.
1382 4726 1577 4797 Ipsius
1628 4730 1888 4801 vestigiis

218 4807 503 4865 insistens
538 4809 937 4878 Firmilianus,
971 4836 990 4860 ι
1037 4812 1269 4886 Utique,
1302 4814 1513 4887 inquit,
1545 4817 1645 4889 qui
1680 4817 1800 4873 illic
1829 4819 1886 4873 in

219 4895 452 4953 Christo
486 4897 814 4970 baptizatus
855 4903 964 4972 est,
997 4901 1190 4957 induit
1230 4903 1525 4960 Christum
1552 4923 1565 4962 :
1591 4905 1640 4960 si
1687 4912 1885 4963 autem

216 4985 418 5041 induit
447 4986 767 5059 Christum,
795 4989 1055 5061 accipere
1104 4991 1293 5063 potuit
1323 4997 1381 5048 et
1426 4994 1707 5067 Spiritum
1750 5014 1885 5052 san-

214 5079 381 5129 ctum
411 5074 509 5145 qui
542 5093 576 5131 a
604 5076 834 5133 Christo
878 5079 1098 5135 missus
1144 5084 1269 5148 est;
1303 5084 1360 5136 et
1411 5083 1627 5139 frustra
1674 5084 1759 5140 illi
1790 5102 1884 5142 ve-

211 5162 403 5217 nienti
456 5164 525 5219 ad
567 5165 973 5237 accipiendum
1025 5167 1310 5239 Spiritum
1362 5176 1628 5229 sanctum
1670 5192 1884 5230 manus

213 5252 618 5323 imponitur.»
663 5254 729 5309 Et
778 5255 1045 5324 inferius,
1073 5256 1172 5312 ubi
1218 5258 1498 5331 Stephani
1549 5263 1620 5318 de
1670 5264 1884 5321 virtute

217 5340 478 5397 nominis
499 5342 717 5399 Christi
749 5343 807 5399 in
844 5345 1139 5416 baptismo
1163 5347 1337 5403 verba
1371 5349 1588 5419 retulit,
1623 5353 1883 5424 proxime

216 5429 503 5499 subjicit:
540 5453 568 5482 «
593 5432 655 5487 Si
690 5433 749 5487 in
784 5434 1020 5490 nomine
1064 5434 1282 5491 Christi
1334 5437 1473 5493 foris
1524 5440 1709 5497 valuit
1740 5442 1882 5514 bap-

218 5518 401 5573 tisma
428 5520 498 5573 ad
535 5521 830 5577 hominem
866 5526 1262 5596 purgandum,
1284 5526 1343 5580 in
1374 5528 1638 5597 ejusdem
1664 5531 1881 5586 Christi

221 5606 463 5663 nomine
486 5608 679 5665 valere
706 5609 823 5665 illic
856 5612 1047 5684 potuit
1068 5628 1278 5670 manus
1301 5613 1602 5688 impositio
1624 5619 1693 5675 ad
1728 5619 1877 5676 acci-

1997 4640 2339 4711 respondes)
2382 4642 2444 4693 ut
2493 4637 2674 4707 soles,
2723 4638 2941 4693 dixisse
2989 4637 3047 4692 in
3098 4637 3406 4711 Evangelio
3458 4638 3660 4693 Domi-

1998 4744 2179 4783 num:
2215 4729 2333 4784 Nisi
2362 4730 2485 4799 quis
2538 4734 2765 4783 renatus
2807 4728 2981 4799 luerit
3024 4744 3093 4783 ex
3132 4745 3278 4800 aqua
3328 4730 3378 4784 et
3426 4728 3654 4801 Spiritu,

1993 4835 2108 4873 non
2150 4824 2330 4889 potest
2380 4820 2617 4873 introire
2665 4820 2721 4872 in
2792 4834 3023 4888 regnum
3066 4819 3348 4873 ccetorum.
3399 4818 3479 4872 Ex
3541 4835 3655 4889 quo

1996 4906 2307 4963 manifeste
2341 4913 2603 4981 apparet,
2637 4908 2779 4963 illud
2814 4904 3108 4979 baptisma
3137 4907 3325 4963 solum
3360 4907 3657 4978 prodesse,

1996 4999 2091 5054 cui
2123 5001 2310 5071 possit
2361 4997 2539 5054 etiam
2589 4997 2845 5071 Spiritus
2894 5000 3136 5052 sanctus
3182 4996 3456 5051 inesse.»
3506 4996 3653 5051 Tum

1993 5088 2288 5160 opinionis
2321 5087 2500 5158 hujus
2532 5092 2883 5143 assertorem
2935 5086 2993 5139 in
3044 5102 3113 5139 ea
3154 5086 3441 5141 sententia
3475 5085 3656 5146 fuisse

1993 5177 2251 5250 exponit,
2283 5181 2349 5232 ut
2380 5175 2578 5231 nullus
2610 5176 2685 5232 sit
2714 5174 3070 5247 baptismus,
3106 5174 3217 5230 nisi
3249 5174 3425 5228 simul
3458 5178 3512 5228 et
3533 5175 3654 5245 Spi-

1992 5266 2142 5323 ritus
2192 5270 2429 5323 sanctus
2480 5282 2580 5337 per
2648 5264 3083 5338 impositionem
3138 5279 3347 5318 manus
3395 5262 3653 5335 episcopi

1994 5356 2353 5427 accipiatur:
2388 5355 2530 5410 adeo
2580 5359 2643 5409 ut
2695 5355 2811 5409 duo
2845 5352 2942 5407 illa
2991 5355 3355 5408 sacramenta
3394 5353 3650 5424 separari

1993 5461 2106 5501 non
2151 5444 2399 5516 possint.
2450 5443 2611 5508 Quod
2669 5443 3003 5511 confutans,
3055 5440 3315 5512 praedicti
3366 5444 3652 5498 tractatus

1993 5534 2261 5605 scriptor,
2296 5538 2421 5587 tum
2472 5531 2733 5603 exemplo
2782 5528 3203 5604 apostolorum,
3237 5529 3338 5601 qui
3377 5531 3655 5605 baptizati

1993 5639 2029 5680 a
2062 5622 2291 5679 Christo
2322 5625 2455 5678 ante
2486 5620 2676 5695 ipsius
2712 5624 2987 5688 mortem,
3017 5623 3248 5677 tantum
3299 5623 3431 5689 post
3459 5636 3660 5677 resur-
