4088 6174
436 335 580 396 1311

1501 339 1602 399 DE
1649 338 2241 404 HIEBETICORUM
2285 341 2789 404 BAP'I‘ISMATE

3695 340 3850 401 I313

427 465 741 522 rectionem
761 467 889 538 ejus
917 467 1197 540 Spiritum
1229 474 1498 527 sanctum
1533 477 1936 546 perceperunt,
1956 477 2078 530 tum
2105 473 2159 541 Α
2191 475 2369 529 ritum
2397 481 2664 530 sanctum.
2697 473 2941 529 Siricius
2973 488 3105 528 cum
3142 471 3202 528 in
3233 471 3366 527 aliis
3393 471 3700 541 haereticis,
3717 477 3848 528 tum

426 553 556 612 aliis
578 553 1234 629 pluribus,baptismum
1260 559 1384 615 sine
1406 560 1663 633 Spiritus
1686 563 1873 618 sancti
1895 562 2073 619 colla-

423 645 582 700 tione
611 645 736 699 dari
768 648 823 700 et
853 645 1035 719 accipi
1061 663 1231 720 posse
1262 649 1500 721 probat;
1525 667 1591 708 ac
1623 668 1859 707 rursum
1883 669 2074 708 exem-

425 733 520 807 plo
551 750 773 801 eorum,
807 735 876 790 de
908 736 1124 806 quibus
1156 737 1360 794 Petrus
1381 724 1440 794 in
1475 740 1636 796 Actis
1669 741 2070 813 apostolorum

425 823 643 880 dixisse
685 823 936 898 legitur:
990 827 1249 899 Nunquid
1294 830 1501 900 aliquis
1550 846 1752 902 aquam
1790 831 2078 902 prohibere

419 916 612 988 potest,
646 921 704 969 ut
746 929 860 969 non
901 914 1272 986 baptizentur:
1313 919 1391 985 hi,
1437 921 1534 991 qui
1579 923 1903 993 acceperunt
1953 919 2076 995 Spi-

423 1005 598 1058 ritum
623 1010 874 1058 sanctum
927 1004 1071 1060 sicut
1117 1009 1257 1061 nos?
1302 1006 1583 1079 Spiritum
1637 1013 1905 1065 sanctum
1951 1009 2078 1066 sine

425 1108 581 1164 aqua
611 1092 858 1148 conferri
883 1109 1054 1165 posse
1095 1095 1368 1152 ostendit.
1393 1096 1556 1153 Unde
1595 1098 1880 1155 etinfert:
1908 1122 1936 1149 «
1973 1101 2075 1153 At-

426 1197 538 1255 que
568 1180 677 1237 hoc
700 1199 814 1238 non
837 1183 945 1238 erit
967 1183 1234 1255 dubium,
1251 1185 1307 1240 in
1333 1186 1551 1258 Spiritu
1585 1191 1786 1244 sancto
1808 1187 2078 1245 homines

423 1287 596 1344 posse
625 1270 751 1327 sine
784 1287 938 1343 aqua
967 1272 1267 1345 baptizari.
1301 1296 1328 1324 ››
1359 1275 1637 1340 Quocirca
1669 1294 1797 1348 quae
1828 1277 2080 1350 scriptor

423 1359 523 1416 ille
571 1359 631 1415 in
680 1359 869 1433 prima
916 1365 1200 1419 tractatus
1248 1364 1339 1419 sui
1392 1369 1554 1437 parte
1601 1367 1889 1434 edisserit,
1941 1383 2077 1423 cum

424 1449 723 1523 superiore
754 1450 1104 1507 Secundlani
1139 1453 1427 1508 sententia
1456 1454 1554 1526 qui
1587 1455 2077 1524 contulerit,hanc

423 1539 590 1596 illum
632 1540 690 1596 in
741 1539 946 1612 primis
999 1542 1302 1599 confutare
1351 1543 1604 1601 voluisse
1651 1544 1810 1601 haud
1858 1550 2077 1602 temere

425 1629 846 1702 suspicabitur.

496 1736 582 1792 18.
615 1736 774 1792 Idem
805 1739 1009 1793 auctor
1037 1737 1520 1810 quastionem,de
1545 1757 1662 1813 qua
1695 1744 1834 1797 tunc
1855 1740 2078 1816 discep-

421 1825 678 1892 tabatur,
711 1826 984 1898 proponit
1007 1825 1065 1882 in
1098 1827 1256 1884 hunc
1289 1829 1561 1890 modum:
1605 1852 1626 1879 α
1650 1829 1857 1886 Utrum
1880 1833 2074 1887 vetus-
2110 1848 2156 1915 Β

422 1915 654 1972 tissime
681 1917 1107 1974 consuetudine
1148 1934 1216 1974 ac
1245 1919 1555 1976 traditione
1586 1920 2074 1978 ecclesiastica....

423 2003 523 2078 qui
556 2003 695 2061 foris
726 2005 985 2077 quidem,
1019 2007 1119 2062 sed
1153 2007 1210 2062 in
1260 2008 1496 2064 nomine
1541 2012 1680 2066 Jesu
1721 2009 1935 2066 Christi
1971 2015 2074 2067 Do-

423 2093 707 2151 minieum
729 2099 1076 2166 acceperunt
1090 2096 1406 2168 baptisma,
1429 2099 1836 2155 tantummodo
1855 2099 2075 2171 imponi

423 2183 510 2240 eis
541 2199 784 2240 manum
814 2184 886 2239 ab
919 2184 1190 2257 episcopo
1230 2187 1301 2242 ad
1353 2186 1759 2259 accipiendum
1791 2188 2076 2260 Spiritum

425 2276 697 2330 sanctum
726 2272 1104 2343 sufficeret,et
1131 2273 1254 2331 haec
1284 2292 1496 2332 manus
1526 2275 1820 2349 impositio
1841 2276 2078 2349 signum

427 2362 563 2418 fidei
596 2363 872 2419 iteratum
902 2366 1075 2436 atque
1105 2369 1581 2421 consummatum
1630 2366 1714 2422 eis
1744 2371 2078 2438 prastaret:

429 2467 501 2507 an
530 2467 662 2506 vero
686 2450 863 2506 etiam
895 2450 1170 2509 iteratum
1217 2453 1517 2525 baptisma
1562 2453 1656 2510 his
1687 2455 2082 2512 necessarium

430 2543 606 2608 esset,
657 2544 940 2614 tanquam
1000 2541 1147 2598 nihil
1194 2542 1501 2613 habituris,
1560 2543 1612 2600 si
1676 2544 1784 2602 hoc
1848 2562 2082 2618 quoque

430 2628 626 2702 adepti
648 2629 954 2704 exintegro
979 2647 1093 2686 non
1115 2631 1422 2688 fuissent.»
1445 2631 1631 2703 Unde,
1649 2633 1950 2707 scriptoris
1971 2633 2080 2689 hu-

423 2721 525 2792 jus
542 2719 974 2792 sententia,non
1005 2720 1063 2776 in
1093 2737 1160 2777 eo
1190 2726 1316 2779 erat
1344 2723 1810 2794 quaestio,utrum
1832 2723 2080 2780 redeun-

427 2807 588 2866 tibus
617 2809 690 2865 ab
722 2808 927 2866 hairesi
961 2826 1170 2867 manus
1200 2810 1518 2884 impositio,
1550 2829 1678 2885 qua
1708 2813 1781 2868 ab
1809 2811 2081 2885 episcopo

429 2898 502 2954 ad
533 2897 936 2971 accipiendum
976 2899 1260 2972 Spiritum
1310 2906 1580 2958 sanctum
1628 2901 1943 2970 confertur,
1975 2917 2081 2959 seu

428 2987 795 3044 confirmatio
824 2987 1088 3045 iteranda
1115 2988 1309 3056 fuerit,
1343 3007 1478 3047 cum
1507 2991 1578 3047 de
1607 2991 1717 3047 hoc
1747 2990 2082 3048 conveniret

429 3077 582 3133 inter
611 3081 842 3150 partes:
877 3079 977 3134 sed
1009 3077 1081 3134 de
1125 3095 1193 3135 eo
1237 3079 1431 3137 omnis
1468 3080 1640 3137 fuerit
1665 3081 2078 3150 controversia,

429 3183 504 3223 an
527 3167 702 3223 etiam
725 3167 1019 3239 baptisma
1033 3172 1187 3224 esset
1203 3168 1623 3236 iterandum,id
1645 3170 2077 3228 affirmantibus

429 3254 750 3324 nonnullis,
781 3226 839 3313 et
866 3255 1182 3330 plerisque,
1213 3275 1246 3314 a
1285 3259 1503 3332 quibus
1533 3226 1933 3334 ipsescriptor
2105 3226 2150 3293 ϐ

424 3345 828 3404 vetustissima
847 3346 1267 3404 consuetudine
1283 3353 1340 3405 et
1351 3349 1664 3406 traditione
1685 3349 2080 3408 ecclesiastica

427 3435 622 3506 nixus,
653 3436 809 3492 idem
867 3437 1239 3509 negantibus.
1274 3439 1433 3505 Quod
1485 3439 1642 3496 enim
1688 3439 1844 3497 idem
1878 3444 2080 3496 auctor

428 3524 522 3582 his
551 3525 766 3595 verbis,
789 3547 817 3576 ‹‹
849 3525 1092 3598 Signum
1124 3527 1259 3584 fidei
1289 3527 1564 3585 iteratum
1601 3532 1771 3601 atque
1803 3545 2076 3586 consum-

430 3620 680 3682 matum,
712 3637 741 3665 »
786 3615 1247 3673 confirmationis
1295 3624 1728 3674 sacramentum
1773 3618 2077 3692 intelligat,

430 3701 718 3759 evincitur
747 3719 880 3759 cum
911 3720 980 3760 ex
1023 3704 1138 3773 his,
1169 3706 1440 3778 Cypriani
1493 3707 1665 3780 epist.
1719 3708 1810 3776 73,
1851 3730 1880 3760 «
1912 3707 2078 3764 Nunc

428 3809 662 3866 quoque
686 3793 839 3866 apud
877 3810 984 3850 nos
1011 3793 1114 3867 (id)
1159 3795 1404 3868 geritur,
1460 3801 1520 3852 ut
1565 3797 1667 3867 qui
1718 3797 1777 3852 in
1821 3795 2081 3854 Ecclesia

428 3880 819 3953 baptizantur,
849 3883 1175 3954 prmpositis
1207 3883 1474 3940 Ecclesia
1514 3886 1851 3956 offerantur,
1886 3889 1950 3942 ut
1980 3902 2082 3959 per

430 3973 692 4026 nostram
723 3970 1046 4028 orationem
1079 3989 1145 4028 ac
1177 3990 1387 4030 manus
1435 3972 1866 4046 impositionem
1900 3974 2080 4048 Spiri-

426 4063 556 4117 tum
586 4063 854 4116 sanctum
885 4067 1342 4134 consequantur,
1360 4067 1418 4120 et
1445 4063 1746 4137 signaculo
1778 4064 2082 4122 Dominioe

431 4155 950 4218 consummentur;
1000 4154 1125 4206 tum
1173 4168 1240 4207 ex
1287 4152 1402 4207 ritu
1451 4153 1512 4208 in
1556 4153 1852 4210 veteribus
1892 4169 2084 4210 sacra-
2129 4193 2134 4198 ρ

431 4243 764 4294 mentorum
796 4237 962 4296 libris
992 4239 1346 4315 presseripto,
1379 4257 1494 4314 quo
1540 4243 1800 4315 pontifex
1832 4243 2081 4301 frontem

432 4329 675 4402 signans
723 4328 916 4385 dicere
951 4329 1215 4400 jubetur,
1265 4330 1494 4402 Signum
1553 4331 1762 4388 Christi
1807 4333 1868 4388 in
1912 4335 2086 4391 vitam

431 4428 716 4488 aeternam,
751 4417 861 4484 vel,
891 4418 1088 4489 Signat
1119 4429 1170 4475 te
1204 4421 1340 4476 Deus
1369 4422 1556 4492 sigillo
1602 4421 1734 4492 ﬁdei
1778 4422 2078 4493 (Martene,

431 4506 498 4562 de
529 4509 708 4578 Antiq.
747 4509 852 4564 Rit.
885 4509 1030 4565 Eccl.
1075 4513 1218 4564 tom.
1255 4512 1308 4574 1,
1354 4511 1555 4566 1261
1613 4526 1743 4584 pag.
1783 4511 1932 4584 251).
1969 4513 2080 4568 Sed

2183 562 2243 618 in
2275 563 2349 619 iis
2381 563 2730 620 nominatim
2764 561 3178 634 suscipiendis,
3217 561 3316 634 qui
3367 561 3439 617 ab
3484 561 3713 617 Arianis
3739 561 3850 617 ba-

2185 651 2471 726 ptismum
2505 655 2902 726 perceperant,
2937 651 3205 707 Ecclesiae
3237 651 3722 707 consuetudinem
3765 651 3851 706 sic

2185 741 2470 814 explicat:
2504 765 2532 792 κ
2567 745 2723 810 Quos
2753 758 2868 797 non
2900 757 3037 797 cum
3068 739 3405 796 Novatianis
3445 739 3690 812 aliisque
3727 740 3853 796 ha-

2187 831 2401 898 reticis,
2437 831 2590 887 sicut
2617 835 2709 887 est
2737 831 2796 886 in
2829 831 3054 904 synodo
3101 829 3512 897 constitutum,
3543 846 3643 902 per
3680 831 3850 885 invo-

2187 917 2475 976 cationem
2525 919 2714 976 solam
2762 917 3118 988 septiformis
3166 918 3446 990 Spiritus,
3497 916 3853 991 episcopalis

2188 1025 2400 1064 manus
2428 1007 2827 1081 impositione,
2853 1006 3286 1063 Catholicorum
3318 1007 3626 1063 conventui
3657 1008 3858 1062 socia-

2188 1097 2507 1169 mus;quod
2519 1097 2695 1153 etiam
2714 1100 2874 1153 totus
2886 1095 3094 1152 Oriens
3111 1094 3517 1167 Occidensque
3532 1095 3854 1152 custodit.»

2188 1197 2378 1268 Hujus
2409 1199 2605 1252 autem
2627 1195 2796 1262 ritus,
2812 1209 2990 1267 quem
3011 1210 3046 1249 a
3066 1197 3186 1251 toto
3207 1192 3441 1249 Oriente
3461 1196 3517 1250 et
3536 1191 3858 1248 Occidente

2186 1284 2547 1342 custoditum
2565 1283 2810 1340 Siricius
2828 1282 3028 1354 tradit,
3048 1298 3225 1338 usum
3243 1281 3861 1339 exhibetGellenensis

2187 1375 2367 1432 codex
2395 1372 2582 1431 Caroli
2629 1372 2824 1446 Magni
2869 1371 3234 1444 temporibus
3281 1375 3570 1442 exaratus,
3623 1370 3682 1426 in
3731 1388 3862 1443 quo

2187 1463 2438 1537 legitur:
2470 1462 2812 1519 Bnusnicrio
2847 1476 3039 1517 supsa
3068 1476 3171 1516 nos
3200 1460 3300 1524 oui
3330 1475 3401 1515 on
3439 1464 3693 1515 nivmms
3730 1476 3862 1515 ms:-

2187 1569 2419 1610 ansnnus
2447 1568 2738 1608 vsmurrr:
2771 1550 2969 1607 Sancte
3013 1551 3184 1606 Pater
3229 1551 3590 1621 omnipotens,
3629 1551 3731 1620 qui
3765 1551 3862 1621 fa-

2187 1642 2404 1698 malum
2429 1647 2582 1697 tuum
2614 1643 2682 1696 ab
2727 1655 2913 1696 errore
2966 1640 3233 1697 haereseos
3261 1638 3521 1709 dignati“
3548 1653 3604 1694 es
3629 1653 3859 1704 eruere,

2187 1734 2241 1788 et
2279 1729 2355 1786 ad
2398 1733 2650 1786 sanctam
2692 1728 2995 1785 Ecclesium
3054 1743 3329 1799 revocare,
3396 1743 3706 1800 quaesumus
3783 1739 3856 1794 te,

2187 1819 2442 1890 Domine,
2473 1819 2711 1874 immitte
2740 1819 2804 1874 in
2831 1833 2955 1873 eum
2993 1817 3347 1873 Paracletum
3386 1815 3661 1888 Spiritum
3685 1819 3858 1871 tuum

2183 1909 2573 1982 septiformom,
2606 1908 2873 1980 Spiritum
2917 1909 3203 1979 sapientia:
3250 1911 3303 1962 et
3351 1905 3678 1970 intellectus,
3724 1905 3856 1978 Spi-

2184 2000 2363 2054 ritum
2389 1997 2613 2054 consilii
2657 2005 2712 2053 et
2754 1996 3128 2068 fortitudinis,
3176 1995 3450 2067 Spiritum
3497 1996 3751 2050 scientiae
3805 2005 3857 2050 et

2183 2089 2428 2161 pietatis,
2467 2095 2518 2142 et
2563 2085 2802 2158 adimple
2845 2086 3128 2156 [amulum
3169 2089 3322 2140 tuum
3371 2084 3585 2157 Spiritu
3635 2085 3858 2139 timoris

2186 2177 2428 2233 Domini.
2462 2175 2661 2247 Neque
2692 2175 2894 2248 negari
2937 2178 3130 2247 potest
3176 2173 3640 2230 benedictionem
3668 2174 3856 2228 istam

2186 2265 2552 2322 consimilem
2584 2264 2823 2320 omnino
2853 2280 2982 2320 esse
3012 2263 3120 2334 illi,
3152 2280 3278 2336 quas
3311 2279 3488 2334 super
3515 2263 3746 2333 eos,qui
3782 2262 3856 2317 ad

2189 2353 2655 2412 confirmationis
2703 2355 3137 2410 sacramentum
3186 2351 3557 2417 accedebant,
3590 2351 3856 2422 profere-

2188 2445 2380 2501 batur.
2405 2444 2586 2516 Cujus
2613 2444 2693 2499 rei
2720 2443 2896 2499 fldem
2929 2441 3150 2498 faciunt
3181 2457 3361 2514 prope
3392 2457 3597 2496 omnes
3626 2445 3860 2496 veteres

2188 2535 2696 2591 Sacramentorum
2747 2530 2902 2588 libri.
2936 2531 2997 2586 In
3043 2529 3242 2586 codice
3290 2527 3541 2602 insignis
3591 2528 3858 2585 ecclesiae

2191 2629 2614 2690 Bellovaeensis
2677 2629 3007 2686 habemus:
3077 2628 3294 2685 ORATIO
3362 2643 3550 2684 suasa
3619 2644 3856 2684 CONFIB-

2189 2737 2460 2778 mannos:
2499 2721 2863 2790 Omnipotens
2891 2720 3222 2791 sempiterna
3267 2718 3426 2784 Deus,
3473 2718 3573 2790 qui
3623 2733 3852 2786 regene-

2191 2827 2318 2868 rare
2346 2811 2604 2882 dignatus
2647 2825 2702 2865 es
2750 2809 2844 2864 hos
2905 2808 3146 2879 famulos
3209 2823 3280 2863 ex
3345 2822 3494 2879 aqua
3541 2814 3594 2862 et
3641 2805 3853 2879 Spiritu

2188 2909 2396 2969 sancto,
2429 2902 2634 2973 quique
2679 2899 2879 2956 dedisti
2927 2900 3006 2954 eis
3062 2898 3436 2954 remissionem
3472 2903 3852 2968 peccatorum,

2190 2993 2372 3048 emitte
2405 2991 2464 3047 in
2491 3005 2585 3044 eos
2614 2988 2880 3062 Spiritum
2906 2990 3157 3044 sanctum
3196 2994 3351 3043 tuum
3393 2986 3777 3054 Paracletum,
3807 2989 3855 3041 et

2189 3079 2261 3137 da
2303 3080 2381 3136 eis
2425 3079 2707 3150 Spiritum
2751 3079 3044 3150 sapientiae
3095 3080 3148 3133 et
3190 3075 3520 3141 intellectus,
3569 3075 3855 3146 Spiritum

2189 3170 2410 3228 consilii
2438 3173 2489 3226 et
2517 3168 2878 3240 fortitudinis,
2907 3167 3178 3240 Spiritum
3216 3165 3466 3223 scientia.”
3514 3166 3565 3220 et
3603 3165 3854 3236 pietatis,

2186 3264 2241 3319 et
2267 3257 2506 3332 adimple
2534 3258 2750 3332 Spiritu
2797 3258 3017 3313 timoris
3045 3256 3145 3314 Dei
3187 3271 3275 3312 eos
3324 3262 3376 3311 et
3410 3253 3648 3312 Domini
3675 3254 3854 3310 nostri

2185 3349 2310 3408 Jesu
2342 3347 2586 3416 Christi;
2614 3349 2666 3404 et
2686 3345 2822 3418 jube
2848 3361 2937 3402 eos
2981 3345 3300 3414 consignari
3352 3345 3513 3414 signo
3558 3343 3747 3398 crucis
3795 3343 3852 3396 in

2187 3439 2356 3495 vitam
2379 3437 2718 3511 propitiatus
2743 3445 3047 3494 aeternam.
3079 3436 3205 3492 Per.
3254 3437 3317 3491 In
3349 3433 3736 3492 Caturcensi:
3769 3432 3851 3488 An

2187 3543 2690 3585 CONFIRMATIONBI
2723 3525 3096 3582 BBNEDICTIOI
3142 3525 3490 3596 Omnipotens
3518 3523 3854 3593 sempiterne

2188 3618 2346 3685 Deus,
2379 3617 2478 3689 qui
2503 3630 2836 3686 regenerare
2860 3613 3122 3684 dignatus
3149 3631 3204 3670 es
3221 3613 3316 3670 hos
3344 3613 3583 3684 famulos
3613 3609 3850 3679 tuos(vel

2186 3705 2450 3778 famulas)
2474 3722 2487 3773 ;
2523 3707 2722 3778 quique
2740 3703 2942 3761 dedisti
2958 3704 3041 3760 eis
3067 3705 3443 3759 remissionem
3461 3705 3847 3774 peccatorum,

2187 3797 2371 3852 emitte
2399 3796 2462 3851 in
2489 3811 2580 3851 eos
2610 3793 2721 3867 (vel
2751 3795 2811 3850 in
2839 3794 2954 3866 eas)
2981 3795 3359 3866 septi/arment
3388 3789 3674 3864 Spiritum
3693 3794 3848 3845 tuum

2187 3885 2540 3941 Paracletum
2569 3883 2632 3940 de
2675 3883 2847 3952 caelis,
2872 3884 3146 3956 Spiritum
3187 3882 3478 3954 sapientiae
3526 3885 3575 3936 et
3620 3879 3846 3935 intelle-

2187 3983 2330 4040 ctus,
2357 3973 2632 4046 Spiritum
2657 3973 2883 4030 consilii
2909 3975 2960 4030 et
2985 3971 3348 4046 fortitudinis,
3367 3970 3640 4043 Spiritum
3671 3970 3846 4025 scien-

2189 4065 2286 4123 tia:
2313 4072 2364 4121 et
2388 4065 2631 4136 pietatis,
2663 4071 2717 4119 et
2755 4062 3002 4135 adimple
3041 4078 3126 4118 eos
3155 4059 3264 4134 (vel
3293 4060 3408 4133 eas)
3435 4060 3668 4133 Spiritu
3694 4060 3852 4115 timo-

2189 4155 2271 4210 ris
2301 4155 2387 4209 tui
2403 4171 2428 4220 ;
2450 4157 2502 4209 et
2550 4168 2816 4222 consigna
2861 4167 2947 4208 eos
2975 4150 3085 4224 (vel
3134 4154 3250 4220 eas)
3299 4151 3360 4204 in
3389 4151 3618 4220 signum
3647 4156 3850 4203 sancta:

2189 4245 2368 4300 erucis
2394 4245 2457 4299 in
2478 4244 2652 4298 vitam
2679 4243 3011 4314 propitiatus
3057 4244 3346 4298 aeternam.
3397 4239 3588 4295 Amen.
3623 4236 3850 4294 Oratio-

2192 4349 2336 4390 num
2349 4337 2545 4388 autem
2567 4330 2908 4403 hujusmodi
2929 4345 3107 4402 super
3125 4326 3850 4386 confirmandosdicenda-

2191 4439 2324 4478 rum
2339 4419 2563 4478 similes
2577 4420 2860 4476 formulas
2877 4435 2906 4476 e
2929 4419 3198 4491 pluribus
3213 4417 3346 4474 aliis
3367 4417 3668 4474 veteribus
3687 4415 3854 4472 libris

2192 4510 2513 4582 descriptas
2526 4508 2611 4564 vel
2635 4508 3070 4564 oitatasvidesis
3091 4507 3247 4580 apud
3264 4510 3531 4562 nostrum
3550 4506 3850 4561 Edmund.

433 4599 492 4652 et
521 4612 589 4651 ex
621 4596 780 4651 citati
812 4601 1094 4654 tractatus
1124 4597 1276 4654 serie
1309 4599 1655 4671 ambiguum
1686 4616 1800 4656 non
1832 4604 1941 4671 est,
1975 4601 2082 4656 im-
2113 4602 2160 4668 D
2193 4609 2473 4676 Mai-tene,
2507 4612 2587 4663 De
2607 4607 2783 4679 antiq.
2814 4607 2957 4662 Eccl.
2993 4606 3466 4677 Rit.,tom.l,pag.
3491 4603 3851 4668 1202249,

432 4685 786 4758 positionem
819 4702 1030 4744 manus
1062 4687 1134 4744 ab
1156 4687 1360 4744 heresi
1382 4688 1748 4745 venientibus
1778 4690 2082 4763 praascrip-

432 4780 553 4831 tam
587 4775 672 4832 sic
703 4775 763 4830 in
792 4792 859 4832 eo
889 4778 1160 4849 spectari,
1191 4777 1350 4834 velut
1390 4779 1854 4836 confirmationis
1885 4796 2080 4836 sacra-

432 4868 718 4921 mentum.
752 4867 837 4927 An
860 4883 991 4923 vero
1020 4865 1135 4923 alia
1165 4867 1285 4924 sint
1313 4873 1569 4926 veterum
1597 4868 2081 4940 testimonia,quas

431 4954 692 5029 opinioni
724 4955 912 5012 eidem
941 4956 1356 5031 suffragantur,
1378 4958 1797 5030 expendamus.

505 5061 592 5120 19.
627 5062 706 5118 Ea
735 5063 805 5120 de
840 5079 921 5135 re,
968 5064 1166 5120 Patres
1213 5062 1443 5119 Arelate
1491 5080 1643 5120 anno
1690 5065 1796 5120 314
1848 5079 2084 5138 congre-

429 5153 572 5227 gati.
603 5152 664 5207 in
696 5152 942 5224 Epistola
969 5153 1040 5208 ad
1069 5153 1409 5225 Sylvestrum
1433 5169 1636 5225 papam
1664 5154 1928 5211 scribunt
1959 5171 1993 5211 a
2021 5170 2084 5212 se

432 5243 816 5300 constitutum
845 5260 858 5298 :
891 5265 919 5293 «
951 5243 1020 5300 Ut
1049 5241 1098 5299 si
1125 5243 1194 5298 ad
1245 5242 1563 5300 Ecclesiam
1611 5242 1825 5316 aliquis
1857 5244 2082 5301 haereti-

431 5348 536 5389 cus
568 5332 808 5402 venerit,
845 5331 1203 5404 interrogent
1229 5349 1362 5389 eum
1394 5333 1752 5406 Symbolum,
1785 5337 1841 5389 et
1871 5335 1918 5390 si
1951 5350 2082 5406 per-

437 5421 691 5477 viderint
738 5438 873 5478 eum
922 5421 981 5477 in
1015 5422 1182 5478 Patre
1231 5426 1288 5478 et
1336 5422 1477 5478 Filio
1525 5427 1583 5478 et
1630 5422 1849 5494 Spiritu
1881 5427 2083 5479 sancto

433 5510 815 5580 baptizatum,
853 5527 1065 5566 manus
1094 5510 1146 5566 ei
1176 5515 1405 5567 tantum
1446 5511 1804 5583 imponatur.
1839 5533 1868 5562 »
1904 5515 1964 5569 In
1987 5529 2081 5568 ca-

433 5615 583 5654 none
615 5604 807 5655 autem
838 5601 872 5654 8
903 5600 1160 5672 idipsum
1209 5601 1522 5667 edicentes,
1559 5606 1690 5674 post
1727 5603 1936 5657 verba:
1972 5603 2080 5657 Ma-

431 5704 538 5752 nus
567 5689 621 5746 ei
646 5690 1225 5764 tantumimponatur,
1248 5689 1570 5763 adjiciunt:
1607 5692 1669 5750 Ut
1695 5692 1929 5764 accipiat
1957 5690 2082 5764 Spi-

2189 4713 2356 4770 seqq.
2389 4697 2458 4752 Et
2488 4695 2610 4751 haec
2640 4695 2880 4767 quidem
2910 4694 3384 4752 benedictionum
3417 4709 3522 4750 seu
3550 4709 3738 4765 super
3755 4709 3852 4748 eos

2191 4787 2292 4860 qui
2320 4785 2561 4843 veniunt
2597 4785 2669 4841 ab
2718 4784 2946 4854 haresi,
3002 4800 3106 4840 seu
3148 4799 3328 4856 super
3383 4783 3853 4847 confirmandos,

2191 4877 2500 4934 consensio
2526 4893 2640 4932 non
2670 4893 2880 4948 parum
2909 4875 2983 4932 iis
3012 4875 3202 4932 favere
3231 4874 3590 4946 videtur,qui
3618 4874 3854 4930 venien-

2189 4967 2351 5024 tibus
2379 4967 2452 5022 ab
2482 4965 2688 5022 haresi
2722 4981 2962 5020 manum
2983 4964 3055 5020 ab
3085 4965 3357 5036 episcopo
3379 4963 3731 5036 impositam
3754 4980 3854 5036 pn-

2191 5060 2339 5125 tant,
2371 5060 2437 5112 ut
2464 5055 2548 5112 eis
2578 5053 3041 5112 conﬁrmationis
3087 5057 3521 5110 sacramentum
3555 5053 3852 5110 conferte-

2191 5149 2308 5202 tur.
2342 5151 2430 5199 An
2461 5160 2596 5200 vero
2618 5143 2738 5200 illis
2756 5143 2948 5215 reipsa
2976 5144 3349 5216 suffragetur,
3371 5143 3686 5198 excussuri
3721 5157 3853 5197 mox

2193 5259 2422 5300 sumus.
2454 5242 2708 5298 Tantum
2757 5241 2854 5297 hic
2901 5241 3304 5311 observamus,
3353 5240 3762 5312 praescriptam
3790 5239 3850 5292 in

2191 5331 2523 5390 Gellonensi
2552 5330 2870 5404 exemplari
2882 5330 3348 5388 benedictionem
3361 5344 3490 5386 esse
3508 5327 3850 5401 antiquissi-

2196 5439 2374 5479 mam.
2433 5422 2501 5478 Et
2549 5419 2699 5476 hanc
2747 5419 2988 5492 quidem
3038 5418 3325 5476 Eusebius
3375 5419 3536 5491 (Hist.
3593 5417 3702 5473 lib.
3749 5434 3846 5478 vn.

2195 5528 2322 5583 cap.
2353 5513 2433 5582 2),
2467 5511 2625 5567 haud
2658 5511 2905 5566 obscure
2944 5513 3107 5565 notat
3149 5507 3242 5564 his
3271 5507 3494 5563 verbis:
3533 5530 3562 5557 «ι
3592 5507 3848 5577 Antiqua

2193 5601 2554 5656 consuetudo
2581 5599 2926 5666 invaluerat,
2944 5603 3008 5653 ut
3035 5597 3096 5653 in
3128 5597 3473 5669 hujusmodi
3505 5596 3844 5652 hominibus

2200 5689 2322 5764 (qui
2355 5690 2428 5748 ab
2459 5688 2666 5749 haeresi
2695 5688 3024 5761 veniebant)
3055 5685 3184 5746 sola
3231 5701 3514 5746 manuum
3549 5684 3844 5759 impositio
