4088 6174
267 280 427 341 1313

1221 283 1417 343 PARS
1463 281 1539 340 li.
1573 312 1649 326 —
1680 279 2245 344 RECENTIORUM
2295 284 2734 349 EXCURSUS.

3525 302 3675 363 13M

265 428 401 468 cum
439 410 772 483 precatione
794 410 1191 467 adhiberetur.
1218 433 1247 461 »
1271 411 1550 468 Eamdem
1600 410 1911 469 Siriciusin
1944 412 1998 478 Α
2026 415 2082 465 et
2114 430 2147 468 a
2176 414 2343 471 nobis
2373 418 2445 471 ad
2476 418 2776 476 haereticos
2825 423 3131 491 transisse,
3182 426 3231 484 si
3276 434 3674 500 postmodum,

261 501 389 557 loco
420 500 689 573 superius
717 499 890 556 citato
920 501 1182 573 apertius
1222 504 1527 569 memorat,
1560 502 1729 573 eique
1777 518 1914 556 con-

262 590 411 647 cinit
458 590 833 645 Innocentius
881 589 1034 647 infra
1084 589 1440 647 referendus.
1489 591 1688 663 Neque
1719 589 1915 646 minus

262 679 572 751 perspicue
602 678 674 734 ad
706 678 896 751 ipsam
934 678 1166 751 respicit
1196 680 1307 735 Leo
1329 679 1388 734 in
1419 679 1665 752 epistola
1696 680 1817 747 149,
1845 677 1915 733 ad

260 770 531 836 Nicetam,
563 785 690 841 cap.
722 767 777 836 7,
810 768 911 824 ubi
942 768 1103 824 istud
1152 768 1445 825 decernit:
1478 791 1506 820 «
1567 769 1673 834 Qui
1731 766 1917 839 bapti-

261 874 463 914 smum
486 858 558 913 ab
590 856 877 913 haereticis
922 862 1292 930 acceperunt,
1345 875 1481 914 cum
1535 862 1705 915 antea
1732 856 1915 929 bapti-

260 948 376 1003 zati
402 964 517 1003 non
550 946 820 1019 fuissent,
871 946 997 1003 sola
1035 946 1399 1004 invocatione
1444 947 1697 1020 Spiritus
1726 944 1914 1003 sancti

260 1054 365 1109 per
386 1035 824 1109 impositionem
844 1052 1130 1092 manuum
1152 1036 1535 1094 conﬁrmandi
1566 1040 1723 1092 sunt.
1756 1058 1784 1086 ››
1801 1041 1913 1091 Seu

260 1143 398 1182 cum
429 1127 487 1180 in
518 1125 766 1198 epistola
793 1124 848 1192 2,
871 1125 941 1181 ad
968 1126 1276 1195 Rusticum,
1311 1142 1436 1198 cap.
1471 1126 1558 1197 18,
1591 1126 1661 1181 de
1691 1125 1910 1181 eisdem

258 1213 467 1272 statuit
497 1230 511 1269 :
545 1237 573 1265 «
611 1214 715 1270 Per
746 1230 958 1271 manus
1004 1214 1460 1286 impositionem,
1506 1215 1769 1271 invocata
1796 1214 1911 1269 vir-

260 1307 389 1360 tute
418 1302 673 1374 Spiritus
720 1302 933 1371 sancti,
976 1319 1155 1375 quam
1204 1303 1277 1359 ab
1325 1303 1610 1360 haereticis
1650 1303 1912 1375 accipere

261 1409 379 1449 non
412 1395 751 1464 potuerunt,
779 1390 1098 1448 Catholicis
1148 1391 1461 1464 copulandi
1498 1396 1658 1449 sunt.
1693 1413 1724 1443 »
1756 1392 1822 1447 Et
1850 1392 1911 1448 in

260 1481 510 1554 epistola
540 1481 662 1547 155,
693 1479 764 1535 ad
791 1484 1034 1537 Neoncm
1065 1497 1078 1535 :
1117 1502 1145 1532 «
1176 1480 1294 1536 Hoc
1342 1485 1595 1552 tantum,
1645 1481 1801 1553 quod
1831 1481 1911 1537 ibi

263 1570 472 1637 defuit,
504 1571 855 1638 conferatur,
873 1573 937 1625 ut
956 1586 1059 1642 per
1074 1568 1423 1642 episcopalis
1437 1588 1646 1627 manus
1670 1570 1911 1643 imposi-

265 1659 485 1717 tionem
514 1658 791 1715 virtutem
821 1659 1010 1715 sancti
1041 1658 1295 1731 Spiritus
1326 1666 1775 1733 consequantur.
1807 1680 1836 1713 ιι

334 1768 424 1823 20.
456 1767 539 1822 Ad
562 1766 920 1838 Stephanum
944 1767 1361 1838 quod.attinet,
1396 1768 1541 1824 nihil
1580 1772 1669 1825 est
1694 1769 1752 1825 in
1783 1785 1913 1824 ver-
1942 1789 1990 1855 Β

262 1857 357 1913 bis
377 1857 526 1926 ejus,
560 1855 714 1927 quod
745 1855 1220 1913 Conﬁrmationis
1251 1863 1684 1914 sacramentum
1723 1861 1911 1926 sonet,

263 1944 413 2001 nihil
436 1962 551 2017 quo
583 1944 759 1999 aliam
791 1944 863 1999 ab
896 1961 961 2000 eo
1004 1962 1215 2002 manus
1244 1946 1703 2019 impositionem,
1737 1963 1914 2019 quam

261 2051 395 2107 quae
426 2033 778 2105 poenitentiae
810 2032 1094 2089 indicium
1137 2040 1311 2103 esset,
1362 2036 1680 2092 desiderari
1712 2037 1913 2109 opine-

261 2139 419 2179 mur.
452 2122 559 2179 Ubi
588 2122 744 2177 enim
770 2121 906 2177 huic
936 2123 1210 2179 Afrorum
1249 2125 1542 2181 sententia
1583 2126 1655 2181 de
1701 2141 1767 2181 eo
1811 2125 1913 2197 qui

262 2212 337 2269 ab
369 2211 572 2269 haeresi
600 2211 778 2279 venit,
811 2233 839 2261 ‹‹
857 2211 1246 2284 Baptizandus
1267 2217 1357 2269 est
1376 2218 1437 2270 et
1465 2213 1860 2284 innovandus,
1883 2238 1905 2268 ι

261 2318 435 2357 suam
477 2300 753 2373 Opposuit
806 2300 900 2355 his
930 2301 1159 2358 verbis:
1196 2324 1220 2355 α
1253 2302 1411 2359 Nihil
1443 2304 1751 2361 innovatur
1794 2303 1909 2360 nisi

261 2390 419 2462 quod
448 2390 731 2445 traditum
761 2393 885 2458 est;
923 2411 944 2439 ι
994 2389 1103 2446 hoc
1141 2396 1250 2463 est,
1293 2408 1410 2447 non
1441 2391 1752 2449 innovetur
1785 2394 1911 2464 ejus

261 2477 618 2549 baptismus,
643 2478 745 2533 sed
763 2480 992 2533 tantum
1015 2484 1286 2536 teneatur
1304 2482 1461 2552 quod
1492 2482 1773 2538 traditum
1790 2487 1909 2554 est;

260 2582 330 2624 ac
362 2566 569 2622 deinde
600 2565 694 2623 his
723 2567 970 2635 addidit,
1004 2590 1033 2618 «
1068 2572 1133 2624 ut
1162 2569 1213 2624 ei
1245 2587 1457 2626 manus
1487 2570 1823 2643 imponatur
1850 2571 1910 2626 in

260 2655 663 2728 pmnitentiam
693 2680 707 2723 ς
738 2677 766 2704 ››
800 2656 1055 2727 proferre
1086 2657 1233 2712 nihil
1263 2659 1451 2730 potuit
1469 2660 1765 2731 disertius,
1797 2677 1910 2732 quo

256 2743 613 2801 sacramenti
644 2744 1108 2801 confirmationis
1134 2745 1580 2819 intelligentiam
1594 2754 1907 2805 amoveret.

256 2835 419 2889 Inter
448 2849 545 2888 eos
575 2834 774 2900 etiam,
805 2833 927 2904 qui,
986 2834 1355 2891 venientibus
1411 2837 1482 2893 ab
1528 2837 1757 2907 haeresi,
1806 2838 1910 2893 ba-

256 2922 477 2994 ptisma
505 2922 923 2977 conferendum
951 2938 1080 2979 esse
1102 2940 1236 2979 cum
1264 2924 1546 2996 Cypriano
1578 2928 1911 2984 consentie-

260 3013 421 3078 bant,
456 3027 568 3066 non
591 3011 829 3066 deerant
859 3011 959 3082 qui
1008 3012 1291 3083 Stephani
1320 3015 1531 3083 verbis,
1564 3015 1624 3071 in
1656 3032 1721 3071 eo
1752 3018 1908 3088 quod

258 3101 335 3155 ad
368 3100 802 3171 impositionem
831 3117 1042 3157 manus
1071 3102 1296 3173 attinet,
1327 3102 1907 3162 hazrerent.Nomina-

259 3190 369 3244 tim
397 3189 675 3244 Crescens
706 3206 741 3244 a
769 3188 923 3245 Cirta
943 3190 1002 3245 in
1026 3196 1346 3248 memorato
1375 3193 1819 3266 Carthaginensi
1845 3213 1910 3251 ιιι

260 3277 509 3335 concilio
558 3294 796 3334 censere
844 3295 907 3334 se
963 3279 1130 3350 dixit,
1184 3296 1386 3336 omnes
1432 3280 1734 3339 haereticos
1790 3285 1911 3340 sive

261 3366 801 3439 schismaticos,qui
820 3368 891 3423 ad
921 3366 1266 3425 catholicam
1279 3368 1600 3427 Ecclesiam
1621 3372 1913 3430 voluerint

259 3456 483 3525 venire,
514 3473 631 3512 non
654 3461 787 3512 ante
816 3456 1066 3527 ingredi,
1111 3458 1227 3514 nisi
1256 3460 1565 3516 exorcizati
1612 3466 1669 3517 et
1717 3462 1909 3535 bapti-

257 3545 377 3601 zati
409 3544 644 3616 fuerint,
676 3545 926 3617 exceplis
960 3546 1049 3602 bis
1078 3564 1219 3603 sane
1268 3548 1369 3621 qui
1425 3549 1485 3605 in
1535 3548 1786 3608 Ecclesia
1816 3568 1909 3608 ca-

257 3633 477 3689 tholica
505 3633 722 3689 fuerint
750 3639 885 3689 ante
934 3635 1250 3707 baptizati;
1301 3636 1383 3694 ita
1420 3644 1641 3707 tamen,
1690 3645 1754 3695 ut
1808 3656 1913 3713 per

259 3738 475 3778 manus
506 3721 941 3794 impositionem
971 3722 1031 3778 in
1081 3725 1485 3796 pcenitentiam
1520 3727 1786 3785 Ecclesiae
1816 3746 1911 3786 re-

253 3810 661 3867 concilientur.
689 3834 717 3861 »
748 3812 961 3867 Eodem
992 3812 1053 3867 in
1085 3812 1327 3870 concilio
1348 3816 1691 3874 Vincentius
1716 3835 1749 3873 a
1770 3819 1909 3874 Thi-

256 3900 391 3956 buri
432 3900 610 3958 dixit:
647 3922 676 3951 «
709 3900 1019 3957 Haereticos
1048 3902 1270 3958 scimus
1301 3919 1428 3960 esse
1476 3906 1701 3977 pejores
1733 3924 1910 3979 quam

255 3988 596 4045 ethnicos...
625 3994 770 4061 Ergo
802 3989 990 4061 primo
1023 4006 1127 4061 per
1159 4008 1371 4049 manus
1401 3994 1908 4065 impositionemin

256 4077 606 4146 exorcismo,
640 4080 898 4134 secundo
930 4096 1032 4150 per
1060 4079 1341 4151 baptismi
1388 4084 1906 4155 regenerationem,

255 4171 403 4222 tunc
436 4173 683 4240 possunt
732 4169 804 4222 ad
841 4168 1051 4224 Christi
1096 4169 1577 4241 pollicitationem
1628 4174 1841 4229 venire.
1877 4196 1907 4225 »

256 4253 370 4311 Ubi
408 4272 549 4311 sane
574 4272 707 4311 cum
731 4273 799 4311 ea
830 4257 1096 4330 exigatur
1125 4276 1338 4315 manus
1359 4260 1655 4333 impositio
1678 4280 1807 4334 quae
1837 4263 1908 4319 ab

254 4344 464 4400 haeresi
495 4344 866 4401 venientibus
895 4350 1029 4401 ante
1061 4346 1420 4419 baptismum
1464 4349 1827 4419 adhibeatur,
1853 4355 1911 4408 et

254 4449 376 4505 qua
394 4434 506 4490 Leo
534 4433 729 4506 (epist.
764 4435 888 4505 156)
919 4435 1303 4507 baptizandos
1334 4438 1405 4493 ad
1438 4438 1546 4494 hoc
1576 4456 1907 4496 sacramen-

2025 508 2261 572 peccato
2293 521 2399 561 suo
2430 507 2660 579 cognito
2680 513 2737 565 et
2774 528 2968 569 errore
2985 514 3235 586 digesto,
3270 519 3341 573 ad
3371 521 3674 581 veritatem

2024 593 2082 645 et
2113 592 2411 650 matricem
2445 597 2702 669 redeant,
2738 601 2881 657 satis
2913 602 2989 658 sit
3018 604 3089 659 ad
3120 606 3524 677 paenitentiam
3544 629 3672 669 ma-

2024 696 2137 735 nus
2159 681 2478 754 imponere.
2514 709 2541 735 »
2575 688 2653 742 Ex
2685 686 2791 745 hoc
2823 708 2994 762 porro
3029 711 3139 750 usu
3168 695 3406 753 ﬁrmum
3435 700 3676 757 confici-

2023 776 2122 824 tur
2163 778 2598 844 argumentum,
2652 779 2807 834 unde
2858 780 3107 853 quisque
3154 787 3551 862 convincatur,
3603 793 3674 849 ab

2024 855 2229 914 haeresi
2261 861 2332 916 ad
2356 861 2674 920 Ecclesiam
2711 868 3094 926 redeuntibus
3151 890 3265 929 non
3298 892 3427 932 eam
3458 855 3674 950 praece-

2022 948 2183 1040 ptam
2206 964 2346 1040 esse,
2364 956 2463 1006 aut
2484 952 2809 1012 adhibitam
2840 973 3053 1014 manus
3084 948 3676 1040 impositionem,quaa

2022 1037 2485 1097 confirmationis
2517 1044 2807 1101 conferret
2835 1053 3291 1121 sacramentum,
3311 1055 3411 1110 sed
3427 1037 3673 1131 quaapu-

2020 1124 2184 1182 blicae
2216 1128 2567 1199 poenitentia:
2593 1133 2802 1191 saltem
2825 1136 3078 1208 speciem
3110 1158 3225 1212 prae
3247 1158 3308 1199 se
3342 1124 3675 1203 ferretlion

2022 1223 2179 1280 enim
2204 1225 2398 1283 aliain
2425 1228 2681 1287 Ecclesia
2717 1230 3045 1306 baptiiatis,
3093 1242 3151 1294 et
3194 1238 3309 1296 alia
3366 1242 3425 1298 in
3469 1237 3678 1301 haeresi

2022 1310 2131 1402 hoc
2161 1324 2527 1375 sacramento
2560 1319 2805 1378 initiatis
2835 1324 3283 1397 praseipiebatur
3302 1335 3476 1402 atque
3506 1333 3674 1389 adhi-

2021 1400 2268 1493 bebatur
2297 1421 2509 1464 manus
2532 1407 2850 1483 impositio,
2892 1414 2993 1470 sed
3042 1432 3160 1471 una
3202 1423 3260 1473 et
3301 1400 3505 1476 eadem
3548 1439 3674 1493 qua

2022 1492 2289 1565 utrisque
2318 1498 2648 1554 communis
2672 1505 2845 1556 esset.
2897 1506 3216 1574 Baptizatis
3248 1514 3443 1565 autem
3476 1512 3535 1567 in
3566 1492 3673 1568 Ec-

2022 1579 2219 1651 clesia,
2245 1590 2698 1644 manustantum
2733 1588 3144 1662 imponebatur
3158 1596 3227 1651 ad
3243 1599 3671 1671 pmnitentiam,

2021 1687 2137 1727 non
2168 1672 2239 1727 ad
2271 1681 2703 1733 sacramentum
2735 1680 3197 1741 confirmationis
3231 1688 3670 1760 recipiendum;

2022 1761 2281 1832 adeoque
2305 1762 2482 1820 etiam
2513 1771 2675 1822 extra
2696 1767 3015 1826 Ecclesiam
3056 1773 3384 1846 baptizatis.
3417 1782 3537 1835 Hoc
3568 1796 3672 1852 pro

2024 1853 2180 1905 certo
2211 1855 2477 1909 tenentes
2510 1856 2839 1929 Donatista,
2894 1861 3109 1931 quibus
3156 1865 3514 1935 promissum
3547 1873 3673 1925 erat

2024 1944 2107 2009 ut,
2140 1939 2189 1996 si
2219 1943 2663 2013 regrederentur
2692 1947 2764 2001 ad
2795 1947 3135 2019 Ecclesiam,
3178 1969 3309 2009 cum
3345 1955 3669 2015 honoribus

2022 2028 2146 2084 suis
2178 2029 2752 2106 reciperentur,apud
2779 2039 3376 2114 Augustinum,epist.
3407 2045 3669 2116 olim.50,

2023 2134 2179 2173 nunc
2231 2120 2352 2189 185,
2398 2137 2455 2176 n.
2508 2122 2575 2175 44
2626 2122 2935 2195 inquiunt:
2973 2150 3001 2177 «
3035 2129 3095 2184 Si
3153 2147 3289 2204 ergo
3329 2140 3555 2205 oportet
3607 2142 3675 2193 ut

2021 2222 2128 2262 nos
2151 2211 2312 2263 extra
2340 2207 2660 2266 Ecclesiam
2691 2217 2749 2267 et
2794 2215 3072 2273 adversus
3117 2219 3435 2278 Ecclesiam
3488 2226 3673 2282 fuisse

2023 2296 2319 2387 poeniteat,
2359 2301 2424 2387 ut
2470 2297 2616 2355 salvi
2658 2318 2785 2359 esse
2840 2306 3160 2376 possimus,
3209 2314 3499 2381 quomodo
3540 2319 3676 2387 post

2024 2382 2197 2475 istam
2229 2384 2631 2457 paenitentiam
2664 2391 2818 2462 apud
2851 2409 2951 2449 vos
2990 2394 3183 2453 clerici
3213 2399 3299 2455 vel
3347 2401 3525 2457 etiam
3540 2382 3675 2475 _epi-

2022 2473 2181 2545 scopi
2210 2478 2671 2546 permanemus?
2696 2502 2725 2529 ››
2757 2480 2919 2545 Quod
2952 2500 3066 2539 non
3099 2486 3387 2545 dixissent
3418 2490 3521 2559 illi,
3555 2473 3668 2549 nisi

2020 2578 2369 2634 persuasum
2401 2567 2486 2621 eis
2521 2565 2730 2623 fuisset
2761 2585 2972 2627 manus
3004 2572 3441 2645 impositionem
3481 2582 3667 2652 posui-

2020 2651 2212 2707 tentiae
2242 2651 2513 2723 publicas,
2548 2672 2675 2726 quae
2708 2674 2904 2714 arcere
2935 2677 2969 2716 a
3025 2661 3177 2720 clero
3208 2665 3453 2735 solebat,
3484 2651 3668 2727 vicem

2019 2755 2237 2811 gerere.
2271 2741 2431 2798 Hanc
2478 2745 2829 2815 poenitentiae
2878 2751 3071 2821 potius
3117 2754 3455 2827 imaginem,
3490 2776 3668 2832 quam

2020 2829 2419 2921 penitentiam
2478 2833 2771 2905 appellare
2826 2839 3048 2895 mavult
3105 2841 3477 2904 Innocentius
3509 2829 3531 2904 ξ
3567 2849 3670 2921 qui

2018 2917 2254 2989 quidem
2285 2920 2634 2977 Arianorum
2666 2940 2733 2979 ac
2753 2924 3035 2984 similium
3066 2929 3470 2991 haereticorum
3502 2917 3669 2993 cleri-

2019 3021 2116 3062 cos
2147 3006 2205 3061 in
2238 3006 2560 3065 honoribus
2582 3012 2707 3068 suis
2721 3013 3237 3085 recipiendosdum
3253 3023 3668 3098 acriternegat,

2023 3103 2094 3159 de
2122 3102 2287 3161 laicis
2318 3122 2521 3162 eorum
2571 3108 2691 3164 haac
2750 3111 2926 3168 habet
2956 3131 2970 3170 :
3008 3137 3035 3165 ‹‹
3069 3117 3283 3174 Eorum
3340 3120 3520 3180 laicos
3556 3124 3668 3180 sub

2021 3192 2279 3265 imagine
2321 3196 2675 3267 paenitentia;
2718 3216 2784 3256 ac
2835 3205 3021 3259 sancti
3060 3207 3310 3277 Spiritus
3340 3212 3668 3270 sanctiﬁca-

2018 3281 2177 3337 tione
2209 3300 2313 3355 per
2359 3301 2571 3342 manus
2629 3286 3063 3360 impositionem
3110 3296 3489 3369 suscipimus.
3533 3323 3562 3351 »
3604 3307 3672 3358 Et

2018 3371 2222 3443 paucis
2244 3372 2564 3444 interjectis
2597 3393 2610 3432 :
2644 3398 2674 3427 «
2698 3377 2806 3442 Qui
2838 3379 2962 3435 fieri
2982 3388 3173 3452 potest
3202 3390 3267 3440 ut
3296 3401 3499 3444 eorum
3529 3407 3668 3462 pro-

2021 3461 2186 3517 fanos
2217 3463 2548 3520 sacerdotes
2577 3465 2787 3537 dignos
2819 3467 3032 3525 Christi
3072 3470 3394 3532 honoribus
3420 3461 3666 3534 arbitre-

2022 3566 2176 3618 mur,
2209 3567 2460 3622 quorum
2492 3552 2671 3610 laicos
2705 3555 3075 3628 imperfectos
3101 3562 3173 3617 ad
3206 3565 3392 3620 sancti
3417 3567 3671 3639 Spiritus

2022 3638 2453 3709 percipiendam
2485 3644 2735 3714 gratiam
2762 3661 2897 3701 cum
2923 3650 3276 3719 poenitentiae
3308 3638 3565 3727 imagine
3583 3674 3670 3713 re-

2020 3728 2358 3799 cipiamus?
2407 3752 2437 3780 »
2492 3736 2713 3801 (Innoc.
2771 3734 2943 3806 epist.
2990 3738 3083 3804 24,
3140 3740 3419 3809 adAlex.,
3474 3763 3539 3800 ιι.
3594 3747 3672 3818 4.)

2020 3824 2128 3880 Ubi
2159 3841 2300 3881 sane
2330 3843 2539 3884 manus
2593 3829 3026 3901 impositionem
3060 3838 3391 3909 cujusdam,
3436 3845 3671 3900 satisfa-

2019 3913 2231 3969 ctionis
2253 3931 2451 3982 causa,
2476 3916 2559 3971 eis
2590 3919 2851 3975 adhiberi
2878 3923 3022 3978 satis
3040 3924 3279 3982 indicat.
3314 3928 3446 3984 Ideo
3469 3936 3667 3987 autem

2019 4002 2369 4091 pmnitentiae
2399 4005 2593 4077 imago
2624 4008 2695 4061 ab
2739 4024 2805 4062 eo
2843 4016 3102 4080 vocatur,
3161 4016 3300 4085 quia
3356 4019 3429 4083 ei,
3464 4019 3563 4091 qui
3596 4022 3666 4076 ad

2018 4090 2336 4147 Ecclesiam
2368 4095 2439 4148 ab
2472 4093 2677 4149 haeresi
2711 4098 2953 4165 redibat,
3012 4102 3172 4156 nulla
3204 4090 3672 4179 injungebantur

2018 4196 2193 4251 opera
2213 4181 2522 4250 laboriosa,
2558 4200 2746 4255 neque
2767 4190 3101 4245 communio
3130 4192 3543 4264 differebatur;
3569 4200 3670 4254 sed

2018 4268 2069 4325 is
2091 4270 2312 4337 statim,
2347 4276 2412 4326 ut
2440 4271 2702 4343 loquitur
2722 4275 2832 4330 Leo
2845 4278 2971 4345 jam
2995 4276 3290 4351 laudatus,
3327 4304 3357 4333 ί(
3380 4300 3482 4355 per
3511 4286 3671 4342 invo-

2018 4358 2305 4414 cationem
2338 4357 2524 4414 solam
2573 4362 2932 4433 septiformis
2991 4365 3267 4438 Spiritus,
3320 4372 3669 4446 episcopalis

2018 4464 2231 4502 manus
2256 4448 2651 4519 impositione.
2703 4450 3013 4509 Catholicis
3063 4459 3418 4517 sociabatur.
3452 4483 3482 4512 ››
3512 4465 3669 4530 Quo-

253 4528 384 4577 tum
416 4521 729 4594 praeparari
762 4527 927 4579 notat
961 4523 1188 4625 mullus
1220 4528 1378 4622 patet
1398 4528 1747 4625 sacramenti
1771 4543 1906 4583 con-
1939 4531 1985 4595 D
2018 4536 2171 4591 circa
2200 4536 2451 4607 Vigilius
2472 4553 2641 4608 papa,
2692 4539 2862 4610 epist.
2892 4543 2929 4593 2
2964 4558 2977 4596 :
3010 4544 3080 4599 ad
3105 4521 3581 4621 Profuturum,
3612 4555 3667 4625 4,

254 4611 609 4667 firmationis
638 4610 1001 4684 intelligendi
1030 4610 1224 4681 locus;
1259 4613 1552 4685 siquidem
1576 4614 1681 4671 hoc
1713 4632 1906 4672 sacra-

254 4703 519 4756 mentum
545 4699 686 4757 solis
716 4700 1023 4771 baptizatis
1054 4702 1370 4758 confertur.

330 4807 538 4862 1263
564 4808 652 4860 21.
690 4806 817 4878 Ipse
848 4806 1023 4861 etiam
1054 4806 1400 4878 Cyprianus,
1431 4814 1497 4863 ut
1552 4809 1744 4865 verbis
1775 4817 1909 4867 utar

255 4895 592 4968 Augustini,
631 4914 652 4944 α
687 4911 819 4950 cum
852 4894 1312 4965 casterisstatuit,
1334 4901 1399 4951 ut
1420 4897 1469 4952 si
1500 4900 1570 4953 ab
1591 4898 1907 4956 haeresibue

254 4985 517 5042 redirent
548 4986 618 5039 ad
666 4982 981 5039 Ecclesiam
1040 4984 1395 5057 quicumque
1463 4985 1695 5042 fuerant
1752 4988 1808 5042 in
1840 5005 1908 5044 ea

251 5074 563 5145 baptizati,
594 5090 709 5128 non
733 5073 861 5144 jam
894 5090 996 5145 per
1026 5074 1412 5145 baptismum,
1458 5076 1558 5132 sed
1602 5093 1704 5147 per
1729 5077 1908 5149 poeni-

248 5162 503 5219 tentiam
535 5161 1027 5233 reciperentur(S.
1061 5164 1231 5235 Aug.,
1260 5163 1363 5218 lib.
1394 5181 1447 5232 v,
1462 5164 1529 5220 de
1550 5169 1904 5237 Bapt.contr.

253 5255 420 5319 Dom,
451 5251 714 5324 cap.ll).
758 5272 785 5300 «
811 5250 932 5305 Imo
962 5250 1119 5306 istud
1173 5269 1286 5307 non
1318 5257 1438 5308 tam
1491 5254 1769 5312 statuisse
1818 5257 1905 5311 di-

252 5341 481 5398 cendus
510 5344 600 5395 est
621 5339 965 5411 Cyprianus,
998 5355 1176 5410 quam
1208 5341 1365 5412 quod
1405 5358 1550 5398 usus
1608 5348 1906 5414 receptum

253 5434 385 5487 erat
414 5430 810 5486 confirmasse.
844 5427 974 5485 Haec
1006 5428 1075 5485 de
1102 5446 1182 5495 re,
1215 5430 1299 5486 sic
1318 5431 1565 5503 ipsemet
1586 5432 1643 5486 in
1659 5434 1905 5505 Epistola

255 5518 335 5575 ad
357 5521 622 5588 Quintum
651 5518 912 5589 loquitur
943 5536 956 5575 :
996 5538 1018 5567 ι
1052 5520 1215 5585 Quod
1245 5524 1303 5576 et
1336 5537 1442 5576 nos
1474 5537 1707 5592 quoque
1734 5522 1909 5580 hodie

256 5609 661 5681 observamus,
693 5617 755 5664 ut
801 5624 947 5684 quos
994 5612 1241 5683 constat,
1275 5608 1368 5666 hic
1397 5609 1722 5683 baptizatos
1753 5628 1902 5688 esse,

2019 4625 2388 4696 distinguens
2418 4642 2517 4681 eos
2548 4626 2649 4697 qui
2677 4628 2739 4683 in
2772 4627 2977 4686 haeresi
3017 4632 3361 4706 simpliciter
3389 4646 3531 4697 sunt
3559 4643 3666 4699 ba-

2018 4712 2237 4784 ptizati,
2269 4713 2341 4768 ab
2384 4714 2456 4769 iis
2498 4716 2614 4787 qui,
2655 4715 2994 4788 baptismatis
3039 4726 3223 4791 gratia
3258 4728 3527 4786 salutaris
3573 4750 3666 4788 ac-

2017 4811 2188 4872 cepta,
2218 4802 2365 4874 apud
2415 4805 2647 4861 Arz‘anos
2678 4807 2885 4862 iterum
2929 4809 3220 4882 baptizutz',
3251 4820 3540 4889 profunda:
3571 4838 3664 4876 v0-

2016 4894 2231 4963 ragim’s
2286 4898 2417 4947 sunt
2470 4898 2644 4949 morte
2700 4894 2975 4966 demersi,
3063 4903 3133 4957 de
3212 4904 3303 4961 his
3357 4908 3662 4965 decernit:

2020 5011 2046 5039 ‹‹
2078 4989 2333 5053 Quorum
2366 4991 2572 5047 I264
2595 4993 2985 5051 reconciliatio
3021 5015 3135 5054 non
3159 5017 3260 5071 per
3292 5002 3448 5059 illam
3478 5006 3662 5077 impo-

2016 5077 2291 5134 sitionem
2326 5097 2554 5149 manus,
2586 5097 2712 5152 qua
2736 5084 3273 5154 perinvocationem
3307 5094 3491 5148 sancti
3526 5095 3660 5166 Spi-

2016 5166 2165 5222 ritus
2222 5173 2516 5239 operatur,
2570 5172 2672 5226 sed
2733 5188 2837 5243 per
2894 5173 3076 5245 illam,
3137 5194 3253 5248 qua
3310 5181 3662 5252 poenitentiae

2017 5257 2240 5312 fructus
2291 5257 2618 5329 acquiritur
2665 5264 2723 5315 et
2763 5266 2981 5318 sanctae
3030 5270 3461 5327 communionis
3492 5273 3661 5329 resti-

2015 5344 2188 5413 tutio,
2219 5346 2539 5416 perﬁcitur.
2561 5368 2587 5396 »
2614 5348 2835 5414 Quibus
2848 5351 3038 5408 verbis
3054 5353 3664 5434 duplexdistinguitur

2016 5449 2230 5490 manus
2258 5434 2575 5507 impositio,
2634 5453 2752 5492 una
2808 5454 2934 5510 qua)
2984 5443 3336 5511 paenitentia:
3382 5448 3661 5507 luctuosae

2014 5522 2329 5594 imaginem
2361 5523 2631 5580 exhibeat
2684 5542 2752 5581 ac
2808 5526 3279 5603 similitudinem,
3325 5536 3507 5597 altera
3535 5555 3665 5612 quae

2013 5612 2226 5670 habeat
2254 5613 2382 5685 ejus
2407 5612 2708 5672 veritatem
2738 5632 2920 5691 ;una,
2952 5634 3078 5694 quas
3109 5638 3210 5700 per
3238 5623 3669 5688 invocationem
