  <div class='ocr_page' id='page_1' title='image "/cluster/home/n/w/nwhite01/storage/ocr_20150623/3/hvd.32044073549586/711.png"; bbox 0 0 4088 6174; ppageno 0'>
   <div class='ocr_carea' id='block_1_1' title="bbox 430 344 584 407">
    <p class='ocr_par' dir='ltr' id='par_1_1' title="bbox 430 344 584 407">
     <span class='ocr_line' id='line_1_1' title="bbox 430 344 584 407; baseline -0.026 0"><span class='ocrx_word' id='word_1_1' title='bbox 430 344 584 407; x_wconf 72' lang='grc'><strong>1315</strong></span> 
     </span>
    </p>
   </div>
   <div class='ocr_carea' id='block_1_2' title="bbox 1492 336 2786 406">
    <p class='ocr_par' dir='ltr' id='par_1_2' title="bbox 1492 336 2786 406">
     <span class='ocr_line' id='line_1_2' title="bbox 1492 336 2786 406; baseline 0.005 -7"><span class='ocrx_word' id='word_1_2' title='bbox 1492 339 1594 399; x_wconf 83' lang='lat' dir='ltr'><strong>DE</strong></span> <span class='ocrx_word' id='word_1_3' title='bbox 1640 336 2231 401; x_wconf 73' lang='lat' dir='ltr'>H/ERETICORUM</span> <span class='ocrx_word' id='word_1_4' title='bbox 2279 338 2727 406; x_wconf 78' lang='lat' dir='ltr'>BAPTISMAT</span> <span class='ocrx_word' id='word_1_5' title='bbox 2742 344 2786 406; x_wconf 78' lang='grc' dir='ltr'>Ε</span> 
     </span>
    </p>
   </div>
   <div class='ocr_carea' id='block_1_3' title="bbox 3683 343 3846 404">
    <p class='ocr_par' dir='ltr' id='par_1_3' title="bbox 3683 343 3846 404">
     <span class='ocr_line' id='line_1_3' title="bbox 3683 343 3846 404; baseline -0.018 0"><span class='ocrx_word' id='word_1_6' title='bbox 3683 343 3846 404; x_wconf 73' lang='grc'>1316</span> 
     </span>
    </p>
   </div>
   <div class='ocr_carea' id='block_1_4' title="bbox 426 470 3851 549">
    <p class='ocr_par' dir='ltr' id='par_1_4' title="bbox 426 470 3851 549">
     <span class='ocr_line' id='line_1_4' title="bbox 426 470 3851 549; baseline -0.001 -15"><span class='ocrx_word' id='word_1_7' title='bbox 426 476 616 534; x_wconf 83' lang='lat' dir='ltr'>sancti</span> <span class='ocrx_word' id='word_1_8' title='bbox 643 474 894 547; x_wconf 84' lang='lat' dir='ltr'>Spiritus</span> <span class='ocrx_word' id='word_1_9' title='bbox 948 470 1377 529; x_wconf 84' lang='lat' dir='ltr'>Catholicorum</span> <span class='ocrx_word' id='word_1_10' title='bbox 1412 471 1719 527; x_wconf 90' lang='lat' dir='ltr'>conventui</span> <span class='ocrx_word' id='word_1_11' title='bbox 1746 470 1943 527; x_wconf 91' lang='lat' dir='ltr'>statim</span> <span class='ocrx_word' id='word_1_12' title='bbox 1976 488 2073 527; x_wconf 86' lang='lat' dir='ltr'>so-</span> <span class='ocrx_word' id='word_1_13' title='bbox 2108 473 2159 539; x_wconf 82' lang='grc' dir='ltr'><strong>Α</strong></span> <span class='ocrx_word' id='word_1_14' title='bbox 2188 480 2375 531; x_wconf 89' lang='lat' dir='ltr'>smate</span> <span class='ocrx_word' id='word_1_15' title='bbox 2405 476 2647 548; x_wconf 91' lang='lat' dir='ltr'>signari,</span> <span class='ocrx_word' id='word_1_16' title='bbox 2681 481 2738 533; x_wconf 91' lang='lat' dir='ltr'>et</span> <span class='ocrx_word' id='word_1_17' title='bbox 2763 495 2796 533; x_wconf 92' lang='lat' dir='ltr'>a</span> <span class='ocrx_word' id='word_1_18' title='bbox 2854 477 3228 549; x_wconf 88' lang='lat' dir='ltr'>signantibus</span> <span class='ocrx_word' id='word_1_19' title='bbox 3286 477 3425 545; x_wconf 92' lang='lat' dir='ltr'>dici,</span> <span class='ocrx_word' id='word_1_20' title='bbox 3474 476 3851 549; x_wconf 80' lang='lat' dir='ltr'>Signaculum</span> 
     </span>
    </p>
   </div>
   <div class='ocr_carea' id='block_1_5' title="bbox 428 560 2074 634">
    <p class='ocr_par' dir='ltr' id='par_1_5' title="bbox 428 560 2074 634">
     <span class='ocr_line' id='line_1_5' title="bbox 428 560 2074 634; baseline -0.005 -11"><span class='ocrx_word' id='word_1_21' title='bbox 428 568 561 634; x_wconf 90' lang='lat' dir='ltr'>ciet,</span> <span class='ocrx_word' id='word_1_22' title='bbox 620 564 804 622; x_wconf 89' lang='lat' dir='ltr'>altera</span> <span class='ocrx_word' id='word_1_23' title='bbox 855 580 973 634; x_wconf 91' lang='lat' dir='ltr'>qua</span> <span class='ocrx_word' id='word_1_24' title='bbox 1021 562 1323 617; x_wconf 73' lang='lat' dir='ltr'>differatur</span> <span class='ocrx_word' id='word_1_25' title='bbox 1379 566 1591 617; x_wconf 83' lang='lat' dir='ltr'>sanctae</span> <span class='ocrx_word' id='word_1_26' title='bbox 1641 560 2074 617; x_wconf 85' lang='lat' dir='ltr'>communionis</span> 
     </span>
    </p>
   </div>
   <div class='ocr_carea' id='block_1_6' title="bbox 421 649 2073 725">
    <p class='ocr_par' dir='ltr' id='par_1_6' title="bbox 421 649 2073 725">
     <span class='ocr_line' id='line_1_6' title="bbox 421 649 2073 725; baseline -0.005 -11"><span class='ocrx_word' id='word_1_27' title='bbox 421 656 737 724; x_wconf 84' lang='lat' dir='ltr'>restitutio,</span> <span class='ocrx_word' id='word_1_28' title='bbox 772 658 827 709; x_wconf 93' lang='lat' dir='ltr'>et</span> <span class='ocrx_word' id='word_1_29' title='bbox 856 669 957 725; x_wconf 90' lang='lat' dir='ltr'>per</span> <span class='ocrx_word' id='word_1_30' title='bbox 985 650 1269 725; x_wconf 90' lang='lat' dir='ltr'>plurimos</span> <span class='ocrx_word' id='word_1_31' title='bbox 1298 650 1651 723; x_wconf 69' lang='lat' dir='ltr'>pmnitentiaa</span> <span class='ocrx_word' id='word_1_32' title='bbox 1710 649 1934 706; x_wconf 85' lang='lat' dir='ltr'>fructus</span> <span class='ocrx_word' id='word_1_33' title='bbox 1985 666 2073 705; x_wconf 88' lang='lat' dir='ltr'>ac-</span> 
     </span>
    </p>
   </div>
   <div class='ocr_carea' id='block_1_7' title="bbox 424 744 713 817">
    <p class='ocr_par' dir='ltr' id='par_1_7' title="bbox 424 744 713 817">
     <span class='ocr_line' id='line_1_7' title="bbox 424 744 713 817; baseline -0.017 -15"><span class='ocrx_word' id='word_1_34' title='bbox 424 744 713 817; x_wconf 83' lang='lat' dir='ltr'>quiratur.</span> 
     </span>
    </p>
   </div>
   <div class='ocr_carea' id='block_1_8' title="bbox 489 846 2068 919">
    <p class='ocr_par' dir='ltr' id='par_1_8' title="bbox 489 846 2068 919">
     <span class='ocr_line' id='line_1_8' title="bbox 489 846 2068 919; baseline -0.004 -11"><span class='ocrx_word' id='word_1_35' title='bbox 489 854 580 909; x_wconf 84' lang='lat'>22.</span> <span class='ocrx_word' id='word_1_36' title='bbox 612 851 745 907; x_wconf 85' lang='lat' dir='ltr'>Jam</span> <span class='ocrx_word' id='word_1_37' title='bbox 776 865 907 904; x_wconf 91' lang='lat' dir='ltr'>vero</span> <span class='ocrx_word' id='word_1_38' title='bbox 939 847 1437 919; x_wconf 81' lang='lat' dir='ltr'>quemadmodum</span> <span class='ocrx_word' id='word_1_39' title='bbox 1469 846 1716 903; x_wconf 78' lang='lat' dir='ltr'>diversis</span> <span class='ocrx_word' id='word_1_40' title='bbox 1748 846 1865 902; x_wconf 88' lang='lat' dir='ltr'>illis</span> <span class='ocrx_word' id='word_1_41' title='bbox 1912 849 2068 902; x_wconf 91' lang='lat' dir='ltr'>vete-</span> 
     </span>
    </p>
   </div>
   <div class='ocr_carea' id='block_1_9' title="bbox 420 936 2067 1008">
    <p class='ocr_par' dir='ltr' id='par_1_9' title="bbox 420 936 2067 1008">
     <span class='ocr_line' id='line_1_9' title="bbox 420 936 2067 1008; baseline -0.005 -10"><span class='ocrx_word' id='word_1_42' title='bbox 420 958 555 998; x_wconf 86' lang='lat' dir='ltr'>rum</span> <span class='ocrx_word' id='word_1_43' title='bbox 586 937 964 1005; x_wconf 86' lang='lat' dir='ltr'>testimoniis,</span> <span class='ocrx_word' id='word_1_44' title='bbox 996 954 1122 1008; x_wconf 71' lang='lat' dir='ltr'>quae</span> <span class='ocrx_word' id='word_1_45' title='bbox 1154 936 1436 991; x_wconf 82' lang='lat' dir='ltr'>hactenus</span> <span class='ocrx_word' id='word_1_46' title='bbox 1487 936 1860 1007; x_wconf 87' lang='lat' dir='ltr'>protulimus,</span> <span class='ocrx_word' id='word_1_47' title='bbox 1897 951 2067 990; x_wconf 91' lang='lat' dir='ltr'>nemo</span> 
     </span>
    </p>
   </div>
   <div class='ocr_carea' id='block_1_10' title="bbox 420 1024 2071 1095">
    <p class='ocr_par' dir='ltr' id='par_1_10' title="bbox 420 1024 2071 1095">
     <span class='ocr_line' id='line_1_10' title="bbox 420 1024 2071 1095; baseline -0.005 -9"><span class='ocrx_word' id='word_1_48' title='bbox 420 1047 537 1087; x_wconf 91' lang='lat' dir='ltr'>non</span> <span class='ocrx_word' id='word_1_49' title='bbox 570 1029 726 1084; x_wconf 90' lang='lat' dir='ltr'>videt</span> <span class='ocrx_word' id='word_1_50' title='bbox 754 1026 1084 1082; x_wconf 83' lang='lat' dir='ltr'>caninotari</span> <span class='ocrx_word' id='word_1_51' title='bbox 1108 1024 1778 1095; x_wconf 87' lang='lat' dir='ltr'>benedictionem,quam</span> <span class='ocrx_word' id='word_1_52' title='bbox 1797 1024 2071 1095; x_wconf 87' lang='lat' dir='ltr'>superius</span> 
     </span>
    </p>
   </div>
   <div class='ocr_carea' id='block_1_11' title="bbox 422 1114 2072 1188">
    <p class='ocr_par' dir='ltr' id='par_1_11' title="bbox 422 1114 2072 1188">
     <span class='ocr_line' id='line_1_11' title="bbox 422 1114 2072 1188; baseline -0.005 -12"><span class='ocrx_word' id='word_1_53' title='bbox 422 1136 587 1176; x_wconf 92' lang='lat' dir='ltr'>num.</span> <span class='ocrx_word' id='word_1_54' title='bbox 626 1120 710 1188; x_wconf 89' lang='grc'>18,</span> <span class='ocrx_word' id='word_1_55' title='bbox 744 1133 774 1172; x_wconf 94' lang='lat' dir='ltr'>e</span> <span class='ocrx_word' id='word_1_56' title='bbox 800 1114 1131 1172; x_wconf 89' lang='lat' dir='ltr'>Gellonensi</span> <span class='ocrx_word' id='word_1_57' title='bbox 1162 1114 1359 1170; x_wconf 88' lang='lat' dir='ltr'>codice</span> <span class='ocrx_word' id='word_1_58' title='bbox 1390 1114 1810 1185; x_wconf 85' lang='lat' dir='ltr'>descripsimus</span> <span class='ocrx_word' id='word_1_59' title='bbox 1843 1130 1857 1169; x_wconf 89' lang='lat'>:</span> <span class='ocrx_word' id='word_1_60' title='bbox 1892 1114 1973 1168; x_wconf 90' lang='lat' dir='ltr'>ita</span> <span class='ocrx_word' id='word_1_61' title='bbox 2002 1128 2072 1168; x_wconf 83' lang='lat' dir='ltr'>ex</span> 
     </span>
    </p>
   </div>
   <div class='ocr_carea' id='block_1_12' title="bbox 418 1203 2073 1276">
    <p class='ocr_par' dir='ltr' id='par_1_12' title="bbox 418 1203 2073 1276">
     <span class='ocr_line' id='line_1_12' title="bbox 418 1203 2073 1276; baseline -0.005 -12"><span class='ocrx_word' id='word_1_62' title='bbox 418 1209 631 1264; x_wconf 90' lang='lat' dir='ltr'>iisdem</span> <span class='ocrx_word' id='word_1_63' title='bbox 664 1203 831 1261; x_wconf 85' lang='lat' dir='ltr'>facile</span> <span class='ocrx_word' id='word_1_64' title='bbox 862 1203 1111 1276; x_wconf 88' lang='lat' dir='ltr'>quisque</span> <span class='ocrx_word' id='word_1_65' title='bbox 1154 1203 1419 1274; x_wconf 86' lang='lat' dir='ltr'>percipit,</span> <span class='ocrx_word' id='word_1_66' title='bbox 1452 1203 1591 1274; x_wconf 89' lang='lat' dir='ltr'>quid</span> <span class='ocrx_word' id='word_1_67' title='bbox 1627 1203 1923 1276; x_wconf 90' lang='lat' dir='ltr'>impositio</span> <span class='ocrx_word' id='word_1_68' title='bbox 1955 1218 2073 1256; x_wconf 91' lang='lat' dir='ltr'>ma-</span> 
     </span>
    </p>
   </div>
   <div class='ocr_carea' id='block_1_13' title="bbox 418 1293 2073 1368">
    <p class='ocr_par' dir='ltr' id='par_1_13' title="bbox 418 1293 2073 1368">
     <span class='ocr_line' id='line_1_13' title="bbox 418 1293 2073 1368; baseline -0.003 -14"><span class='ocrx_word' id='word_1_69' title='bbox 418 1315 533 1355; x_wconf 90' lang='lat' dir='ltr'>nus</span> <span class='ocrx_word' id='word_1_70' title='bbox 553 1312 731 1368; x_wconf 88' lang='lat' dir='ltr'>super</span> <span class='ocrx_word' id='word_1_71' title='bbox 754 1311 851 1351; x_wconf 91' lang='lat' dir='ltr'>eos</span> <span class='ocrx_word' id='word_1_72' title='bbox 884 1294 982 1365; x_wconf 90' lang='lat' dir='ltr'>qui</span> <span class='ocrx_word' id='word_1_73' title='bbox 1016 1294 1086 1348; x_wconf 90' lang='lat' dir='ltr'>ab</span> <span class='ocrx_word' id='word_1_74' title='bbox 1114 1293 1319 1348; x_wconf 66' lang='lat' dir='ltr'>haeresi</span> <span class='ocrx_word' id='word_1_75' title='bbox 1354 1293 1621 1360; x_wconf 91' lang='lat' dir='ltr'>veniunt,</span> <span class='ocrx_word' id='word_1_76' title='bbox 1655 1310 1790 1349; x_wconf 89' lang='lat' dir='ltr'>cum</span> <span class='ocrx_word' id='word_1_77' title='bbox 1846 1309 1913 1349; x_wconf 92' lang='lat' dir='ltr'>ea</span> <span class='ocrx_word' id='word_1_78' title='bbox 1943 1309 2073 1364; x_wconf 72' lang='lat' dir='ltr'>quae</span> 
     </span>
    </p>
   </div>
   <div class='ocr_carea' id='block_1_14' title="bbox 418 1381 2070 1459">
    <p class='ocr_par' dir='ltr' id='par_1_14' title="bbox 418 1381 2070 1459">
     <span class='ocr_line' id='line_1_14' title="bbox 418 1381 2070 1459; baseline -0.004 -16"><span class='ocrx_word' id='word_1_79' title='bbox 418 1404 593 1459; x_wconf 84' lang='lat' dir='ltr'>super</span> <span class='ocrx_word' id='word_1_80' title='bbox 621 1384 1053 1441; x_wconf 81' lang='lat' dir='ltr'>conﬁrmandos</span> <span class='ocrx_word' id='word_1_81' title='bbox 1085 1382 1437 1451; x_wconf 87' lang='lat' dir='ltr'>celebratur,</span> <span class='ocrx_word' id='word_1_82' title='bbox 1480 1398 1793 1438; x_wconf 88' lang='lat' dir='ltr'>commune</span> <span class='ocrx_word' id='word_1_83' title='bbox 1836 1381 2070 1451; x_wconf 88' lang='lat' dir='ltr'>habeat,</span> 
     </span>
    </p>
   </div>
   <div class='ocr_carea' id='block_1_15' title="bbox 416 1470 2075 1548">
    <p class='ocr_par' dir='ltr' id='par_1_15' title="bbox 416 1470 2075 1548">
     <span class='ocr_line' id='line_1_15' title="bbox 416 1470 2075 1548; baseline -0.003 -16"><span class='ocrx_word' id='word_1_84' title='bbox 416 1475 629 1548; x_wconf 90' lang='lat' dir='ltr'>etquid</span> <span class='ocrx_word' id='word_1_85' title='bbox 658 1474 975 1528; x_wconf 90' lang='lat' dir='ltr'>diversum.</span> <span class='ocrx_word' id='word_1_86' title='bbox 1022 1470 1087 1526; x_wconf 87' lang='lat' dir='ltr'>Et</span> <span class='ocrx_word' id='word_1_87' title='bbox 1148 1470 1413 1541; x_wconf 89' lang='lat' dir='ltr'>utrisque</span> <span class='ocrx_word' id='word_1_88' title='bbox 1469 1470 1707 1542; x_wconf 90' lang='lat' dir='ltr'>quidem</span> <span class='ocrx_word' id='word_1_89' title='bbox 1762 1487 2075 1527; x_wconf 88' lang='lat' dir='ltr'>commune</span> 
     </span>
    </p>
   </div>
   <div class='ocr_carea' id='block_1_16' title="bbox 418 1559 2075 1637">
    <p class='ocr_par' dir='ltr' id='par_1_16' title="bbox 418 1559 2075 1637">
     <span class='ocr_line' id='line_1_16' title="bbox 418 1559 2075 1637; baseline -0.005 -15"><span class='ocrx_word' id='word_1_90' title='bbox 418 1571 524 1631; x_wconf 84' lang='lat' dir='ltr'>est,</span> <span class='ocrx_word' id='word_1_91' title='bbox 558 1563 712 1637; x_wconf 91' lang='lat' dir='ltr'>quod</span> <span class='ocrx_word' id='word_1_92' title='bbox 760 1577 937 1633; x_wconf 89' lang='lat' dir='ltr'>super</span> <span class='ocrx_word' id='word_1_93' title='bbox 994 1577 1092 1615; x_wconf 90' lang='lat' dir='ltr'>eos</span> <span class='ocrx_word' id='word_1_94' title='bbox 1149 1559 1399 1631; x_wconf 86' lang='lat' dir='ltr'>Spiritus</span> <span class='ocrx_word' id='word_1_95' title='bbox 1456 1564 1696 1615; x_wconf 88' lang='lat' dir='ltr'>sanctus</span> <span class='ocrx_word' id='word_1_96' title='bbox 1752 1559 2075 1633; x_wconf 46' lang='lat' dir='ltr'>invocetur.</span> 
     </span>
    </p>
   </div>
   <div class='ocr_carea' id='block_1_17' title="bbox 415 1648 2077 1723">
    <p class='ocr_par' dir='ltr' id='par_1_17' title="bbox 415 1648 2077 1723">
     <span class='ocr_line' id='line_1_17' title="bbox 415 1648 2077 1723; baseline -0.002 -14"><span class='ocrx_word' id='word_1_97' title='bbox 415 1653 669 1710; x_wconf 88' lang='lat' dir='ltr'>Ecclesia</span> <span class='ocrx_word' id='word_1_98' title='bbox 698 1651 913 1723; x_wconf 89' lang='lat' dir='ltr'>quippe</span> <span class='ocrx_word' id='word_1_99' title='bbox 944 1666 977 1703; x_wconf 86' lang='lat' dir='ltr'>a</span> <span class='ocrx_word' id='word_1_100' title='bbox 1008 1648 1236 1703; x_wconf 86' lang='lat' dir='ltr'>Christo</span> <span class='ocrx_word' id='word_1_101' title='bbox 1281 1649 1509 1716; x_wconf 89' lang='lat' dir='ltr'>edocta,</span> <span class='ocrx_word' id='word_1_102' title='bbox 1563 1650 1634 1703; x_wconf 93' lang='lat' dir='ltr'>ab</span> <span class='ocrx_word' id='word_1_103' title='bbox 1666 1648 1869 1704; x_wconf 69' lang='lat' dir='ltr'>haeresi</span> <span class='ocrx_word' id='word_1_104' title='bbox 1910 1650 1980 1704; x_wconf 89' lang='lat' dir='ltr'>ad</span> <span class='ocrx_word' id='word_1_105' title='bbox 2016 1666 2077 1705; x_wconf 89' lang='lat' dir='ltr'>se</span> 
     </span>
    </p>
   </div>
   <div class='ocr_carea' id='block_1_18' title="bbox 410 1737 2075 1825">
    <p class='ocr_par' dir='ltr' id='par_1_18' title="bbox 410 1737 2075 1825">
     <span class='ocr_line' id='line_1_18' title="bbox 410 1737 2075 1825; baseline -0.004 -26"><span class='ocrx_word' id='word_1_106' title='bbox 410 1743 711 1799; x_wconf 87' lang='lat' dir='ltr'>venientes</span> <span class='ocrx_word' id='word_1_107' title='bbox 733 1744 969 1795; x_wconf 87' lang='lat' dir='ltr'>externo</span> <span class='ocrx_word' id='word_1_108' title='bbox 1002 1737 1159 1793; x_wconf 88' lang='lat' dir='ltr'>cultu</span> <span class='ocrx_word' id='word_1_109' title='bbox 1199 1738 1310 1791; x_wconf 85' lang='lat' dir='ltr'>sibi</span> <span class='ocrx_word' id='word_1_110' title='bbox 1336 1740 1559 1792; x_wconf 86' lang='lat' dir='ltr'>sociare</span> <span class='ocrx_word' id='word_1_111' title='bbox 1573 1739 1716 1793; x_wconf 89' lang='lat' dir='ltr'>satis</span> <span class='ocrx_word' id='word_1_112' title='bbox 1739 1755 1855 1793; x_wconf 90' lang='lat' dir='ltr'>non</span> <span class='ocrx_word' id='word_1_113' title='bbox 1879 1738 2075 1825; x_wconf 50' lang='lat' dir='ltr'>habet,</span> 
     </span>
    </p>
   </div>
   <div class='ocr_carea' id='block_1_19' title="bbox 415 1819 2063 1897">
    <p class='ocr_par' dir='ltr' id='par_1_19' title="bbox 415 1819 2063 1897">
     <span class='ocr_line' id='line_1_19' title="bbox 415 1819 2063 1897; baseline -0.003 -9"><span class='ocrx_word' id='word_1_114' title='bbox 415 1832 527 1888; x_wconf 90' lang='lat' dir='ltr'>nisi</span> <span class='ocrx_word' id='word_1_115' title='bbox 557 1831 732 1887; x_wconf 88' lang='lat' dir='ltr'>etiam</span> <span class='ocrx_word' id='word_1_116' title='bbox 765 1828 876 1884; x_wconf 90' lang='lat' dir='ltr'>sibi</span> <span class='ocrx_word' id='word_1_117' title='bbox 907 1844 1004 1882; x_wconf 90' lang='lat' dir='ltr'>eos</span> <span class='ocrx_word' id='word_1_118' title='bbox 1036 1819 1263 1881; x_wconf 76' lang='lat' dir='ltr'>interno</span> <span class='ocrx_word' id='word_1_119' title='bbox 1311 1842 1376 1880; x_wconf 83' lang='lat' dir='ltr'>ac</span> <span class='ocrx_word' id='word_1_120' title='bbox 1407 1825 1655 1897; x_wconf 85' lang='lat' dir='ltr'>spiritali</span> <span class='ocrx_word' id='word_1_121' title='bbox 1698 1826 1929 1882; x_wconf 89' lang='lat' dir='ltr'>vinculo</span> <span class='ocrx_word' id='word_1_122' title='bbox 1964 1845 2063 1883; x_wconf 77' lang='lat' dir='ltr'>co-</span> 
     </span>
    </p>
   </div>
   <div class='ocr_carea' id='block_1_20' title="bbox 407 1915 2064 1993">
    <p class='ocr_par' dir='ltr' id='par_1_20' title="bbox 407 1915 2064 1993">
     <span class='ocr_line' id='line_1_20' title="bbox 407 1915 2064 1993; baseline -0.002 -18"><span class='ocrx_word' id='word_1_123' title='bbox 407 1921 571 1993; x_wconf 91' lang='lat' dir='ltr'>pulet</span> <span class='ocrx_word' id='word_1_124' title='bbox 602 1925 771 1989; x_wconf 89' lang='lat' dir='ltr'>atque</span> <span class='ocrx_word' id='word_1_125' title='bbox 802 1916 1113 1972; x_wconf 82' lang='lat' dir='ltr'>devinciat.</span> <span class='ocrx_word' id='word_1_126' title='bbox 1148 1918 1221 1970; x_wconf 87' lang='lat' dir='ltr'>At</span> <span class='ocrx_word' id='word_1_127' title='bbox 1251 1931 1383 1969; x_wconf 92' lang='lat' dir='ltr'>vero</span> <span class='ocrx_word' id='word_1_128' title='bbox 1428 1915 1484 1969; x_wconf 92' lang='lat' dir='ltr'>id</span> <span class='ocrx_word' id='word_1_129' title='bbox 1519 1932 1670 1969; x_wconf 89' lang='lat' dir='ltr'>unus</span> <span class='ocrx_word' id='word_1_130' title='bbox 1705 1920 1891 1984; x_wconf 86' lang='lat' dir='ltr'>potest</span> <span class='ocrx_word' id='word_1_131' title='bbox 1921 1934 2064 1988; x_wconf 81' lang='lat' dir='ltr'>pras-</span> 
     </span>
    </p>
   </div>
   <div class='ocr_carea' id='block_1_21' title="bbox 404 2005 2064 2077">
    <p class='ocr_par' dir='ltr' id='par_1_21' title="bbox 404 2005 2064 2077">
     <span class='ocr_line' id='line_1_21' title="bbox 404 2005 2064 2077; baseline -0.004 -11"><span class='ocrx_word' id='word_1_132' title='bbox 404 2014 561 2066; x_wconf 88' lang='lat' dir='ltr'>stare</span> <span class='ocrx_word' id='word_1_133' title='bbox 600 2006 853 2077; x_wconf 89' lang='lat' dir='ltr'>Spiritus</span> <span class='ocrx_word' id='word_1_134' title='bbox 885 2009 1147 2070; x_wconf 87' lang='lat' dir='ltr'>sanctus,</span> <span class='ocrx_word' id='word_1_135' title='bbox 1199 2008 1263 2058; x_wconf 89' lang='lat' dir='ltr'>ut</span> <span class='ocrx_word' id='word_1_136' title='bbox 1318 2007 1404 2059; x_wconf 89' lang='lat' dir='ltr'>tot</span> <span class='ocrx_word' id='word_1_137' title='bbox 1436 2005 1701 2058; x_wconf 89' lang='lat' dir='ltr'>membra</span> <span class='ocrx_word' id='word_1_138' title='bbox 1731 2020 1835 2075; x_wconf 90' lang='lat' dir='ltr'>per</span> <span class='ocrx_word' id='word_1_139' title='bbox 1862 2006 2064 2060; x_wconf 91' lang='lat' dir='ltr'>orbem</span> 
     </span>
    </p>
   </div>
   <div class='ocr_carea' id='block_1_22' title="bbox 405 2090 2067 2171">
    <p class='ocr_par' dir='ltr' id='par_1_22' title="bbox 405 2090 2067 2171">
     <span class='ocr_line' id='line_1_22' title="bbox 405 2090 2067 2171; baseline -0.004 -16"><span class='ocrx_word' id='word_1_140' title='bbox 405 2114 613 2171; x_wconf 90' lang='lat' dir='ltr'>sparsa</span> <span class='ocrx_word' id='word_1_141' title='bbox 644 2095 826 2166; x_wconf 92' lang='lat' dir='ltr'>uniat,</span> <span class='ocrx_word' id='word_1_142' title='bbox 859 2099 915 2149; x_wconf 91' lang='lat' dir='ltr'>et</span> <span class='ocrx_word' id='word_1_143' title='bbox 937 2108 1121 2148; x_wconf 90' lang='lat' dir='ltr'>unum</span> <span class='ocrx_word' id='word_1_144' title='bbox 1154 2109 1223 2147; x_wconf 82' lang='lat' dir='ltr'>ex</span> <span class='ocrx_word' id='word_1_145' title='bbox 1253 2090 1326 2147; x_wconf 90' lang='lat' dir='ltr'>iis</span> <span class='ocrx_word' id='word_1_146' title='bbox 1366 2108 1578 2163; x_wconf 91' lang='lat' dir='ltr'>corpus</span> <span class='ocrx_word' id='word_1_147' title='bbox 1610 2092 1843 2147; x_wconf 82' lang='lat' dir='ltr'>efﬁciat.</span> <span class='ocrx_word' id='word_1_148' title='bbox 1868 2093 2067 2165; x_wconf 86' lang='lat' dir='ltr'>Neque</span> 
     </span>
    </p>
   </div>
   <div class='ocr_carea' id='block_1_23' title="bbox 406 2179 2070 2259">
    <p class='ocr_par' dir='ltr' id='par_1_23' title="bbox 406 2179 2070 2259">
     <span class='ocr_line' id='line_1_23' title="bbox 406 2179 2070 2259; baseline -0.002 -16"><span class='ocrx_word' id='word_1_149' title='bbox 406 2188 588 2259; x_wconf 85' lang='lat' dir='ltr'>igitur</span> <span class='ocrx_word' id='word_1_150' title='bbox 618 2186 857 2251; x_wconf 91' lang='lat' dir='ltr'>mirum,</span> <span class='ocrx_word' id='word_1_151' title='bbox 890 2182 940 2238; x_wconf 90' lang='lat' dir='ltr'>si</span> <span class='ocrx_word' id='word_1_152' title='bbox 972 2181 1228 2237; x_wconf 85' lang='lat' dir='ltr'>Ecclesia</span> <span class='ocrx_word' id='word_1_153' title='bbox 1260 2179 1469 2235; x_wconf 91' lang='lat' dir='ltr'>iisdem</span> <span class='ocrx_word' id='word_1_154' title='bbox 1493 2181 1685 2235; x_wconf 89' lang='lat' dir='ltr'>verbis</span> <span class='ocrx_word' id='word_1_155' title='bbox 1708 2187 1765 2236; x_wconf 90' lang='lat' dir='ltr'>et</span> <span class='ocrx_word' id='word_1_156' title='bbox 1793 2181 2070 2241; x_wconf 87' lang='lat' dir='ltr'>venienti.</span> 
     </span>
    </p>
   </div>
   <div class='ocr_carea' id='block_1_24' title="bbox 409 2268 2069 2341">
    <p class='ocr_par' dir='ltr' id='par_1_24' title="bbox 409 2268 2069 2341">
     <span class='ocr_line' id='line_1_24' title="bbox 409 2268 2069 2341; baseline -0.004 -9"><span class='ocrx_word' id='word_1_157' title='bbox 409 2278 521 2332; x_wconf 89' lang='lat' dir='ltr'>bus</span> <span class='ocrx_word' id='word_1_158' title='bbox 542 2275 615 2330; x_wconf 90' lang='lat' dir='ltr'>ab</span> <span class='ocrx_word' id='word_1_159' title='bbox 638 2271 924 2329; x_wconf 61' lang='lat' dir='ltr'>haresiet</span> <span class='ocrx_word' id='word_1_160' title='bbox 980 2269 1406 2326; x_wconf 84' lang='lat' dir='ltr'>conﬁrmandis</span> <span class='ocrx_word' id='word_1_161' title='bbox 1464 2268 1749 2341; x_wconf 86' lang='lat' dir='ltr'>Spiritum</span> <span class='ocrx_word' id='word_1_162' title='bbox 1798 2274 2069 2327; x_wconf 89' lang='lat' dir='ltr'>sanctum</span> 
     </span>
    </p>
   </div>
   <div class='ocr_carea' id='block_1_25' title="bbox 411 2357 2068 2438">
    <p class='ocr_par' dir='ltr' id='par_1_25' title="bbox 411 2357 2068 2438">
     <span class='ocr_line' id='line_1_25' title="bbox 411 2357 2068 2438; baseline -0.002 -18"><span class='ocrx_word' id='word_1_163' title='bbox 411 2368 699 2438; x_wconf 87' lang='lat' dir='ltr'>precetur.</span> <span class='ocrx_word' id='word_1_164' title='bbox 726 2361 835 2417; x_wconf 90' lang='lat' dir='ltr'>Sed</span> <span class='ocrx_word' id='word_1_165' title='bbox 858 2360 929 2430; x_wconf 90' lang='lat' dir='ltr'>si,</span> <span class='ocrx_word' id='word_1_166' title='bbox 963 2360 1070 2415; x_wconf 89' lang='lat' dir='ltr'>hac</span> <span class='ocrx_word' id='word_1_167' title='bbox 1100 2359 1161 2413; x_wconf 90' lang='lat' dir='ltr'>in</span> <span class='ocrx_word' id='word_1_168' title='bbox 1210 2373 1289 2426; x_wconf 86' lang='lat' dir='ltr'>re,</span> <span class='ocrx_word' id='word_1_169' title='bbox 1325 2357 1585 2428; x_wconf 91' lang='lat' dir='ltr'>utrisque</span> <span class='ocrx_word' id='word_1_170' title='bbox 1615 2359 1946 2414; x_wconf 88' lang='lat' dir='ltr'>communis</span> <span class='ocrx_word' id='word_1_171' title='bbox 1980 2362 2068 2416; x_wconf 89' lang='lat' dir='ltr'>est</span> 
     </span>
    </p>
   </div>
   <div class='ocr_carea' id='block_1_26' title="bbox 410 2447 2064 2521">
    <p class='ocr_par' dir='ltr' id='par_1_26' title="bbox 410 2447 2064 2521">
     <span class='ocr_line' id='line_1_26' title="bbox 410 2447 2064 2521; baseline -0.002 -13"><span class='ocrx_word' id='word_1_172' title='bbox 410 2452 682 2509; x_wconf 67' lang='lat' dir='ltr'>Ecclesia:</span> <span class='ocrx_word' id='word_1_173' title='bbox 726 2466 831 2521; x_wconf 88' lang='lat' dir='ltr'>pro</span> <span class='ocrx_word' id='word_1_174' title='bbox 877 2449 1023 2519; x_wconf 90' lang='lat' dir='ltr'>ipsis</span> <span class='ocrx_word' id='word_1_175' title='bbox 1055 2447 1262 2514; x_wconf 90' lang='lat' dir='ltr'>oratio,</span> <span class='ocrx_word' id='word_1_176' title='bbox 1320 2448 1378 2501; x_wconf 91' lang='lat' dir='ltr'>in</span> <span class='ocrx_word' id='word_1_177' title='bbox 1438 2447 1545 2502; x_wconf 88' lang='lat' dir='ltr'>hoc</span> <span class='ocrx_word' id='word_1_178' title='bbox 1594 2452 1790 2503; x_wconf 89' lang='lat' dir='ltr'>tamen</span> <span class='ocrx_word' id='word_1_179' title='bbox 1851 2449 2064 2515; x_wconf 71' lang='lat' dir='ltr'>differt,</span> 
     </span>
    </p>
   </div>
   <div class='ocr_carea' id='block_1_27' title="bbox 409 2537 2062 2615">
    <p class='ocr_par' dir='ltr' id='par_1_27' title="bbox 409 2537 2062 2615">
     <span class='ocr_line' id='line_1_27' title="bbox 409 2537 2062 2615; baseline -0.002 -18"><span class='ocrx_word' id='word_1_180' title='bbox 409 2542 564 2615; x_wconf 89' lang='lat' dir='ltr'>quod</span> <span class='ocrx_word' id='word_1_181' title='bbox 605 2540 724 2595; x_wconf 89' lang='lat' dir='ltr'>illis</span> <span class='ocrx_word' id='word_1_182' title='bbox 758 2545 1027 2610; x_wconf 87' lang='lat' dir='ltr'>precatur</span> <span class='ocrx_word' id='word_1_183' title='bbox 1050 2542 1111 2592; x_wconf 91' lang='lat' dir='ltr'>ut</span> <span class='ocrx_word' id='word_1_184' title='bbox 1131 2537 1413 2608; x_wconf 88' lang='lat' dir='ltr'>Spiritum</span> <span class='ocrx_word' id='word_1_185' title='bbox 1447 2541 1924 2609; x_wconf 90' lang='lat' dir='ltr'>sanctum,quem</span> <span class='ocrx_word' id='word_1_186' title='bbox 1948 2555 2062 2594; x_wconf 91' lang='lat' dir='ltr'>non</span> 
     </span>
    </p>
   </div>
   <div class='ocr_carea' id='block_1_28' title="bbox 405 2624 2062 2699">
    <p class='ocr_par' dir='ltr' id='par_1_28' title="bbox 405 2624 2062 2699">
     <span class='ocr_line' id='line_1_28' title="bbox 405 2624 2062 2699; baseline -0.003 -13"><span class='ocrx_word' id='word_1_187' title='bbox 405 2629 848 2699; x_wconf 59' lang='lat' dir='ltr'>habebantjam</span> <span class='ocrx_word' id='word_1_188' title='bbox 883 2627 1095 2681; x_wconf 92' lang='lat' dir='ltr'>habere</span> <span class='ocrx_word' id='word_1_189' title='bbox 1114 2625 1399 2696; x_wconf 82' lang='lat' dir='ltr'>incipiant</span> <span class='ocrx_word' id='word_1_190' title='bbox 1424 2643 1437 2691; x_wconf 87' lang='lat'><strong>;</strong></span> <span class='ocrx_word' id='word_1_191' title='bbox 1464 2624 1558 2680; x_wconf 87' lang='lat' dir='ltr'>his</span> <span class='ocrx_word' id='word_1_192' title='bbox 1582 2631 1775 2681; x_wconf 88' lang='lat' dir='ltr'>autem</span> <span class='ocrx_word' id='word_1_193' title='bbox 1805 2631 1869 2680; x_wconf 92' lang='lat' dir='ltr'>ut</span> <span class='ocrx_word' id='word_1_194' title='bbox 1890 2644 2062 2697; x_wconf 88' lang='lat' dir='ltr'>quem</span> 
     </span>
    </p>
   </div>
   <div class='ocr_carea' id='block_1_29' title="bbox 408 2714 2060 2786">
    <p class='ocr_par' dir='ltr' id='par_1_29' title="bbox 408 2714 2060 2786">
     <span class='ocr_line' id='line_1_29' title="bbox 408 2714 2060 2786; baseline -0.001 -11"><span class='ocrx_word' id='word_1_195' title='bbox 408 2720 727 2783; x_wconf 86' lang='lat' dir='ltr'>habebant,</span> <span class='ocrx_word' id='word_1_196' title='bbox 744 2714 1147 2771; x_wconf 89' lang='lat' dir='ltr'>abundantius</span> <span class='ocrx_word' id='word_1_197' title='bbox 1169 2715 1651 2783; x_wconf 89' lang='lat' dir='ltr'>habeant,seu,ut</span> <span class='ocrx_word' id='word_1_198' title='bbox 1668 2715 1746 2768; x_wconf 92' lang='lat' dir='ltr'>ita</span> <span class='ocrx_word' id='word_1_199' title='bbox 1775 2715 2060 2786; x_wconf 86' lang='lat' dir='ltr'>dicamus,</span> 
     </span>
    </p>
   </div>
   <div class='ocr_carea' id='block_1_30' title="bbox 410 2802 2063 2876">
    <p class='ocr_par' dir='ltr' id='par_1_30' title="bbox 410 2802 2063 2876">
     <span class='ocr_line' id='line_1_30' title="bbox 410 2802 2063 2876; baseline -0.002 -13"><span class='ocrx_word' id='word_1_200' title='bbox 410 2807 622 2863; x_wconf 86' lang='lat' dir='ltr'>fortius</span> <span class='ocrx_word' id='word_1_201' title='bbox 649 2805 1007 2876; x_wconf 90' lang='lat' dir='ltr'>impressum</span> <span class='ocrx_word' id='word_1_202' title='bbox 1039 2802 1483 2859; x_wconf 89' lang='lat' dir='ltr'>habeant.Unde</span> <span class='ocrx_word' id='word_1_203' title='bbox 1515 2818 1581 2857; x_wconf 89' lang='lat' dir='ltr'>ea</span> <span class='ocrx_word' id='word_1_204' title='bbox 1611 2802 1786 2857; x_wconf 89' lang='lat' dir='ltr'>etiam</span> <span class='ocrx_word' id='word_1_205' title='bbox 1816 2804 1874 2857; x_wconf 90' lang='lat' dir='ltr'>in</span> <span class='ocrx_word' id='word_1_206' title='bbox 1910 2810 2063 2859; x_wconf 87' lang='lat' dir='ltr'>utra-</span> 
     </span>
    </p>
   </div>
   <div class='ocr_carea' id='block_1_31' title="bbox 411 2891 2061 2969">
    <p class='ocr_par' dir='ltr' id='par_1_31' title="bbox 411 2891 2061 2969">
     <span class='ocr_line' id='line_1_31' title="bbox 411 2891 2061 2969; baseline -0.001 -18"><span class='ocrx_word' id='word_1_207' title='bbox 411 2913 523 2969; x_wconf 89' lang='lat' dir='ltr'>que</span> <span class='ocrx_word' id='word_1_208' title='bbox 546 2895 951 2951; x_wconf 88' lang='lat' dir='ltr'>benedictione</span> <span class='ocrx_word' id='word_1_209' title='bbox 980 2892 1307 2947; x_wconf 80' lang='lat' dir='ltr'>differentia</span> <span class='ocrx_word' id='word_1_210' title='bbox 1348 2895 1455 2959; x_wconf 89' lang='lat' dir='ltr'>est,</span> <span class='ocrx_word' id='word_1_211' title='bbox 1510 2893 1665 2963; x_wconf 90' lang='lat' dir='ltr'>quod</span> <span class='ocrx_word' id='word_1_212' title='bbox 1698 2891 2061 2949; x_wconf 90' lang='lat' dir='ltr'>venientibus</span> 
     </span>
    </p>
   </div>
   <div class='ocr_carea' id='block_1_32' title="bbox 418 2979 2059 3053">
    <p class='ocr_par' dir='ltr' id='par_1_32' title="bbox 418 2979 2059 3053">
     <span class='ocr_line' id='line_1_32' title="bbox 418 2979 2059 3053; baseline -0.002 -13"><span class='ocrx_word' id='word_1_213' title='bbox 418 2988 489 3041; x_wconf 90' lang='lat' dir='ltr'>ab</span> <span class='ocrx_word' id='word_1_214' title='bbox 519 2982 918 3049; x_wconf 67' lang='lat' dir='ltr'>haeresimulla</span> <span class='ocrx_word' id='word_1_215' title='bbox 946 2979 1235 3053; x_wconf 87' lang='lat' dir='ltr'>signaculi</span> <span class='ocrx_word' id='word_1_216' title='bbox 1267 2983 1560 3035; x_wconf 90' lang='lat' dir='ltr'>mentione</span> <span class='ocrx_word' id='word_1_217' title='bbox 1578 2980 1746 3051; x_wconf 85' lang='lat' dir='ltr'>facta,</span> <span class='ocrx_word' id='word_1_218' title='bbox 1772 2980 2059 3052; x_wconf 89' lang='lat' dir='ltr'>simplici-</span> 
     </span>
    </p>
   </div>
   <div class='ocr_carea' id='block_1_33' title="bbox 409 3069 2057 3143">
    <p class='ocr_par' dir='ltr' id='par_1_33' title="bbox 409 3069 2057 3143">
     <span class='ocr_line' id='line_1_33' title="bbox 409 3069 2057 3143; baseline -0.002 -13"><span class='ocrx_word' id='word_1_219' title='bbox 409 3080 500 3131; x_wconf 88' lang='lat' dir='ltr'>ter</span> <span class='ocrx_word' id='word_1_220' title='bbox 527 3074 827 3129; x_wconf 89' lang='lat' dir='ltr'>invocetur</span> <span class='ocrx_word' id='word_1_221' title='bbox 846 3071 1098 3143; x_wconf 90' lang='lat' dir='ltr'>Spiritus</span> <span class='ocrx_word' id='word_1_222' title='bbox 1115 3074 1353 3126; x_wconf 85' lang='lat' dir='ltr'>sanctus</span> <span class='ocrx_word' id='word_1_223' title='bbox 1378 3069 2057 3137; x_wconf 82' lang='lat' dir='ltr'>;confirmandisautem,</span> 
     </span>
    </p>
   </div>
   <div class='ocr_carea' id='block_1_34' title="bbox 413 3158 2053 3235">
    <p class='ocr_par' dir='ltr' id='par_1_34' title="bbox 413 3158 2053 3235">
     <span class='ocr_line' id='line_1_34' title="bbox 413 3158 2053 3235; baseline -0.002 -17"><span class='ocrx_word' id='word_1_224' title='bbox 413 3168 623 3235; x_wconf 79' lang='lat' dir='ltr'>praeter</span> <span class='ocrx_word' id='word_1_225' title='bbox 652 3160 1009 3232; x_wconf 83' lang='lat' dir='ltr'>septiformis</span> <span class='ocrx_word' id='word_1_226' title='bbox 1067 3158 1320 3230; x_wconf 88' lang='lat' dir='ltr'>Spiritus</span> <span class='ocrx_word' id='word_1_227' title='bbox 1371 3158 1819 3225; x_wconf 88' lang='lat' dir='ltr'>invocationem,</span> <span class='ocrx_word' id='word_1_228' title='bbox 1879 3160 2053 3215; x_wconf 91' lang='lat' dir='ltr'>etiam</span> 
     </span>
    </p>
   </div>
   <div class='ocr_carea' id='block_1_35' title="bbox 410 3224 2127 3321">
    <p class='ocr_par' dir='ltr' id='par_1_35' title="bbox 410 3224 2127 3321">
     <span class='ocr_line' id='line_1_35' title="bbox 410 3224 2127 3321; baseline -0.002 -16"><span class='ocrx_word' id='word_1_229' title='bbox 410 3248 773 3321; x_wconf 88' lang='lat' dir='ltr'>consignatio</span> <span class='ocrx_word' id='word_1_230' title='bbox 803 3251 1055 3319; x_wconf 89' lang='lat' dir='ltr'>rogetur.</span> <span class='ocrx_word' id='word_1_231' title='bbox 1088 3244 1268 3300; x_wconf 89' lang='lat' dir='ltr'>Nemo</span> <span class='ocrx_word' id='word_1_232' title='bbox 1295 3262 1426 3300; x_wconf 87' lang='lat' dir='ltr'>vero</span> <span class='ocrx_word' id='word_1_233' title='bbox 1458 3246 2053 3318; x_wconf 87' lang='lat' dir='ltr'>ignorat,primariam</span> <span class='ocrx_word' id='word_1_234' title='bbox 2084 3224 2127 3290; x_wconf 80' lang='lat' dir='ltr'>C</span> 
     </span>
    </p>
   </div>
   <div class='ocr_carea' id='block_1_36' title="bbox 411 3334 2052 3404">
    <p class='ocr_par' dir='ltr' id='par_1_36' title="bbox 411 3334 2052 3404">
     <span class='ocr_line' id='line_1_36' title="bbox 411 3334 2052 3404; baseline -0.001 -9"><span class='ocrx_word' id='word_1_235' title='bbox 411 3336 874 3395; x_wconf 82' lang='lat' dir='ltr'>conﬁrmationis</span> <span class='ocrx_word' id='word_1_236' title='bbox 905 3334 1314 3401; x_wconf 72' lang='lat' dir='ltr'>differentiam,</span> <span class='ocrx_word' id='word_1_237' title='bbox 1347 3350 1461 3404; x_wconf 89' lang='lat' dir='ltr'>qua</span> <span class='ocrx_word' id='word_1_238' title='bbox 1491 3334 1599 3389; x_wconf 92' lang='lat' dir='ltr'>hoc</span> <span class='ocrx_word' id='word_1_239' title='bbox 1620 3339 2052 3393; x_wconf 83' lang='lat' dir='ltr'>sacramentum</span> 
     </span>
    </p>
   </div>
   <div class='ocr_carea' id='block_1_37' title="bbox 409 3423 2054 3497">
    <p class='ocr_par' dir='ltr' id='par_1_37' title="bbox 409 3423 2054 3497">
     <span class='ocr_line' id='line_1_37' title="bbox 409 3423 2054 3497; baseline -0.002 -12"><span class='ocrx_word' id='word_1_240' title='bbox 409 3444 443 3484; x_wconf 87' lang='lat' dir='ltr'>a</span> <span class='ocrx_word' id='word_1_241' title='bbox 473 3428 697 3484; x_wconf 70' lang='lat' dir='ltr'>caeteris</span> <span class='ocrx_word' id='word_1_242' title='bbox 727 3426 1147 3497; x_wconf 82' lang='lat' dir='ltr'>distinguatur,</span> <span class='ocrx_word' id='word_1_243' title='bbox 1168 3423 1228 3478; x_wconf 89' lang='lat' dir='ltr'>in</span> <span class='ocrx_word' id='word_1_244' title='bbox 1252 3423 1592 3494; x_wconf 83' lang='lat' dir='ltr'>bujusmodi</span> <span class='ocrx_word' id='word_1_245' title='bbox 1615 3424 2054 3496; x_wconf 88' lang='lat' dir='ltr'>consignatione</span> 
     </span>
    </p>
   </div>
   <div class='ocr_carea' id='block_1_38' title="bbox 409 3511 2055 3579">
    <p class='ocr_par' dir='ltr' id='par_1_38' title="bbox 409 3511 2055 3579">
     <span class='ocr_line' id='line_1_38' title="bbox 409 3511 2055 3579; baseline -0.002 -6"><span class='ocrx_word' id='word_1_246' title='bbox 409 3515 706 3573; x_wconf 90' lang='lat' dir='ltr'>constitui.</span> <span class='ocrx_word' id='word_1_247' title='bbox 741 3516 863 3579; x_wconf 90' lang='lat' dir='ltr'>Qua</span> <span class='ocrx_word' id='word_1_248' title='bbox 893 3515 964 3569; x_wconf 84' lang='lat' dir='ltr'>de</span> <span class='ocrx_word' id='word_1_249' title='bbox 992 3529 1052 3569; x_wconf 90' lang='lat' dir='ltr'>re</span> <span class='ocrx_word' id='word_1_250' title='bbox 1074 3511 1243 3568; x_wconf 89' lang='lat' dir='ltr'>nobis</span> <span class='ocrx_word' id='word_1_251' title='bbox 1276 3513 1418 3567; x_wconf 83' lang='lat' dir='ltr'>satis</span> <span class='ocrx_word' id='word_1_252' title='bbox 1465 3513 1542 3567; x_wconf 92' lang='lat' dir='ltr'>sit</span> <span class='ocrx_word' id='word_1_253' title='bbox 1573 3530 1754 3568; x_wconf 90' lang='lat' dir='ltr'>unum</span> <span class='ocrx_word' id='word_1_254' title='bbox 1804 3515 2055 3571; x_wconf 83' lang='lat' dir='ltr'>recolere</span> 
     </span>
    </p>
   </div>
   <div class='ocr_carea' id='block_1_39' title="bbox 406 3601 2051 3675">
    <p class='ocr_par' dir='ltr' id='par_1_39' title="bbox 406 3601 2051 3675">
     <span class='ocr_line' id='line_1_39' title="bbox 406 3601 2051 3675; baseline -0.002 -14"><span class='ocrx_word' id='word_1_255' title='bbox 406 3606 811 3662; x_wconf 84' lang='lat' dir='ltr'>testimonium</span> <span class='ocrx_word' id='word_1_256' title='bbox 844 3602 1091 3659; x_wconf 85' lang='lat' dir='ltr'>Cornelii</span> <span class='ocrx_word' id='word_1_257' title='bbox 1121 3619 1254 3657; x_wconf 92' lang='lat' dir='ltr'>cum</span> <span class='ocrx_word' id='word_1_258' title='bbox 1286 3601 1604 3657; x_wconf 88' lang='lat' dir='ltr'>Novatiano</span> <span class='ocrx_word' id='word_1_259' title='bbox 1657 3602 1740 3656; x_wconf 89' lang='lat' dir='ltr'>sic</span> <span class='ocrx_word' id='word_1_260' title='bbox 1781 3610 2051 3675; x_wconf 85' lang='lat' dir='ltr'>expostu-</span> 
     </span>
    </p>
   </div>
   <div class='ocr_carea' id='block_1_40' title="bbox 406 3690 2053 3765">
    <p class='ocr_par' dir='ltr' id='par_1_40' title="bbox 406 3690 2053 3765">
     <span class='ocr_line' id='line_1_40' title="bbox 406 3690 2053 3765; baseline -0.001 -14"><span class='ocrx_word' id='word_1_261' title='bbox 406 3695 585 3751; x_wconf 88' lang='lat' dir='ltr'>lantis</span> <span class='ocrx_word' id='word_1_262' title='bbox 620 3711 633 3749; x_wconf 91' lang='lat'><strong>:</strong></span> <span class='ocrx_word' id='word_1_263' title='bbox 670 3714 698 3744; x_wconf 83' lang='lat'><strong><em>«</em></strong></span> <span class='ocrx_word' id='word_1_264' title='bbox 730 3692 928 3765; x_wconf 90' lang='lat' dir='ltr'>Neque</span> <span class='ocrx_word' id='word_1_265' title='bbox 958 3696 1268 3764; x_wconf 89' lang='lat' dir='ltr'>postquam</span> <span class='ocrx_word' id='word_1_266' title='bbox 1300 3690 1579 3746; x_wconf 88' lang='lat' dir='ltr'>liberatus</span> <span class='ocrx_word' id='word_1_267' title='bbox 1627 3695 1716 3746; x_wconf 87' lang='lat' dir='ltr'>est</span> <span class='ocrx_word' id='word_1_268' title='bbox 1770 3708 1804 3747; x_wconf 89' lang='lat' dir='ltr'>a</span> <span class='ocrx_word' id='word_1_269' title='bbox 1852 3694 2053 3749; x_wconf 90' lang='lat' dir='ltr'>morbo</span> 
     </span>
    </p>
   </div>
   <div class='ocr_carea' id='block_1_41' title="bbox 407 3779 2062 3855">
    <p class='ocr_par' dir='ltr' id='par_1_41' title="bbox 407 3779 2062 3855">
     <span class='ocr_line' id='line_1_41' title="bbox 407 3779 2062 3855; baseline -0.001 -18"><span class='ocrx_word' id='word_1_270' title='bbox 407 3783 614 3855; x_wconf 84' lang='lat' dir='ltr'>(Epist.</span> <span class='ocrx_word' id='word_1_271' title='bbox 640 3783 694 3854; x_wconf 87' lang='lat'>9,</span> <span class='ocrx_word' id='word_1_272' title='bbox 722 3799 778 3836; x_wconf 92' lang='lat' dir='ltr'>n.</span> <span class='ocrx_word' id='word_1_273' title='bbox 816 3782 868 3849; x_wconf 81' lang='grc'>4)</span> <span class='ocrx_word' id='word_1_274' title='bbox 898 3783 981 3853; x_wconf 89' lang='lat' dir='ltr'>(in</span> <span class='ocrx_word' id='word_1_275' title='bbox 1012 3797 1124 3850; x_wconf 87' lang='lat' dir='ltr'>quo</span> <span class='ocrx_word' id='word_1_276' title='bbox 1154 3780 1515 3851; x_wconf 86' lang='lat' dir='ltr'>baptismum</span> <span class='ocrx_word' id='word_1_277' title='bbox 1540 3779 1731 3834; x_wconf 88' lang='lat' dir='ltr'>solum</span> <span class='ocrx_word' id='word_1_278' title='bbox 1755 3797 1909 3852; x_wconf 88' lang='lat' dir='ltr'>aqua</span> <span class='ocrx_word' id='word_1_279' title='bbox 1939 3800 2062 3854; x_wconf 77' lang='lat' dir='ltr'>per-</span> 
     </span>
    </p>
   </div>
   <div class='ocr_carea' id='block_1_42' title="bbox 406 3870 2057 3942">
    <p class='ocr_par' dir='ltr' id='par_1_42' title="bbox 406 3870 2057 3942">
     <span class='ocr_line' id='line_1_42' title="bbox 406 3870 2057 3942; baseline -0.001 -13"><span class='ocrx_word' id='word_1_280' title='bbox 406 3873 576 3929; x_wconf 87' lang='lat' dir='ltr'>fusus</span> <span class='ocrx_word' id='word_1_281' title='bbox 598 3871 938 3942; x_wconf 89' lang='lat' dir='ltr'>acceperat),</span> <span class='ocrx_word' id='word_1_282' title='bbox 972 3870 1195 3940; x_wconf 89' lang='lat' dir='ltr'>reliqua</span> <span class='ocrx_word' id='word_1_283' title='bbox 1251 3871 1523 3940; x_wconf 90' lang='lat' dir='ltr'>percepit,</span> <span class='ocrx_word' id='word_1_284' title='bbox 1576 3886 1706 3940; x_wconf 66' lang='lat' dir='ltr'>quae</span> <span class='ocrx_word' id='word_1_285' title='bbox 1736 3872 2057 3928; x_wconf 90' lang='lat' dir='ltr'>secundum</span> 
     </span>
    </p>
   </div>
   <div class='ocr_carea' id='block_1_43' title="bbox 408 3958 2077 4033">
    <p class='ocr_par' dir='ltr' id='par_1_43' title="bbox 408 3958 2077 4033">
     <span class='ocr_line' id='line_1_43' title="bbox 408 3958 2077 4033; baseline 0 -18"><span class='ocrx_word' id='word_1_286' title='bbox 408 3960 669 4032; x_wconf 88' lang='lat' dir='ltr'>regulam</span> <span class='ocrx_word' id='word_1_287' title='bbox 693 3959 960 4013; x_wconf 69' lang='lat' dir='ltr'>Ecclesiae</span> <span class='ocrx_word' id='word_1_288' title='bbox 992 3958 1366 4029; x_wconf 86' lang='lat' dir='ltr'>percipienda</span> <span class='ocrx_word' id='word_1_289' title='bbox 1397 3963 1535 4012; x_wconf 91' lang='lat' dir='ltr'>sunt</span> <span class='ocrx_word' id='word_1_290' title='bbox 1593 3974 1782 4029; x_wconf 90' lang='lat' dir='ltr'>neque</span> <span class='ocrx_word' id='word_1_291' title='bbox 1838 3962 1912 4015; x_wconf 90' lang='lat' dir='ltr'>ab</span> <span class='ocrx_word' id='word_1_292' title='bbox 1943 3961 2077 4033; x_wconf 78' lang='lat' dir='ltr'>epi-‘</span> 
     </span>
    </p>
   </div>
   <div class='ocr_carea' id='block_1_44' title="bbox 406 4046 2055 4121">
    <p class='ocr_par' dir='ltr' id='par_1_44' title="bbox 406 4046 2055 4121">
     <span class='ocr_line' id='line_1_44' title="bbox 406 4046 2055 4121; baseline 0.002 -17"><span class='ocrx_word' id='word_1_293' title='bbox 406 4065 581 4121; x_wconf 92' lang='lat' dir='ltr'>scopo</span> <span class='ocrx_word' id='word_1_294' title='bbox 601 4051 951 4117; x_wconf 70' lang='lat' dir='ltr'>consignatus</span> <span class='ocrx_word' id='word_1_295' title='bbox 982 4051 1092 4101; x_wconf 88' lang='lat' dir='ltr'>est.</span> <span class='ocrx_word' id='word_1_296' title='bbox 1121 4048 1233 4101; x_wconf 88' lang='lat' dir='ltr'>Hoc</span> <span class='ocrx_word' id='word_1_297' title='bbox 1263 4050 1457 4101; x_wconf 88' lang='lat' dir='ltr'>autem</span> <span class='ocrx_word' id='word_1_298' title='bbox 1487 4046 1788 4118; x_wconf 89' lang='lat' dir='ltr'>signaculo</span> <span class='ocrx_word' id='word_1_299' title='bbox 1813 4050 2055 4108; x_wconf 90' lang='lat' dir='ltr'>minime</span> 
     </span>
    </p>
   </div>
   <div class='ocr_carea' id='block_1_45' title="bbox 406 4134 2054 4210">
    <p class='ocr_par' dir='ltr' id='par_1_45' title="bbox 406 4134 2054 4210">
     <span class='ocr_line' id='line_1_45' title="bbox 406 4134 2054 4210; baseline 0.001 -17"><span class='ocrx_word' id='word_1_300' title='bbox 406 4142 698 4210; x_wconf 89' lang='lat' dir='ltr'>percepto,</span> <span class='ocrx_word' id='word_1_301' title='bbox 729 4136 1019 4209; x_wconf 89' lang='lat' dir='ltr'>quomodo</span> <span class='ocrx_word' id='word_1_302' title='bbox 1050 4134 1336 4205; x_wconf 87' lang='lat' dir='ltr'>Spiritum</span> <span class='ocrx_word' id='word_1_303' title='bbox 1368 4140 1637 4191; x_wconf 89' lang='lat' dir='ltr'>sanctum</span> <span class='ocrx_word' id='word_1_304' title='bbox 1668 4136 1855 4208; x_wconf 91' lang='lat' dir='ltr'>potuit</span> <span class='ocrx_word' id='word_1_305' title='bbox 1904 4139 2054 4195; x_wconf 90' lang='lat' dir='ltr'>acci-</span> 
     </span>
    </p>
   </div>
   <div class='ocr_carea' id='block_1_46' title="bbox 404 4224 2054 4299">
    <p class='ocr_par' dir='ltr' id='par_1_46' title="bbox 404 4224 2054 4299">
     <span class='ocr_line' id='line_1_46' title="bbox 404 4224 2054 4299; baseline 0.001 -17"><span class='ocrx_word' id='word_1_306' title='bbox 404 4243 541 4299; x_wconf 89' lang='lat' dir='ltr'>pere</span> <span class='ocrx_word' id='word_1_307' title='bbox 573 4230 646 4283; x_wconf 75' lang='grc' dir='ltr'>Ρ»)</span> <span class='ocrx_word' id='word_1_308' title='bbox 682 4227 745 4281; x_wconf 88' lang='lat' dir='ltr'>Id</span> <span class='ocrx_word' id='word_1_309' title='bbox 774 4225 969 4298; x_wconf 89' lang='lat' dir='ltr'>ipsum</span> <span class='ocrx_word' id='word_1_310' title='bbox 1002 4224 1355 4280; x_wconf 83' lang='lat' dir='ltr'>confirmant</span> <span class='ocrx_word' id='word_1_311' title='bbox 1403 4225 1528 4294; x_wconf 89' lang='lat' dir='ltr'>jam</span> <span class='ocrx_word' id='word_1_312' title='bbox 1570 4226 1840 4296; x_wconf 88' lang='lat' dir='ltr'>superius</span> <span class='ocrx_word' id='word_1_313' title='bbox 1874 4228 2054 4285; x_wconf 89' lang='lat' dir='ltr'>relata</span> 
     </span>
    </p>
   </div>
   <div class='ocr_carea' id='block_1_47' title="bbox 404 4313 2051 4389">
    <p class='ocr_par' dir='ltr' id='par_1_47' title="bbox 404 4313 2051 4389">
     <span class='ocr_line' id='line_1_47' title="bbox 404 4313 2051 4389; baseline 0.002 -17"><span class='ocrx_word' id='word_1_314' title='bbox 404 4314 673 4389; x_wconf 87' lang='lat' dir='ltr'>Cypriani</span> <span class='ocrx_word' id='word_1_315' title='bbox 696 4316 891 4370; x_wconf 88' lang='lat' dir='ltr'>verba.</span> <span class='ocrx_word' id='word_1_316' title='bbox 924 4316 1063 4369; x_wconf 90' lang='lat' dir='ltr'>Cum</span> <span class='ocrx_word' id='word_1_317' title='bbox 1098 4313 1279 4384; x_wconf 87' lang='lat' dir='ltr'>igitur</span> <span class='ocrx_word' id='word_1_318' title='bbox 1300 4314 1371 4368; x_wconf 91' lang='lat' dir='ltr'>ab</span> <span class='ocrx_word' id='word_1_319' title='bbox 1403 4329 1471 4368; x_wconf 90' lang='lat' dir='ltr'>ea</span> <span class='ocrx_word' id='word_1_320' title='bbox 1499 4313 2051 4389; x_wconf 89' lang='lat' dir='ltr'>benedictione,qua</span> 
     </span>
    </p>
   </div>
   <div class='ocr_carea' id='block_1_48' title="bbox 403 4400 2051 4475">
    <p class='ocr_par' dir='ltr' id='par_1_48' title="bbox 403 4400 2051 4475">
     <span class='ocr_line' id='line_1_48' title="bbox 403 4400 2051 4475; baseline 0.001 -14"><span class='ocrx_word' id='word_1_321' title='bbox 403 4406 741 4461; x_wconf 84' lang='lat' dir='ltr'>deserentes</span> <span class='ocrx_word' id='word_1_322' title='bbox 770 4403 1041 4459; x_wconf 72' lang='lat' dir='ltr'>haeresim</span> <span class='ocrx_word' id='word_1_323' title='bbox 1073 4404 1132 4457; x_wconf 93' lang='lat' dir='ltr'>in</span> <span class='ocrx_word' id='word_1_324' title='bbox 1163 4400 1419 4458; x_wconf 84' lang='lat' dir='ltr'>Ecclesia</span> <span class='ocrx_word' id='word_1_325' title='bbox 1435 4402 2051 4475; x_wconf 89' lang='lat' dir='ltr'>suscipiebatur,absit</span> 
     </span>
    </p>
   </div>
   <div class='ocr_carea' id='block_1_49' title="bbox 401 4491 2049 4568">
    <p class='ocr_par' dir='ltr' id='par_1_49' title="bbox 401 4491 2049 4568">
     <span class='ocr_line' id='line_1_49' title="bbox 401 4491 2049 4568; baseline 0.002 -18"><span class='ocrx_word' id='word_1_326' title='bbox 401 4493 502 4550; x_wconf 90' lang='lat' dir='ltr'>illa</span> <span class='ocrx_word' id='word_1_327' title='bbox 532 4493 806 4567; x_wconf 88' lang='lat' dir='ltr'>precatio,</span> <span class='ocrx_word' id='word_1_328' title='bbox 838 4509 955 4564; x_wconf 89' lang='lat' dir='ltr'>qua</span> <span class='ocrx_word' id='word_1_329' title='bbox 974 4491 1776 4563; x_wconf 86' lang='lat' dir='ltr'>conﬁrmandisconsignatio</span> <span class='ocrx_word' id='word_1_330' title='bbox 1810 4499 2049 4568; x_wconf 86' lang='lat' dir='ltr'>rogaba-</span> 
     </span>
    </p>
   </div>
   <div class='ocr_carea' id='block_1_50' title="bbox 2181 564 3853 634">
    <p class='ocr_par' dir='ltr' id='par_1_50' title="bbox 2181 564 3853 634">
     <span class='ocr_line' id='line_1_50' title="bbox 2181 564 3853 634; baseline 0.001 -15"><span class='ocrx_word' id='word_1_331' title='bbox 2181 564 2321 620; x_wconf 86' lang='lat' dir='ltr'>doni</span> <span class='ocrx_word' id='word_1_332' title='bbox 2346 565 2591 634; x_wconf 75' lang='lat' dir='ltr'>Spiritus</span> <span class='ocrx_word' id='word_1_333' title='bbox 2620 568 2817 622; x_wconf 76' lang='lat' dir='ltr'>sancti.</span> <span class='ocrx_word' id='word_1_334' title='bbox 2841 566 2955 624; x_wconf 89' lang='lat' dir='ltr'>Cur</span> <span class='ocrx_word' id='word_1_335' title='bbox 2969 583 3100 622; x_wconf 89' lang='lat' dir='ltr'>vero</span> <span class='ocrx_word' id='word_1_336' title='bbox 3132 566 3480 622; x_wconf 86' lang='lat' dir='ltr'>nominatim</span> <span class='ocrx_word' id='word_1_337' title='bbox 3506 583 3642 623; x_wconf 91' lang='lat' dir='ltr'>cum</span> <span class='ocrx_word' id='word_1_338' title='bbox 3659 565 3853 623; x_wconf 79' lang='lat' dir='ltr'>Nova-</span> 
     </span>
    </p>
   </div>
   <div class='ocr_carea' id='block_1_51' title="bbox 2180 651 3853 727">
    <p class='ocr_par' dir='ltr' id='par_1_51' title="bbox 2180 651 3853 727">
     <span class='ocr_line' id='line_1_51' title="bbox 2180 651 3853 727; baseline 0.002 -20"><span class='ocrx_word' id='word_1_339' title='bbox 2180 651 2356 709; x_wconf 89' lang='lat' dir='ltr'>tianis</span> <span class='ocrx_word' id='word_1_340' title='bbox 2387 654 2470 709; x_wconf 92' lang='lat' dir='ltr'>sic</span> <span class='ocrx_word' id='word_1_341' title='bbox 2500 654 2593 727; x_wconf 87' lang='lat' dir='ltr'>agi</span> <span class='ocrx_word' id='word_1_342' title='bbox 2618 655 2883 725; x_wconf 90' lang='lat' dir='ltr'>voluerit,</span> <span class='ocrx_word' id='word_1_343' title='bbox 2926 655 3181 727; x_wconf 74' lang='lat' dir='ltr'>explicat</span> <span class='ocrx_word' id='word_1_344' title='bbox 3208 654 3648 711; x_wconf 88' lang='lat' dir='ltr'>Theoodoretus</span> <span class='ocrx_word' id='word_1_345' title='bbox 3676 671 3853 727; x_wconf 85' lang='lat' dir='ltr'>supe-</span> 
     </span>
    </p>
   </div>
   <div class='ocr_carea' id='block_1_52' title="bbox 2180 740 3850 816">
    <p class='ocr_par' dir='ltr' id='par_1_52' title="bbox 2180 740 3850 816">
     <span class='ocr_line' id='line_1_52' title="bbox 2180 740 3850 816; baseline 0.001 -19"><span class='ocrx_word' id='word_1_346' title='bbox 2180 740 2325 811; x_wconf 90' lang='lat' dir='ltr'>rius,</span> <span class='ocrx_word' id='word_1_347' title='bbox 2359 759 2492 816; x_wconf 91' lang='lat' dir='ltr'>pag.</span> <span class='ocrx_word' id='word_1_348' title='bbox 2526 744 2649 812; x_wconf 77' lang='grc'>154,</span> <span class='ocrx_word' id='word_1_349' title='bbox 2682 750 2803 800; x_wconf 89' lang='lat' dir='ltr'>not.</span> <span class='ocrx_word' id='word_1_350' title='bbox 2837 762 2887 800; x_wconf 91' lang='lat' dir='ltr'>c.</span> <span class='ocrx_word' id='word_1_351' title='bbox 2923 743 3166 811; x_wconf 90' lang='lat' dir='ltr'>relatus,</span> <span class='ocrx_word' id='word_1_352' title='bbox 3218 744 3461 800; x_wconf 83' lang='lat' dir='ltr'>Arianos</span> <span class='ocrx_word' id='word_1_353' title='bbox 3499 760 3655 815; x_wconf 87' lang='lat' dir='ltr'>vero,</span> <span class='ocrx_word' id='word_1_354' title='bbox 3688 761 3850 816; x_wconf 80' lang='lat' dir='ltr'>quos</span> 
     </span>
    </p>
   </div>
   <div class='ocr_carea' id='block_1_53' title="bbox 2179 831 3855 905">
    <p class='ocr_par' dir='ltr' id='par_1_53' title="bbox 2179 831 3855 905">
     <span class='ocr_line' id='line_1_53' title="bbox 2179 831 3855 905; baseline 0.002 -19"><span class='ocrx_word' id='word_1_355' title='bbox 2179 831 2453 888; x_wconf 90' lang='lat' dir='ltr'>similiter</span> <span class='ocrx_word' id='word_1_356' title='bbox 2478 833 2800 905; x_wconf 87' lang='lat' dir='ltr'>signandos</span> <span class='ocrx_word' id='word_1_357' title='bbox 2815 834 3112 890; x_wconf 82' lang='lat' dir='ltr'>esseidcm</span> <span class='ocrx_word' id='word_1_358' title='bbox 3126 833 3438 889; x_wconf 90' lang='lat' dir='ltr'>concilium</span> <span class='ocrx_word' id='word_1_359' title='bbox 3469 832 3696 901; x_wconf 87' lang='lat' dir='ltr'>statuit,</span> <span class='ocrx_word' id='word_1_360' title='bbox 3716 832 3855 889; x_wconf 83' lang='lat' dir='ltr'>sola</span> 
     </span>
    </p>
   </div>
   <div class='ocr_carea' id='block_1_54' title="bbox 2178 922 3848 995">
    <p class='ocr_par' dir='ltr' id='par_1_54' title="bbox 2178 922 3848 995">
     <span class='ocr_line' id='line_1_54' title="bbox 2178 922 3848 995; baseline 0.001 -20"><span class='ocrx_word' id='word_1_361' title='bbox 2178 937 2392 977; x_wconf 88' lang='lat' dir='ltr'>manus</span> <span class='ocrx_word' id='word_1_362' title='bbox 2422 922 2796 994; x_wconf 89' lang='lat' dir='ltr'>impositione</span> <span class='ocrx_word' id='word_1_363' title='bbox 2828 924 2887 978; x_wconf 91' lang='lat' dir='ltr'>in</span> <span class='ocrx_word' id='word_1_364' title='bbox 2917 922 3229 979; x_wconf 86' lang='lat' dir='ltr'>Occidente</span> <span class='ocrx_word' id='word_1_365' title='bbox 3261 924 3439 995; x_wconf 88' lang='lat' dir='ltr'>recipi</span> <span class='ocrx_word' id='word_1_366' title='bbox 3497 922 3848 995; x_wconf 82' lang='lat' dir='ltr'>Gregorius,</span> 
     </span>
    </p>
   </div>
   <div class='ocr_carea' id='block_1_55' title="bbox 2178 1008 3849 1084">
    <p class='ocr_par' dir='ltr' id='par_1_55' title="bbox 2178 1008 3849 1084">
     <span class='ocr_line' id='line_1_55' title="bbox 2178 1008 3849 1084; baseline 0.001 -20"><span class='ocrx_word' id='word_1_367' title='bbox 2178 1008 2280 1065; x_wconf 90' lang='lat' dir='ltr'>lib.</span> <span class='ocrx_word' id='word_1_368' title='bbox 2305 1027 2382 1080; x_wconf 83' lang='lat' dir='ltr'>x1,</span> <span class='ocrx_word' id='word_1_369' title='bbox 2416 1011 2536 1067; x_wconf 89' lang='lat' dir='ltr'>ind.</span> <span class='ocrx_word' id='word_1_370' title='bbox 2562 1012 2616 1081; x_wconf 83' lang='grc'>4,</span> <span class='ocrx_word' id='word_1_371' title='bbox 2639 1012 2809 1084; x_wconf 87' lang='lat' dir='ltr'>epist.</span> <span class='ocrx_word' id='word_1_372' title='bbox 2841 1013 2912 1067; x_wconf 86' lang='lat'>67</span> <span class='ocrx_word' id='word_1_373' title='bbox 2948 1012 3035 1068; x_wconf 84' lang='lat' dir='ltr'>ad</span> <span class='ocrx_word' id='word_1_374' title='bbox 3063 1012 3374 1080; x_wconf 82' lang='lat' dir='ltr'>Quirioum,</span> <span class='ocrx_word' id='word_1_375' title='bbox 3406 1015 3675 1067; x_wconf 84' lang='lat' dir='ltr'>testatur.</span> <span class='ocrx_word' id='word_1_376' title='bbox 3706 1012 3849 1067; x_wconf 74' lang='lat' dir='ltr'>Cse-</span> 
     </span>
    </p>
   </div>
   <div class='ocr_carea' id='block_1_56' title="bbox 2180 1100 3848 1173">
    <p class='ocr_par' dir='ltr' id='par_1_56' title="bbox 2180 1100 3848 1173">
     <span class='ocr_line' id='line_1_56' title="bbox 2180 1100 3848 1173; baseline 0.001 -19"><span class='ocrx_word' id='word_1_377' title='bbox 2180 1102 2372 1154; x_wconf 86' lang='lat' dir='ltr'>terum</span> <span class='ocrx_word' id='word_1_378' title='bbox 2405 1100 2795 1172; x_wconf 90' lang='lat' dir='ltr'>impositionis</span> <span class='ocrx_word' id='word_1_379' title='bbox 2828 1117 3064 1173; x_wconf 89' lang='lat' dir='ltr'>manus,</span> <span class='ocrx_word' id='word_1_380' title='bbox 3102 1100 3390 1157; x_wconf 76' lang='lat' dir='ltr'>haereticis</span> <span class='ocrx_word' id='word_1_381' title='bbox 3422 1100 3848 1167; x_wconf 84' lang='lat' dir='ltr'>redeuntibus,</span> 
     </span>
    </p>
   </div>
   <div class='ocr_carea' id='block_1_57' title="bbox 2179 1187 3854 1260">
    <p class='ocr_par' dir='ltr' id='par_1_57' title="bbox 2179 1187 3854 1260">
     <span class='ocr_line' id='line_1_57' title="bbox 2179 1187 3854 1260; baseline 0.001 -18"><span class='ocrx_word' id='word_1_382' title='bbox 2179 1187 2454 1243; x_wconf 69' lang='lat' dir='ltr'>adhibitis</span> <span class='ocrx_word' id='word_1_383' title='bbox 2485 1188 2698 1260; x_wconf 82' lang='lat' dir='ltr'>duplex</span> <span class='ocrx_word' id='word_1_384' title='bbox 2727 1197 2841 1245; x_wconf 86' lang='lat' dir='ltr'>erat</span> <span class='ocrx_word' id='word_1_385' title='bbox 2884 1189 3144 1246; x_wconf 69' lang='lat' dir='ltr'>effectus.</span> <span class='ocrx_word' id='word_1_386' title='bbox 3209 1188 3314 1244; x_wconf 90' lang='lat' dir='ltr'>Illa</span> <span class='ocrx_word' id='word_1_387' title='bbox 3361 1189 3519 1245; x_wconf 90' lang='lat' dir='ltr'>enim</span> <span class='ocrx_word' id='word_1_388' title='bbox 3557 1189 3617 1244; x_wconf 89' lang='lat' dir='ltr'>in</span> <span class='ocrx_word' id='word_1_389' title='bbox 3647 1189 3722 1245; x_wconf 89' lang='lat' dir='ltr'>iis</span> <span class='ocrx_word' id='word_1_390' title='bbox 3780 1193 3854 1243; x_wconf 90' lang='lat' dir='ltr'>nt</span> 
     </span>
    </p>
   </div>
   <div class='ocr_carea' id='block_1_58' title="bbox 2180 1276 3858 1351">
    <p class='ocr_par' dir='ltr' id='par_1_58' title="bbox 2180 1276 3858 1351">
     <span class='ocr_line' id='line_1_58' title="bbox 2180 1276 3858 1351; baseline 0.001 -21"><span class='ocrx_word' id='word_1_391' title='bbox 2180 1276 2601 1348; x_wconf 83' lang='lat' dir='ltr'>pcsnitentibus</span> <span class='ocrx_word' id='word_1_392' title='bbox 2630 1278 2899 1335; x_wconf 87' lang='lat' dir='ltr'>abluebat</span> <span class='ocrx_word' id='word_1_393' title='bbox 2929 1279 3207 1335; x_wconf 63' lang='lat' dir='ltr'>hareticae</span> <span class='ocrx_word' id='word_1_394' title='bbox 3238 1277 3421 1351; x_wconf 70' lang='lat' dir='ltr'>culpa:</span> <span class='ocrx_word' id='word_1_395' title='bbox 3455 1277 3684 1346; x_wconf 85' lang='lat' dir='ltr'>labem;</span> <span class='ocrx_word' id='word_1_396' title='bbox 3712 1293 3858 1333; x_wconf 85' lang='lat' dir='ltr'>eos-</span> 
     </span>
    </p>
   </div>
   <div class='ocr_carea' id='block_1_59' title="bbox 2182 1366 3851 1439">
    <p class='ocr_par' dir='ltr' id='par_1_59' title="bbox 2182 1366 3851 1439">
     <span class='ocr_line' id='line_1_59' title="bbox 2182 1366 3851 1439; baseline 0.001 -19"><span class='ocrx_word' id='word_1_397' title='bbox 2182 1366 2315 1421; x_wconf 90' lang='lat' dir='ltr'>dem</span> <span class='ocrx_word' id='word_1_398' title='bbox 2348 1382 2481 1422; x_wconf 92' lang='lat' dir='ltr'>vero</span> <span class='ocrx_word' id='word_1_399' title='bbox 2530 1372 2597 1423; x_wconf 91' lang='lat' dir='ltr'>ut</span> <span class='ocrx_word' id='word_1_400' title='bbox 2626 1373 2917 1424; x_wconf 90' lang='lat' dir='ltr'>correctos</span> <span class='ocrx_word' id='word_1_401' title='bbox 2974 1366 3241 1424; x_wconf 66' lang='lat' dir='ltr'>Ecclesiae</span> <span class='ocrx_word' id='word_1_402' title='bbox 3298 1366 3631 1439; x_wconf 88' lang='lat' dir='ltr'>copulabat.</span> <span class='ocrx_word' id='word_1_403' title='bbox 3682 1366 3851 1421; x_wconf 77' lang='lat' dir='ltr'><strong>Effe-</strong></span> 
     </span>
    </p>
   </div>
   <div class='ocr_carea' id='block_1_60' title="bbox 2184 1455 3859 1528">
    <p class='ocr_par' dir='ltr' id='par_1_60' title="bbox 2184 1455 3859 1528">
     <span class='ocr_line' id='line_1_60' title="bbox 2184 1455 3859 1528; baseline 0 -19"><span class='ocrx_word' id='word_1_404' title='bbox 2184 1459 2343 1509; x_wconf 89' lang='lat' dir='ltr'>ctum</span> <span class='ocrx_word' id='word_1_405' title='bbox 2372 1458 2690 1527; x_wconf 88' lang='lat' dir='ltr'>utrumque</span> <span class='ocrx_word' id='word_1_406' title='bbox 2717 1456 3085 1528; x_wconf 86' lang='lat' dir='ltr'>Augustinus</span> <span class='ocrx_word' id='word_1_407' title='bbox 3114 1455 3197 1511; x_wconf 91' lang='lat' dir='ltr'>ita</span> <span class='ocrx_word' id='word_1_408' title='bbox 3225 1455 3534 1511; x_wconf 86' lang='lat' dir='ltr'>enuntiat:</span> <span class='ocrx_word' id='word_1_409' title='bbox 3567 1476 3589 1505; x_wconf 78' lang='grc' dir='ltr'>ι</span> <span class='ocrx_word' id='word_1_410' title='bbox 3626 1455 3859 1509; x_wconf 82' lang='lat' dir='ltr'>Manus</span> 
     </span>
    </p>
   </div>
   <div class='ocr_carea' id='block_1_61' title="bbox 2185 1542 3855 1616">
    <p class='ocr_par' dir='ltr' id='par_1_61' title="bbox 2185 1542 3855 1616">
     <span class='ocr_line' id='line_1_61' title="bbox 2185 1542 3855 1616; baseline -0.001 -17"><span class='ocrx_word' id='word_1_411' title='bbox 2185 1547 2379 1599; x_wconf 87' lang='lat' dir='ltr'>autem</span> <span class='ocrx_word' id='word_1_412' title='bbox 2412 1543 2708 1616; x_wconf 89' lang='lat' dir='ltr'>impositio</span> <span class='ocrx_word' id='word_1_413' title='bbox 2740 1545 2789 1600; x_wconf 89' lang='lat' dir='ltr'>si</span> <span class='ocrx_word' id='word_1_414' title='bbox 2821 1562 2936 1601; x_wconf 91' lang='lat' dir='ltr'>non</span> <span class='ocrx_word' id='word_1_415' title='bbox 2968 1544 3345 1600; x_wconf 90' lang='lat' dir='ltr'>adhiberetur</span> <span class='ocrx_word' id='word_1_416' title='bbox 3384 1543 3455 1599; x_wconf 86' lang='lat' dir='ltr'>ab</span> <span class='ocrx_word' id='word_1_417' title='bbox 3498 1542 3707 1599; x_wconf 72' lang='lat' dir='ltr'>haeresi</span> <span class='ocrx_word' id='word_1_418' title='bbox 3746 1559 3855 1598; x_wconf 81' lang='lat' dir='ltr'>ve-</span> 
     </span>
    </p>
   </div>
   <div class='ocr_carea' id='block_1_62' title="bbox 2187 1632 3859 1705">
    <p class='ocr_par' dir='ltr' id='par_1_62' title="bbox 2187 1632 3859 1705">
     <span class='ocr_line' id='line_1_62' title="bbox 2187 1632 3859 1705; baseline 0.001 -19"><span class='ocrx_word' id='word_1_419' title='bbox 2187 1632 2391 1704; x_wconf 90' lang='lat' dir='ltr'>nienti,</span> <span class='ocrx_word' id='word_1_420' title='bbox 2415 1638 2691 1705; x_wconf 87' lang='lat' dir='ltr'>tanquam</span> <span class='ocrx_word' id='word_1_421' title='bbox 2722 1639 2884 1689; x_wconf 81' lang='lat' dir='ltr'>extra</span> <span class='ocrx_word' id='word_1_422' title='bbox 2913 1650 3148 1689; x_wconf 89' lang='lat' dir='ltr'>omnem</span> <span class='ocrx_word' id='word_1_423' title='bbox 3178 1633 3414 1705; x_wconf 89' lang='lat' dir='ltr'>culpam</span> <span class='ocrx_word' id='word_1_424' title='bbox 3454 1650 3582 1689; x_wconf 88' lang='lat' dir='ltr'>esse</span> <span class='ocrx_word' id='word_1_425' title='bbox 3605 1632 3859 1704; x_wconf 83' lang='lat' dir='ltr'>judica-</span> 
     </span>
    </p>
   </div>
   <div class='ocr_carea' id='block_1_63' title="bbox 2187 1722 3854 1795">
    <p class='ocr_par' dir='ltr' id='par_1_63' title="bbox 2187 1722 3854 1795">
     <span class='ocr_line' id='line_1_63' title="bbox 2187 1722 3854 1795; baseline 0.001 -19"><span class='ocrx_word' id='word_1_426' title='bbox 2187 1727 2365 1777; x_wconf 86' lang='lat' dir='ltr'>retur.</span> <span class='ocrx_word' id='word_1_427' title='bbox 2400 1726 2642 1795; x_wconf 86' lang='lat' dir='ltr'>Propter</span> <span class='ocrx_word' id='word_1_428' title='bbox 2672 1722 2931 1778; x_wconf 89' lang='lat' dir='ltr'>caritatis</span> <span class='ocrx_word' id='word_1_429' title='bbox 2963 1727 3160 1778; x_wconf 89' lang='lat' dir='ltr'>autem</span> <span class='ocrx_word' id='word_1_430' title='bbox 3192 1722 3642 1794; x_wconf 89' lang='lat' dir='ltr'>copulationem,</span> <span class='ocrx_word' id='word_1_431' title='bbox 3675 1723 3854 1793; x_wconf 84' lang='lat' dir='ltr'>quod</span> 
     </span>
    </p>
   </div>
   <div class='ocr_carea' id='block_1_64' title="bbox 2188 1811 3858 1883">
    <p class='ocr_par' dir='ltr' id='par_1_64' title="bbox 2188 1811 3858 1883">
     <span class='ocr_line' id='line_1_64' title="bbox 2188 1811 3858 1883; baseline -0.001 -17"><span class='ocrx_word' id='word_1_432' title='bbox 2188 1816 2278 1866; x_wconf 89' lang='lat' dir='ltr'>est</span> <span class='ocrx_word' id='word_1_433' title='bbox 2307 1812 2629 1868; x_wconf 84' lang='lat' dir='ltr'>maximum</span> <span class='ocrx_word' id='word_1_434' title='bbox 2661 1813 2879 1869; x_wconf 88' lang='lat' dir='ltr'>donum</span> <span class='ocrx_word' id='word_1_435' title='bbox 2911 1812 3163 1883; x_wconf 87' lang='lat' dir='ltr'>Spiritus</span> <span class='ocrx_word' id='word_1_436' title='bbox 3186 1811 3398 1879; x_wconf 86' lang='lat' dir='ltr'>sancti,</span> <span class='ocrx_word' id='word_1_437' title='bbox 3428 1812 3554 1867; x_wconf 90' lang='lat' dir='ltr'>sine</span> <span class='ocrx_word' id='word_1_438' title='bbox 3584 1827 3703 1882; x_wconf 89' lang='lat' dir='ltr'>quo</span> <span class='ocrx_word' id='word_1_439' title='bbox 3729 1829 3858 1866; x_wconf 88' lang='lat' dir='ltr'>non</span> 
     </span>
    </p>
   </div>
   <div class='ocr_carea' id='block_1_65' title="bbox 2176 1901 3859 1977">
    <p class='ocr_par' dir='ltr' id='par_1_65' title="bbox 2176 1901 3859 1977">
     <span class='ocr_line' id='line_1_65' title="bbox 2176 1901 3859 1977; baseline -0.001 -20"><span class='ocrx_word' id='word_1_440' title='bbox 2176 1901 2367 1958; x_wconf 88' lang='lat' dir='ltr'>valent</span> <span class='ocrx_word' id='word_1_441' title='bbox 2393 1905 2464 1959; x_wconf 90' lang='lat' dir='ltr'>ad</span> <span class='ocrx_word' id='word_1_442' title='bbox 2489 1904 2735 1960; x_wconf 89' lang='lat' dir='ltr'>salutem</span> <span class='ocrx_word' id='word_1_443' title='bbox 2752 1920 3135 1977; x_wconf 60' lang='lat' dir='ltr'>quaecumque</span> <span class='ocrx_word' id='word_1_444' title='bbox 3149 1902 3263 1958; x_wconf 88' lang='lat' dir='ltr'>alia</span> <span class='ocrx_word' id='word_1_445' title='bbox 3290 1906 3493 1958; x_wconf 88' lang='lat' dir='ltr'>sancta</span> <span class='ocrx_word' id='word_1_446' title='bbox 3506 1903 3565 1956; x_wconf 90' lang='lat' dir='ltr'>in</span> <span class='ocrx_word' id='word_1_447' title='bbox 3596 1902 3859 1957; x_wconf 86' lang='lat' dir='ltr'>homine</span> 
     </span>
    </p>
   </div>
   <div class='ocr_carea' id='block_1_66' title="bbox 2174 1991 3854 2065">
    <p class='ocr_par' dir='ltr' id='par_1_66' title="bbox 2174 1991 3854 2065">
     <span class='ocr_line' id='line_1_66' title="bbox 2174 1991 3854 2065; baseline -0.001 -18"><span class='ocrx_word' id='word_1_448' title='bbox 2174 1992 2411 2062; x_wconf 87' lang='lat' dir='ltr'>fuerint,</span> <span class='ocrx_word' id='word_1_449' title='bbox 2446 2010 2657 2049; x_wconf 90' lang='lat' dir='ltr'>manus</span> <span class='ocrx_word' id='word_1_450' title='bbox 2680 1993 2965 2050; x_wconf 62' lang='lat' dir='ltr'>haereticis</span> <span class='ocrx_word' id='word_1_451' title='bbox 2994 1991 3484 2065; x_wconf 89' lang='lat' dir='ltr'>imponitur(Lib.</span> <span class='ocrx_word' id='word_1_452' title='bbox 3509 2009 3541 2046; x_wconf 90' lang='lat' dir='ltr'>v</span> <span class='ocrx_word' id='word_1_453' title='bbox 3570 1992 3642 2047; x_wconf 82' lang='lat' dir='ltr'>de</span> <span class='ocrx_word' id='word_1_454' title='bbox 3671 1992 3854 2063; x_wconf 80' lang='lat' dir='ltr'>Bapt.</span> 
     </span>
    </p>
   </div>
   <div class='ocr_carea' id='block_1_67' title="bbox 2175 2080 3857 2155">
    <p class='ocr_par' dir='ltr' id='par_1_67' title="bbox 2175 2080 3857 2155">
     <span class='ocr_line' id='line_1_67' title="bbox 2175 2080 3857 2155; baseline -0.002 -17"><span class='ocrx_word' id='word_1_455' title='bbox 2175 2086 2353 2138; x_wconf 85' lang='lat' dir='ltr'>contr.</span> <span class='ocrx_word' id='word_1_456' title='bbox 2380 2084 2598 2151; x_wconf 85' lang='lat' dir='ltr'>Donat.,</span> <span class='ocrx_word' id='word_1_457' title='bbox 2630 2099 2758 2155; x_wconf 89' lang='lat' dir='ltr'>cap.</span> <span class='ocrx_word' id='word_1_458' title='bbox 2785 2083 2877 2148; x_wconf 85' lang='lat'>23,</span> <span class='ocrx_word' id='word_1_459' title='bbox 2912 2101 2966 2139; x_wconf 90' lang='lat' dir='ltr'>n.</span> <span class='ocrx_word' id='word_1_460' title='bbox 2998 2082 3109 2150; x_wconf 89' lang='lat'>33).</span> <span class='ocrx_word' id='word_1_461' title='bbox 3162 2105 3190 2132; x_wconf 85' lang='grc'>››</span> <span class='ocrx_word' id='word_1_462' title='bbox 3248 2080 3395 2136; x_wconf 85' lang='lat' dir='ltr'>Hinc</span> <span class='ocrx_word' id='word_1_463' title='bbox 3451 2086 3510 2136; x_wconf 91' lang='lat' dir='ltr'>et</span> <span class='ocrx_word' id='word_1_464' title='bbox 3566 2080 3639 2135; x_wconf 90' lang='lat' dir='ltr'>ad</span> <span class='ocrx_word' id='word_1_465' title='bbox 3689 2080 3857 2135; x_wconf 86' lang='lat' dir='ltr'>acci-</span> 
     </span>
    </p>
   </div>
   <div class='ocr_carea' id='block_1_68' title="bbox 2179 2170 3856 2245">
    <p class='ocr_par' dir='ltr' id='par_1_68' title="bbox 2179 2170 3856 2245">
     <span class='ocr_line' id='line_1_68' title="bbox 2179 2170 3856 2245; baseline -0.001 -18"><span class='ocrx_word' id='word_1_466' title='bbox 2179 2172 2456 2245; x_wconf 90' lang='lat' dir='ltr'>piendum</span> <span class='ocrx_word' id='word_1_467' title='bbox 2485 2172 2760 2244; x_wconf 86' lang='lat' dir='ltr'>Spiritum</span> <span class='ocrx_word' id='word_1_468' title='bbox 2784 2178 3079 2237; x_wconf 88' lang='lat' dir='ltr'>sanctum,</span> <span class='ocrx_word' id='word_1_469' title='bbox 3110 2178 3169 2228; x_wconf 92' lang='lat' dir='ltr'>et</span> <span class='ocrx_word' id='word_1_470' title='bbox 3198 2172 3258 2227; x_wconf 94' lang='lat' dir='ltr'>in</span> <span class='ocrx_word' id='word_1_471' title='bbox 3282 2170 3683 2244; x_wconf 76' lang='lat' dir='ltr'>pmnitentiam</span> <span class='ocrx_word' id='word_1_472' title='bbox 3713 2187 3856 2226; x_wconf 86' lang='lat' dir='ltr'>ma-</span> 
     </span>
    </p>
   </div>
   <div class='ocr_carea' id='block_1_69' title="bbox 2181 2258 3859 2334">
    <p class='ocr_par' dir='ltr' id='par_1_69' title="bbox 2181 2258 3859 2334">
     <span class='ocr_line' id='line_1_69' title="bbox 2181 2258 3859 2334; baseline -0.002 -18"><span class='ocrx_word' id='word_1_473' title='bbox 2181 2279 2294 2317; x_wconf 89' lang='lat' dir='ltr'>nus</span> <span class='ocrx_word' id='word_1_474' title='bbox 2324 2262 2408 2317; x_wconf 90' lang='lat' dir='ltr'>eis</span> <span class='ocrx_word' id='word_1_475' title='bbox 2436 2262 2681 2334; x_wconf 90' lang='lat' dir='ltr'>imponi,</span> <span class='ocrx_word' id='word_1_476' title='bbox 2717 2266 2818 2317; x_wconf 91' lang='lat' dir='ltr'>aut</span> <span class='ocrx_word' id='word_1_477' title='bbox 2844 2269 3180 2333; x_wconf 90' lang='lat' dir='ltr'>utrumque,</span> <span class='ocrx_word' id='word_1_478' title='bbox 3242 2262 3344 2334; x_wconf 91' lang='lat' dir='ltr'>qui</span> <span class='ocrx_word' id='word_1_479' title='bbox 3400 2260 3623 2324; x_wconf 90' lang='lat' dir='ltr'>dicunt,</span> <span class='ocrx_word' id='word_1_480' title='bbox 3687 2258 3859 2314; x_wconf 84' lang='lat' dir='ltr'>nihil</span> 
     </span>
    </p>
   </div>
   <div class='ocr_carea' id='block_1_70' title="bbox 2180 2349 3856 2423">
    <p class='ocr_par' dir='ltr' id='par_1_70' title="bbox 2180 2349 3856 2423">
     <span class='ocr_line' id='line_1_70' title="bbox 2180 2349 3856 2423; baseline -0.003 -16"><span class='ocrx_word' id='word_1_481' title='bbox 2180 2350 2556 2422; x_wconf 87' lang='lat' dir='ltr'>eloquuntur,</span> <span class='ocrx_word' id='word_1_482' title='bbox 2591 2353 2743 2423; x_wconf 89' lang='lat' dir='ltr'>quod</span> <span class='ocrx_word' id='word_1_483' title='bbox 2777 2368 2890 2406; x_wconf 91' lang='lat' dir='ltr'>non</span> <span class='ocrx_word' id='word_1_484' title='bbox 2922 2368 3055 2406; x_wconf 90' lang='lat' dir='ltr'>cum</span> <span class='ocrx_word' id='word_1_485' title='bbox 3083 2350 3325 2422; x_wconf 86' lang='lat' dir='ltr'>antiqua</span> <span class='ocrx_word' id='word_1_486' title='bbox 3348 2350 3460 2404; x_wconf 80' lang='lat' dir='ltr'>fide</span> <span class='ocrx_word' id='word_1_487' title='bbox 3483 2349 3856 2419; x_wconf 83' lang='lat' dir='ltr'>consentiat,</span> 
     </span>
    </p>
   </div>
   <div class='ocr_carea' id='block_1_71' title="bbox 2177 2436 3859 2511">
    <p class='ocr_par' dir='ltr' id='par_1_71' title="bbox 2177 2436 3859 2511">
     <span class='ocr_line' id='line_1_71' title="bbox 2177 2436 3859 2511; baseline -0.002 -15"><span class='ocrx_word' id='word_1_488' title='bbox 2177 2448 2274 2496; x_wconf 89' lang='lat' dir='ltr'>aut</span> <span class='ocrx_word' id='word_1_489' title='bbox 2310 2442 2461 2495; x_wconf 89' lang='lat' dir='ltr'>unde</span> <span class='ocrx_word' id='word_1_490' title='bbox 2488 2457 2586 2495; x_wconf 91' lang='lat' dir='ltr'>eos</span> <span class='ocrx_word' id='word_1_491' title='bbox 2611 2440 3009 2511; x_wconf 86' lang='lat' dir='ltr'>impositionis</span> <span class='ocrx_word' id='word_1_492' title='bbox 3042 2440 3385 2511; x_wconf 86' lang='lat' dir='ltr'>hujusmodi</span> <span class='ocrx_word' id='word_1_493' title='bbox 3425 2436 3715 2494; x_wconf 85' lang='lat' dir='ltr'>vocabulo</span> <span class='ocrx_word' id='word_1_494' title='bbox 3756 2455 3859 2493; x_wconf 81' lang='lat' dir='ltr'>sa-</span> 
     </span>
    </p>
   </div>
   <div class='ocr_carea' id='block_1_72' title="bbox 2174 2526 3851 2586">
    <p class='ocr_par' dir='ltr' id='par_1_72' title="bbox 2174 2526 3851 2586">
     <span class='ocr_line' id='line_1_72' title="bbox 2174 2526 3851 2586; baseline -0.004 0"><span class='ocrx_word' id='word_1_495' title='bbox 2174 2534 2542 2586; x_wconf 88' lang='lat' dir='ltr'>cramentum</span> <span class='ocrx_word' id='word_1_496' title='bbox 2575 2529 3039 2585; x_wconf 82' lang='lat' dir='ltr'>confirmationis</span> <span class='ocrx_word' id='word_1_497' title='bbox 3072 2528 3431 2584; x_wconf 82' lang='lat' dir='ltr'>intellexisse</span> <span class='ocrx_word' id='word_1_498' title='bbox 3463 2526 3851 2583; x_wconf 81' lang='lat' dir='ltr'>conﬁciatur.</span> 
     </span>
    </p>
   </div>
   <div class='ocr_carea' id='block_1_73' title="bbox 2174 2615 3849 2688">
    <p class='ocr_par' dir='ltr' id='par_1_73' title="bbox 2174 2615 3849 2688">
     <span class='ocr_line' id='line_1_73' title="bbox 2174 2615 3849 2688; baseline -0.002 -15"><span class='ocrx_word' id='word_1_499' title='bbox 2174 2618 2414 2673; x_wconf 90' lang='lat' dir='ltr'>Minime</span> <span class='ocrx_word' id='word_1_500' title='bbox 2444 2634 2575 2673; x_wconf 89' lang='lat' dir='ltr'>vero</span> <span class='ocrx_word' id='word_1_501' title='bbox 2617 2618 2884 2673; x_wconf 91' lang='lat' dir='ltr'>omnium</span> <span class='ocrx_word' id='word_1_502' title='bbox 2937 2618 2993 2673; x_wconf 91' lang='lat' dir='ltr'>id</span> <span class='ocrx_word' id='word_1_503' title='bbox 3043 2635 3111 2673; x_wconf 82' lang='lat' dir='ltr'>ex</span> <span class='ocrx_word' id='word_1_504' title='bbox 3160 2618 3352 2673; x_wconf 82' lang='lat' dir='ltr'>verbis</span> <span class='ocrx_word' id='word_1_505' title='bbox 3383 2615 3670 2688; x_wconf 90' lang='lat' dir='ltr'>Stephani</span> <span class='ocrx_word' id='word_1_506' title='bbox 3706 2615 3849 2671; x_wconf 86' lang='lat' dir='ltr'>elici</span> 
     </span>
    </p>
   </div>
   <div class='ocr_carea' id='block_1_74' title="bbox 2173 2712 2383 2780">
    <p class='ocr_par' dir='ltr' id='par_1_74' title="bbox 2173 2712 2383 2780">
     <span class='ocr_line' id='line_1_74' title="bbox 2173 2712 2383 2780; baseline -0.014 -16"><span class='ocrx_word' id='word_1_507' title='bbox 2173 2712 2383 2780; x_wconf 88' lang='lat' dir='ltr'>potest.</span> 
     </span>
    </p>
   </div>
   <div class='ocr_carea' id='block_1_75' title="bbox 2169 2850 3848 2923">
    <p class='ocr_par' dir='ltr' id='par_1_75' title="bbox 2169 2850 3848 2923">
     <span class='ocr_line' id='line_1_75' title="bbox 2169 2850 3848 2923; baseline 0.001 -19"><span class='ocrx_word' id='word_1_508' title='bbox 2169 2851 2265 2907; x_wconf 87' lang='lat' dir='ltr'>Vl.</span> <span class='ocrx_word' id='word_1_509' title='bbox 2296 2853 2606 2923; x_wconf 71' lang='lat' dir='ltr'>Stephanus</span> <span class='ocrx_word' id='word_1_510' title='bbox 2661 2852 2729 2906; x_wconf 88' lang='lat' dir='ltr'>ab</span> <span class='ocrx_word' id='word_1_511' title='bbox 2800 2851 3043 2923; x_wconf 77' lang='lat' dir='ltr'>antiquis</span> <span class='ocrx_word' id='word_1_512' title='bbox 3093 2850 3355 2905; x_wconf 74' lang='lat' dir='ltr'>laudatur</span> <span class='ocrx_word' id='word_1_513' title='bbox 3402 2853 3463 2923; x_wconf 79' lang='lat' dir='ltr'>ut</span> <span class='ocrx_word' id='word_1_514' title='bbox 3516 2850 3848 2921; x_wconf 60' lang='lat' dir='ltr'>apostolica</span> 
     </span>
    </p>
   </div>
   <div class='ocr_carea' id='block_1_76' title="bbox 2239 2921 3839 2993">
    <p class='ocr_par' dir='ltr' id='par_1_76' title="bbox 2239 2921 3839 2993">
     <span class='ocr_line' id='line_1_76' title="bbox 2239 2921 3839 2993; baseline -0.001 -16"><span class='ocrx_word' id='word_1_515' title='bbox 2239 2921 2559 2979; x_wconf 70' lang='lat' dir='ltr'>traditionis</span> <span class='ocrx_word' id='word_1_516' title='bbox 2590 2924 2819 2987; x_wconf 77' lang='lat' dir='ltr'>vindex,</span> <span class='ocrx_word' id='word_1_517' title='bbox 2852 2921 2952 2977; x_wconf 74' lang='lat' dir='ltr'>nec</span> <span class='ocrx_word' id='word_1_518' title='bbox 2982 2924 3191 2977; x_wconf 77' lang='lat' dir='ltr'>erroris</span> <span class='ocrx_word' id='word_1_519' title='bbox 3245 2922 3313 2976; x_wconf 88' lang='lat' dir='ltr'>ab</span> <span class='ocrx_word' id='word_1_520' title='bbox 3371 2921 3490 2975; x_wconf 82' lang='lat' dir='ltr'>ulto</span> <span class='ocrx_word' id='word_1_521' title='bbox 3536 2924 3839 2993; x_wconf 76' lang='lat' dir='ltr'>arguitur,</span> 
     </span>
    </p>
   </div>
   <div class='ocr_carea' id='block_1_77' title="bbox 2239 2994 3835 3065">
    <p class='ocr_par' dir='ltr' id='par_1_77' title="bbox 2239 2994 3835 3065">
     <span class='ocr_line' id='line_1_77' title="bbox 2239 2994 3835 3065; baseline -0.001 -16"><span class='ocrx_word' id='word_1_522' title='bbox 2239 2997 2353 3049; x_wconf 78' lang='lat' dir='ltr'>nisi</span> <span class='ocrx_word' id='word_1_523' title='bbox 2381 2998 2450 3050; x_wconf 88' lang='lat' dir='ltr'>ab</span> <span class='ocrx_word' id='word_1_524' title='bbox 2489 2997 2559 3049; x_wconf 82' lang='lat' dir='ltr'>iis</span> <span class='ocrx_word' id='word_1_525' title='bbox 2603 2997 2699 3065; x_wconf 89' lang='lat' dir='ltr'>qui</span> <span class='ocrx_word' id='word_1_526' title='bbox 2748 2996 3061 3065; x_wconf 70' lang='lat' dir='ltr'>quarumvis</span> <span class='ocrx_word' id='word_1_527' title='bbox 3106 2994 3489 3049; x_wconf 54' lang='lat' dir='ltr'>hereticorum</span> <span class='ocrx_word' id='word_1_528' title='bbox 3546 2994 3835 3063; x_wconf 69' lang='lat' dir='ltr'>baptisma</span> 
     </span>
    </p>
   </div>
   <div class='ocr_carea' id='block_1_78' title="bbox 2238 3067 2586 3138">
    <p class='ocr_par' dir='ltr' id='par_1_78' title="bbox 2238 3067 2586 3138">
     <span class='ocr_line' id='line_1_78' title="bbox 2238 3067 2586 3138; baseline -0.003 -17"><span class='ocrx_word' id='word_1_529' title='bbox 2238 3067 2586 3138; x_wconf 80' lang='lat' dir='ltr'>respuebant.</span> 
     </span>
    </p>
   </div>
   <div class='ocr_carea' id='block_1_79' title="bbox 2232 3187 3827 3259">
    <p class='ocr_par' dir='ltr' id='par_1_79' title="bbox 2232 3187 3827 3259">
     <span class='ocr_line' id='line_1_79' title="bbox 2232 3187 3827 3259; baseline -0.002 -15"><span class='ocrx_word' id='word_1_530' title='bbox 2232 3191 2321 3245; x_wconf 84' lang='grc'>24.</span> <span class='ocrx_word' id='word_1_531' title='bbox 2356 3189 2662 3244; x_wconf 86' lang='lat' dir='ltr'>Vincentio</span> <span class='ocrx_word' id='word_1_532' title='bbox 2695 3188 2985 3244; x_wconf 88' lang='lat' dir='ltr'>Lirinensi</span> <span class='ocrx_word' id='word_1_533' title='bbox 3018 3188 3217 3243; x_wconf 90' lang='lat' dir='ltr'>nullus</span> <span class='ocrx_word' id='word_1_534' title='bbox 3258 3187 3515 3243; x_wconf 89' lang='lat' dir='ltr'>occurrit</span> <span class='ocrx_word' id='word_1_535' title='bbox 3542 3188 3827 3259; x_wconf 82' lang='lat' dir='ltr'>Agrippi-</span> 
     </span>
    </p>
   </div>
   <div class='ocr_carea' id='block_1_80' title="bbox 2165 3276 3826 3349">
    <p class='ocr_par' dir='ltr' id='par_1_80' title="bbox 2165 3276 3826 3349">
     <span class='ocr_line' id='line_1_80' title="bbox 2165 3276 3826 3349; baseline -0.002 -15"><span class='ocrx_word' id='word_1_536' title='bbox 2165 3296 2238 3335; x_wconf 91' lang='lat' dir='ltr'>no</span> <span class='ocrx_word' id='word_1_537' title='bbox 2270 3278 2710 3349; x_wconf 84' lang='lat' dir='ltr'>Carthaginensi</span> <span class='ocrx_word' id='word_1_538' title='bbox 2743 3279 3015 3349; x_wconf 89' lang='lat' dir='ltr'>episcopo</span> <span class='ocrx_word' id='word_1_539' title='bbox 3073 3277 3392 3348; x_wconf 88' lang='lat' dir='ltr'>antiquior,</span> <span class='ocrx_word' id='word_1_540' title='bbox 3449 3277 3546 3331; x_wconf 90' lang='lat' dir='ltr'>cui</span> <span class='ocrx_word' id='word_1_541' title='bbox 3580 3276 3826 3331; x_wconf 64' lang='lat' dir='ltr'>haeretio</span> 
     </span>
    </p>
   </div>
   <div class='ocr_carea' id='block_1_81' title="bbox 2163 3365 3820 3438">
    <p class='ocr_par' dir='ltr' id='par_1_81' title="bbox 2163 3365 3820 3438">
     <span class='ocr_line' id='line_1_81' title="bbox 2163 3365 3820 3438; baseline -0.002 -15"><span class='ocrx_word' id='word_1_542' title='bbox 2163 3385 2260 3423; x_wconf 88' lang='lat' dir='ltr'>cos</span> <span class='ocrx_word' id='word_1_543' title='bbox 2291 3369 2361 3422; x_wconf 87' lang='lat' dir='ltr'>ad</span> <span class='ocrx_word' id='word_1_544' title='bbox 2395 3367 2703 3422; x_wconf 82' lang='lat' dir='ltr'>Ecclesiam</span> <span class='ocrx_word' id='word_1_545' title='bbox 2746 3366 3053 3421; x_wconf 85' lang='lat' dir='ltr'>redeuntes</span> <span class='ocrx_word' id='word_1_546' title='bbox 3084 3365 3411 3438; x_wconf 84' lang='lat' dir='ltr'>baptizandi</span> <span class='ocrx_word' id='word_1_547' title='bbox 3444 3366 3820 3421; x_wconf 87' lang='lat' dir='ltr'>consuetudo</span> 
     </span>
    </p>
   </div>
   <div class='ocr_carea' id='block_1_82' title="bbox 2161 3454 3825 3527">
    <p class='ocr_par' dir='ltr' id='par_1_82' title="bbox 2161 3454 3825 3527">
     <span class='ocr_line' id='line_1_82' title="bbox 2161 3454 3825 3527; baseline -0.002 -17"><span class='ocrx_word' id='word_1_548' title='bbox 2161 3456 2339 3511; x_wconf 90' lang='lat' dir='ltr'>tribui</span> <span class='ocrx_word' id='word_1_549' title='bbox 2375 3456 2576 3527; x_wconf 90' lang='lat' dir='ltr'>possit.</span> <span class='ocrx_word' id='word_1_550' title='bbox 2610 3455 2705 3510; x_wconf 90' lang='lat' dir='ltr'>Sic</span> <span class='ocrx_word' id='word_1_551' title='bbox 2734 3471 2905 3525; x_wconf 89' lang='lat' dir='ltr'>porro</span> <span class='ocrx_word' id='word_1_552' title='bbox 2963 3455 3263 3526; x_wconf 89' lang='lat' dir='ltr'>loquitur:</span> <span class='ocrx_word' id='word_1_553' title='bbox 3303 3477 3323 3504; x_wconf 82' lang='grc' dir='ltr'>ι</span> <span class='ocrx_word' id='word_1_554' title='bbox 3360 3455 3676 3520; x_wconf 86' lang='lat' dir='ltr'>Quondam</span> <span class='ocrx_word' id='word_1_555' title='bbox 3706 3454 3825 3525; x_wconf 84' lang='lat' dir='ltr'>igi-</span> 
     </span>
    </p>
   </div>
   <div class='ocr_carea' id='block_1_83' title="bbox 2162 3542 3826 3615">
    <p class='ocr_par' dir='ltr' id='par_1_83' title="bbox 2162 3542 3826 3615">
     <span class='ocr_line' id='line_1_83' title="bbox 2162 3542 3826 3615; baseline -0.002 -15"><span class='ocrx_word' id='word_1_556' title='bbox 2162 3549 2259 3600; x_wconf 91' lang='lat' dir='ltr'>tur</span> <span class='ocrx_word' id='word_1_557' title='bbox 2316 3544 2663 3600; x_wconf 86' lang='lat' dir='ltr'>venerabilis</span> <span class='ocrx_word' id='word_1_558' title='bbox 2722 3542 3013 3599; x_wconf 75' lang='lat' dir='ltr'>memoriaa</span> <span class='ocrx_word' id='word_1_559' title='bbox 3067 3543 3447 3615; x_wconf 86' lang='lat' dir='ltr'>Agrippinus,</span> <span class='ocrx_word' id='word_1_560' title='bbox 3516 3542 3826 3614; x_wconf 80' lang='lat' dir='ltr'>Carthagi-</span> 
     </span>
    </p>
   </div>
   <div class='ocr_carea' id='block_1_84' title="bbox 2164 3630 3824 3704">
    <p class='ocr_par' dir='ltr' id='par_1_84' title="bbox 2164 3630 3824 3704">
     <span class='ocr_line' id='line_1_84' title="bbox 2164 3630 3824 3704; baseline -0.002 -15"><span class='ocrx_word' id='word_1_561' title='bbox 2164 3634 2364 3689; x_wconf 88' lang='lat' dir='ltr'>nensis</span> <span class='ocrx_word' id='word_1_562' title='bbox 2395 3632 2726 3704; x_wconf 89' lang='lat' dir='ltr'>episcopus,</span> <span class='ocrx_word' id='word_1_563' title='bbox 2762 3632 2988 3703; x_wconf 89' lang='lat' dir='ltr'>primus</span> <span class='ocrx_word' id='word_1_564' title='bbox 3018 3633 3283 3687; x_wconf 89' lang='lat' dir='ltr'>omnium</span> <span class='ocrx_word' id='word_1_565' title='bbox 3318 3630 3666 3686; x_wconf 86' lang='lat' dir='ltr'>mortalium</span> <span class='ocrx_word' id='word_1_566' title='bbox 3687 3648 3824 3686; x_wconf 84' lang='lat' dir='ltr'>con-</span> 
     </span>
    </p>
   </div>
   <div class='ocr_carea' id='block_1_85' title="bbox 2168 3719 3824 3791">
    <p class='ocr_par' dir='ltr' id='par_1_85' title="bbox 2168 3719 3824 3791">
     <span class='ocr_line' id='line_1_85' title="bbox 2168 3719 3824 3791; baseline -0.004 -12"><span class='ocrx_word' id='word_1_567' title='bbox 2168 3727 2259 3779; x_wconf 90' lang='lat' dir='ltr'>tra</span> <span class='ocrx_word' id='word_1_568' title='bbox 2292 3722 2552 3778; x_wconf 89' lang='lat' dir='ltr'>divinum</span> <span class='ocrx_word' id='word_1_569' title='bbox 2584 3737 2887 3791; x_wconf 87' lang='lat' dir='ltr'>canonem,</span> <span class='ocrx_word' id='word_1_570' title='bbox 2922 3727 3123 3777; x_wconf 88' lang='lat' dir='ltr'>contra</span> <span class='ocrx_word' id='word_1_571' title='bbox 3152 3721 3502 3776; x_wconf 87' lang='lat' dir='ltr'>universalis</span> <span class='ocrx_word' id='word_1_572' title='bbox 3551 3719 3824 3776; x_wconf 72' lang='lat' dir='ltr'>Ecclesiae</span> 
     </span>
    </p>
   </div>
   <div class='ocr_carea' id='block_1_86' title="bbox 2169 3809 3823 3882">
    <p class='ocr_par' dir='ltr' id='par_1_86' title="bbox 2169 3809 3823 3882">
     <span class='ocr_line' id='line_1_86' title="bbox 2169 3809 3823 3882; baseline -0.002 -16"><span class='ocrx_word' id='word_1_573' title='bbox 2169 3809 2455 3882; x_wconf 87' lang='lat' dir='ltr'>regulam,</span> <span class='ocrx_word' id='word_1_574' title='bbox 2479 3814 2682 3865; x_wconf 92' lang='lat' dir='ltr'>contra</span> <span class='ocrx_word' id='word_1_575' title='bbox 2712 3826 2950 3865; x_wconf 86' lang='lat' dir='ltr'>sensum</span> <span class='ocrx_word' id='word_1_576' title='bbox 2985 3810 3251 3864; x_wconf 90' lang='lat' dir='ltr'>omnium</span> <span class='ocrx_word' id='word_1_577' title='bbox 3309 3810 3823 3870; x_wconf 83' lang='lat' dir='ltr'>consacerdotum,</span> 
     </span>
    </p>
   </div>
   <div class='ocr_carea' id='block_1_87' title="bbox 2168 3895 3825 3969">
    <p class='ocr_par' dir='ltr' id='par_1_87' title="bbox 2168 3895 3825 3969">
     <span class='ocr_line' id='line_1_87' title="bbox 2168 3895 3825 3969; baseline -0.002 -15"><span class='ocrx_word' id='word_1_578' title='bbox 2168 3904 2372 3956; x_wconf 87' lang='lat' dir='ltr'>contra</span> <span class='ocrx_word' id='word_1_579' title='bbox 2406 3915 2626 3954; x_wconf 87' lang='lat' dir='ltr'>morem</span> <span class='ocrx_word' id='word_1_580' title='bbox 2661 3902 2718 3953; x_wconf 89' lang='lat' dir='ltr'>et</span> <span class='ocrx_word' id='word_1_581' title='bbox 2764 3898 3031 3953; x_wconf 78' lang='lat' dir='ltr'>instituta</span> <span class='ocrx_word' id='word_1_582' title='bbox 3083 3900 3396 3968; x_wconf 87' lang='lat' dir='ltr'>majorum,</span> <span class='ocrx_word' id='word_1_583' title='bbox 3456 3895 3825 3969; x_wconf 77' lang='lat' dir='ltr'>rebaptizan-</span> 
     </span>
    </p>
   </div>
   <div class='ocr_carea' id='block_1_88' title="bbox 2166 3985 3821 4059">
    <p class='ocr_par' dir='ltr' id='par_1_88' title="bbox 2166 3985 3821 4059">
     <span class='ocr_line' id='line_1_88' title="bbox 2166 3985 3821 4059; baseline -0.002 -16"><span class='ocrx_word' id='word_1_584' title='bbox 2166 3990 2304 4043; x_wconf 89' lang='lat' dir='ltr'>dum</span> <span class='ocrx_word' id='word_1_585' title='bbox 2340 4004 2467 4044; x_wconf 84' lang='lat' dir='ltr'>esse</span> <span class='ocrx_word' id='word_1_586' title='bbox 2502 3987 2795 4043; x_wconf 88' lang='lat' dir='ltr'>censebat.</span> <span class='ocrx_word' id='word_1_587' title='bbox 2824 3987 2960 4050; x_wconf 63' lang='lat' dir='ltr'>Quae</span> <span class='ocrx_word' id='word_1_588' title='bbox 2994 3991 3373 4059; x_wconf 66' lang='lat' dir='ltr'>praesumptio</span> <span class='ocrx_word' id='word_1_589' title='bbox 3399 3992 3633 4041; x_wconf 88' lang='lat' dir='ltr'>tantum</span> <span class='ocrx_word' id='word_1_590' title='bbox 3684 3985 3821 4041; x_wconf 85' lang='lat' dir='ltr'>mali</span> 
     </span>
    </p>
   </div>
   <div class='ocr_carea' id='block_1_89' title="bbox 2164 4074 3820 4145">
    <p class='ocr_par' dir='ltr' id='par_1_89' title="bbox 2164 4074 3820 4145">
     <span class='ocr_line' id='line_1_89' title="bbox 2164 4074 3820 4145; baseline -0.002 -13"><span class='ocrx_word' id='word_1_591' title='bbox 2164 4077 2399 4145; x_wconf 83' lang='lat' dir='ltr'>invexit,</span> <span class='ocrx_word' id='word_1_592' title='bbox 2435 4082 2499 4133; x_wconf 90' lang='lat' dir='ltr'>ut</span> <span class='ocrx_word' id='word_1_593' title='bbox 2529 4092 2644 4132; x_wconf 90' lang='lat' dir='ltr'>non</span> <span class='ocrx_word' id='word_1_594' title='bbox 2675 4074 2869 4131; x_wconf 91' lang='lat' dir='ltr'>solum</span> <span class='ocrx_word' id='word_1_595' title='bbox 2906 4075 3195 4132; x_wconf 62' lang='lat' dir='ltr'>haereticis</span> <span class='ocrx_word' id='word_1_596' title='bbox 3243 4074 3519 4131; x_wconf 88' lang='lat' dir='ltr'>omnibus</span> <span class='ocrx_word' id='word_1_597' title='bbox 3561 4074 3820 4130; x_wconf 81' lang='lat' dir='ltr'>formam</span> 
     </span>
    </p>
   </div>
   <div class='ocr_carea' id='block_1_90' title="bbox 2162 4165 3820 4241">
    <p class='ocr_par' dir='ltr' id='par_1_90' title="bbox 2162 4165 3820 4241">
     <span class='ocr_line' id='line_1_90' title="bbox 2162 4165 3820 4241; baseline -0.003 -16"><span class='ocrx_word' id='word_1_598' title='bbox 2162 4168 2478 4241; x_wconf 89' lang='lat' dir='ltr'>sacrilegii,</span> <span class='ocrx_word' id='word_1_599' title='bbox 2512 4169 2611 4224; x_wconf 89' lang='lat' dir='ltr'>sed</span> <span class='ocrx_word' id='word_1_600' title='bbox 2659 4168 2835 4224; x_wconf 92' lang='lat' dir='ltr'>etiam</span> <span class='ocrx_word' id='word_1_601' title='bbox 2888 4168 3246 4239; x_wconf 91' lang='lat' dir='ltr'>quibusdam</span> <span class='ocrx_word' id='word_1_602' title='bbox 3294 4165 3614 4224; x_wconf 89' lang='lat' dir='ltr'>Catholicis</span> <span class='ocrx_word' id='word_1_603' title='bbox 3656 4182 3820 4221; x_wconf 75' lang='lat' dir='ltr'>occa-</span> 
     </span>
    </p>
   </div>
   <div class='ocr_carea' id='block_1_91' title="bbox 2160 4255 3820 4331">
    <p class='ocr_par' dir='ltr' id='par_1_91' title="bbox 2160 4255 3820 4331">
     <span class='ocr_line' id='line_1_91' title="bbox 2160 4255 3820 4331; baseline -0.002 -17"><span class='ocrx_word' id='word_1_604' title='bbox 2160 4259 2384 4315; x_wconf 91' lang='lat' dir='ltr'>sionem</span> <span class='ocrx_word' id='word_1_605' title='bbox 2418 4259 2700 4331; x_wconf 69' lang='lat' dir='ltr'>praeberet</span> <span class='ocrx_word' id='word_1_606' title='bbox 2741 4256 2974 4314; x_wconf 89' lang='lat' dir='ltr'>erroris.</span> <span class='ocrx_word' id='word_1_607' title='bbox 3033 4259 3178 4313; x_wconf 89' lang='lat' dir='ltr'>Cum</span> <span class='ocrx_word' id='word_1_608' title='bbox 3236 4273 3373 4329; x_wconf 91' lang='lat' dir='ltr'>ergo</span> <span class='ocrx_word' id='word_1_609' title='bbox 3432 4256 3696 4327; x_wconf 90' lang='lat' dir='ltr'>undique</span> <span class='ocrx_word' id='word_1_610' title='bbox 3747 4255 3820 4311; x_wconf 86' lang='lat' dir='ltr'>ad</span> 
     </span>
    </p>
   </div>
   <div class='ocr_carea' id='block_1_92' title="bbox 2160 4346 3823 4415">
    <p class='ocr_par' dir='ltr' id='par_1_92' title="bbox 2160 4346 3823 4415">
     <span class='ocr_line' id='line_1_92' title="bbox 2160 4346 3823 4415; baseline -0.003 -11"><span class='ocrx_word' id='word_1_611' title='bbox 2160 4348 2476 4404; x_wconf 89' lang='lat' dir='ltr'>novitatem</span> <span class='ocrx_word' id='word_1_612' title='bbox 2534 4346 2615 4402; x_wconf 91' lang='lat' dir='ltr'>rei</span> <span class='ocrx_word' id='word_1_613' title='bbox 2664 4346 2857 4402; x_wconf 91' lang='lat' dir='ltr'>cuncti</span> <span class='ocrx_word' id='word_1_614' title='bbox 2915 4346 3321 4414; x_wconf 87' lang='lat' dir='ltr'>reclamarent,</span> <span class='ocrx_word' id='word_1_615' title='bbox 3380 4349 3552 4415; x_wconf 87' lang='lat' dir='ltr'>atque</span> <span class='ocrx_word' id='word_1_616' title='bbox 3615 4360 3823 4400; x_wconf 82' lang='lat' dir='ltr'>omnes</span> 
     </span>
    </p>
   </div>
   <div class='ocr_carea' id='block_1_93' title="bbox 2158 4434 3821 4509">
    <p class='ocr_par' dir='ltr' id='par_1_93' title="bbox 2158 4434 3821 4509">
     <span class='ocr_line' id='line_1_93' title="bbox 2158 4434 3821 4509; baseline -0.003 -16"><span class='ocrx_word' id='word_1_617' title='bbox 2158 4451 2633 4509; x_wconf 88' lang='lat' dir='ltr'>quaquaversum</span> <span class='ocrx_word' id='word_1_618' title='bbox 2669 4436 3001 4491; x_wconf 85' lang='lat' dir='ltr'>sacerdotes</span> <span class='ocrx_word' id='word_1_619' title='bbox 3033 4451 3135 4505; x_wconf 90' lang='lat' dir='ltr'>pro</span> <span class='ocrx_word' id='word_1_620' title='bbox 3167 4451 3275 4491; x_wconf 92' lang='lat' dir='ltr'>suo</span> <span class='ocrx_word' id='word_1_621' title='bbox 3314 4434 3567 4506; x_wconf 88' lang='lat' dir='ltr'>quisque</span> <span class='ocrx_word' id='word_1_622' title='bbox 3621 4434 3821 4489; x_wconf 86' lang='lat' dir='ltr'>studio</span> 
     </span>
    </p>
   </div>
   <div class='ocr_carea' id='block_1_94' title="bbox 2154 4523 3817 4594">
    <p class='ocr_par' dir='ltr' id='par_1_94' title="bbox 2154 4523 3817 4594">
     <span class='ocr_line' id='line_1_94' title="bbox 2154 4523 3817 4594; baseline -0.002 -12"><span class='ocrx_word' id='word_1_623' title='bbox 2154 4528 2579 4593; x_wconf 85' lang='lat' dir='ltr'>reniterentur;</span> <span class='ocrx_word' id='word_1_624' title='bbox 2634 4530 2775 4580; x_wconf 92' lang='lat' dir='ltr'>tunc</span> <span class='ocrx_word' id='word_1_625' title='bbox 2833 4526 3010 4579; x_wconf 76' lang='lat' dir='ltr'>beatas</span> <span class='ocrx_word' id='word_1_626' title='bbox 3086 4523 3378 4580; x_wconf 72' lang='lat' dir='ltr'>memorias</span> <span class='ocrx_word' id='word_1_627' title='bbox 3448 4523 3817 4594; x_wconf 85' lang='lat' dir='ltr'>Stephanus,</span> 
     </span>
    </p>
   </div>
   <div class='ocr_carea' id='block_1_95' title="bbox 400 4582 3819 4687">
    <p class='ocr_par' dir='ltr' id='par_1_95' title="bbox 400 4582 3819 4687">
     <span class='ocr_line' id='line_1_95' title="bbox 400 4582 3819 4687; baseline -0.003 -12"><span class='ocrx_word' id='word_1_628' title='bbox 400 4582 1220 4687; x_wconf 56' lang='grc' dir='ltr'>Ῡξπν,¹³⁸ξῗ⁰,,δθ⁰θδ¹ξ⁵ί¹⁰⁰θα¹</span> <span class='ocrx_word' id='word_1_629' title='bbox 1253 4597 1286 4635; x_wconf 70' lang='grc'>⁸</span> <span class='ocrx_word' id='word_1_630' title='bbox 1343 4586 1717 4687; x_wconf 52' lang='lat' dir='ltr'>“cﬂmfmt?</span> <span class='ocrx_word' id='word_1_631' title='bbox 1747 4585 2053 4687; x_wconf 49' lang='lat' dir='ltr'>(funﬁrma&#39;</span> <span class='ocrx_word' id='word_1_632' title='bbox 2083 4596 2130 4662; x_wconf 84' lang='lat' dir='ltr'><strong>D</strong></span> <span class='ocrx_word' id='word_1_633' title='bbox 2159 4615 2502 4687; x_wconf 72' lang='lat' dir='ltr'>Apostolicae</span> <span class='ocrx_word' id='word_1_634' title='bbox 2523 4613 2689 4669; x_wconf 88' lang='lat' dir='ltr'>Sedis</span> <span class='ocrx_word' id='word_1_635' title='bbox 2721 4614 2989 4683; x_wconf 88' lang='lat' dir='ltr'>antistes,</span> <span class='ocrx_word' id='word_1_636' title='bbox 3022 4629 3158 4668; x_wconf 91' lang='lat' dir='ltr'>cum</span> <span class='ocrx_word' id='word_1_637' title='bbox 3191 4612 3417 4668; x_wconf 71' lang='lat' dir='ltr'>caeteris</span> <span class='ocrx_word' id='word_1_638' title='bbox 3440 4582 3685 4683; x_wconf 83' lang='lat' dir='ltr'>quidem</span> <span class='ocrx_word' id='word_1_639' title='bbox 3720 4610 3819 4667; x_wconf 83' lang='lat' dir='ltr'>ccl-</span> 
     </span>
    </p>
   </div>
   <div class='ocr_carea' id='block_1_96' title="bbox 399 4670 1802 4743">
    <p class='ocr_par' dir='ltr' id='par_1_96' title="bbox 399 4670 1802 4743">
     <span class='ocr_line' id='line_1_96' title="bbox 399 4670 1802 4743; baseline -0.001 -16"><span class='ocrx_word' id='word_1_640' title='bbox 399 4672 579 4727; x_wconf 89' lang='lat' dir='ltr'>tionis</span> <span class='ocrx_word' id='word_1_641' title='bbox 608 4670 1081 4743; x_wconf 90' lang='lat' dir='ltr'>distinguendam</span> <span class='ocrx_word' id='word_1_642' title='bbox 1114 4686 1243 4725; x_wconf 89' lang='lat' dir='ltr'>esse</span> <span class='ocrx_word' id='word_1_643' title='bbox 1292 4670 1668 4725; x_wconf 84' lang='lat' dir='ltr'>manifestum</span> <span class='ocrx_word' id='word_1_644' title='bbox 1694 4676 1802 4726; x_wconf 90' lang='lat' dir='ltr'>est.</span> 
     </span>
    </p>
   </div>
   <div class='ocr_carea' id='block_1_97' title="bbox 470 4776 2049 4844">
    <p class='ocr_par' dir='ltr' id='par_1_97' title="bbox 470 4776 2049 4844">
     <span class='ocr_line' id='line_1_97' title="bbox 470 4776 2049 4844; baseline 0.005 -12"><span class='ocrx_word' id='word_1_645' title='bbox 470 4778 560 4832; x_wconf 89' lang='lat'>23.</span> <span class='ocrx_word' id='word_1_646' title='bbox 595 4776 741 4844; x_wconf 88' lang='lat' dir='ltr'>Quia</span> <span class='ocrx_word' id='word_1_647' title='bbox 768 4782 963 4832; x_wconf 83' lang='lat' dir='ltr'>tamen</span> <span class='ocrx_word' id='word_1_648' title='bbox 1001 4776 1418 4832; x_wconf 79' lang='lat' dir='ltr'>confirmandis</span> <span class='ocrx_word' id='word_1_649' title='bbox 1471 4780 1527 4831; x_wconf 93' lang='lat' dir='ltr'>et</span> <span class='ocrx_word' id='word_1_650' title='bbox 1571 4777 1937 4838; x_wconf 88' lang='lat' dir='ltr'>venientibus</span> <span class='ocrx_word' id='word_1_651' title='bbox 1977 4784 2049 4840; x_wconf 92' lang='lat' dir='ltr'>ab</span> 
     </span>
    </p>
   </div>
   <div class='ocr_carea' id='block_1_98' title="bbox 399 4864 2049 4943">
    <p class='ocr_par' dir='ltr' id='par_1_98' title="bbox 399 4864 2049 4943">
     <span class='ocr_line' id='line_1_98' title="bbox 399 4864 2049 4943; baseline 0.004 -21"><span class='ocrx_word' id='word_1_652' title='bbox 399 4866 608 4922; x_wconf 75' lang='lat' dir='ltr'>haeresi</span> <span class='ocrx_word' id='word_1_653' title='bbox 639 4865 749 4921; x_wconf 90' lang='lat' dir='ltr'>hoc</span> <span class='ocrx_word' id='word_1_654' title='bbox 780 4882 1092 4921; x_wconf 88' lang='lat' dir='ltr'>commune</span> <span class='ocrx_word' id='word_1_655' title='bbox 1129 4869 1272 4933; x_wconf 80' lang='lat' dir='ltr'>erat,</span> <span class='ocrx_word' id='word_1_656' title='bbox 1320 4869 1384 4920; x_wconf 88' lang='lat' dir='ltr'>ut</span> <span class='ocrx_word' id='word_1_657' title='bbox 1413 4864 1680 4937; x_wconf 88' lang='lat' dir='ltr'>utrisque</span> <span class='ocrx_word' id='word_1_658' title='bbox 1735 4872 1792 4924; x_wconf 92' lang='lat' dir='ltr'>et</span> <span class='ocrx_word' id='word_1_659' title='bbox 1820 4871 2049 4943; x_wconf 89' lang='lat' dir='ltr'>episco-</span> 
     </span>
    </p>
   </div>
   <div class='ocr_carea' id='block_1_99' title="bbox 399 4954 2048 5028">
    <p class='ocr_par' dir='ltr' id='par_1_99' title="bbox 399 4954 2048 5028">
     <span class='ocr_line' id='line_1_99' title="bbox 399 4954 2048 5028; baseline 0.004 -17"><span class='ocrx_word' id='word_1_660' title='bbox 399 4956 549 5028; x_wconf 90' lang='lat' dir='ltr'>palis</span> <span class='ocrx_word' id='word_1_661' title='bbox 582 4955 982 5027; x_wconf 88' lang='lat' dir='ltr'>imponeretur</span> <span class='ocrx_word' id='word_1_662' title='bbox 1012 4972 1245 5022; x_wconf 90' lang='lat' dir='ltr'>manus,</span> <span class='ocrx_word' id='word_1_663' title='bbox 1279 4959 1336 5009; x_wconf 91' lang='lat' dir='ltr'>et</span> <span class='ocrx_word' id='word_1_664' title='bbox 1383 4954 1743 5025; x_wconf 84' lang='lat' dir='ltr'>septiformis</span> <span class='ocrx_word' id='word_1_665' title='bbox 1795 4959 2048 5028; x_wconf 88' lang='lat' dir='ltr'>Spiritus</span> 
     </span>
    </p>
   </div>
   <div class='ocr_carea' id='block_1_100' title="bbox 394 5042 2048 5115">
    <p class='ocr_par' dir='ltr' id='par_1_100' title="bbox 394 5042 2048 5115">
     <span class='ocr_line' id='line_1_100' title="bbox 394 5042 2048 5115; baseline 0.005 -15"><span class='ocrx_word' id='word_1_666' title='bbox 394 5045 606 5101; x_wconf 90' lang='lat' dir='ltr'>iisdem</span> <span class='ocrx_word' id='word_1_667' title='bbox 638 5044 829 5101; x_wconf 88' lang='lat' dir='ltr'>verbis</span> <span class='ocrx_word' id='word_1_668' title='bbox 863 5046 1265 5110; x_wconf 89' lang='lat' dir='ltr'>invocaretur;</span> <span class='ocrx_word' id='word_1_669' title='bbox 1292 5042 1399 5096; x_wconf 90' lang='lat' dir='ltr'>hac</span> <span class='ocrx_word' id='word_1_670' title='bbox 1442 5043 1748 5115; x_wconf 90' lang='lat' dir='ltr'>utriusque</span> <span class='ocrx_word' id='word_1_671' title='bbox 1781 5046 1928 5105; x_wconf 90' lang='lat' dir='ltr'>ritus</span> <span class='ocrx_word' id='word_1_672' title='bbox 1960 5067 2048 5108; x_wconf 84' lang='lat' dir='ltr'>co-</span> 
     </span>
    </p>
   </div>
   <div class='ocr_carea' id='block_1_101' title="bbox 395 5130 2046 5205">
    <p class='ocr_par' dir='ltr' id='par_1_101' title="bbox 395 5130 2046 5205">
     <span class='ocr_line' id='line_1_101' title="bbox 395 5130 2046 5205; baseline 0.004 -17"><span class='ocrx_word' id='word_1_673' title='bbox 395 5132 670 5205; x_wconf 88' lang='lat' dir='ltr'>gnatione</span> <span class='ocrx_word' id='word_1_674' title='bbox 702 5132 866 5188; x_wconf 87' lang='lat' dir='ltr'>facile</span> <span class='ocrx_word' id='word_1_675' title='bbox 898 5132 1118 5187; x_wconf 90' lang='lat' dir='ltr'>inducti</span> <span class='ocrx_word' id='word_1_676' title='bbox 1143 5134 1282 5185; x_wconf 89' lang='lat' dir='ltr'>sunt</span> <span class='ocrx_word' id='word_1_677' title='bbox 1313 5130 1574 5185; x_wconf 90' lang='lat' dir='ltr'>nonnulli</span> <span class='ocrx_word' id='word_1_678' title='bbox 1618 5139 1682 5187; x_wconf 91' lang='lat' dir='ltr'>ut</span> <span class='ocrx_word' id='word_1_679' title='bbox 1711 5150 2046 5196; x_wconf 80' lang='lat' dir='ltr'>sacramen-</span> 
     </span>
    </p>
   </div>
   <div class='ocr_carea' id='block_1_102' title="bbox 394 5218 2044 5294">
    <p class='ocr_par' dir='ltr' id='par_1_102' title="bbox 394 5218 2044 5294">
     <span class='ocr_line' id='line_1_102' title="bbox 394 5218 2044 5294; baseline 0.005 -17"><span class='ocrx_word' id='word_1_680' title='bbox 394 5227 521 5277; x_wconf 92' lang='lat' dir='ltr'>tum</span> <span class='ocrx_word' id='word_1_681' title='bbox 554 5221 1015 5277; x_wconf 84' lang='lat' dir='ltr'>conﬁrmationis</span> <span class='ocrx_word' id='word_1_682' title='bbox 1042 5220 1244 5276; x_wconf 72' lang='lat' dir='ltr'>I265</span> <span class='ocrx_word' id='word_1_683' title='bbox 1280 5218 1495 5291; x_wconf 89' lang='lat' dir='ltr'>pariter</span> <span class='ocrx_word' id='word_1_684' title='bbox 1514 5221 1778 5294; x_wconf 90' lang='lat' dir='ltr'>utrisque</span> <span class='ocrx_word' id='word_1_685' title='bbox 1799 5228 2044 5285; x_wconf 87' lang='lat' dir='ltr'>conferri</span> 
     </span>
    </p>
   </div>
   <div class='ocr_carea' id='block_1_103' title="bbox 394 5308 2043 5381">
    <p class='ocr_par' dir='ltr' id='par_1_103' title="bbox 394 5308 2043 5381">
     <span class='ocr_line' id='line_1_103' title="bbox 394 5308 2043 5381; baseline 0.004 -14"><span class='ocrx_word' id='word_1_686' title='bbox 394 5311 818 5367; x_wconf 81' lang='lat' dir='ltr'>existimarent.</span> <span class='ocrx_word' id='word_1_687' title='bbox 849 5310 1192 5381; x_wconf 86' lang='lat' dir='ltr'>Quanquam</span> <span class='ocrx_word' id='word_1_688' title='bbox 1214 5308 1598 5365; x_wconf 82' lang='lat' dir='ltr'>inficiandum</span> <span class='ocrx_word' id='word_1_689' title='bbox 1639 5327 1755 5368; x_wconf 89' lang='lat' dir='ltr'>non</span> <span class='ocrx_word' id='word_1_690' title='bbox 1787 5320 1878 5371; x_wconf 87' lang='lat' dir='ltr'>est</span> <span class='ocrx_word' id='word_1_691' title='bbox 1906 5334 2043 5374; x_wconf 85' lang='lat' dir='ltr'>con-</span> 
     </span>
    </p>
   </div>
   <div class='ocr_carea' id='block_1_104' title="bbox 392 5398 2045 5471">
    <p class='ocr_par' dir='ltr' id='par_1_104' title="bbox 392 5398 2045 5471">
     <span class='ocr_line' id='line_1_104' title="bbox 392 5398 2045 5471; baseline 0.005 -15"><span class='ocrx_word' id='word_1_692' title='bbox 392 5398 597 5456; x_wconf 89' lang='lat' dir='ltr'>cilium</span> <span class='ocrx_word' id='word_1_693' title='bbox 646 5399 1087 5471; x_wconf 90' lang='lat' dir='ltr'>Constantinop.</span> <span class='ocrx_word' id='word_1_694' title='bbox 1121 5416 1160 5469; x_wconf 81' lang='lat'>1,</span> <span class='ocrx_word' id='word_1_695' title='bbox 1203 5414 1329 5453; x_wconf 91' lang='lat' dir='ltr'>can.</span> <span class='ocrx_word' id='word_1_696' title='bbox 1361 5398 1416 5466; x_wconf 90' lang='lat'>7,</span> <span class='ocrx_word' id='word_1_697' title='bbox 1449 5398 1624 5454; x_wconf 90' lang='lat' dir='ltr'>etiam</span> <span class='ocrx_word' id='word_1_698' title='bbox 1673 5399 1816 5458; x_wconf 91' lang='lat' dir='ltr'>illud</span> <span class='ocrx_word' id='word_1_699' title='bbox 1849 5421 2045 5464; x_wconf 84' lang='lat' dir='ltr'>sacra-</span> 
     </span>
    </p>
   </div>
   <div class='ocr_carea' id='block_1_105' title="bbox 392 5485 2042 5563">
    <p class='ocr_par' dir='ltr' id='par_1_105' title="bbox 392 5485 2042 5563">
     <span class='ocr_line' id='line_1_105' title="bbox 392 5485 2042 5563; baseline 0.008 -22"><span class='ocrx_word' id='word_1_700' title='bbox 392 5493 655 5542; x_wconf 89' lang='lat' dir='ltr'>mentum</span> <span class='ocrx_word' id='word_1_701' title='bbox 681 5488 967 5544; x_wconf 80' lang='lat' dir='ltr'>haereticis</span> <span class='ocrx_word' id='word_1_702' title='bbox 1012 5485 1331 5556; x_wconf 89' lang='lat' dir='ltr'>nonnullis,</span> <span class='ocrx_word' id='word_1_703' title='bbox 1390 5503 1539 5558; x_wconf 90' lang='lat' dir='ltr'>quos</span> <span class='ocrx_word' id='word_1_704' title='bbox 1596 5489 1873 5563; x_wconf 87' lang='lat' dir='ltr'>appellat,</span> <span class='ocrx_word' id='word_1_705' title='bbox 1906 5512 2042 5554; x_wconf 92' lang='lat' dir='ltr'>con-</span> 
     </span>
    </p>
   </div>
   <div class='ocr_carea' id='block_1_106' title="bbox 390 5575 2046 5659">
    <p class='ocr_par' dir='ltr' id='par_1_106' title="bbox 390 5575 2046 5659">
     <span class='ocr_line' id='line_1_106' title="bbox 390 5575 2046 5659; baseline 0.008 -28"><span class='ocrx_word' id='word_1_706' title='bbox 390 5576 527 5631; x_wconf 82' lang='lat' dir='ltr'>ferri</span> <span class='ocrx_word' id='word_1_707' title='bbox 558 5575 834 5646; x_wconf 90' lang='lat' dir='ltr'>voluisse,</span> <span class='ocrx_word' id='word_1_708' title='bbox 867 5580 1066 5648; x_wconf 83' lang='lat' dir='ltr'>utpote</span> <span class='ocrx_word' id='word_1_709' title='bbox 1096 5576 1309 5649; x_wconf 89' lang='lat' dir='ltr'>quibus</span> <span class='ocrx_word' id='word_1_710' title='bbox 1353 5576 1735 5635; x_wconf 88' lang='lat' dir='ltr'>redeuntibus</span> <span class='ocrx_word' id='word_1_711' title='bbox 1770 5588 2046 5659; x_wconf 69' lang='lat' dir='ltr'>praecepit</span> 
     </span>
    </p>
   </div>
   <div class='ocr_carea' id='block_1_107' title="bbox 389 5664 2040 5739">
    <p class='ocr_par' dir='ltr' id='par_1_107' title="bbox 389 5664 2040 5739">
     <span class='ocr_line' id='line_1_107' title="bbox 389 5664 2040 5739; baseline 0.001 -18"><span class='ocrx_word' id='word_1_712' title='bbox 389 5664 665 5739; x_wconf 85' lang='lat' dir='ltr'>frontem,</span> <span class='ocrx_word' id='word_1_713' title='bbox 706 5667 927 5737; x_wconf 90' lang='lat' dir='ltr'>oculos,</span> <span class='ocrx_word' id='word_1_714' title='bbox 978 5683 1167 5738; x_wconf 89' lang='lat' dir='ltr'>nares,</span> <span class='ocrx_word' id='word_1_715' title='bbox 1217 5682 1283 5723; x_wconf 91' lang='lat' dir='ltr'>os</span> <span class='ocrx_word' id='word_1_716' title='bbox 1330 5670 1387 5723; x_wconf 91' lang='lat' dir='ltr'>et</span> <span class='ocrx_word' id='word_1_717' title='bbox 1437 5682 1611 5724; x_wconf 87' lang='lat' dir='ltr'>aures</span> <span class='ocrx_word' id='word_1_718' title='bbox 1653 5677 1856 5734; x_wconf 85' lang='lat' dir='ltr'>sancto</span> <span class='ocrx_word' id='word_1_719' title='bbox 1887 5676 2040 5735; x_wconf 86' lang='lat' dir='ltr'>cbri-</span> 
     </span>
    </p>
   </div>
   <div class='ocr_carea' id='block_1_108' title="bbox 2144 5683 2815 5759">
    <p class='ocr_par' dir='ltr' id='par_1_108' title="bbox 2144 5683 2815 5759">
     <span class='ocr_line' id='line_1_108' title="bbox 2144 5683 2815 5759; baseline -0.024 -11"><span class='ocrx_word' id='word_1_720' title='bbox 2144 5689 2341 5749; x_wconf 68' lang='lat' dir='ltr'>iustas</span> <span class='ocrx_word' id='word_1_721' title='bbox 2372 5683 2587 5741; x_wconf 80' lang='lat' dir='ltr'>erroris</span> <span class='ocrx_word' id='word_1_722' title='bbox 2629 5687 2757 5759; x_wconf 78' lang='lat' dir='ltr'>est;</span> <span class='ocrx_word' id='word_1_723' title='bbox 2795 5708 2815 5732; x_wconf 71' lang='grc' dir='ltr'><strong><em>η</em></strong></span> 
     </span>
    </p>
   </div>
   <div class='ocr_carea' id='block_1_109' title="bbox 2160 4701 3817 4777">
    <p class='ocr_par' dir='ltr' id='par_1_109' title="bbox 2160 4701 3817 4777">
     <span class='ocr_line' id='line_1_109' title="bbox 2160 4701 3817 4777; baseline -0.002 -18"><span class='ocrx_word' id='word_1_724' title='bbox 2160 4704 2309 4777; x_wconf 87' lang='lat' dir='ltr'>legis</span> <span class='ocrx_word' id='word_1_725' title='bbox 2340 4703 2486 4773; x_wconf 90' lang='lat' dir='ltr'>suis,</span> <span class='ocrx_word' id='word_1_726' title='bbox 2519 4705 2621 4759; x_wconf 90' lang='lat' dir='ltr'>sed</span> <span class='ocrx_word' id='word_1_727' title='bbox 2652 4708 2849 4758; x_wconf 89' lang='lat' dir='ltr'>tamen</span> <span class='ocrx_word' id='word_1_728' title='bbox 2881 4719 2994 4774; x_wconf 75' lang='lat' dir='ltr'>praa</span> <span class='ocrx_word' id='word_1_729' title='bbox 3024 4702 3249 4758; x_wconf 64' lang='lat' dir='ltr'>caeteris</span> <span class='ocrx_word' id='word_1_730' title='bbox 3279 4701 3496 4758; x_wconf 86' lang='lat' dir='ltr'>restitit</span> <span class='ocrx_word' id='word_1_731' title='bbox 3519 4701 3817 4773; x_wconf 85' lang='lat' dir='ltr'>;dignum,</span> 
     </span>
    </p>
   </div>
   <div class='ocr_carea' id='block_1_110' title="bbox 2161 4790 3813 4864">
    <p class='ocr_par' dir='ltr' id='par_1_110' title="bbox 2161 4790 3813 4864">
     <span class='ocr_line' id='line_1_110' title="bbox 2161 4790 3813 4864; baseline -0.004 -15"><span class='ocrx_word' id='word_1_732' title='bbox 2161 4798 2228 4849; x_wconf 90' lang='lat' dir='ltr'>ut</span> <span class='ocrx_word' id='word_1_733' title='bbox 2265 4793 2490 4864; x_wconf 88' lang='lat' dir='ltr'>opinor,</span> <span class='ocrx_word' id='word_1_734' title='bbox 2521 4792 2887 4860; x_wconf 83' lang='lat' dir='ltr'>existimans,</span> <span class='ocrx_word' id='word_1_735' title='bbox 2913 4792 2962 4847; x_wconf 93' lang='lat' dir='ltr'>si</span> <span class='ocrx_word' id='word_1_736' title='bbox 3014 4790 3270 4863; x_wconf 89' lang='lat' dir='ltr'>reliquos</span> <span class='ocrx_word' id='word_1_737' title='bbox 3324 4806 3531 4845; x_wconf 86' lang='lat' dir='ltr'>omnes</span> <span class='ocrx_word' id='word_1_738' title='bbox 3582 4793 3813 4844; x_wconf 87' lang='lat' dir='ltr'>tantum</span> 
     </span>
    </p>
   </div>
   <div class='ocr_carea' id='block_1_111' title="bbox 2160 4878 3815 4950">
    <p class='ocr_par' dir='ltr' id='par_1_111' title="bbox 2160 4878 3815 4950">
     <span class='ocr_line' id='line_1_111' title="bbox 2160 4878 3815 4950; baseline -0.004 -14"><span class='ocrx_word' id='word_1_739' title='bbox 2160 4881 2296 4938; x_wconf 83' lang='lat' dir='ltr'>ﬁdei</span> <span class='ocrx_word' id='word_1_740' title='bbox 2324 4880 2625 4937; x_wconf 90' lang='lat' dir='ltr'>devotione</span> <span class='ocrx_word' id='word_1_741' title='bbox 2651 4879 2929 4949; x_wconf 87' lang='lat' dir='ltr'>vinceret,</span> <span class='ocrx_word' id='word_1_742' title='bbox 2958 4884 3245 4950; x_wconf 86' lang='lat' dir='ltr'>quantum</span> <span class='ocrx_word' id='word_1_743' title='bbox 3302 4878 3413 4934; x_wconf 93' lang='lat' dir='ltr'>loci</span> <span class='ocrx_word' id='word_1_744' title='bbox 3470 4879 3815 4933; x_wconf 82' lang='lat' dir='ltr'>auctoritate</span> 
     </span>
    </p>
   </div>
   <div class='ocr_carea' id='block_1_112' title="bbox 2159 4967 3809 5042">
    <p class='ocr_par' dir='ltr' id='par_1_112' title="bbox 2159 4967 3809 5042">
     <span class='ocr_line' id='line_1_112' title="bbox 2159 4967 3809 5042; baseline -0.004 -16"><span class='ocrx_word' id='word_1_745' title='bbox 2159 4972 2494 5042; x_wconf 87' lang='lat' dir='ltr'>superabat.</span> <span class='ocrx_word' id='word_1_746' title='bbox 2532 4991 2559 5019; x_wconf 84' lang='grc'>››</span> <span class='ocrx_word' id='word_1_747' title='bbox 2586 4971 2908 5042; x_wconf 84' lang='lat' dir='ltr'>Cyprianus</span> <span class='ocrx_word' id='word_1_748' title='bbox 2958 4972 3083 5041; x_wconf 88' lang='lat' dir='ltr'>ipse</span> <span class='ocrx_word' id='word_1_749' title='bbox 3131 4986 3245 5024; x_wconf 90' lang='lat' dir='ltr'>non</span> <span class='ocrx_word' id='word_1_750' title='bbox 3292 4967 3579 5022; x_wconf 83' lang='lat' dir='ltr'>diffitetur</span> <span class='ocrx_word' id='word_1_751' title='bbox 3643 4982 3809 5022; x_wconf 86' lang='lat' dir='ltr'>usum</span> 
     </span>
    </p>
   </div>
   <div class='ocr_carea' id='block_1_113' title="bbox 2156 5055 3805 5130">
    <p class='ocr_par' dir='ltr' id='par_1_113' title="bbox 2156 5055 3805 5130">
     <span class='ocr_line' id='line_1_113' title="bbox 2156 5055 3805 5130; baseline -0.004 -16"><span class='ocrx_word' id='word_1_752' title='bbox 2156 5059 2348 5126; x_wconf 88' lang='lat' dir='ltr'>illum,</span> <span class='ocrx_word' id='word_1_753' title='bbox 2381 5074 2557 5130; x_wconf 89' lang='lat' dir='ltr'>quem</span> <span class='ocrx_word' id='word_1_754' title='bbox 2590 5058 3014 5129; x_wconf 83' lang='lat' dir='ltr'>prOpugnabat,</span> <span class='ocrx_word' id='word_1_755' title='bbox 3032 5058 3104 5112; x_wconf 89' lang='lat' dir='ltr'>ab</span> <span class='ocrx_word' id='word_1_756' title='bbox 3127 5055 3443 5128; x_wconf 86' lang='lat' dir='ltr'>Agrippino</span> <span class='ocrx_word' id='word_1_757' title='bbox 3467 5055 3735 5126; x_wconf 88' lang='lat' dir='ltr'>primum</span> <span class='ocrx_word' id='word_1_758' title='bbox 3758 5056 3805 5108; x_wconf 89' lang='lat' dir='ltr'>in</span> 
     </span>
    </p>
   </div>
   <div class='ocr_carea' id='block_1_114' title="bbox 2156 5146 3809 5218">
    <p class='ocr_par' dir='ltr' id='par_1_114' title="bbox 2156 5146 3809 5218">
     <span class='ocr_line' id='line_1_114' title="bbox 2156 5146 3809 5218; baseline -0.004 -15"><span class='ocrx_word' id='word_1_759' title='bbox 2156 5148 2413 5204; x_wconf 85' lang='lat' dir='ltr'>Africam</span> <span class='ocrx_word' id='word_1_760' title='bbox 2442 5147 2737 5202; x_wconf 89' lang='lat' dir='ltr'>invectum</span> <span class='ocrx_word' id='word_1_761' title='bbox 2769 5163 2933 5215; x_wconf 90' lang='lat' dir='ltr'>esse;</span> <span class='ocrx_word' id='word_1_762' title='bbox 2970 5164 3073 5202; x_wconf 91' lang='lat' dir='ltr'>nec</span> <span class='ocrx_word' id='word_1_763' title='bbox 3105 5146 3409 5218; x_wconf 88' lang='lat' dir='ltr'>antiquam</span> <span class='ocrx_word' id='word_1_764' title='bbox 3442 5160 3571 5199; x_wconf 89' lang='lat' dir='ltr'>esse</span> <span class='ocrx_word' id='word_1_765' title='bbox 3644 5147 3809 5214; x_wconf 81' lang='lat' dir='ltr'>negat</span> 
     </span>
    </p>
   </div>
   <div class='ocr_carea' id='block_1_115' title="bbox 2157 5236 3807 5308">
    <p class='ocr_par' dir='ltr' id='par_1_115' title="bbox 2157 5236 3807 5308">
     <span class='ocr_line' id='line_1_115' title="bbox 2157 5236 3807 5308; baseline -0.004 -14"><span class='ocrx_word' id='word_1_766' title='bbox 2157 5236 2668 5302; x_wconf 89' lang='lat' dir='ltr'>consuetudinem,</span> <span class='ocrx_word' id='word_1_767' title='bbox 2702 5252 2879 5307; x_wconf 86' lang='lat' dir='ltr'>quam</span> <span class='ocrx_word' id='word_1_768' title='bbox 2924 5236 3256 5308; x_wconf 88' lang='lat' dir='ltr'>Stephanus</span> <span class='ocrx_word' id='word_1_769' title='bbox 3306 5236 3652 5289; x_wconf 88' lang='lat' dir='ltr'>constanter</span> <span class='ocrx_word' id='word_1_770' title='bbox 3696 5238 3807 5288; x_wconf 79' lang='lat' dir='ltr'>tue-</span> 
     </span>
    </p>
   </div>
   <div class='ocr_carea' id='block_1_116' title="bbox 2156 5322 3806 5384">
    <p class='ocr_par' dir='ltr' id='par_1_116' title="bbox 2156 5322 3806 5384">
     <span class='ocr_line' id='line_1_116' title="bbox 2156 5322 3806 5384; baseline -0.005 -1"><span class='ocrx_word' id='word_1_771' title='bbox 2156 5327 2347 5384; x_wconf 89' lang='lat' dir='ltr'>batur.</span> <span class='ocrx_word' id='word_1_772' title='bbox 2380 5326 2467 5381; x_wconf 92' lang='lat' dir='ltr'>lta</span> <span class='ocrx_word' id='word_1_773' title='bbox 2521 5324 2679 5381; x_wconf 91' lang='lat' dir='ltr'>enim</span> <span class='ocrx_word' id='word_1_774' title='bbox 2737 5341 2867 5381; x_wconf 90' lang='lat' dir='ltr'>eam</span> <span class='ocrx_word' id='word_1_775' title='bbox 2924 5326 3163 5381; x_wconf 90' lang='lat' dir='ltr'>veritate</span> <span class='ocrx_word' id='word_1_776' title='bbox 3223 5322 3461 5380; x_wconf 88' lang='lat' dir='ltr'>destitui</span> <span class='ocrx_word' id='word_1_777' title='bbox 3512 5322 3806 5378; x_wconf 83' lang='lat' dir='ltr'>contendit</span> 
     </span>
    </p>
   </div>
   <div class='ocr_carea' id='block_1_117' title="bbox 2154 5411 3799 5486">
    <p class='ocr_par' dir='ltr' id='par_1_117' title="bbox 2154 5411 3799 5486">
     <span class='ocr_line' id='line_1_117' title="bbox 2154 5411 3799 5486; baseline -0.004 -14"><span class='ocrx_word' id='word_1_778' title='bbox 2154 5416 2249 5473; x_wconf 89' lang='lat' dir='ltr'>his</span> <span class='ocrx_word' id='word_1_779' title='bbox 2277 5415 2490 5481; x_wconf 88' lang='lat' dir='ltr'>verbis,</span> <span class='ocrx_word' id='word_1_780' title='bbox 2522 5413 2637 5469; x_wconf 91' lang='lat' dir='ltr'>Nec</span> <span class='ocrx_word' id='word_1_781' title='bbox 2683 5416 3063 5483; x_wconf 91' lang='lat' dir='ltr'>consuetudo,</span> <span class='ocrx_word' id='word_1_782' title='bbox 3113 5431 3242 5486; x_wconf 64' lang='lat' dir='ltr'>qua</span> <span class='ocrx_word' id='word_1_783' title='bbox 3306 5411 3460 5484; x_wconf 90' lang='lat' dir='ltr'>apud</span> <span class='ocrx_word' id='word_1_784' title='bbox 3518 5411 3799 5482; x_wconf 85' lang='lat' dir='ltr'>quosdam</span> 
     </span>
    </p>
   </div>
   <div class='ocr_carea' id='block_1_118' title="bbox 2154 5500 3794 5578">
    <p class='ocr_par' dir='ltr' id='par_1_118' title="bbox 2154 5500 3794 5578">
     <span class='ocr_line' id='line_1_118' title="bbox 2154 5500 3794 5578; baseline -0.006 -16"><span class='ocrx_word' id='word_1_785' title='bbox 2154 5506 2513 5578; x_wconf 89' lang='lat' dir='ltr'>obrepserat,</span> <span class='ocrx_word' id='word_1_786' title='bbox 2543 5503 2828 5577; x_wconf 90' lang='lat' dir='ltr'>impedire</span> <span class='ocrx_word' id='word_1_787' title='bbox 2880 5504 3048 5560; x_wconf 89' lang='lat' dir='ltr'>debet</span> <span class='ocrx_word' id='word_1_788' title='bbox 3088 5503 3410 5577; x_wconf 87' lang='lat' dir='ltr'>quominus</span> <span class='ocrx_word' id='word_1_789' title='bbox 3458 5500 3667 5557; x_wconf 72' lang='lat' dir='ltr'>I281</span> <span class='ocrx_word' id='word_1_790' title='bbox 3711 5514 3794 5553; x_wconf 80' lang='lat' dir='ltr'>ve-</span> 
     </span>
    </p>
   </div>
   <div class='ocr_carea' id='block_1_119' title="bbox 2152 5589 3792 5668">
    <p class='ocr_par' dir='ltr' id='par_1_119' title="bbox 2152 5589 3792 5668">
     <span class='ocr_line' id='line_1_119' title="bbox 2152 5589 3792 5668; baseline -0.006 -16"><span class='ocrx_word' id='word_1_791' title='bbox 2152 5595 2298 5652; x_wconf 89' lang='lat' dir='ltr'>ritas</span> <span class='ocrx_word' id='word_1_792' title='bbox 2320 5591 2643 5668; x_wconf 59' lang='lat' dir='ltr'>praevaleat,</span> <span class='ocrx_word' id='word_1_793' title='bbox 2677 5610 2813 5650; x_wconf 89' lang='lat' dir='ltr'>nam</span> <span class='ocrx_word' id='word_1_794' title='bbox 2844 5594 3204 5651; x_wconf 86' lang='lat' dir='ltr'>consuetudo</span> <span class='ocrx_word' id='word_1_795' title='bbox 3256 5591 3384 5648; x_wconf 85' lang='lat' dir='ltr'>sine</span> <span class='ocrx_word' id='word_1_796' title='bbox 3438 5589 3679 5646; x_wconf 84' lang='lat' dir='ltr'>veritate</span> <span class='ocrx_word' id='word_1_797' title='bbox 3708 5604 3792 5642; x_wconf 77' lang='lat' dir='ltr'>ve-</span> 
     </span>
    </p>
   </div>
   <div class='ocr_carea' id='block_1_120' title="bbox 2878 5682 3784 5755">
    <p class='ocr_par' dir='ltr' id='par_1_120' title="bbox 2878 5682 3784 5755">
     <span class='ocr_line' id='line_1_120' title="bbox 2878 5682 3784 5755; baseline -0.01 -14"><span class='ocrx_word' id='word_1_798' title='bbox 2878 5688 2944 5741; x_wconf 91' lang='lat' dir='ltr'>ut</span> <span class='ocrx_word' id='word_1_799' title='bbox 2998 5682 3211 5743; x_wconf 90' lang='lat' dir='ltr'>saltem</span> <span class='ocrx_word' id='word_1_800' title='bbox 3264 5682 3396 5755; x_wconf 86' lang='lat' dir='ltr'>ejus</span> <span class='ocrx_word' id='word_1_801' title='bbox 3442 5682 3784 5736; x_wconf 84' lang='lat' dir='ltr'>vetustatem</span> 
     </span>
    </p>
   </div>
  </div>
