4088 6174
450 372 610 433 1319

1508 351 1610 412 DE
1654 343 2248 411 HERETICORUM
2292 338 2800 403 BAPTISMATE

3704 328 3862 389 1320

449 503 626 559 etiam
656 496 990 570 suspicatus
1021 492 1118 562 sit,
1150 504 1428 548 errorem.
1489 485 1630 551 Quis
1686 499 1843 555 ergo,
1895 479 2092 550 inquit
2121 478 2176 545 Α
2205 476 2481 545 rationes,
2515 491 2642 547 qua:
2675 474 2870 546 ipsum
2903 487 3036 528 cum
3068 469 3277 543 legatis
3307 466 3424 522 illis
3453 465 3537 520 ita
3557 477 3621 518 se
3655 479 3859 535 gerere

452 567 797 647 Vincentius
827 584 1031 652 Lirin.,
1065 587 1205 637 tunc
1263 576 1520 634 universi
1579 571 1796 646 negotii
1854 567 2093 626 exitus?

451 680 593 748 Quis
624 679 847 750 utique,
881 674 994 730 nisi
1026 672 1280 728 usitatus
1309 671 1367 724 et
1397 666 1606 722 solitus
1627 663 1655 718 ‘I
1711 662 1957 718 Retenta
2003 660 2094 714 est

451 769 677 828 scilicet
697 749 1038 837 antiquitas,
1059 765 1114 817 et
1133 757 1372 832 explosa
1394 755 1638 812 novitas.
1656 775 1683 802 »
1707 750 1912 808 1168
1926 749 2012 818 Et,
2029 749 2096 837 ut
2129 787 2141 796 .

451 857 762 918 Facundus
793 836 897 910 lib.
935 853 1134 909 Contra
1162 849 1390 904 Matian.
1452 843 1728 916 lequitur,
1751 864 1778 890 «
1812 836 2089 910 Stephani

449 949 667 1023 potius,
701 960 880 1018 quam
911 939 1204 1014 Cypriani,
1229 933 1582 992 sententiam
1611 934 1770 987 tenet
1815 926 2090 997 Ecclesia,

447 1015 566 1098 non
597 1015 789 1093 solum
824 1033 894 1088 de
952 1047 1068 1088 non
1128 1022 1561 1097 rebaptizandis
1613 1016 1920 1083 haereticis,
1991 1015 2092 1070 sed

447 1128 626 1187 etiam
659 1118 1181 1193 rebaptizatoribus
1212 1133 1327 1170 non
1358 1111 1634 1168 ferendis.
1661 1131 1689 1158 ››
1710 1108 1840 1163 Jam
1863 1121 1998 1160 vero
2021 1103 2093 1158 ad

448 1233 658 1275 novam
691 1210 1097 1286 questionem,
1150 1222 1267 1278 qua
1320 1206 1442 1259 tota
1500 1197 1838 1256 Dissertatio
1896 1198 2097 1250 nostra

449 1304 776 1368 claudenda
803 1305 911 1368 est,
944 1299 1064 1354 haec
1095 1295 1307 1352 ultima
1337 1288 1592 1348 Facundi
1631 1286 1806 1346 verba
1835 1300 1940 1339 nos
1963 1297 2093 1355 per-

449 1399 692 1455 ducunt.

448 1531 570 1587 VII.
605 1530 683 1584 An
715 1524 1019 1596 Stephanus
1050 1513 1622 1596 excommunicatione
1646 1507 1976 1596 percusserit
2013 1519 2094 1558 re-

523 1581 880 1673 baptisant'es.
911 1600 991 1650 An
1023 1591 1267 1648 severius
1291 1603 1416 1642 cum
1457 1584 1593 1639 viris
1642 1581 1849 1636 sanctis
1889 1593 1947 1632 se
1972 1591 2091 1647 ges-

517 1675 669 1729 serit.

517 1791 608 1845 27.
643 1783 1020 1842 Firmilianus
1050 1775 1413 1848 Stephanum
1445 1787 1561 1825 non
1594 1767 1764 1823 modo
1787 1787 1814 1815 «
1842 1780 1975 1820 cum
2008 1764 2095 1817 tot

453 1876 744 1954 episcopis
774 1888 878 1946 per
906 1874 1094 1926 totum
1129 1862 1418 1919 mundum
1448 1855 1844 1912 dissensisse»
1864 1849 2089 1915 scribit,
2123 1863 2173 1926 Β

452 1939 550 2028 sed
589 1939 722 2023 eum
753 1939 929 2019 etiam
960 1954 1205 2022 inducit,
1237 1949 1415 2006 veluti
1476 1968 1502 1996 ‹‹
1536 1960 1737 2017 pacem
1799 1957 1933 1997 cum
1975 1939 2094 1993 sin-

453 2058 609 2134 gulis
636 2053 794 2109 vario
841 2045 1144 2105 discordiae
1205 2054 1414 2113 genere
1473 2037 1864 2105 rumpentem,
1921 2028 2094 2083 modo

460 2117 591 2206 cum
621 2138 1036 2202 Orientalibus,
1065 2131 1220 2205 quod
1253 2144 1361 2184 nec
1388 2141 1509 2193 vos,
1544 2124 1724 2192 iuquz’t
1754 2120 1824 2175 ad
1863 2117 2093 2206 Cypria-

455 2255 610 2307 num,
656 2234 835 2288 latere
893 2203 1210 2284 credimus,
1269 2216 1442 2272 modo
1499 2212 1825 2278 vobiscum,
1880 2206 1980 2278 qui
2033 2203 2095 2259 in

455 2297 700 2384 meridie
727 2318 871 2376 estis
897 2311 1074 2388 (apud
1115 2309 1283 2380 Cypr.
1334 2302 1505 2376 epist.
1561 2301 1654 2366 75,
1715 2297 1827 2354 sub
1880 2297 2028 2362 tin.).
2062 2313 2092 2343 »

451 2419 522 2474 Et
553 2411 726 2487 paulo
763 2411 896 2463 ante
950 2401 1208 2457 oratione
1265 2395 1337 2450 ad
1400 2389 1761 2462 Stephanum
1817 2397 2097 2440 conversa

455 2507 539 2563 sic
558 2485 760 2575 ipsum
795 2491 1150 2565 alloquitur:
1185 2509 1214 2537 «
1249 2485 1554 2539 Peccatum
1585 2493 1720 2532 vero
1769 2489 1945 2546 quam
1979 2488 2098 2526 ma-

457 2559 640 2668 gnum
663 2559 1019 2659 exaggerasti
1033 2625 1045 2646 ,
1060 2579 1278 2650 quanto
1296 2577 1351 2628 te
1371 2588 1405 2627 a
1422 2573 1505 2624 tot
1524 2565 1802 2639 gregibus
1832 2559 2052 2617 scidisti
2077 2559 2090 2614 l

455 2657 732 2741 Excidisti
751 2657 906 2731 enim
930 2676 986 2726 te
1006 2662 1441 2741 ipsum...Dum
1465 2657 1618 2712 enim
1645 2659 1817 2726 putas
1837 2666 2042 2741 omnes
2063 2666 2098 2704 a

454 2739 510 2830 te
533 2769 823 2828 abstinere
844 2739 1242 2836 possm-solum
1257 2756 1312 2808 te
1325 2750 1396 2806 ab
1409 2745 1684 2804 omnibus
1697 2739 2095 2797 abstinuisti.»

457 2862 680 2926 Quibus
711 2828 904 2912 verbis
935 2846 1079 2905 moti
1137 2838 1428 2908 nonnulli,
1477 2852 1577 2891 eos
1635 2847 1839 2889 omnes
1887 2829 2008 2884 sive
2036 2828 2096 2882 in

459 2951 710 3018 Oriente,
744 2944 862 3000 sive
893 2941 953 2995 in
986 2935 1198 3003 Africa,
1230 2929 1332 3002 qui
1389 2923 1691 2982 haereticos
1730 2917 2096 2991 rebaptizan-

456 3043 563 3096 dos
594 3008 934 3093 censebant,
967 3044 1001 3082 a
1029 3021 1327 3095 Stephano
1359 3010 1894 3072 excommunicatos
1915 3006 2098 3062 fuisse

446 3128 827 3188 existimant:
863 3119 1115 3177 maxime
1170 3128 1305 3169 cum
1373 3109 1447 3178 is,
1498 3101 1835 3161 Firmiliano
1892 3098 2096 3154 eodem

445 3186 616 3282 teste,
648 3217 733 3272 sic
764 3211 1070 3285 episcopos
1103 3203 1174 3259 ab
1200 3199 1354 3257 Afris
1379 3196 1600 3269 legatos
1625 3281 1636 3285 _
1659 3188 1947 3285 repulisse
2004 3186 2094 3285 di:

446 3313 636 3376 catur,
670 3328 698 3358 «
732 3274 923 3359 ut.eos
956 3274 1160 3353 nec‘ad
1193 3301 1521 3347 sermonem
1556 3281 1767 3338 saltem
1818 3274 2092 3347 colloquii

446 3366 785 3457 communis
815 3388 1166 3450 admitteret,
1197 3383 1308 3437 imo
1337 3377 1503 3433 etiam
1534 3369 1870 3444 praeciperet
1899 3366 2097 3420 frater-

452 3487 620 3546 nitati
651 3483 958 3545 universae,
994 3490 1066 3530 ne
1097 3471 1229 3542 quis
1260 3483 1358 3524 eos
1387 3465 1446 3519 in
1473 3462 1713 3518 domum
1746 3472 1912 3513 suam
1946 3453 2094 3509 reci-

452 3581 614 3652 peret
639 3593 654 3644 ;
683 3579 751 3630 ut
776 3565 1144 3626 venientibus
1194 3575 1310 3615 non
1369 3553 1560 3611 solum
1615 3566 1747 3623 pax,
1779 3547 1881 3602 sed
1916 3544 2092 3601 etiam

452 3650 671 3724 tectum
705 3667 761 3717 et
790 3655 1114 3729 hospitium
1147 3650 1475 3719 negaretur.
1515 3663 1542 3690 »

522 3757 613 3808 28.
629 3751 864 3813 Verum,
881 3723 1043 3818 prius
1061 3755 1237 3813 quam
1256 3729 1592 3805 hujusmodi
1617 3723 1877 3799 opinioni
1901 3738 2096 3778 assen-

447 3845 690 3910 tiamus,
725 3809 900 3895 salva.
943 3809 1142 3888 sancto
1209 3821 1441 3898 praasuli
1501 3817 1698 3874 debita
1754 3809 2092 3876 reverentia,

450 3903 881 3991 observandum
909 3926 1018 3984 est,
1051 3933 1183 3974 eum
1215 3915 1297 3969 ita
1324 3913 1380 3966 in
1441 3908 1550 3964 hoc
1609 3903 1838 3976 negotio
1873 3917 1936 3956 so
1966 3915 2093 3971 ges-

453 4025 623 4089 sisse,
657 4025 724 4075 ut
754 4011 1008 4086 suspicio
1039 4009 1097 4063 in
1155 4019 1288 4060 eum
1347 3996 1653 4055 conveniat
1709 3990 1887 4048 animi
1922 3987 2095 4061 paulo

450 4080 924 4170 vehementioris,
957 4099 1059 4172 qui
1089 4111 1196 4152 nec
1228 4091 1469 4148 modum
1501 4091 1698 4144 tenere
1751 4080 1960 4146 valeat,
1990 4093 2095 4134 nec

453 4213 785 4260 sermonem
819 4166 1004 4265 aequis
1033 4185 1316 4244 accurata
1344 4175 1606 4236 veritatis
1655 4171 1882 4245 legibus
1919 4166 2098 4225 conti-

451 4307 607 4347 nere.
641 4288 732 4346 Sic
766 4260 937 4358 porro
966 4275 1245 4350 loquitur,
1283 4267 1452 4342 quasi
1483 4268 1642 4322 totus
1673 4260 1931 4317 mundus
1961 4274 2096 4314 cum

452 4383 580 4454 ipso
612 4349 928 4450 conspiret,
979 4349 1055 4426 ac,
1103 4359 1507 4424 minutissima
1555 4354 1743 4454 portio
1802 4349 2096 4454 Stephano

455 4438 692 4528 haereat.
722 4438 836 4523 Nec
865 4438 1000 4520 eum
1031 4457 1102 4515 ad
1142 4454 1399 4528 primum
1445 4444 1714 4503 Ecclesiae
1765 4438 2094 4514 praasulem,

454 4560 556 4632 qui
580 4575 714 4615 cum
744 4553 922 4612 totius
948 4547 1108 4606 orbis
1138 4539 1428 4618 episcopis
1485 4531 1863 4632 apostolicam
1914 4529 2095 4630 tradi-

450 4627 673 4704 tionem
707 4642 1064 4707 vindicabat,
1088 4635 1278 4692 dicere
1336 4627 1552 4701 pudet:
1609 4646 1638 4675 ‹‹

454 4736 730 4794 omnibus
752 4733 913 4807 pejor
933 4746 1014 4785 es.
1042 4750 1068 4777 »
1092 4723 1197 4792 Qbi
1222 4723 1417 4779 autem
1438 4715 1498 4772 in
1521 4715 1616 4770 his
1644 4711 1882 4768 modum
1907 4724 2098 4765 exces-

451 4828 601 4884 sisse
634 4797 1014 4888 convincitur,
1047 4831 1180 4872 eum
1233 4811 1448 4884 pariter
1495 4804 1567 4860 ad
1611 4799 2004 4859 excedendum
2036 4797 2097 4852 in

451 4932 520 4973 eo
552 4914 708 4988 quod
743 4913 814 4968 de
845 4883 1119 4965 Afrorum
1150 4883 1359 4973 legatis
1391 4896 1609 4961 narrat,
1660 4890 1863 4947 eodem
1917 4883 2100 4944 animi

464 5244 828 5346 excipienda,
862 5261 1130 5340 quamvis
1162 5267 1457 5312 rumorem
1514 5247 1728 5320 saepius
1784 5244 1999 5312 fallere,
2037 5259 2105 5297 ac

463 5335 607 5421 dum
638 5377 740 5434 per
770 5335 1090 5414 multorum
1122 5363 1224 5404 ora
1254 5339 1534 5416 pervadit,
1570 5353 1663 5392 res
1719 5335 2107 5434 aliter‘quam

465 5459 605 5510 actae
636 5411 776 5506 sunt
808 5445 1057 5522 perferre
1088 5434 1475 5508 experiamur.
1527 5426 1636 5482 Sed
1696 5411 2106 5480 Firmilianum

462 5542 522 5596 in
555 5559 642 5609 eo,
671 5511 826 5611 quod
853 5536 924 5590 de
949 5527 1158 5602 legatis
1190 5523 1459 5580 Afrorum
1483 5518 1700 5583 narrat,
1735 5511 1884 5568 nihil
1937 5528 1971 5567 a
2008 5528 2106 5567 ve-

465 5601 640 5689 ritate
667 5601 923 5684 alienum
955 5601 1173 5678 dixisse
1204 5624 1490 5687 ponamus
1517 5622 1529 5660 :
1565 5619 1759 5660 nonne
1809 5601 2107 5674 Stephano

462 5720 748 5798 speciales
779 5716 1045 5799 quaedam
1073 5711 1132 5769 et
1165 5699 1406 5764 occultae
1458 5695 1732 5763 accedere
1787 5693 2108 5771 potuerunt

1698 4621 1782 4678 Tu
1815 4617 2101 4675 hzereticis
2129 4603 2176 4669 D
2208 4595 2274 4635 ⁸ο

2206 564 2540 640 coegerint?
2572 565 2776 620 Postea
2825 561 3136 619 Hormisda
3179 559 3383 629 inique
3431 570 3566 610 cum
3614 552 3856 625 Scythis

2203 655 2529 723 monachis,
2563 654 2664 728 qui
2696 670 2880 708 unum
2913 654 2982 708 de
3013 649 3294 706 Trinitate
3350 644 3696 702 cruciﬁxum
3727 641 3849 696 dici

2201 749 2492 815 volebant,
2520 748 2712 819 egisse
2745 743 3046 801 nonnullis
3102 742 3269 798 visus
3316 744 3425 808 est,
3458 734 3853 794 existimanti-

2202 841 2314 896 bus
2343 855 2466 907 eos,
2498 835 2929 909 praedicationis
2962 833 3140 904 hujus
3171 846 3368 898 causa,
3394 845 3461 883 ex
3492 828 3636 881 urbe
3667 825 3857 880 fuisse

2200 929 2442 1001 pulsos;
2475 943 2609 984 cum
2643 942 2759 981 non
2791 940 2918 980 eam
2951 923 3024 979 ob
3057 937 3320 986 causam,
3354 918 3456 974 sed
3488 916 3562 971 ob
3609 914 3856 970 seditio-

2205 1000 2331 1086 nes,
2365 1033 2513 1089 quas
2546 1016 2740 1071 Romae
2771 1012 3123 1080 excitabant,
3155 1010 3292 1064 inde
3348 1005 3644 1062 discedere
3691 1000 3858 1072 jussi

2205 1107 2413 1164 1269
2444 1105 2584 1161 sint.
2619 1108 2705 1158 Ita
2735 1106 2792 1158 et
2821 1099 3114 1173 Stephano
3164 1095 3539 1154 metuendum
3596 1097 3742 1158 erat,
3782 1105 3860 1144 ne

2204 1196 2345 1268 quid
2379 1195 2574 1250 Romaa
2606 1193 2904 1247 moverent
2932 1188 3077 1255 Afri,
3104 1203 3171 1243 ac
3200 1183 3492 1258 Cypriani,
3527 1181 3694 1252 cujus
3731 1197 3864 1235 ma-

2203 1300 2385 1356 gnum
2417 1285 2540 1338 erat
2570 1281 2630 1336 in
2681 1280 2824 1336 urbe
2874 1294 3111 1342 nomen,
3169 1273 3665 1342 conciliorumque
3714 1271 3864 1340 ejus

2204 1372 2568 1438 auctoritate,
2604 1385 2831 1426 necnon
2863 1366 3086 1422 ratione
3129 1365 3388 1419 humana
3443 1361 3864 1426 abuterentur,

2203 1468 2270 1519 ut
2299 1459 2630 1534 apostolicae
2663 1455 2995 1514 traditionis
3041 1454 3346 1510 veritatem
3403 1449 3864 1505 labefactarent.

2200 1552 2330 1608 Jam
2357 1547 2683 1613 Novatiani,
2717 1550 2864 1602 teste
2909 1543 3195 1599 Jubaiano
3255 1540 3411 1612 apud
3465 1536 3865 1610 Cyprianum,

2202 1638 2534 1696 Catholicos
2567 1637 2636 1693 ad
2672 1653 2732 1692 se
2776 1633 3073 1690 venientes
3131 1627 3585 1701 rebaptizabant.
3644 1625 3866 1697 Neque

2201 1729 2362 1786 istud
2393 1726 2717 1801 Cyprianus
2747 1724 3039 1780 Jubaiauo
3072 1719 3398 1776 rescribens
3455 1715 3701 1772 inﬁciari
3752 1731 3862 1770 va-

2203 1817 2334 1874 luit.
2370 1816 2680 1888 Dionysius
2708 1829 2941 1886 quoque
2969 1808 3396 1866 Alexandrinus
3453 1806 3608 1878 apud
3662 1804 3866 1859 Euse-

2201 1907 2388 1974 bium,
2424 1904 2525 1960 lib.
2558 1921 2656 1971 vu,
2690 1920 2738 1959 c.
2772 1904 2825 1966 8,
2860 1905 3093 1956 tantum
3126 1899 3290 1952 nefas
3323 1897 3395 1951 ab
3423 1893 3708 1950 haereticis
3735 1892 3865 1949 illis

2203 1993 2514 2053 committi:
2551 2009 2730 2064 seque
2759 1990 2911 2055 iilos,
2946 2005 3075 2044 eam
3107 1989 3181 2042 ob
3213 2001 3475 2052 causam,
3498 1985 3664 2055 justa
3692 1983 3865 2038 indi-

2203 2084 2481 2157 gnatione
2511 2079 2764 2139 aversari
2797 2083 3063 2134 testatur.
3123 2076 3275 2131 Dum
3337 2074 3514 2146 igitur
3551 2072 3864 2143 Stephano

2201 2173 2608 2229 hareticorum
2655 2169 3019 2235 eorumdem,
3053 2165 3242 2236 quiin
3302 2164 3453 2219 Urbe
3527 2162 3866 2235 presertim

2203 2262 2647 2335 grassabantur,
2681 2274 2864 2314 novus
2895 2255 2994 2311 ille
3025 2257 3185 2311 furor
3214 2269 3378 2324 aequo
3423 2249 3647 2306 horrori
3701 2257 3865 2316 erat,

2204 2351 2422 2406 mirum
2450 2366 2563 2405 non
2595 2354 2684 2404 est
2705 2347 2872 2402 illum
2893 2343 3328 2400 communicem
3345 2339 3503 2395 nullo
3524 2343 3690 2412 pacto
3713 2355 3867 2394 cum

2200 2440 2408 2512 legatis
2455 2438 2729 2503 voluisse,
2788 2433 2890 2506 qui
2945 2431 3200 2488 similem
3251 2445 3508 2486 errorem
3540 2427 3865 2500 praefracte

2203 2529 2541 2586 tuebantur.
2579 2527 2694 2598 lpsi
2727 2524 3008 2581 nimirum
3067 2519 3447 2577 metuendum
3503 2523 3649 2583 erat,
3684 2533 3763 2571 ne
3807 2517 3860 2574 si

2205 2617 2480 2674 blandius
2510 2632 2643 2671 cum
2678 2615 2762 2670 eis
2793 2615 3008 2684 ageret,
3042 2609 3221 2666 errori
3282 2624 3482 2664 eorum
3540 2605 3862 2662 connivere

2207 2713 2382 2779 atque
2410 2705 2616 2761 inanes
2649 2704 2928 2760 adversus
2959 2700 3089 2756 illos
3121 2699 3315 2753 minas
3339 2699 3596 2769 jactasse
3624 2695 3860 2750 videre~

2208 2802 2326 2852 tur.
2361 2797 2445 2850 Ita
2474 2794 2712 2867 quidem
2743 2809 2876 2847 cum
2910 2789 3025 2844 illis
3056 2788 3194 2861 egit,
3229 2786 3520 2859 quomodo
3559 2786 3654 2856 agi
3704 2785 3863 2840 solet

2206 2902 2341 2941 cum
2374 2884 2446 2938 iis
2467 2883 2566 2955 qui
2595 2877 3081 2937 excommunicati
3124 2878 3469 2932 censentur:
3532 2874 3637 2928 sed
3670 2873 3863 2928 inter-

2207 2974 2348 3030 dum
2381 2970 2723 3043 hujusmodi
2756 2968 2963 3040 agendi
2998 2965 3144 3021 ratio
3167 2969 3393 3020 tantum
3419 2970 3507 3018 est
3526 2979 3860 3032 suspensae,

2208 3079 2322 3117 non
2357 3060 2592 3133 penitus
2623 3057 2864 3113 sublata:
2896 3052 3331 3111 communionis
3364 3050 3670 3106 iudicium.
3699 3050 3863 3105 Non-

2207 3151 2345 3208 dum
2383 3166 2486 3222 pro
2515 3143 3038 3204 excommunicatis
3097 3141 3395 3198 habebant
3452 3139 3573 3194 Afri
3628 3139 3861 3210 lagatos

2124 3228 2168 3296 C
2207 3238 2534 3309 Novatiani,
2567 3236 2721 3308 quod
2753 3233 3095 3308 Cyprianus,
3127 3231 3311 3303 Epist.
3349 3233 3395 3300 1,
3423 3229 3503 3284 ad
3534 3227 3862 3283 Cornelium

2205 3347 2263 3385 n.
2300 3331 2350 3394 1,
2385 3325 2795 3397 Carthaginem
2825 3313 3052 3378 venisse
3085 3319 3312 3387 scribit,
3345 3324 3403 3373 et
3433 3334 3566 3373 cum
3599 3316 3862 3389 postula-

2205 3423 2334 3475 rent
2366 3415 2576 3484 audiri,
2600 3420 2813 3485 negata
2842 3411 3160 3478 audientis,
3200 3431 3221 3460 ι
3280 3426 3314 3463 a
3349 3407 3796 3468 communione,
3827 3429 3855 3454 ι»
3943 3405 3958 3417 ’

2204 3508 2398 3579 inquit
2429 3506 2582 3561 idem
2613 3501 2955 3575 Cyprianus,
2993 3523 3019 3550 α
3051 3514 3152 3554 eos
3184 3502 3385 3553 nostra
3437 3495 3642 3552 statim
3695 3495 3856 3550 cohi—

2204 3597 2426 3653 bendos
2455 3610 2584 3649 esse
2614 3590 2975 3648 censuimus.
3004 3609 3032 3638 η
3063 3587 3156 3643 Sic
3187 3591 3244 3642 et
3271 3602 3340 3642 ex
3370 3601 3458 3652 eo,
3509 3585 3670 3657 quod
3731 3585 3858 3639 Ste-

2203 3687 2438 3758 phanus
2466 3683 2736 3738 Afrorum
2768 3679 2991 3751 legatos
3024 3677 3230 3733 audire
3259 3675 3467 3740 noluit,
3501 3679 3561 3729 et
3619 3691 3656 3729 a
3696 3690 3856 3729 com-

2204 3775 2484 3830 munione
2514 3789 2614 3828 eos
2647 3787 2754 3826 sua
2785 3768 2983 3824 statim
3015 3764 3300 3830 cohibuit,
3336 3781 3451 3819 non
3491 3762 3766 3834 sequitur
3798 3769 3859 3817 ut

2205 3864 2483 3919 adversus
2510 3861 2680 3916 Afros
2701 3853 3323 3913 excommunicationis
3351 3851 3715 3908 sententiam
3729 3852 3855 3921 jam

2205 3951 2519 4026 protulisse
2550 3948 2976 4004 existimandus
3007 3945 3102 4000 sit.
3122 3943 3322 4014 Neque
3338 3957 3470 3996 vero
3504 3940 3856 3995 crediderim

2203 4042 2474 4116 Cypriani
2507 4057 2572 4096 ac
2603 4039 2895 4095 sociorum
2927 4034 3187 4100 nomina,
3221 4033 3269 4088 si
3291 4033 3417 4104 jam
3449 4031 3510 4087 in
3542 4031 3730 4087 sacris
3761 4031 3862 4086 Ec-

2203 4132 2392 4189 clesiae
2424 4131 2698 4187 Romanis
2730 4124 3021 4199 diptychis
3052 4121 3469 4188 obtinuissent,
3513 4124 3661 4177 tunc
3707 4123 3858 4175 tem-

2204 4222 2364 4296 poris
2395 4219 2531 4276 inde
2563 4218 2743 4274 fuisse
2774 4217 3082 4288 expuncta.
3143 4211 3403 4283 Denique
3460 4209 3512 4266 si
3565 4213 3856 4273 veterum,

2205 4310 2306 4384 qui
2331 4309 2419 4366 vel
2450 4306 2729 4381 Stephani
2763 4321 2880 4360 aevo
2908 4301 2996 4358 vel
3029 4305 3161 4375 post
3190 4301 3474 4370 vixerunt,
3497 4299 3860 4354 testimoniis

2204 4400 2552 4463 hzsreamus,
2595 4393 2927 4468 Stephanus
2977 4390 3144 4447 Afros
3203 4393 3305 4446 aut
3356 4387 3688 4445 Orientales
3744 4405 3860 4444 non

2205 4483 2732 4545 excommunicavit
2759 4481 2929 4556 plane
2960 4483 3062 4536 aut
3091 4480 3163 4535 de
3211 4476 3470 4534 Ecclesia
3527 4479 3728 4550 ejecit,
3761 4478 3860 4534 sed

2280 4595 2328 4646 s,
2360 4577 2407 4633 si
2439 4575 2498 4630 in
2530 4571 2821 4630 sententia
2853 4586 2962 4625 sua
3007 4569 3406 4641 persisterent,
3453 4567 3857 4624 excommuni-

2209 4672 2478 4723 caturum
2511 4679 2573 4720 se
2600 4665 2832 4718 tantum
2863 4657 3247 4716 denuntiavit.

2274 4793 2365 4847 29.
2381 4789 2536 4847 Nihil
2556 4786 2713 4844 aliud
2738 4801 2840 4858 per
2859 4801 2920 4840 se
2942 4786 3113 4839 sonat
3136 4781 3277 4837 illud
3295 4779 3568 4853 Cypriani
3592 4781 3670 4836 ad
3696 4782 3859 4838 Pom-

2209 4882 2484 4955 peianum
2515 4879 2586 4934 de
2615 4875 2942 4947 Stephano:
2977 4895 3005 4925 «
3050 4869 3464 4928 Haereticorum
3519 4871 3781 4938 amicus,
3811 4876 3865 4928 et

2210 4969 2487 5026 inimicus
2517 4965 2985 5022 Christianorum
3017 4960 3347 5016 sacerdotes
3402 4959 3502 5014 Dei
3554 4960 3860 5016 veritatem

2211 5056 2427 5115 Christi
2455 5060 2513 5111 et
2550 5052 2836 5110 unitatem
2893 5049 3162 5105 Ecclesiae
3217 5052 3448 5102 tuentes
3497 5048 3862 5103 abstinendo:

2213 5150 2380 5221 putat
2408 5144 2602 5216 (epist.
2632 5141 2745 5212 64).
2774 5159 2800 5191 ο
2838 5139 2908 5193 Hi
2941 5137 3178 5211 quidem
3207 5135 3449 5192 verbum
3486 5137 3861 5200 abstinendus.

2215 5238 2285 5293 de
2316 5235 2389 5290 iis
2420 5233 2596 5290 etiam
2627 5230 2728 5303 qui
2761 5229 3013 5287 abstenti
3046 5227 3317 5292 fuissent,
3349 5224 3463 5280 dici
3495 5241 3564 5281 ac
3611 5225 3861 5298 intelligi

2215 5340 2388 5400 posse
2416 5339 2533 5378 non
2560 5320 2823 5376 inﬁcior:
2857 5318 2961 5374 sed
2993 5317 3065 5373 de
3102 5314 3247 5372 solis
3301 5317 3860 5373 excommunicatioo

2215 5416 2310 5472 nis
2339 5411 2516 5469 minis
2533 5410 2724 5482 reipsa
2742 5406 3186 5479 intelligendum
3203 5420 3331 5460 esse
3348 5405 3687 5474 persuadet,
3708 5405 3860 5478 quod

2220 5501 2528 5576 Dionysius
2559 5497 2984 5554 Alexandrinus
3014 5494 3085 5551 ad
3111 5493 3354 5566 Xystum
3387 5492 3671 5565 Stephani
3723 5511 3859 5549 soc-

2217 5606 2510 5653 cessorem
2538 5587 2780 5644 scribit:
2815 5609 2845 5638 ‹‹
2876 5587 3056 5642 Antea
3086 5582 3325 5656 quidem
3352 5581 3580 5638 litteras
3608 5583 3860 5656 scripse-

2221 5689 2310 5742 rat
2335 5678 2710 5759 (Stephanus)
2742 5677 2813 5734 de
2843 5675 3058 5732 Heleno
3090 5677 3149 5729 et
3177 5672 3248 5729 de
3307 5669 3643 5729 Firmiliano
3687 5689 3754 5730 ac
3783 5672 3862 5728 de
