4042 6194
183 384 327 444 1321

1139 360 1341 422 PARS
1387 358 1464 417 ll.
1498 386 1574 400 ——
1621 349 2184 412 RECENTIORUM
2227 348 2662 410 EXCURSUS.

3432 353 3586 414 1322

179 516 457 575 omnibus
490 526 591 583 per
623 503 880 562 Ciliciam
913 505 969 556 et
1009 494 1434 570 Cappodoeiam
1469 493 1826 583 cunctasque
1859 488 1906 554 Α
1939 485 2350 583 abutebantur,
2385 483 2539 583 istud
2570 487 2806 540 monet:
2844 483 3102 583 «.Sciant
3130 479 3296 582 illum
3331 483 3451 583 hac
3475 502 3589 583 non

180 605 463 662 finitimas
491 577 847 671 provincias
897 585 1251 650 constitutis,
1284 598 1412 639 sese
1461 579 1533 634 ob
1565 577 1832 671 eamdem

179 660 419 752 causam
453 660 534 744 ab
559 684 794 741 illorum
825 675 1238 736 communione
1269 672 1666 727 discessurum
1687 660 1835 729 (οὐδὲ

179 781 410 840 ἐκείνοις
441 773 816 842 κοινωνήσων)
839 767 990 841 quod
1023 763 1324 819 haereticos
1347 757 1834 829 rebaptizarent.»

176 875 435 930 Tantum
468 866 652 940 igitur
672 857 1089 916 interminatus
1119 856 1244 908 erat
1260 847 1701 940 ,Stephanus,ne
1719 843 1836 940 Eir-

182 960 462 1019 milianus
494 931 577 1011 vac
624 949 763 1008 socii
817 945 1120 1002 haereticos
1196 937 1640 1009 rebaptizarent,
1695 931 1840 987 alio-

185 1051 328 1125 quin
369 1065 433 1104 se
481 1046 556 1102 ab
616 1042 879 1114 ipsorum
925 1031 1340 1092 communione
1406 1025 1836 1089 discessurum;

188 1115 448 1210 adeoque
481 1132 741 1190 nondum
793 1127 864 1182 ab
912 1122 1015 1178 illa
1063 1119 1433 1210 discesserat.
1471 1115 1596 1168 llazc
1646 1115 1840 1210 autem

188 1199 477 1287 scribebat
527 1217 834 1292 Dionysius
883 1215 1016 1287 post
1059 1212 1305 1265 mortem
1355 1205 1522 1275 ejus:
1565 1199 1842 1292 undese-

190 1319 394 1392 quitur
423 1318 488 1369 ut
519 1289 692 1383 quod
709 1306 968 1392 minatus
997 1304 1121 1356 erat
1148 1289 1844 1392 Stephanus-,reOmin‘ime

190 1382 400 1465 i270
444 1382 750 1476 peregerit,
802 1399 901 1450 aut
943 1391 1000 1446 id
1054 1393 1207 1444 certe
1260 1383 1534 1476 Dionysio
1583 1382 1843 1476 ignotum

193 1495 386 1552 fuerit.
416 1469 614 1548 Eidem
653 1481 926 1557 loquendi
963 1478 1134 1534 modo
1163 1475 1444 1530 insistens
1485 1469 1848 1557 Augustinus

193 1587 295 1657 ait,
330 1608 357 1634 ‹‹
393 1583 536 1638 Cum
570 1592 706 1648 ergo
731 1554 1073 1644 Stephanus
1095 1583 1209 1621 non
1239 1563 1428 1619 solum
1453 1577 1570 1616 non
1602 1554 1848 1657 reba‘pti:

192 1645 351 1731 zaret
381 1645 706 1730 haereticos,
738 1676 944 1718 verum
974 1659 1148 1714 etiam
1181 1654 1289 1708 hoc
1336 1651 1636 1717 iacientes,
1666 1645 1753 1700 vel
1787 1647 1852 1698 ut

197 1766 358 1820 ﬁeret
388 1759 767 1816 decernentes
817 1743 1371 1806 excommunicandos
1409 1755 1536 1796 esse
1567 1737 1849 1804 censeret,

194 1853 352 1910 sicut
379 1849 628 1906 aliorum
680 1841 1088 1914 episcoporum
1136 1838 1192 1890 et
1221 1831 1409 1904 ipsius
1452 1825 1724 1900 Cypriani
1754 1823 1852 1914 lit-

197 1947 330 2000 teras
361 1937 679 1996 ostendunt
698 1911 942 2001 {tamen
987 1941 1121 1981 eum
1162 1939 1228 1979 eo
1277 1918 1601 1993 Cyprianus
1625 1915 1686 1971 in
1719 1911 1842 1968 uni-

199 2032 336 2090 tatis
356 2044 496 2102 pace
517 2021 844 2099 permansit
867 2017 992 2089 (lib.
1028 2015 1094 2071 de
1139 2029 1236 2068 un.
1268 2012 1437 2102 ,Bap.
1460 2015 1631 2102 contr.
1659 2003 1848 2102 {’c‘til”

198 2139 259 2177 n.
291 2093 405 2191 23.).
443 2140 470 2168 ››
499 2093 659 2172 Alter
707 2111 856 2172 Afer,
890 2103 1081 2162 saeculi
1133 2101 1280 2158 sexti
1328 2097 1578 2191 scriptor
1607 2093 1854 2151 celeber-

200 2190 411 2274 rimus,
439 2205 496 2261 id
529 2203 684 2276 quod
707 2217 775 2257 ea
796 2199 866 2254 de
889 2215 948 2252 re
968 2193 1248 2251 traditum
1271 2190 1607 2260 acceperat;
1641 2198 1856 2276 memo-

202 2300 301 2355 riae
349 2271 652 2353 mandavit
696 2289 790 2344 his
836 2285 1067 2342 verbis:
1119 2302 1147 2332 «
1198 2281 1406 2335 Beatus
1456 2289 1684 2347 quoque
1728 2271 1854 2326 Ste-

203 2387 438 2462 phanus
469 2380 679 2457 praesul
732 2374 1061 2450 apostolica:
1098 2369 1300 2462 Sedis.
1348 2382 1503 2462 cum.
1529 2363 1587 2419 S.
1612 2359 1854 2462 Cypria-

205 2448 349 2534 num
404 2448 578 2546 atque
614 2448 973 2526 alios‘At'ros
1021 2460 1326 2534 episcopos
1373 2456 1442 2510 de
1491 2448 1858 2524 baptizandis

210 2565 491 2623 omnibus
519 2557 806 2616 haereticis
855 2550 1181 2608 decrevisse
1227 2546 1619 2618 cognosceret,
1652 2555 1858 2610 quam-

211 2655 324 2721 vis,
356 2657 423 2708 ut
465 2651 688 2706 dictum
733 2649 840 2710 est,
871 2641 1034 2698 nullo
1082 2635 1427 2709 interposito
1467 2629 1859 2721 anathemate,

209 2717 404 2816 neque
437 2741 716 2797 adversus
750 2733 869 2788 ulla
914 2727 1143 2786 concilii
1195 2722 1483 2816 generalis
1531 2717 1865 2816 antiquiora

212 2810 470 2897 decreta,
502 2831 604 2885 aut
651 2823 1026 2882 eonniventes
1081 2815 1361 2872 haereticis
1409 2810 1583 2868 talem
1632 2810 1866 2897 senten-

211 2924 358 2978 tiam
393 2894 792 2992 protulissent,
825 2909 1100 2966 continuo
1131 2906 1182 2962 ei
1225 2894 1786 2992 denuntiavit,_quod
1816 2903 1868 2992 si

213 3011 313 3084 qui
347 2983 456 3065 hoc
489 2983 789 3071 auderent,
823 3001 894 3056 ab
929 2995 1183 3054 Ecclesia
1205 2993 1557 3084 pellerentur

211 3072 390 3158 contr.
425 3097 703 3163 Mecium).
739 3114 766 3142 »
801 3091 885 3146 lta
913 3089 1162 3160 loqueus
1210 3081 1516 3139 Facundus
1547 3074 1712 3145 nihil,
1745 3072 1869 3144 opi-

214 3207 342 3256 nor,
373 3186 588 3243 clarius
619 3182 823 3238 afferre
854 3177 1064 3251 potuit,
1098 3190 1209 3246 quo
1244 3167 1740 3256 rebaptizantibus
1762 3163 1872 3256 bte-

1941 591 2075 629 cum
2105 573 2475 629 anathemate
2522 589 2745 641 eorum,
2795 572 2896 645 qui
2946 590 3006 630 se
3051 572 3216 645 sequi
3257 571 3588 643 noluerant,

1943 664 2220 729 edidisse,
2250 663 2542 734 siquidem
2569 662 2627 718 in
2661 663 3074 719 communione
3103 679 3301 719 eorum
3325 679 3592 736 perman-

1946 756 2041 820 sit,
2077 752 2175 826 qui
2208 752 2507 808 sententia:
2539 770 2656 808 suae
2689 752 3082 810 contraierant
3112 753 3266 826 (sub.
3301 753 3404 808 (in.
3438 753 3587 810 Dial.

1945 847 2116 899 contr.
2153 841 2323 914 ιω).
2349 863 2378 892 ››
2409 841 2539 914 Ipse
2568 841 2892 915 Cyprianus
2922 842 3466 900 constantissimum
3486 859 3590 916 pro

1946 932 2188 988 unitatis
2220 947 2360 1002 pace
2380 930 2641 988 studium
2674 947 2848 987 suum
2871 933 3117 1005 epist.73
3139 931 3210 989 ad
3236 932 3590 999 Jubaianum,

1948 1020 2240 1094 signiﬁcat
2267 1019 2360 1076 his
2407 1020 2636 1076 verbis:
2673 1044 2700 1072 «
2752 1021 2881 1077 Haec
2928 1021 3036 1077 tibi
3078 1022 3326 1079 breviter
3353 1039 3458 1096 pro
3491 1037 3592 1078 no-

1949 1115 2070 1167 stra
2102 1109 2501 1167 mediocritate
2548 1110 2977 1184 rescripsimus,
3010 1109 3185 1168 frater
3229 1111 3598 1182 charissima,

1950 1200 2170 1256 nemini
2203 1199 2640 1272 praescribentes
2659 1205 2760 1257 aut
2792 1201 3260 1273 przejudicantes,
3283 1200 3602 1273 quominus

1953 1291 2362 1362 unusquisque
2379 1289 2787 1363 episcoporum
2810 1291 2962 1362 quod
2989 1293 3158 1362 putat
3185 1290 3606 1357 faciat,habens

1954 1379 2181 1435 arbitrii
2213 1379 2300 1434 sui
2332 1378 2684 1436 libertatem.
2717 1380 2856 1450 Nos,
2890 1385 3176 1452 quantum
3210 1380 3266 1436 in
3299 1379 3468 1437 nobis
3497 1385 3607 1450 est,

1958 1473 2193 1542 propter
2223 1468 2522 1524 haereticos
2554 1486 2688 1524 cum
2721 1468 2958 1542 collegis
3006 1474 3064 1525 et
3112 1469 3470 1542 coepiscopis
3511 1485 3612 1526 no-

1958 1561 2096 1616 stris
2127 1577 2240 1616 non
2287 1563 2485 1617 1211
2545 1562 2976 1631 contendimus,
3022 1579 3156 1618 cum
3205 1562 3420 1635 quibus
3470 1561 3612 1618 divi-

1960 1669 2096 1708 nam
2127 1652 2497 1709 concordiam
2531 1658 2588 1709 et
2619 1653 2972 1710 dominicam
3023 1671 3226 1727 pacem
3255 1657 3545 1710 tenemus.
3581 1674 3610 1703 »

1960 1740 2188 1796 Similia
2217 1743 2426 1814 repetit
2475 1746 2533 1799 et
2563 1743 2634 1798 ad
2683 1742 2900 1800 calcem
2947 1742 3205 1816 epistolae
3250 1744 3342 1814 75,
3374 1742 3445 1799 ad
3481 1746 3611 1799 Ma-

1959 1847 2148 1902 gnum.
2180 1831 2466 1887 Eumdem
2496 1832 2673 1888 etiam
2694 1831 2754 1888 in
2785 1831 3073 1906 superiori
3092 1831 3340 1906 epistola
3365 1834 3421 1904 2,
3435 1847 3609 1904 quam

1961 1919 2031 1975 de
2070 1919 2316 1976 concilio
2379 1937 2512 1977 cum
2555 1921 2778 1977 caiteris
2835 1920 3074 1994 collegis
3121 1922 3194 1978 ad
3242 1921 3608 1994 Stephanum

1962 2009 2329 2082 conscripsit,
2360 2009 2419 2064 id
2448 2010 2646 2082 ipsum
2695 1997 3028 2068 audivimus
3073 2016 3408 2068 testantem.
3442 2010 3612 2066 Deni-

1963 2116 2076 2172 que
2106 2103 2162 2154 et
2191 2100 2251 2154 in
2283 2098 2476 2155 celebr
2509 2097 2771 2157 iconcilio
2819 2099 3265 2173 Carthaginensi
3296 2099 3392 2168 III,
3415 2100 3500 2155 sic
3539 2097 3612 2155 ad

1965 2187 2216 2260 collegas
2247 2188 2554 2260 praefatur:
2586 2211 2616 2240 «
2671 2189 2951 2262 Superest
3001 2194 3067 2245 ut
3111 2189 3183 2246 de
3230 2189 3339 2246 hac
3385 2189 3516 2261 ipsa
3555 2204 3617 2245 re

1967 2278 2119 2349 quod
2148 2278 2474 2334 sentiamus
2523 2278 2906 2350 proferamus,
2952 2279 3249 2336 neminem
3279 2278 3619 2350 judicantes

1969 2371 2068 2422 aut
2098 2384 2130 2421 a
2151 2368 2284 2438 jure
2315 2367 2744 2424 communionis
2776 2367 3055 2442 aliquem,
3089 2367 3139 2425 si
3169 2367 3465 2424 diversum
3487 2383 3621 2424 sen-

1969 2455 2134 2525 serit,
2162 2460 2520 2512 amoventes.
2557 2479 2585 2507 »
2616 2456 2938 2530 Cyprianus
2969 2457 3205 2530 quippe,
3239 2461 3306 2513 ut
3345 2455 3621 2529 Augusti-

1972 2563 2084 2601 nus
2115 2546 2459 2613 observavit,
2493 2547 2835 2618 quaestionis
2883 2548 3074 2621 ipsius
3121 2547 3464 2604 difﬁcultate
3494 2563 3622 2620 per-

1973 2639 2188 2703 motus,
2221 2639 2278 2690 et
2310 2635 2530 2691 sanctis
2577 2636 2880 2694 charitatis
2920 2637 3243 2694 visceribus
3287 2628 3624 2710 largissime

1975 2724 2273 2797 praeditus,
2306 2723 2365 2779 in
2398 2725 2618 2780 unitate
2660 2742 2795 2780 cum
2844 2725 2928 2782 eis
2976 2727 3356 2798 manendum,
3407 2723 3509 2800 qui
3534 2725 3624 2782 di-

1977 2830 2143 2870 versa
2172 2813 2455 2870 sentirent
2481 2813 2884 2872 constituerat.
2916 2814 3032 2871 Nec
3059 2816 3306 2872 dubium
3337 2814 3480 2888 quin
3513 2814 3626 2870 dif-

1979 2900 2294 2957 ficultatem
2327 2900 2487 2956 illam
2519 2906 2748 2974 pareret
2777 2907 2953 2974 atque
2982 2908 3221 2976 augeret
3247 2902 3624 2960 consuetudi-

1980 2991 2096 3059 nis,
2127 3007 2304 3063 quam
2332 2991 2390 3046 in
2440 2991 2697 3048 Ecclesia
2742 2991 3091 3059 obtinuisse,
3121 2997 3179 3048 et
3227 2992 3286 3049 in
3333 2991 3632 3066 plerisque

1982 3079 2292 3154 provinciis
2324 3080 2512 3135 adhuc
2560 3081 2821 3136 obtinere
2869 3085 3124 3152 noverat,
3157 3082 3313 3155 apud
3372 3097 3512 3139 suos
3550 3081 3634 3140 ita

1982 3170 2208 3242 pridem
2239 3174 2464 3226 mutata
2493 3169 2867 3227 conscientia.
2903 3170 2984 3229 Ne
3013 3170 3194 3243 igitur
3214 3172 3465 3243 majores
3494 3186 3635 3228 suos

218 3251 435 3335 retices
462 3278 694 3330 tantum
733 3288 767 3325 a
813 3266 1109 3338 Stephano
1160 3263 1414 3317 intentas
1462 3272 1590 3313 esse
1640 3253 1872 3308 doceret
1902 3251 1944 3316 α
1984 3276 2050 3315 ac
2085 3262 2268 3314 totam
2302 3275 2448 3332 pene
2481 3258 2796 3315 Ecclesiam
2847 3259 3128 3316 damnare
3167 3260 3483 3328 videretur,
3512 3259 3636 3332 θρί-

215 3359 834 3422 excommunicationis
857 3356 1069 3412 minas.

287 3493 378 3547 30.
431 3489 632 3561 Neque
683 3484 880 3540 minus
922 3482 1118 3552 aperte
1170 3476 1324 3531 idem
1375 3471 1645 3561 scriptor,
1675 3483 1870 3561 quam

219 3596 391 3652 aequa
420 3558 858 3634 sibivvideretur
886 3566 1165 3640 Stephani
1211 3563 1490 3619 adversus
1520 3558 1873 3656 Cyprianum

221 3684 475 3726 censura
521 3663 856 3728 declaravit,
907 3658 1007 3714 ubi
1058 3656 1175 3711 ait:
1221 3676 1249 3703 «
1303 3653 1362 3708 Si
1413 3665 1583 3705 nemo
1641 3653 1874 3717 sapiens

219 3757 544 3815 Ecclesiam
577 3753 762 3810 credit
791 3742 1293 3815 haereticam,quia
1322 3739 1645 3796 doctrinam
1678 3740 1740 3788 B.
1766 3736 1878 3805 Cy~

222 3845 417 3922 priani
446 3838 924 3914 Carthaginensis
953 3832 1210 3908 episcOpi
1254 3835 1314 3886 et
1352 3827 1624 3922 martyris
1655 3824 1876 3922 laudat,

225 3918 364 3993 eum
397 3933 493 3990 ille
522 3949 636 3988 non
666 3929 856 3986 solum
892 3923 1183 3999 privatim,
1219 3925 1284 3976 ut
1330 3919 1380 3974 ei
1421 3918 1613 3973 vlsum
1643 3919 1751 3982 est,
1782 3928 1877 3968 ve-

1979 3365 2289 3420 scoporum
2341 3348 2657 3420 unicuique
2711 3349 2980 3421 permisit
3044 3349 3263 3406 sentire
3320 3348 3410 3407 vel
3465 3363 3636 3420 agere

1981 3439 2138 3511 quod
2171 3436 2381 3494 melius
2394 3437 2690 3508 judicaret
2712 3455 2726 3505 ;
2752 3438 3012 3510 adeoque
3042 3439 3216 3494 istam
3249 3437 3633 3510 quaestionem

1983 3529 2054 3583 ad
2089 3543 2310 3584 meram
2345 3525 2717 3599 disciplinam
2751 3527 3043 3599 pertinere
3068 3527 3444 3586 existimavit.

2057 3655 2146 3709 31.
2182 3653 2320 3707 Inde
2350 3650 2554 3708 saltem
2588 3667 2954 3724 consequens
2984 3670 3113 3711 esse
3144 3653 3445 3712 nonnullis
3473 3651 3634 3709 vide-

1986 3744 2165 3811 bitur,
2198 3745 2260 3795 ut
2297 3740 2345 3797 si
2391 3739 2598 3796 merito
2646 3739 2920 3799 laudatus
2963 3748 3053 3800 est
3104 3745 3448 3817 Cyprianus,
3479 3741 3633 3814 quod

1987 3831 2306 3902 unicuique
2341 3829 2588 3885 liberum
2620 3831 2965 3902 permittens
2995 3833 3300 3889 sententiae
3330 3849 3448 3889 sua:
3486 3830 3640 3886 arbi-

1990 3922 2194 3988 trium,
2226 3919 2523 3975 neminem
2554 3935 2588 3973 a
2637 3921 3054 3977 communione
3082 3938 3190 3978 sua
3223 3919 3641 3977 removendum

225 4041 363 4082 rum
395 4021 571 4078 etiam
603 4021 953 4090 congregato
984 4010 1228 4069 concilio
1259 4006 1570 4076 definierit,
1596 4009 1661 4060 ut
1690 4001 1882 4058 omnis
1992 4007 2260 4076 duxerit;
2287 4007 2421 4078 jure
2450 4005 2780 4078 culpandus
2821 4007 2900 4063 sit
2946 4007 3300 4080 Stephanus,
3333 4004 3488 4079 quod
3520 4020 3644 4059 om.

226 4113 539 4171 haereticus
606 4109 675 4164 ad
749 4104 1064 4162 Ecclesium
1129 4098 1368 4155 veniens
1434 4094 1778 4167 baptizctur,
1830 4092 1887 4144 et
1995 4115 2099 4154 nes
2130 4115 2163 4152 a
2207 4113 2268 4152 se
2311 4095 2728 4152 dissentientes
2775 4096 2846 4150 ab
2897 4096 3150 4152 Ecclesia
3192 4095 3490 4168 pellendos
3519 4106 3649 4148 esse

229 4206 474 4277 propter
503 4199 610 4254 hoc
640 4196 911 4268 culpatus
934 4193 1004 4247 ab
1028 4189 1321 4261 Stephano
1345 4185 1603 4277 antistite
1625 4183 1887 4277 ῌοῐξὶειηο
1998 4184 2478 4277 ἀυῐίηἰθτίῑᾸβῐΜ
2515 4189 2706 4277 tamen
2733 4183 2975 4277 minime
2997 4185 3283 4277 sequitur,
3315 4183 3427 4277 nisi
3459 4183 3530 4238 de
3552 4181 3653 4237 illa

232 4271 530 4356 reet—iterit,
563 4300 849 4356 suamque
897 4277 1248 4337 sententiam
1297 4275 1559 4330 scribens
1605 4273 1675 4326 ad
1722 4271 1889 4326 Pom-
2000 4274 2391 4334 controversia
2417 4291 2522 4346 par
2552 4273 2725 4328 fuerit
2774 4274 3043 4346 Cypriani
3085 4272 3482 4346 Stcpbanique
3512 4288 3656 4328 con-

235 4379 433 4454 peium
469 4380 690 4449 quanta
722 4370 912 4445 potuit
950 4369 1209 4423 humana
1257 4361 1757 4454 argumentatione
1788 4359 1891 4412 de-
2001 4366 2165 4454 ditio,
2198 4369 2254 4454 et
2294 4363 2603 4454 utriusque
2649 4361 2802 4418 idem
2855 4362 3028 4454 fuerit
3067 4367 3342 4454 aut‘esse
3389 4359 3660 4454 debuerit

238 4449 805 4536 Ῠθηάθτίίλοέυνίοεθ
834 4463 1096 4514 "uetans
1121 4454 1390 4510 eumdem
1424 4451 1484 4506 Β·
1508 4450 1894 4521 Stephanum,
2005 4456 2076 4511 de
2109 4451 2534 4524 illajudicium.
2569 4453 2636 4506 At
2668 4467 2838 4507 secus
2869 4450 3126 4519 contigit.
3170 4450 3394 4506 Durum
3425 4449 3658 4505 videba-

239 4578 274 4616 a
309 4573 424 4630 quo
456 4556 641 4610 fuerat
681 4553 810 4624 jure
855 4549 1111 4619 συιραίαε
1159 4543 1284 4612 (lib-
1319 4560 1377 4608 Χ.
1427 4557 1476 4594 οι
1529 4540 1606 4630 3)-
1659 4560 1685 4585 η
1737 4537 1896 4630 idem
1935 4619 1973 4630 _
2006 4549 2104 4599 tur
2133 4541 2419 4615 Cypriane
2452 4540 2925 4630 communionem
2957 4540 3042 4596 eis
3075 4556 3305 4630 negare,
3340 4540 3439 4613 qui
3472 4555 3662 4596 serva-

240 4619 381 4702 vero
408 4619 753 4716 Cyprianus,
785 4637 886 4710 qui
911 4637 1046 4708 jure
1077 4650 1111 4690 a
1141 4630 1438 4704 Stephano
1468 4629 1738 4698 culpatus
1759 4624 1814 4716 in
1839 4640 1905 4679 eo
1934 4619 1981 4686 D
2014 4636 2140 4688 rent
2168 4631 2322 4701 quod
2355 4630 2411 4684 in
2441 4628 2716 4685 omnibus
2748 4644 2926 4702 prope
2975 4629 3236 4686 ecclesiis
3280 4630 3512 4688 videbat
3541 4644 3664 4686 ser‘

247 4737 380 4802 fuit,
413 4713 566 4805 quod
603 4731 674 4787 ab
705 4727 998 4800 opinione,
1040 4740 1167 4795 quae
1210 4716 1509 4776 traditioni
1557 4713 1906 4805 adversaba-
2019 4721 2163 4789 vari,
2190 4719 2454 4792 quodque
2486 4736 2519 4774 a
2553 4718 2874 4789 majoribus
2905 4719 3030 4776 suis
3079 4723 3212 4776 ante
3243 4719 3667 4793 Aggrippinum

249 4834 372 4895 tur,
406 4803 533 4879 sese
577 4817 770 4876 divelli
805 4833 918 4872 non
965 4813 1213 4879 sinebat,
1246 4810 1318 4866 ob
1350 4808 1407 4862 id
1451 4803 1763 4895 Augustini
1795 4818 1914 4858 me-
2021 4811 2392 4867 observatum
2441 4824 2568 4864 esse
2615 4824 2731 4864 non
2787 4807 3110 4880 ignorabat.
3161 4808 3492 4882 Stephanus
3539 4819 3672 4864 vero

251 4893 376 4971 ruit
403 4912 628 4978 laudes,
664 4907 816 4980 quod
868 4921 1000 4960 cum
1049 4900 1346 4973 Stephano
1394 4897 1453 4952 in
1500 4893 1742 4951 unitatis
1774 4907 1914 4965 pace
2023 4899 2284 4973 aequitati
2315 4902 2773 4954 consentaneum
2799 4897 3122 4971 judicabat,
3158 4904 3222 4956 ut
3251 4899 3350 4970 qui
3378 4895 3674 4955 mandatis

253 5000 808 5077 permansitNemps
837 4995 894 5048 in
932 5009 998 5048 eo
1020 4990 1359 5063 ipso,inquil
1389 4987 1484 5042 ille
1511 4983 1778 5077 doctor,in
1803 4999 1916 5054 quo
2027 4987 2421 5062 apostolorum
2469 4986 2781 5043 traditione
2830 4989 3082 5060 acceptis
3149 5005 3351 5061 parcre
3419 4986 3676 5060 pessimo

255 5073 432 5148 aliter
462 5083 936 5160 sapuit,eollegas
951 5081 1177 5135 diversa
1199 5077 1515 5134 sentientes
1530 5091 1632 5130 nec
1648 5073 1919 5145 judican-
2029 5079 2290 5151 exemplo
2322 5078 2730 5143 detrectarent,
2759 5078 2829 5133 ab
2881 5079 3134 5134 Ecclesia
3180 5077 3550 5150 pellerentur.
3583 5078 3682 5148 Cy-

256 5184 504 5251 dos,nec
526 5179 698 5248 ajure
718 5171 1148 5229 communionis
1167 5163 1922 5223 amovendosessedecrevit
2032 5168 2234 5241 priano
2263 5166 2318 5221 in
2366 5165 2474 5222 hae
2523 5165 2964 5238 disceptatione,
3018 5184 3134 5223 non
3184 5165 3683 5240 quemadmodum

259 5276 325 5330 S.
361 5273 510 5340 Aug.
545 5267 716 5339 epist.
768 5265 843 5319 αι.
897 5263 985 5329 48,
1017 5276 1194 5316 nunc.
1245 5258 1335 5328 93,
1385 5275 1444 5312 n.
1485 5256 1595 5326 36).
1629 5278 1656 5303 ››
1688 5253 1923 5310 Hacreti-
2035 5258 2172 5315 olim
2205 5256 2490 5330 Polycrati
2522 5255 2580 5310 in
2619 5257 3010 5313 controversia
3058 5257 3211 5314 circa
3239 5257 3395 5314 diem
3425 5254 3685 5322 Pascha,

260 5381 368 5420 cos
400 5361 473 5418 ad
504 5357 822 5415 Ecclesium
855 5353 1154 5410 venientes
1185 5348 1566 5423 baptizandos
1613 5363 1743 5402 esse
1789 5362 1926 5401 con-
2035 5345 2335 5404 traditioni
2364 5345 2511 5400 Petri
2544 5347 2890 5417 opponenda
2919 5347 3266 5420 suppetebat
3295 5345 3540 5405 Joannis
3571 5351 3687 5402 tra-

266 5450 470 5511 stituit
493 5448 730 5522 quidem
759 5472 773 5514 ;
803 5445 1003 5512 sed,ut
1033 5458 1211 5514 supra
1243 5439 1565 5495 observavit
1597 5437 1927 5504 Facundos,
2039 5437 2201 5494 ditio.
2234 5440 2377 5491 Cum
2407 5433 2702 5507 Stephano
2724 5435 2880 5490 enim
2912 5436 3330 5510 conspirabant
3360 5450 3564 5494 omnes
3589 5434 3691 5492 Eo-

268 5542 434 5600 nullo
464 5539 787 5610 interposito
805 5531 1452 5593 analhcmaleadversus
1466 5543 1564 5583 eos
1580 5525 1930 5598 quieosdem
2040 5526 2226 5584 clasis:
2258 5529 2463 5599 praeter
2494 5523 2797 5581 Africanas
2828 5529 2884 5582 et
2927 5542 3144 5599 paucas
3173 5527 3432 5584 Orientis
3464 5523 3693 5600 provino

267 5650 395 5692 non
429 5627 814 5702 baptizandos
865 5623 1196 5682 censebant.
1229 5617 1508 5684 Quocirca
1546 5616 1934 5690 Hieronymus
2043 5617 2254 5674 cias.ln
2285 5615 2475 5671 Africa
2490 5631 2709 5671 morem
2723 5617 2994 5673 eumdem
3016 5618 3088 5674 ad
3102 5617 3492 5692 Agrippinum
3509 5625 3694 5689 usque

274 5719 484 5780 Hilarii
547 5715 777 5773 diaconi
841 5712 1182 5786 discipulos,
1219 5709 1315 5781 qui
1363 5705 1632 5781 Cypriani
1701 5706 1936 5780 scriptis
2045 5705 2370 5766 obtinuisse
2433 5705 2754 5780 Cyprianus
2803 5724 2868 5766 ac
2915 5707 3060 5768 socii
3110 5709 3462 5778 fatebantur,
3507 5718 3696 5780 neque

607 5844 872 5910 PATROL.
917 5839 1026 5905 Ill.
3300 5839 3383 5926 η
