4088 6174
526 284 682 347 1323

1570 284 1668 343 DE
1713 282 2304 344 H/ERETIC’JRUM
2351 284 2877 346 BAPTISMA'I‘E.

3668 302 3687 358 l
3699 304 3777 365 324

531 415 720 470 ullum
752 415 1055 472 contrariae
1084 414 1528 472 consuetudinis
1556 415 1865 487 vestigium
1889 414 1948 468 in
1970 413 2167 470 0ricn--
2199 416 2248 481 Α
2283 413 2424 471 mali
2454 414 2616 472 labes
2645 420 2824 473 totam
2856 417 3262 488 Africam,quae
3287 435 3388 476 non
3409 422 3575 482 inﬁma
3597 434 3786 501 eratne-

528 503 607 560 tis
639 503 911 562 Ecclesiis
940 509 1075 561 ante
1103 504 1861 578 deprehendebatur,quam
1888 503 2175 559 dubitatio

531 593 602 650 de
632 593 1127 652 Montanistarum
1179 595 1471 667 baptismo
1517 599 1654 651 nata
1703 595 2001 650 decretum
2055 594 2175 648 Ico-

524 684 727 741 niense
755 685 1096 758 peperisset.
1128 686 1311 741 Tanta
1366 688 1563 741 autem
1586 683 1978 741 Ecclesiarum
1998 682 2178 739 totius

527 774 686 833 orbis
715 774 1022 832 consensio
1071 774 1160 832 cui
1201 775 1513 830 tribuenda
1541 779 1649 841 est,
1682 773 1793 829 nisi
1847 771 2177 845 apostolicae

529 863 878 920 traditioni?
898 865 1060 921 Hanc
1089 867 1285 922 tamen
1317 864 1389 920 ab
1423 863 1703 937 apostolis
1729 861 2017 936 prodiisse
2049 861 2178 917 ideo

525 952 804 1010 nolebant
831 954 974 1024 Al'ri,
993 954 1130 1028 quia
1151 954 1422 1010 humanae
1452 952 1665 1010 rationi
1685 968 2012 1025 repugnare
2034 950 2180 1024 ipsis

523 1042 854 1100 videbatur.
901 1044 1012 1100 Sed
1059 1061 1174 1116 quo
1221 1043 1343 1100 veri
1388 1041 1619 1099 videtur
1661 1041 1911 1098 similior
1956 1041 2060 1096 illa
2088 1058 2180 1096 ra-

523 1131 627 1204 tio,
663 1149 841 1206 quam
875 1133 1248 1204 objiciebant,
1281 1149 1347 1189 eo
1378 1131 1566 1204 magis
1597 1131 1908 1203 persuadet
1936 1147 2181 1186 consue-

524 1221 813 1292 tudinem,
847 1239 1024 1294 quam
1067 1221 1169 1277 illa
1217 1220 1458 1294 respuit,
1490 1221 1550 1276 in
1599 1220 1876 1276 omnibus
1908 1218 2182 1276 Ecclesiis

527 1311 707 1384 recipi
738 1311 852 1368 nisi
885 1311 1080 1367 divina
1106 1311 1416 1367 traditione
1446 1310 1728 1383 potuisse.
1772 1309 2052 1382 Apposite
2073 1309 2182 1382 igi-

2284 503 2470 560 clesiae
2503 507 2710 577 portio,
2744 523 2970 564 necnon
3008 506 3262 564 Ciliciam
3294 513 3445 583 atque
3469 515 3787 587 Cappadociam

2278 594 2403 665 jam
2435 594 2731 664 infecerat,
2764 600 2822 652 et
2851 613 2978 668 quas
3022 596 3082 651 in
3123 596 3383 655 ﬁnitimas
3425 605 3672 674 pervadere
3714 627 3792 666 non

2285 683 2605 741 desistebat
2634 684 2986 758 provincias,
3035 685 3192 742 brevi
3237 689 3406 744 totum
3448 691 3680 750 Orientem
3710 704 3793 754 erat

2287 773 2606 846 perditura,
2640 774 2753 831 nisi
2783 765 3052 848 prompto
3083 775 3327 832 remedio
3354 777 3569 836 cohibita
3589 787 3634 838 et
3655 792 3799 842 sanata

2287 867 2462 921 esset.

2356 972 2446 1027 33.
2481 971 2776 1044 Stephano
2823 971 3004 1045 igitur
3040 976 3162 1029 tota
3213 974 3534 1032 auctoritatis
3569 994 3662 1034 suis
3698 981 3802 1036 mole

2286 1057 2768 1115 intercedendum
2800 1059 2910 1116 fuit
2938 1060 3151 1116 celebri
3187 1061 3417 1130 decreto,
3447 1080 3544 1136 quo
3569 1065 3801 1138 Cyprianus

2288 1164 2423 1203 cum
2453 1148 2699 1204 concilio
2728 1165 2836 1206 suo
2867 1155 3156 1217 sanxerat,
3190 1173 3219 1199 »
3250 1153 3592 1224 Baptizandus
3625 1159 3669 1211 et
3688 1156 3807 1212 inno-

2287 1237 2514 1293 vandus
2558 1242 2648 1294 est
2691 1237 2792 1310 qui
2841 1237 2914 1294 ad
2961 1238 3276 1296 Ecclesiam
3313 1242 3470 1310 venit,
3498 1248 3552 1299 ut
3590 1244 3711 1301 intus
3741 1263 3809 1317 per

2291 1330 2526 1382 sanctos
2557 1326 2994 1396 sanctiﬁcetur;
3031 1351 3059 1379 »
3089 1332 3148 1385 et
3180 1328 3254 1384 iis
3281 1329 3374 1401 qui
3400 1331 3693 1402 pertinacius
3711 1333 3814 1389 illud

528 1405 632 1458 tur
658 1400 1000 1457 Vincentius
1045 1400 1369 1457 Lirinensis
1414 1399 1596 1456 dixit:
1635 1421 1663 1450 «
1708 1398 2075 1472 Intelligebat
2098 1399 2186 1454 vir

2298 1416 2698 1485 defendebant,
2732 1417 2956 1473 fortiter
2983 1398 3381 1475 obnitendum.
3403 1398 3488 1476 _Si
3526 1421 3654 1477 enim
3677 1421 3756 1477 hac
3775 1423 3814 1478 in

530 1493 772 1550 sanctus
802 1495 859 1546 et
879 1491 1139 1563 prudens
1169 1489 1544 1563 (Stephanus)
1591 1488 1740 1544 nihil
1769 1487 1929 1544 aliud
1960 1488 2186 1545 ratione

2293 1522 2474 1562 causa
2503 1521 2566 1562 se
2595 1506 2876 1578 gessisset
2907 1507 3216 1563 remissius
3241 1525 3254 1564 :
3286 1507 3332 1564 si
3362 1525 3453 1581 per
3477 1511 3687 1582 speciem
3707 1512 3816 1582 pacis

531 1579 767 1652 Pietatis
798 1579 1124 1648 admittere:
1166 1583 1232 1635 ut
1277 1578 1475 1635 omnia
1504 1597 1636 1670 Qua
1680 1579 1811 1670 ﬁde,
1841 1596 1876 1634 δι
1920 1578 2189 1650 Pilum“8
2297 1594 2558 1651 obtinere
2585 1612 2796 1667 passus
2824 1599 2980 1652 esset
3026 1596 3179 1654 hanc
3209 1578 3539 1670 Opinionem,
3567 1604 3623 1655 ut
3654 1578 3815 1656 nonnisi

532 1675 770 1744 accepta
816 1675 976 1740 sunt,
1037 1671 1238 1727 eadem
1288 1671 1402 1726 ﬁde
1459 1669 1598 1725 ﬁliis
1656 1669 2188 1753 consignarentur;

2299 1701 2400 1757 per
2445 1689 2679 1741 sanctos
2727 1685 2997 1742 homines
3047 1687 3388 1743 sanetiﬁcari
3429 1689 3546 1760 quis
3596 1689 3754 1761 possit,
3783 1695 3819 1744 et

529 1762 738 1818 1272
772 1777 996 1833 nosque
1043 1760 1383 1833 religionem
1433 1777 1549 1815 non
1600 1776 1720 1831 qua
1764 1758 2046 1815 vellemus
2077 1759 2183 1814 du-

2298 1774 2579 1846 Spiritum
2613 1779 2883 1831 sanctum
2912 1793 3016 1847 per
3043 1781 3404 1833 sacramenta
3431 1758 3552 1833 dare
3584 1758 3676 1832 non
3699 1777 3821 1832 valeat

531 1867 682 1920 cere,
716 1852 816 1908 sed
849 1851 1045 1926 potius
1077 1868 1190 1924 qua
1219 1849 1320 1906 illa
1366 1851 1623 1918 duceret,
1659 1849 1826 1921 sequi
1883 1853 2181 1921 oportere;

529 1941 708 2014 idque
737 1957 864 1998 esse
895 1940 1199 2013 proprium
1248 1939 1592 1995 Christianae
1639 1937 1934 1994 modestiae
1967 1943 2024 1994 et
2052 1955 2184 2010 gra-

529 2031 749 2100 vitatis,
784 2047 900 2087 non
931 2047 1040 2086 sua
1085 2028 1333 2103 posteris
1381 2029 1628 2098 tradere,
1664 2029 1765 2084 sed
1798 2045 1833 2085 a
1863 2027 2185 2100 majoribus

536 2125 773 2194 accepta
792 2136 1043 2177 servare.
1072 2140 1102 2171 »

603 2248 694 2303 32.
724 2246 924 2318 Neque
941 2244 1117 2301 etiam
1147 2243 1303 2299 idem
1336 2242 1448 2298 fuit
1486 2242 1757 2315 Cypriani
1789 2242 2187 2316 Stephanique

536 2337 607 2392 de
635 2335 739 2392 illa
765 2331 1496 2404 controversiajudicium.
1549 2332 1875 2405 Cyprianus
1925 2333 1996 2388 ab
2037 2332 2186 2388 anti-

537 2442 655 2497 qua
680 2423 994 2481 traditione
1023 2422 1438 2488 discedens,de
1465 2421 1567 2478 illa
1588 2421 1672 2478 sic
1697 2421 1923 2494 opinari
1954 2427 2188 2478 coactus

535 2518 644 2583 est,
678 2513 849 2586 quasi
878 2513 951 2568 ad
983 2529 1205 2568 meram
1240 2510 1610 2583 disciplinam
1643 2511 1976 2582 pertineret.
2006 2512 2080 2566 At
2117 2512 2188 2567 de

535 2603 740 2660 eadem
772 2601 1106 2674 Stephanus
1134 2600 1306 2674 longe
1335 2600 1503 2655 aliter
1523 2599 2032 2672 judicavit.Nequc
2053 2617 2187 2656 vero

538 2709 608 2748 ea
635 2695 779 2758 erat,
813 2689 1004 2763 qualis
1035 2689 1177 2745 olim
1208 2689 1361 2745 circa
1383 2689 1534 2745 diem
1567 2689 1895 2758 Paschze,in
1915 2706 2031 2761 qua
2051 2705 2186 2745 con-

539 2781 906 2838 tendentium
930 2778 1246 2852 unicuique
1279 2778 1623 2834 sententiam
1643 2795 1809 2834 suam
1832 2779 1976 2834 tueri
2009 2795 2074 2834 ac
2102 2784 2187 2835 te-

538 2887 676 2927 nere
695 2869 877 2926 illaesa
898 2869 1011 2925 ﬁde
1030 2868 1341 2925 licoret.De
1363 2869 1652 2940 praecipuo
1667 2869 1946 2940 agebatur
1964 2865 2189 2940 religio-

540 2959 635 3016 nis
664 2963 878 3016 nostris
905 2959 1113 3031 capite,
1134 2959 1243 3014 hoc
1268 2963 1357 3014 est
1377 2959 1448 3014 de
1468 2959 1682 3013 virtute
1712 2962 1885 3029 atque
1928 2957 2188 3013 efﬁcacia

539 3049 890 3104 sacramenti
920 3049 1158 3104 omnino
1181 3046 1638 3119 necessarii,quo
1658 3047 2187 3115 deﬁeiente,nullus

540 3137 655 3193 dici
687 3142 790 3235 aut
812 3136 1036 3194 censeri
1064 3140 1255 3209 potest
1283 3135 1668 3235 Christianus.
1702 3135 1788 3191 Ad
1815 3135 1958 3200 hac,
1992 3137 2062 3192 de
2084 3137 2183 3192 ba-
2218 3169 2261 3235 Ο

541 3226 742 3298 ptismi
773 3227 991 3283 tuenda
1016 3227 1240 3281 unitate
1269 3224 1570 3297 agebatur.
1602 3229 1768 3280 Hunc
1799 3226 1975 3292 enim,
2010 3242 2185 3297 quem

538 3331 713 3372 unum
730 3315 1031 3388 Scriptura
1046 3315 1341 3386 conceptis
1353 3313 1545 3370 verbis
1558 3313 2189 3386 praedicat,iterandum

540 3422 659 3462 non
690 3422 820 3462 esse
841 3405 985 3461 ﬁdes
1017 3405 1275 3460 docet.Et
1295 3420 1364 3459 ea
1385 3403 1624 3476 quidem
1657 3403 1728 3459 de
1740 3419 1800 3458 re
1823 3403 1974 3460 inter
1993 3408 2189 3476 partes

540 3495 951 3552 conveniebat:
1005 3495 1148 3550 adeo
1199 3499 1264 3549 ut
1310 3492 1631 3566 Cyprianus
1681 3498 1949 3550 metuens
1997 3511 2090 3564 ne,
2139 3494 2189 3551 si

540 3582 888 3655 rebaptizari
916 3582 1219 3640 haereticos
1239 3581 1384 3639 velle
1403 3586 1726 3654 putaretur,
1748 3582 1885 3638 hinc
1916 3583 2028 3639 sibi
2059 3599 2193 3639 con.

527 3672 780 3729 ﬂaretur
813 3672 1051 3740 invidia,
1086 3672 1386 3744 scripserit
1430 3676 1556 3728 tum
1602 3671 1774 3743 epist.
1805 3673 1896 3740 71,
1928 3673 1996 3728 ad
2027 3674 2192 3743 Quin-

540 3770 694 3818 tum:
734 3783 762 3816 ι
787 3760 904 3819 Nos
933 3767 1128 3818 autem
1158 3761 1410 3817 dicimus
1458 3777 1558 3817 eos
1608 3760 1708 3833 qui
1753 3761 1888 3817 inde
1927 3763 2188 3835 veniunt,

540 3869 657 3908 non
713 3854 1052 3924 rebaptisarz'
1097 3851 1253 3924 apud
1297 3867 1426 3922 nos,
1481 3851 1581 3906 sed
1628 3849 1935 3922 baptizari:
1985 3873 2014 3901 »
2061 3857 2191 3908 tum

539 3941 709 4015 epist.
739 3943 832 4008 73,
868 3943 941 3997 ad
969 3942 1302 3998 Jubaianum
1323 3961 1343 3996 :
1375 3965 1401 3990 α
1436 3939 1660 3995 Invidia
1708 3941 1981 4010 quadam,
2015 3957 2190 4012 quam

538 4031 917 4103 rebaptimndi
945 4030 1241 4103 baptizare
1281 4034 1414 4102 post
1458 4029 1658 4085 hostes
1689 4029 1790 4086 Dei
1836 4029 1995 4086 nefas
2025 4030 2189 4085 duci-

539 4125 654 4176 tur.
690 4144 718 4172 »
754 4123 1049 4188 Quantum
1066 4136 1198 4176 vero
1233 4119 1303 4175 ab
1325 4119 1588 4174 iterando
1609 4119 1904 4190 baptismo
1927 4137 2040 4175 non
2065 4119 2192 4176 sine

539 4211 639 4266 Dei
671 4214 819 4266 nutu
851 4209 1231 4265 abhorrerent
1259 4209 1596 4277 Christiani,
1631 4209 1997 4280 Augustinus
2026 4208 2190 4264 lucu-

540 4299 730 4355 lenter
773 4304 1025 4355 testatur
1070 4298 1128 4354 in
1180 4298 1336 4354 hunc
1386 4298 1671 4353 modum:
1703 4321 1727 4348 α
1763 4297 1858 4353 Sic
1902 4298 2188 4365 homines,

541 4387 770 4445 occulta
795 4388 992 4444 nescio
1023 4403 1139 4459 qua
1170 4385 1552 4458 inspiratione
1583 4385 1706 4451 Dei,
1737 4386 2101 4441 detestantur
2139 4386 2189 4441 si

542 4476 674 4550 quis
698 4475 911 4533 iterum
940 4476 1304 4549 baptismum
1337 4474 1609 4546 accipiat,
1643 4491 1818 4547 quem
1853 4476 2191 4548 ubicunque

2297 1864 2397 1935 qui
2429 1880 2543 1919 non
2574 1864 2769 1933 habet,
2802 1869 2867 1920 ut
2893 1865 3160 1938 quisquis
3190 1865 3462 1939 Spiritum
3491 1870 3712 1923 sanctum
3733 1868 3820 1922 dare

2293 1969 2411 2009 non
2445 1953 2648 2026 possit,
2679 1971 2792 2010 non
2828 1955 3012 2027 possit
3042 1955 3356 2028 baptizare,
3387 1973 3448 2013 ac
3471 1957 3729 2029 baptisma,
3745 1955 3822 2010 col-

2292 2041 2478 2099 latum
2503 2043 2575 2098 ab
2608 2059 2697 2109 eo,
2728 2043 2961 2099 irritum
2991 2045 3232 2101 omnino
3263 2046 3338 2102 sit
3365 2047 3550 2102 I278
3582 2050 3718 2117 atque
3740 2043 3822 2099 nul-

2293 2131 2439 2188 lum.
2472 2133 2618 2197 Quid
2653 2133 2926 2206 facerent,
2961 2139 3025 2189 ut
3053 2135 3320 2191 observat
3338 2135 3660 2208 Augustinus
3683 2134 3770 2206 (lib.
3792 2150 3824 2200 ν,

2294 2222 2361 2278 de
2389 2223 2545 2294 Bapt.
2578 2231 2754 2278 contr.
2800 2225 2998 2279 Donat.
3049 2240 3100 2280 c.
3150 2224 3266 2295 21),
3313 2224 3409 2296 qui
3448 2224 3602 2281 etiam
3644 2223 3764 2277 intus
3788 2222 3824 2276 in

2295 2311 2551 2368 Ecclesia
2596 2312 2896 2369 hominem
2930 2313 3026 2369 Dei
3083 2318 3426 2386 quzerentes,
3466 2313 3521 2369 in
3572 2311 3827 2369 homicidam

2295 2399 2594 2471 latentem,
2645 2401 2706 2457 in
2755 2402 3078 2472 ebriosum,
3129 2404 3189 2459 in
3240 2407 3518 2476 raptorem
3557 2408 3606 2458 et
3644 2400 3826 2456 invidum

2297 2490 2729 2548 incurrissent?
2755 2494 2888 2556 Quae
2927 2492 3135 2548 exinde
3186 2492 3640 2550 conscientiarum
3677 2494 3830 2562 pertur-

2296 2579 2476 2648 batio,
2529 2596 2656 2651 quae
2704 2581 2965 2637 anxietas
3012 2581 3383 2638 exoriretur?
3421 2580 3532 2636 Etsi
3573 2579 3700 2636 enim
3728 2579 3830 2633 reba-

2297 2669 2582 2742 ptizantes
2613 2687 2727 2726 non
2754 2687 2820 2726 eo
2850 2687 3209 2742 processere,
3235 2677 3300 2727 ut
3326 2671 3654 2744 baptismum
3677 2686 3703 2724 a
3722 2665 3832 2724 malis

2296 2756 2606 2814 Catholicis
2637 2757 2916 2816 collatum
2949 2761 3350 2816 innovandum
3401 2776 3519 2815 esse
3558 2759 3832 2820 dicerent,ex

2297 2848 2573 2903 omnibus
2603 2853 2800 2904 tamen
2835 2849 3174 2919 momentis,
3212 2867 3340 2922 quae
3372 2848 3636 2921 Stephano
3661 2858 3833 2917 oppone-

2296 2937 2458 3004 bant,
2492 2937 2754 3008 sequitur
2787 2943 2850 2993 ut
2877 2938 2977 3006 qui
3011 2957 3045 2994 a
3091 2939 3408 2994 Catholicis
3437 2937 3680 2993 charitate
3721 2939 3833 3002 atque

2295 3027 2484 3098 gratia
2515 3027 2811 3084 destitutis
2843 3028 3172 3100 baptizatus
3223 3029 3498 3098 videatur,
3524 3023 3834 3098 baptizatum

2295 3117 2425 3188 ipsa
2477 3134 2588 3172 non
2645 3117 2737 3188 sit,
2762 3118 3023 3190 adeoque
3067 3118 3146 3174 sit
3193 3117 3570 3174 innovandus.
3598 3117 3696 3179 Quo
3718 3105 3834 3166 semel

2299 3206 2721 3277 admisso,quis
2743 3223 2805 3261 se
2828 3206 3185 3279 baptizatum
3210 3207 3523 3263 conﬁderet
3539 3205 3712 3276 ?quam
3727 3194 3836 3254 multi

2297 3312 2364 3352 ea
2388 3296 2459 3351 de
2487 3311 2548 3352 re
2579 3296 2787 3352 merito
2831 3295 3216 3352 dubitarent?
3243 3297 3275 3352 J
3283 3313 3377 3353 am
3423 3302 3480 3352 et
3523 3295 3617 3350 hoc
3643 3286 3837 3348 Fit-milia-

2298 3402 2412 3443 nus
2442 3384 2512 3440 de
2543 3384 2637 3454 iis,
2668 3401 2812 3455 quos
2844 3384 3100 3457 episcopi
3131 3385 3209 3441 ob
3261 3382 3587 3440 idololatriae
3614 3380 3778 3437 crimen
3798 3373 3839 3427 de

2299 3473 2647 3532 sacerdotali
2670 3473 2957 3546 dignitate
2983 3473 3192 3530 dimoti
3217 3473 3591 3547 baptizarant,
3611 3470 3660 3525 in
3684 3462 3845 3524 ecclesia

2300 3581 2408 3620 sua
2439 3581 2551 3620 usu
2583 3569 2881 3636 receptum
2912 3563 3110 3631 tradit,
3149 3585 3180 3615 ‹‹
3233 3569 3302 3620 ut
3353 3562 3662 3635 quicunque
3698 3549 3844 3611 abillis

2299 3651 2634 3725 (episcopis)
2666 3652 2833 3707 tineti
2866 3653 2939 3707 ad
2971 3669 3076 3708 nos
3106 3653 3380 3721 veniunt,
3410 3657 3670 3722 tanquam
3686 3639 3852 3700 alieniel

2301 3741 2448 3797 nihil
2478 3740 2797 3813 consecuti,
2829 3741 3000 3798 unico
3031 3747 3088 3798 et
3134 3759 3276 3799 vero
3323 3741 3601 3814 baptismo
3643 3731 3763 3806 apud
3789 3740 3848 3782 ηοξ

2300 3831 2632 3904 baptizentu
2644 3849 2688 3887 r.
2725 3853 2755 3880 »

2369 3940 2460 3996 34.
2493 3938 2555 3994 In
2585 3938 2694 3995 hac
2724 3943 2846 3995 tota
2886 3930 3312 4011 disputatione,
3362 3952 3535 4010 quam
3569 3931 3705 3990 valde
3728 3937 3847 3983 acrem

2301 4044 2366 4084 ac
2394 4028 2646 4083 vividam
2678 4027 2862 4086 fuisse
2891 4029 3196 4084 fatendum
3243 4032 3357 4096 est,
3393 4027 3443 4084 si
3484 4025 3612 4082 viris
3636 4016 3852 4078 sanctitate

2300 4134 2418 4173 non
2466 4117 2686 4190 vulgari
2749 4117 3028 4190 praeditis,
3074 4119 3220 4174 dum
3287 4134 3406 4172 uno
3461 4111 3693 4171 veritatis
3727 4102 3849 4162 Sllltlitl

2301 4206 2489 4278 abripi
2550 4207 2660 4261 sibi
2708 4206 2996 4274 videntur,
3029 4206 3322 4263 nonnulla
3377 4205 3688 4262 exciderunt
3728 4193 3852 4251 verba.

2301 4313 2429 4368 qum
2456 4312 2797 4352 communes
2821 4295 3166 4352 Christianae
3191 4296 3494 4352 modestia:
3510 4293 3648 4364 leges
3676 4302 3759 4342 non
3771 4295 3850 4352 pro-

2299 4384 2462 4454 bant,
2513 4385 2653 4456 quid
2704 4401 2818 4440 non
2869 4385 2941 4440 ab
2987 4385 3106 4441 illis
3155 4383 3647 4457 disputationibus
3673 4379 3852 4432 metuen-

2300 4475 2463 4546 dum,
2498 4492 2625 4546 quae
2655 4480 2873 4532 temere
2924 4492 2990 4531 ac
3037 4474 3272 4532 levibus
3309 4477 3383 4530 de
3414 4472 3598 4530 causis
3616 4463 3844 4534 suscipiun-

531 4539 661 4638 jam
693 4539 1109 4638 acceperam-ut
1142 4564 1320 4620 iidem
1358 4539 1485 4636 ipsi
1519 4539 1775 4620 haeretici
1830 4539 2192 4636 (Donatistae)
2221 4539 2267 4604 D
2298 4569 2414 4634 tur,
2450 4539 2532 4621 Iac
2572 4583 2725 4639 saepe
2772 4583 2890 4623 una
2933 4566 3131 4640 gloriae
3197 4567 3523 4640 cupiditate
3585 4562 3794 4618 foveatur
3817 4561 3850 4602 δε

539 4671 667 4712 cum
694 4655 1019 4728 disputant,
1049 4655 1300 4711 frontem
1331 4653 1669 4724 confricent,
1694 4658 1752 4709 et
1779 4670 1957 4727 prope
1989 4671 2190 4711 omnes

537 4761 740 4802 eorum
770 4744 994 4802 laici....
1028 4744 1137 4801 hoc
1169 4743 1358 4800 solum
1409 4743 1532 4799 illic
1574 4744 1658 4814 (in
1703 4747 1848 4799 secta
1893 4760 2016 4810 sua,
2049 4745 2193 4815 quod

537 4837 840 4909 baptismate
866 4836 1118 4908 iteratur)
1149 4835 1260 4891 sibi
1294 4835 1603 4906 displicere
1647 4834 1937 4890 fateantur
1964 4833 2088 4905 (tib.
2134 4849 2188 4901 v,

535 4926 600 4983 de
630 4931 790 5000 Bapt.
840 4934 1014 4984 contr.
1065 4931 1271 4981 Donat.
1319 4941 1370 4980 c.
1420 4925 1496 4996 5).
1548 4945 1577 4974 ›ι
1626 4922 1770 4979 Vide
1811 4927 1868 4979 et
1909 4925 2188 4979 subnexa.

532 5018 652 5074 Hoc
683 5022 879 5074 autem
909 5017 1187 5089 baptismi
1219 5031 1336 5069 non
1389 5013 1640 5068 iterandi
1690 5013 1903 5084 dogma
1923 5019 2023 5069 aut
2053 5030 2190 5069 con-

534 5106 744 5164 vellere
764 5113 865 5163 aut
888 5106 1132 5162 convalli
1155 5107 1346 5160 sinere
1369 5118 1563 5157 nonne
1585 5101 1745 5158 visus
1775 5108 1927 5158 esset
1947 5103 2189 5175 Stepha-

534 5215 669 5264 nus,
701 5196 751 5253 si
782 5196 1088 5252 haareticos
1118 5191 1513 5264 rcbaptizandi
1556 5192 2040 5248 consuetudinem
2074 5210 2189 5248 non

532 5285 616 5342 ita
646 5286 870 5359 pridem
902 5285 1205 5340 inductam
1242 5279 1502 5337 roborari
1530 5281 1753 5337 diutius
1780 5281 2190 5353 permisisset?

535 5377 658 5440 Quo
709 5374 952 5446 majoris
1001 5377 1166 5430 erant
1197 5369 1390 5426 meriti
1424 5369 1524 5441 qui
1573 5386 1702 5426 eam
1754 5370 2090 5437 tuebantur,
2123 5387 2190 5428 eo

534 5463 770 5535 gravius
800 5461 1069 5520 Ecclesia:
1095 5458 1424 5533 periculum
1460 5458 1832 5529 imminebat,
1867 5459 1980 5516 nisi
2012 5460 2189 5517 ﬁdem

529 5552 851 5626 apostolica
888 5549 1203 5609 traditione
1231 5553 1538 5622 acceptam
1573 5547 1930 5606 vindicasset
1958 5551 2186 5620 acriter,

530 5645 633 5721 qui
662 5642 955 5720 praecipua
982 5641 1325 5703 auctoritate
1363 5640 1421 5699 in
1449 5636 1710 5698 Ecclesia
1737 5638 2190 5715 pollebat.Tanti

2301 4655 2686 4712 nutriuntur?
2715 4657 2823 4713 Sed
2855 4655 2905 4713 si
2941 4657 3105 4713 vitari
3136 4675 3258 4713 non
3293 4652 3640 4728 possunt,sic
3657 4664 3709 4704 se
3725 4643 3852 4717 gem1

2301 4749 2515 4815 partes,
2550 4750 2613 4800 ut
2657 4751 2714 4800 et
2743 4745 2794 4801 ei
2847 4746 2948 4817 qui
2996 4746 3308 4802 veritatem
3367 4741 3695 4817 propugnat.
3727 4740 3852 4802 ex?”

2300 4833 2454 4888 brari
2489 4850 2603 4900 non
2635 4833 2822 4905 possit
2850 4816 3006 4906 quod
3060 4816 3513 4890 schismaticum
3552 4845 3653 4900 prae
3694 4839 3743 4880 se
3769 4816 3853 4872 feni

2300 4922 2651 4990 animum,et
2681 4923 2731 4978 is
2758 4923 2858 4995 qui
2888 4923 3120 4979 aberrat
3148 4941 3183 4978 a
3205 4923 3442 4989 vero,de
3463 4915 3719 4976 catholica
3733 4907 3853 5002 mettili

2300 5012 2535 5084 gloriari
2565 5013 2772 5069 valeat.
2798 5014 3158 5086 Stephanum
3181 5014 3497 5068 imitentur
3523 5014 3676 5077 atque
3699 5004 3852 5087 Cypria:

2300 5120 2465 5174 num,
2497 5120 2746 5174 quorum
2777 5103 2956 5160 animi
2981 5119 3216 5176 semper
3236 5103 3479 5159 fuerunt
3506 5100 3582 5156 ita
3608 5089 3852 5163 compaﬂl‘v

2300 5198 2366 5248 ut
2394 5192 2658 5248 Ecclesia:
2691 5209 2893 5265 pacem
2939 5209 3056 5250 non
3100 5210 3273 5250 secus
3323 5192 3528 5248 1274
3573 5194 3722 5256 atque
3744 5176 3851 5272 ﬁdem

2298 5281 2543 5338 illaesum
2575 5283 2799 5339 sincere
2831 5282 3070 5351 vellent;
3097 5287 3155 5339 et
3203 5285 3279 5339 de
3333 5281 3548 5355 quibus
3589 5270 3852 5355 Augustino},

2301 5371 2480 5427 dicit:
2516 5391 2538 5419 ι
2590 5371 2735 5428 Vicit
2779 5389 2892 5444 pax
2929 5370 2989 5427 in
3041 5345 3324 5429 cordibus
3353 5345 3589 5430 .eorum,
3632 5368 3689 5417 οι
3723 5359 3765 5412 in

2299 5459 2717 5531 disceptatione
2747 5442 2976 5518 nullum
3023 5462 3175 5518 inter
3223 5477 3328 5517 eos
3371 5457 3586 5516 malum
3614 5442 3853 5508 schismalii

2299 5551 2550 5607 oriretur
2597 5549 2722 5621 (lib.
2765 5569 2799 5608 v
2845 5551 2910 5607 de
2959 5553 3116 5625 Bapt.
3177 5555 3362 5607 contr.
3423 5547 3608 5605 Donat.
3651 5557 3693 5595 c.
3732 5535 3813 5625 253-.
3839 5546 3853 5567 ‘
3936 5575 3937 5580 η

2300 5639 2439 5698 Inde
2467 5615 2702 5714 quoque
2747 5641 2977 5703 discant
3024 5615 3299 5701 novitatis
3356 5640 3631 5721 amatores
3664 5615 3853 5684 etcccle'
