  <div class='ocr_page' id='page_1' title='image "/cluster/home/n/w/nwhite01/storage/ocr_20150623/3/hvd.32044073549586/716.png"; bbox 0 0 4088 6174; ppageno 0'>
   <div class='ocr_carea' id='block_1_1' title="bbox 306 279 462 340">
    <p class='ocr_par' dir='ltr' id='par_1_1' title="bbox 306 279 462 340">
     <span class='ocr_line' id='line_1_1' title="bbox 306 279 462 340; baseline -0.006 -3"><span class='ocrx_word' id='word_1_1' title='bbox 306 279 462 340; x_wconf 75' lang='grc'>1325</span> 
     </span>
    </p>
   </div>
   <div class='ocr_carea' id='block_1_2' title="bbox 1254 278 2765 343">
    <p class='ocr_par' dir='ltr' id='par_1_2' title="bbox 1254 278 2765 343">
     <span class='ocr_line' id='line_1_2' title="bbox 1254 278 2765 343; baseline -0.001 -1"><span class='ocrx_word' id='word_1_2' title='bbox 1254 280 1454 342; x_wconf 82' lang='lat' dir='ltr'>PARS</span> <span class='ocrx_word' id='word_1_3' title='bbox 1500 281 1574 341; x_wconf 85' lang='lat' dir='ltr'>Il.</span> <span class='ocrx_word' id='word_1_4' title='bbox 1610 311 1686 324; x_wconf 96' lang='lat'><em>—</em></span> <span class='ocrx_word' id='word_1_5' title='bbox 1721 278 2285 343; x_wconf 78' lang='lat' dir='ltr'>RECENTIORUM</span> <span class='ocrx_word' id='word_1_6' title='bbox 2330 278 2765 343; x_wconf 83' lang='lat' dir='ltr'>EXCURSUS.</span> 
     </span>
    </p>
   </div>
   <div class='ocr_carea' id='block_1_3' title="bbox 304 410 3712 485">
    <p class='ocr_par' dir='ltr' id='par_1_3' title="bbox 304 410 3712 485">
     <span class='ocr_line' id='line_1_3' title="bbox 304 410 3712 485; baseline 0.001 -19"><span class='ocrx_word' id='word_1_7' title='bbox 304 410 674 467; x_wconf 89' lang='lat' dir='ltr'>siasticarum</span> <span class='ocrx_word' id='word_1_8' title='bbox 698 414 1128 483; x_wconf 82' lang='lat' dir='ltr'>contemptores</span> <span class='ocrx_word' id='word_1_9' title='bbox 1148 412 1956 484; x_wconf 86' lang='lat' dir='ltr'>traditionum,quipericulo</span> <span class='ocrx_word' id='word_1_10' title='bbox 1986 414 2041 479; x_wconf 80' lang='grc' dir='ltr'><strong>Α</strong></span> <span class='ocrx_word' id='word_1_11' title='bbox 2071 411 2382 468; x_wconf 84' lang='lat' dir='ltr'>concilium</span> <span class='ocrx_word' id='word_1_12' title='bbox 2414 414 2541 485; x_wconf 87' lang='lat' dir='ltr'>(seu</span> <span class='ocrx_word' id='word_1_13' title='bbox 2588 411 2922 469; x_wconf 76' lang='lat' dir='ltr'>Arelatense</span> <span class='ocrx_word' id='word_1_14' title='bbox 2980 429 3106 471; x_wconf 90' lang='lat' dir='ltr'>can.</span> <span class='ocrx_word' id='word_1_15' title='bbox 3165 414 3219 479; x_wconf 89' lang='lat'>8,</span> <span class='ocrx_word' id='word_1_16' title='bbox 3267 429 3370 469; x_wconf 88' lang='lat' dir='ltr'>seu</span> <span class='ocrx_word' id='word_1_17' title='bbox 3414 413 3712 470; x_wconf 73' lang='lat' dir='ltr'>Nicaanum</span> 
     </span>
    </p>
   </div>
   <div class='ocr_carea' id='block_1_4' title="bbox 302 500 1952 575">
    <p class='ocr_par' dir='ltr' id='par_1_4' title="bbox 302 500 1952 575">
     <span class='ocr_line' id='line_1_4' title="bbox 302 500 1952 575; baseline 0 -18"><span class='ocrx_word' id='word_1_18' title='bbox 302 518 365 557; x_wconf 90' lang='lat' dir='ltr'>se</span> <span class='ocrx_word' id='word_1_19' title='bbox 398 500 791 570; x_wconf 82' lang='lat' dir='ltr'>committant,</span> <span class='ocrx_word' id='word_1_20' title='bbox 824 518 957 558; x_wconf 89' lang='lat' dir='ltr'>cum</span> <span class='ocrx_word' id='word_1_21' title='bbox 982 502 1264 574; x_wconf 83' lang='lat' dir='ltr'>speciosis</span> <span class='ocrx_word' id='word_1_22' title='bbox 1296 503 1688 575; x_wconf 80' lang='lat' dir='ltr'>quisbusdam</span> <span class='ocrx_word' id='word_1_23' title='bbox 1716 502 1952 559; x_wconf 90' lang='lat' dir='ltr'>rationi-</span> 
     </span>
    </p>
   </div>
   <div class='ocr_carea' id='block_1_5' title="bbox 2062 502 3715 577">
    <p class='ocr_par' dir='ltr' id='par_1_5' title="bbox 2062 502 3715 577">
     <span class='ocr_line' id='line_1_5' title="bbox 2062 502 3715 577; baseline 0.001 -20"><span class='ocrx_word' id='word_1_24' title='bbox 2062 502 2202 558; x_wconf 89' lang='lat' dir='ltr'>item</span> <span class='ocrx_word' id='word_1_25' title='bbox 2234 520 2362 558; x_wconf 91' lang='lat' dir='ltr'>can.</span> <span class='ocrx_word' id='word_1_26' title='bbox 2396 503 2451 575; x_wconf 91' lang='lat'>8)</span> <span class='ocrx_word' id='word_1_27' title='bbox 2484 502 2885 572; x_wconf 85' lang='lat' dir='ltr'>confirmavit;</span> <span class='ocrx_word' id='word_1_28' title='bbox 2942 503 3055 558; x_wconf 91' lang='lat' dir='ltr'>huc</span> <span class='ocrx_word' id='word_1_29' title='bbox 3104 503 3343 574; x_wconf 80' lang='lat' dir='ltr'>accedit,</span> <span class='ocrx_word' id='word_1_30' title='bbox 3396 504 3551 575; x_wconf 89' lang='lat' dir='ltr'>quod</span> <span class='ocrx_word' id='word_1_31' title='bbox 3586 520 3715 577; x_wconf 87' lang='lat' dir='ltr'>per-</span> 
     </span>
    </p>
   </div>
   <div class='ocr_carea' id='block_1_6' title="bbox 304 591 3720 666">
    <p class='ocr_par' dir='ltr' id='par_1_6' title="bbox 304 591 3720 666">
     <span class='ocr_line' id='line_1_6' title="bbox 304 591 3720 666; baseline 0.001 -19"><span class='ocrx_word' id='word_1_32' title='bbox 304 591 419 647; x_wconf 88' lang='lat' dir='ltr'>bus</span> <span class='ocrx_word' id='word_1_33' title='bbox 476 591 774 658; x_wconf 82' lang='lat' dir='ltr'>humanis,</span> <span class='ocrx_word' id='word_1_34' title='bbox 826 591 916 647; x_wconf 87' lang='lat' dir='ltr'>vel</span> <span class='ocrx_word' id='word_1_35' title='bbox 967 592 1142 647; x_wconf 90' lang='lat' dir='ltr'>etiam</span> <span class='ocrx_word' id='word_1_36' title='bbox 1191 592 1265 648; x_wconf 90' lang='lat' dir='ltr'>iis</span> <span class='ocrx_word' id='word_1_37' title='bbox 1313 610 1555 665; x_wconf 82' lang='lat' dir='ltr'>prorsus</span> <span class='ocrx_word' id='word_1_38' title='bbox 1603 591 1889 659; x_wconf 74' lang='lat' dir='ltr'>destituti,</span> <span class='ocrx_word' id='word_1_39' title='bbox 1922 610 1955 647; x_wconf 91' lang='lat' dir='ltr'>a</span> <span class='ocrx_word' id='word_1_40' title='bbox 2064 592 2283 664; x_wconf 91' lang='lat' dir='ltr'>spectis</span> <span class='ocrx_word' id='word_1_41' title='bbox 2312 608 2381 647; x_wconf 85' lang='lat' dir='ltr'>ex</span> <span class='ocrx_word' id='word_1_42' title='bbox 2409 591 2847 664; x_wconf 90' lang='lat' dir='ltr'>utroquelatere</span> <span class='ocrx_word' id='word_1_43' title='bbox 2879 591 3295 666; x_wconf 80' lang='lat' dir='ltr'>disputationis</span> <span class='ocrx_word' id='word_1_44' title='bbox 3321 592 3642 649; x_wconf 89' lang='lat' dir='ltr'>rationibus</span> <span class='ocrx_word' id='word_1_45' title='bbox 3662 597 3720 649; x_wconf 89' lang='lat' dir='ltr'>et</span> 
     </span>
    </p>
   </div>
   <div class='ocr_carea' id='block_1_7' title="bbox 307 680 1959 753">
    <p class='ocr_par' dir='ltr' id='par_1_7' title="bbox 307 680 1959 753">
     <span class='ocr_line' id='line_1_7' title="bbox 307 680 1959 753; baseline 0 -17"><span class='ocrx_word' id='word_1_46' title='bbox 307 680 834 737; x_wconf 85' lang='lat' dir='ltr'>consuetudinibus</span> <span class='ocrx_word' id='word_1_47' title='bbox 864 680 923 735; x_wconf 93' lang='lat' dir='ltr'>in</span> <span class='ocrx_word' id='word_1_48' title='bbox 953 680 1465 753; x_wconf 68' lang='lat' dir='ltr'>Ecclesiafsemper</span> <span class='ocrx_word' id='word_1_49' title='bbox 1490 681 1737 753; x_wconf 85' lang='lat' dir='ltr'>receptis</span> <span class='ocrx_word' id='word_1_50' title='bbox 1758 685 1815 737; x_wconf 88' lang='lat' dir='ltr'>et</span> <span class='ocrx_word' id='word_1_51' title='bbox 1834 686 1959 737; x_wconf 89' lang='lat' dir='ltr'>stu-</span> 
     </span>
    </p>
   </div>
   <div class='ocr_carea' id='block_1_8' title="bbox 307 770 1959 827">
    <p class='ocr_par' dir='ltr' id='par_1_8' title="bbox 307 770 1959 827">
     <span class='ocr_line' id='line_1_8' title="bbox 307 770 1959 827; baseline -0.001 -1"><span class='ocrx_word' id='word_1_52' title='bbox 307 771 471 827; x_wconf 86' lang='lat' dir='ltr'>diose</span> <span class='ocrx_word' id='word_1_53' title='bbox 502 771 820 827; x_wconf 86' lang='lat' dir='ltr'>observatis</span> <span class='ocrx_word' id='word_1_54' title='bbox 868 770 1135 826; x_wconf 88' lang='lat' dir='ltr'>recedere</span> <span class='ocrx_word' id='word_1_55' title='bbox 1182 788 1293 825; x_wconf 92' lang='lat' dir='ltr'>non</span> <span class='ocrx_word' id='word_1_56' title='bbox 1344 776 1632 826; x_wconf 89' lang='lat' dir='ltr'>verentur.</span> <span class='ocrx_word' id='word_1_57' title='bbox 1684 771 1741 825; x_wconf 95' lang='lat' dir='ltr'>Si</span> <span class='ocrx_word' id='word_1_58' title='bbox 1783 771 1959 827; x_wconf 88' lang='lat' dir='ltr'>etiam</span> 
     </span>
    </p>
   </div>
   <div class='ocr_carea' id='block_1_9' title="bbox 309 858 1959 932">
    <p class='ocr_par' dir='ltr' id='par_1_9' title="bbox 309 858 1959 932">
     <span class='ocr_line' id='line_1_9' title="bbox 309 858 1959 932; baseline -0.001 -16"><span class='ocrx_word' id='word_1_59' title='bbox 309 858 626 932; x_wconf 89' lang='lat' dir='ltr'>aliquando</span> <span class='ocrx_word' id='word_1_60' title='bbox 650 877 683 915; x_wconf 90' lang='lat' dir='ltr'>a</span> <span class='ocrx_word' id='word_1_61' title='bbox 713 877 958 915; x_wconf 63' lang='lat' dir='ltr'>summa:</span> <span class='ocrx_word' id='word_1_62' title='bbox 992 860 1324 916; x_wconf 86' lang='lat' dir='ltr'>sanctitatis</span> <span class='ocrx_word' id='word_1_63' title='bbox 1380 864 1554 932; x_wconf 91' lang='lat' dir='ltr'>atque</span> <span class='ocrx_word' id='word_1_64' title='bbox 1598 859 1959 916; x_wconf 88' lang='lat' dir='ltr'>auctoritatis</span> 
     </span>
    </p>
   </div>
   <div class='ocr_carea' id='block_1_10' title="bbox 304 948 1962 1023">
    <p class='ocr_par' dir='ltr' id='par_1_10' title="bbox 304 948 1962 1023">
     <span class='ocr_line' id='line_1_10' title="bbox 304 948 1962 1023; baseline 0.001 -18"><span class='ocrx_word' id='word_1_65' title='bbox 304 950 449 1005; x_wconf 89' lang='lat' dir='ltr'>viris</span> <span class='ocrx_word' id='word_1_66' title='bbox 481 948 817 1022; x_wconf 86' lang='lat' dir='ltr'>impugnari</span> <span class='ocrx_word' id='word_1_67' title='bbox 849 949 1034 1022; x_wconf 86' lang='lat' dir='ltr'>potuit</span> <span class='ocrx_word' id='word_1_68' title='bbox 1067 950 1356 1005; x_wconf 89' lang='lat' dir='ltr'>constanti</span> <span class='ocrx_word' id='word_1_69' title='bbox 1381 949 1691 1006; x_wconf 85' lang='lat' dir='ltr'>traditione</span> <span class='ocrx_word' id='word_1_70' title='bbox 1724 954 1962 1023; x_wconf 88' lang='lat' dir='ltr'>accepta</span> 
     </span>
    </p>
   </div>
   <div class='ocr_carea' id='block_1_11' title="bbox 308 1038 1957 1111">
    <p class='ocr_par' dir='ltr' id='par_1_11' title="bbox 308 1038 1957 1111">
     <span class='ocr_line' id='line_1_11' title="bbox 308 1038 1957 1111; baseline 0 -16"><span class='ocrx_word' id='word_1_71' title='bbox 308 1038 574 1095; x_wconf 71' lang='lat' dir='ltr'>Ecclesiae</span> <span class='ocrx_word' id='word_1_72' title='bbox 606 1039 773 1105; x_wconf 85' lang='lat' dir='ltr'>ﬁdes,</span> <span class='ocrx_word' id='word_1_73' title='bbox 830 1056 864 1093; x_wconf 88' lang='lat' dir='ltr'>a</span> <span class='ocrx_word' id='word_1_74' title='bbox 911 1038 1071 1095; x_wconf 89' lang='lat' dir='ltr'>nullo</span> <span class='ocrx_word' id='word_1_75' title='bbox 1123 1055 1384 1110; x_wconf 90' lang='lat' dir='ltr'>unquam</span> <span class='ocrx_word' id='word_1_76' title='bbox 1446 1039 1633 1111; x_wconf 89' lang='lat' dir='ltr'>potuit</span> <span class='ocrx_word' id='word_1_77' title='bbox 1672 1040 1957 1111; x_wconf 90' lang='lat' dir='ltr'>superari.</span> 
     </span>
    </p>
   </div>
   <div class='ocr_carea' id='block_1_12' title="bbox 306 1127 1959 1201">
    <p class='ocr_par' dir='ltr' id='par_1_12' title="bbox 306 1127 1959 1201">
     <span class='ocr_line' id='line_1_12' title="bbox 306 1127 1959 1201; baseline 0.001 -19"><span class='ocrx_word' id='word_1_78' title='bbox 306 1128 362 1183; x_wconf 90' lang='lat' dir='ltr'>Si</span> <span class='ocrx_word' id='word_1_79' title='bbox 393 1146 510 1184; x_wconf 67' lang='lat' dir='ltr'>aevo</span> <span class='ocrx_word' id='word_1_80' title='bbox 541 1145 669 1194; x_wconf 92' lang='lat' dir='ltr'>suo,</span> <span class='ocrx_word' id='word_1_81' title='bbox 695 1144 829 1183; x_wconf 90' lang='lat' dir='ltr'>cum</span> <span class='ocrx_word' id='word_1_82' title='bbox 862 1127 1024 1184; x_wconf 90' lang='lat' dir='ltr'>nulla</span> <span class='ocrx_word' id='word_1_83' title='bbox 1052 1127 1383 1200; x_wconf 86' lang='lat' dir='ltr'>legerentur</span> <span class='ocrx_word' id='word_1_84' title='bbox 1413 1127 1641 1184; x_wconf 87' lang='lat' dir='ltr'>concilii</span> <span class='ocrx_word' id='word_1_85' title='bbox 1672 1127 1959 1201; x_wconf 80' lang='lat' dir='ltr'>generalis</span> 
     </span>
    </p>
   </div>
   <div class='ocr_carea' id='block_1_13' title="bbox 305 1217 1954 1290">
    <p class='ocr_par' dir='ltr' id='par_1_13' title="bbox 305 1217 1954 1290">
     <span class='ocr_line' id='line_1_13' title="bbox 305 1217 1954 1290; baseline 0.001 -18"><span class='ocrx_word' id='word_1_86' title='bbox 305 1218 558 1286; x_wconf 89' lang='lat' dir='ltr'>decreta,</span> <span class='ocrx_word' id='word_1_87' title='bbox 582 1217 904 1289; x_wconf 85' lang='lat' dir='ltr'>Cyprianus</span> <span class='ocrx_word' id='word_1_88' title='bbox 934 1218 1212 1273; x_wconf 85' lang='lat' dir='ltr'>adversus</span> <span class='ocrx_word' id='word_1_89' title='bbox 1242 1217 1609 1290; x_wconf 84' lang='lat' dir='ltr'>Stephanum</span> <span class='ocrx_word' id='word_1_90' title='bbox 1640 1217 1954 1274; x_wconf 86' lang='lat' dir='ltr'>clamavit:</span> 
     </span>
    </p>
   </div>
   <div class='ocr_carea' id='block_1_14' title="bbox 308 1306 1964 1381">
    <p class='ocr_par' dir='ltr' id='par_1_14' title="bbox 308 1306 1964 1381">
     <span class='ocr_line' id='line_1_14' title="bbox 308 1306 1964 1381; baseline 0.004 -23"><span class='ocrx_word' id='word_1_91' title='bbox 308 1328 337 1358; x_wconf 84' lang='grc'>‹‹</span> <span class='ocrx_word' id='word_1_92' title='bbox 366 1306 484 1362; x_wconf 88' lang='lat' dir='ltr'>Nec</span> <span class='ocrx_word' id='word_1_93' title='bbox 515 1307 830 1379; x_wconf 87' lang='lat' dir='ltr'>quisquam</span> <span class='ocrx_word' id='word_1_94' title='bbox 877 1307 1031 1363; x_wconf 91' lang='lat' dir='ltr'>dicat</span> <span class='ocrx_word' id='word_1_95' title='bbox 1065 1323 1079 1362; x_wconf 90' lang='lat'><strong>:</strong></span> <span class='ocrx_word' id='word_1_96' title='bbox 1111 1308 1274 1373; x_wconf 86' lang='lat' dir='ltr'>Quod</span> <span class='ocrx_word' id='word_1_97' title='bbox 1324 1308 1658 1380; x_wconf 91' lang='lat' dir='ltr'>accepimus</span> <span class='ocrx_word' id='word_1_98' title='bbox 1706 1308 1778 1363; x_wconf 90' lang='lat' dir='ltr'>ab</span> <span class='ocrx_word' id='word_1_99' title='bbox 1828 1324 1964 1381; x_wconf 87' lang='lat' dir='ltr'>apo-</span> 
     </span>
    </p>
   </div>
   <div class='ocr_carea' id='block_1_15' title="bbox 302 1394 1961 1469">
    <p class='ocr_par' dir='ltr' id='par_1_15' title="bbox 302 1394 1961 1469">
     <span class='ocr_line' id='line_1_15' title="bbox 302 1394 1961 1469; baseline 0.001 -18"><span class='ocrx_word' id='word_1_100' title='bbox 302 1394 492 1463; x_wconf 89' lang='lat' dir='ltr'>stolis,</span> <span class='ocrx_word' id='word_1_101' title='bbox 524 1395 634 1451; x_wconf 90' lang='lat' dir='ltr'>hoc</span> <span class='ocrx_word' id='word_1_102' title='bbox 665 1394 968 1467; x_wconf 90' lang='lat' dir='ltr'>sequimur</span> <span class='ocrx_word' id='word_1_103' title='bbox 1016 1412 1029 1450; x_wconf 88' lang='lat'><strong>:</strong></span> <span class='ocrx_word' id='word_1_104' title='bbox 1081 1402 1323 1465; x_wconf 88' lang='lat' dir='ltr'>quanto,</span> <span class='ocrx_word' id='word_1_105' title='bbox 1376 1395 1570 1468; x_wconf 88' lang='lat' dir='ltr'>inquit</span> <span class='ocrx_word' id='word_1_106' title='bbox 1599 1396 1961 1469; x_wconf 84' lang='lat' dir='ltr'>Augustinus</span> 
     </span>
    </p>
   </div>
   <div class='ocr_carea' id='block_1_16' title="bbox 302 1483 1960 1557">
    <p class='ocr_par' dir='ltr' id='par_1_16' title="bbox 302 1483 1960 1557">
     <span class='ocr_line' id='line_1_16' title="bbox 302 1483 1960 1557; baseline 0.002 -18"><span class='ocrx_word' id='word_1_107' title='bbox 302 1484 463 1557; x_wconf 82' lang='lat' dir='ltr'>(Ibid.</span> <span class='ocrx_word' id='word_1_108' title='bbox 498 1484 602 1540; x_wconf 91' lang='lat' dir='ltr'>lib.</span> <span class='ocrx_word' id='word_1_109' title='bbox 637 1502 711 1554; x_wconf 89' lang='lat' dir='ltr'>1v,</span> <span class='ocrx_word' id='word_1_110' title='bbox 743 1501 792 1539; x_wconf 91' lang='lat' dir='ltr'>c.</span> <span class='ocrx_word' id='word_1_111' title='bbox 825 1483 903 1555; x_wconf 82' lang='lat'>6),</span> <span class='ocrx_word' id='word_1_112' title='bbox 929 1484 1228 1541; x_wconf 88' lang='lat' dir='ltr'>robustius</span> <span class='ocrx_word' id='word_1_113' title='bbox 1269 1502 1421 1540; x_wconf 93' lang='lat' dir='ltr'>nunc</span> <span class='ocrx_word' id='word_1_114' title='bbox 1464 1484 1715 1541; x_wconf 86' lang='lat' dir='ltr'>dicimus</span> <span class='ocrx_word' id='word_1_115' title='bbox 1748 1502 1761 1541; x_wconf 92' lang='lat'><strong>:</strong></span> <span class='ocrx_word' id='word_1_116' title='bbox 1798 1486 1960 1550; x_wconf 90' lang='lat' dir='ltr'>Quod</span> 
     </span>
    </p>
   </div>
   <div class='ocr_carea' id='block_1_17' title="bbox 302 1573 1957 1647">
    <p class='ocr_par' dir='ltr' id='par_1_17' title="bbox 302 1573 1957 1647">
     <span class='ocr_line' id='line_1_17' title="bbox 302 1573 1957 1647; baseline 0.001 -18"><span class='ocrx_word' id='word_1_117' title='bbox 302 1573 574 1630; x_wconf 62' lang='lat' dir='ltr'>Ecclesiae</span> <span class='ocrx_word' id='word_1_118' title='bbox 631 1574 992 1630; x_wconf 85' lang='lat' dir='ltr'>consuetudo</span> <span class='ocrx_word' id='word_1_119' title='bbox 1025 1591 1256 1647; x_wconf 89' lang='lat' dir='ltr'>semper</span> <span class='ocrx_word' id='word_1_120' title='bbox 1283 1574 1494 1643; x_wconf 87' lang='lat' dir='ltr'>tenuit,</span> <span class='ocrx_word' id='word_1_121' title='bbox 1516 1575 1672 1646; x_wconf 91' lang='lat' dir='ltr'>quod</span> <span class='ocrx_word' id='word_1_122' title='bbox 1695 1574 1813 1630; x_wconf 72' lang='lat' dir='ltr'>haec</span> <span class='ocrx_word' id='word_1_123' title='bbox 1838 1574 1957 1631; x_wconf 86' lang='lat' dir='ltr'>dis-</span> 
     </span>
    </p>
   </div>
   <div class='ocr_carea' id='block_1_18' title="bbox 304 1662 1961 1737">
    <p class='ocr_par' dir='ltr' id='par_1_18' title="bbox 304 1662 1961 1737">
     <span class='ocr_line' id='line_1_18' title="bbox 304 1662 1961 1737; baseline 0.001 -18"><span class='ocrx_word' id='word_1_124' title='bbox 304 1662 533 1735; x_wconf 90' lang='lat' dir='ltr'>putatio</span> <span class='ocrx_word' id='word_1_125' title='bbox 565 1663 900 1720; x_wconf 87' lang='lat' dir='ltr'>discindere</span> <span class='ocrx_word' id='word_1_126' title='bbox 930 1680 1045 1721; x_wconf 91' lang='lat' dir='ltr'>non</span> <span class='ocrx_word' id='word_1_127' title='bbox 1078 1662 1290 1737; x_wconf 91' lang='lat' dir='ltr'>potuit,</span> <span class='ocrx_word' id='word_1_128' title='bbox 1335 1667 1391 1720; x_wconf 92' lang='lat' dir='ltr'>et</span> <span class='ocrx_word' id='word_1_129' title='bbox 1437 1664 1590 1736; x_wconf 92' lang='lat' dir='ltr'>quod</span> <span class='ocrx_word' id='word_1_130' title='bbox 1632 1663 1961 1737; x_wconf 89' lang='lat' dir='ltr'>plenarium</span> 
     </span>
    </p>
   </div>
   <div class='ocr_carea' id='block_1_19' title="bbox 2069 680 3717 754">
    <p class='ocr_par' dir='ltr' id='par_1_19' title="bbox 2069 680 3717 754">
     <span class='ocr_line' id='line_1_19' title="bbox 2069 680 3717 754; baseline 0.001 -17"><span class='ocrx_word' id='word_1_131' title='bbox 2069 680 2503 753; x_wconf 88' lang='lat' dir='ltr'>Scripturarum</span> <span class='ocrx_word' id='word_1_132' title='bbox 2533 682 2909 748; x_wconf 85' lang='lat' dir='ltr'>testimoniis,</span> <span class='ocrx_word' id='word_1_133' title='bbox 2936 686 3127 754; x_wconf 84' lang='lat' dir='ltr'>potest</span> <span class='ocrx_word' id='word_1_134' title='bbox 3156 681 3329 738; x_wconf 91' lang='lat' dir='ltr'>etiam</span> <span class='ocrx_word' id='word_1_135' title='bbox 3360 681 3473 737; x_wconf 90' lang='lat' dir='ltr'>dici</span> <span class='ocrx_word' id='word_1_136' title='bbox 3505 699 3519 738; x_wconf 92' lang='lat'><strong>:</strong></span> <span class='ocrx_word' id='word_1_137' title='bbox 3555 682 3717 747; x_wconf 89' lang='lat' dir='ltr'>Quod</span> 
     </span>
    </p>
   </div>
   <div class='ocr_carea' id='block_1_20' title="bbox 2068 770 3722 843">
    <p class='ocr_par' dir='ltr' id='par_1_20' title="bbox 2068 770 3722 843">
     <span class='ocr_line' id='line_1_20' title="bbox 2068 770 3722 843; baseline -0.001 -17"><span class='ocrx_word' id='word_1_138' title='bbox 2068 770 2278 826; x_wconf 89' lang='lat' dir='ltr'>veritas</span> <span class='ocrx_word' id='word_1_139' title='bbox 2321 770 2651 842; x_wconf 86' lang='lat' dir='ltr'>declaravit,</span> <span class='ocrx_word' id='word_1_140' title='bbox 2698 770 2805 827; x_wconf 90' lang='lat' dir='ltr'>hoc</span> <span class='ocrx_word' id='word_1_141' title='bbox 2837 771 3156 843; x_wconf 89' lang='lat' dir='ltr'>sequimur.</span> <span class='ocrx_word' id='word_1_142' title='bbox 3200 794 3229 821; x_wconf 85' lang='lat'><strong>»</strong></span> <span class='ocrx_word' id='word_1_143' title='bbox 3278 771 3525 828; x_wconf 88' lang='lat' dir='ltr'>Miratur</span> <span class='ocrx_word' id='word_1_144' title='bbox 3581 770 3722 827; x_wconf 91' lang='lat' dir='ltr'>alibi</span> 
     </span>
    </p>
   </div>
   <div class='ocr_carea' id='block_1_21' title="bbox 2068 859 3715 933">
    <p class='ocr_par' dir='ltr' id='par_1_21' title="bbox 2068 859 3715 933">
     <span class='ocr_line' id='line_1_21' title="bbox 2068 859 3715 933; baseline 0.001 -19"><span class='ocrx_word' id='word_1_145' title='bbox 2068 860 2461 932; x_wconf 81' lang='lat' dir='ltr'>Augustinus,</span> <span class='ocrx_word' id='word_1_146' title='bbox 2504 866 2560 915; x_wconf 91' lang='lat' dir='ltr'>et</span> <span class='ocrx_word' id='word_1_147' title='bbox 2581 859 2693 915; x_wconf 91' lang='lat' dir='ltr'>hoc</span> <span class='ocrx_word' id='word_1_148' title='bbox 2720 877 2852 917; x_wconf 89' lang='lat' dir='ltr'>vere</span> <span class='ocrx_word' id='word_1_149' title='bbox 2883 860 3271 917; x_wconf 88' lang='lat' dir='ltr'>admiratione</span> <span class='ocrx_word' id='word_1_150' title='bbox 3313 861 3556 933; x_wconf 90' lang='lat' dir='ltr'>dignum</span> <span class='ocrx_word' id='word_1_151' title='bbox 3606 864 3715 929; x_wconf 89' lang='lat' dir='ltr'>est,</span> 
     </span>
    </p>
   </div>
   <div class='ocr_carea' id='block_1_22' title="bbox 2071 948 3720 1022">
    <p class='ocr_par' dir='ltr' id='par_1_22' title="bbox 2071 948 3720 1022">
     <span class='ocr_line' id='line_1_22' title="bbox 2071 948 3720 1022; baseline -0.001 -17"><span class='ocrx_word' id='word_1_152' title='bbox 2071 950 2226 1021; x_wconf 91' lang='lat' dir='ltr'>quod</span> <span class='ocrx_word' id='word_1_153' title='bbox 2260 948 2579 1005; x_wconf 88' lang='lat' dir='ltr'>Petilianus</span> <span class='ocrx_word' id='word_1_154' title='bbox 2610 948 2933 1016; x_wconf 85' lang='lat' dir='ltr'>Donatista,</span> <span class='ocrx_word' id='word_1_155' title='bbox 2957 965 3091 1005; x_wconf 91' lang='lat' dir='ltr'>cum</span> <span class='ocrx_word' id='word_1_156' title='bbox 3124 949 3393 1022; x_wconf 84' lang='lat' dir='ltr'>Cypriani</span> <span class='ocrx_word' id='word_1_157' title='bbox 3424 951 3493 1006; x_wconf 90' lang='lat' dir='ltr'>de</span> <span class='ocrx_word' id='word_1_158' title='bbox 3528 949 3720 1022; x_wconf 88' lang='lat' dir='ltr'>bapti-</span> 
     </span>
    </p>
   </div>
   <div class='ocr_carea' id='block_1_23' title="bbox 2069 1038 3724 1111">
    <p class='ocr_par' dir='ltr' id='par_1_23' title="bbox 2069 1038 3724 1111">
     <span class='ocr_line' id='line_1_23' title="bbox 2069 1038 3724 1111; baseline -0.001 -17"><span class='ocrx_word' id='word_1_159' title='bbox 2069 1056 2197 1095; x_wconf 89' lang='lat' dir='ltr'>smo</span> <span class='ocrx_word' id='word_1_160' title='bbox 2230 1039 2578 1096; x_wconf 87' lang='lat' dir='ltr'>sententiam</span> <span class='ocrx_word' id='word_1_161' title='bbox 2610 1038 2875 1095; x_wconf 87' lang='lat' dir='ltr'>laudaret</span> <span class='ocrx_word' id='word_1_162' title='bbox 2907 1055 2971 1094; x_wconf 87' lang='lat' dir='ltr'>ac</span> <span class='ocrx_word' id='word_1_163' title='bbox 3017 1044 3385 1111; x_wconf 90' lang='lat' dir='ltr'>sequeretur,</span> <span class='ocrx_word' id='word_1_164' title='bbox 3428 1038 3724 1095; x_wconf 88' lang='lat' dir='ltr'>nihilomi-</span> 
     </span>
    </p>
   </div>
   <div class='ocr_carea' id='block_1_24' title="bbox 2070 1127 3718 1200">
    <p class='ocr_par' dir='ltr' id='par_1_24' title="bbox 2070 1127 3718 1200">
     <span class='ocr_line' id='line_1_24' title="bbox 2070 1127 3718 1200; baseline 0 -17"><span class='ocrx_word' id='word_1_165' title='bbox 2070 1145 2182 1184; x_wconf 91' lang='lat' dir='ltr'>nus</span> <span class='ocrx_word' id='word_1_166' title='bbox 2201 1128 2563 1200; x_wconf 87' lang='lat' dir='ltr'>Stephanum</span> <span class='ocrx_word' id='word_1_167' title='bbox 2594 1127 2746 1183; x_wconf 89' lang='lat' dir='ltr'>inter</span> <span class='ocrx_word' id='word_1_168' title='bbox 2786 1143 2885 1184; x_wconf 91' lang='lat' dir='ltr'>eos</span> <span class='ocrx_word' id='word_1_169' title='bbox 2931 1128 3402 1185; x_wconf 90' lang='lat' dir='ltr'>commemorarit</span> <span class='ocrx_word' id='word_1_170' title='bbox 3448 1128 3718 1184; x_wconf 83' lang='lat' dir='ltr'>Romanae</span> 
     </span>
    </p>
   </div>
   <div class='ocr_carea' id='block_1_25' title="bbox 2070 1215 3719 1289">
    <p class='ocr_par' dir='ltr' id='par_1_25' title="bbox 2070 1215 3719 1289">
     <span class='ocr_line' id='line_1_25' title="bbox 2070 1215 3719 1289; baseline 0.001 -17"><span class='ocrx_word' id='word_1_171' title='bbox 2070 1216 2338 1273; x_wconf 79' lang='lat' dir='ltr'>Ecclesiae</span> <span class='ocrx_word' id='word_1_172' title='bbox 2383 1216 2683 1289; x_wconf 72' lang='lat' dir='ltr'>praesules,</span> <span class='ocrx_word' id='word_1_173' title='bbox 2723 1236 2750 1269; x_wconf 71' lang='grc' dir='ltr'><em>α</em></span> <span class='ocrx_word' id='word_1_174' title='bbox 2779 1233 2927 1288; x_wconf 91' lang='lat' dir='ltr'>quos</span> <span class='ocrx_word' id='word_1_175' title='bbox 2976 1215 3267 1272; x_wconf 90' lang='lat' dir='ltr'>illibatum</span> <span class='ocrx_word' id='word_1_176' title='bbox 3317 1217 3719 1289; x_wconf 87' lang='lat' dir='ltr'>episcopatum</span> 
     </span>
    </p>
   </div>
   <div class='ocr_carea' id='block_1_26' title="bbox 2070 1304 3722 1380">
    <p class='ocr_par' dir='ltr' id='par_1_26' title="bbox 2070 1304 3722 1380">
     <span class='ocr_line' id='line_1_26' title="bbox 2070 1304 3722 1380; baseline 0 -18"><span class='ocrx_word' id='word_1_177' title='bbox 2070 1306 2325 1380; x_wconf 88' lang='lat' dir='ltr'>gessisse</span> <span class='ocrx_word' id='word_1_178' title='bbox 2354 1306 2660 1362; x_wconf 77' lang='lat' dir='ltr'>confessus</span> <span class='ocrx_word' id='word_1_179' title='bbox 2691 1308 2799 1362; x_wconf 90' lang='lat' dir='ltr'>est.</span> <span class='ocrx_word' id='word_1_180' title='bbox 2834 1326 2862 1355; x_wconf 83' lang='lat'><strong>»</strong></span> <span class='ocrx_word' id='word_1_181' title='bbox 2886 1305 2967 1361; x_wconf 91' lang='lat' dir='ltr'>Ea</span> <span class='ocrx_word' id='word_1_182' title='bbox 2983 1304 3264 1361; x_wconf 89' lang='lat' dir='ltr'>nimirum</span> <span class='ocrx_word' id='word_1_183' title='bbox 3290 1309 3379 1361; x_wconf 90' lang='lat' dir='ltr'>est</span> <span class='ocrx_word' id='word_1_184' title='bbox 3407 1304 3494 1361; x_wconf 90' lang='lat' dir='ltr'>vis</span> <span class='ocrx_word' id='word_1_185' title='bbox 3516 1306 3722 1363; x_wconf 88' lang='lat' dir='ltr'>verita-</span> 
     </span>
    </p>
   </div>
   <div class='ocr_carea' id='block_1_27' title="bbox 2069 1394 3724 1468">
    <p class='ocr_par' dir='ltr' id='par_1_27' title="bbox 2069 1394 3724 1468">
     <span class='ocr_line' id='line_1_27' title="bbox 2069 1394 3724 1468; baseline 0 -17"><span class='ocrx_word' id='word_1_186' title='bbox 2069 1396 2167 1468; x_wconf 87' lang='lat' dir='ltr'>tis,</span> <span class='ocrx_word' id='word_1_187' title='bbox 2202 1400 2268 1451; x_wconf 92' lang='lat' dir='ltr'>ut</span> <span class='ocrx_word' id='word_1_188' title='bbox 2296 1395 2591 1451; x_wconf 92' lang='lat' dir='ltr'>interdum</span> <span class='ocrx_word' id='word_1_189' title='bbox 2636 1394 2811 1451; x_wconf 90' lang='lat' dir='ltr'>etiam</span> <span class='ocrx_word' id='word_1_190' title='bbox 2843 1394 2917 1451; x_wconf 90' lang='lat' dir='ltr'>ab</span> <span class='ocrx_word' id='word_1_191' title='bbox 2946 1394 3288 1451; x_wconf 87' lang='lat' dir='ltr'>advertariis</span> <span class='ocrx_word' id='word_1_192' title='bbox 3327 1394 3452 1451; x_wconf 89' lang='lat' dir='ltr'>suis</span> <span class='ocrx_word' id='word_1_193' title='bbox 3490 1409 3724 1467; x_wconf 72' lang='lat' dir='ltr'>aequum</span> 
     </span>
    </p>
   </div>
   <div class='ocr_carea' id='block_1_28' title="bbox 2068 1483 3723 1555">
    <p class='ocr_par' dir='ltr' id='par_1_28' title="bbox 2068 1483 3723 1555">
     <span class='ocr_line' id='line_1_28' title="bbox 2068 1483 3723 1555; baseline -0.001 -14"><span class='ocrx_word' id='word_1_194' title='bbox 2068 1484 2476 1542; x_wconf 88' lang='lat' dir='ltr'>testimonium</span> <span class='ocrx_word' id='word_1_195' title='bbox 2535 1487 2900 1553; x_wconf 81' lang='lat' dir='ltr'>extorqueat.</span> <span class='ocrx_word' id='word_1_196' title='bbox 2931 1484 3068 1541; x_wconf 91' lang='lat' dir='ltr'>Post</span> <span class='ocrx_word' id='word_1_197' title='bbox 3124 1483 3468 1555; x_wconf 89' lang='lat' dir='ltr'>hujusmodi</span> <span class='ocrx_word' id='word_1_198' title='bbox 3527 1487 3723 1541; x_wconf 87' lang='lat' dir='ltr'>autem</span> 
     </span>
    </p>
   </div>
   <div class='ocr_carea' id='block_1_29' title="bbox 2068 1571 3722 1646">
    <p class='ocr_par' dir='ltr' id='par_1_29' title="bbox 2068 1571 3722 1646">
     <span class='ocr_line' id='line_1_29' title="bbox 2068 1571 3722 1646; baseline -0.001 -16"><span class='ocrx_word' id='word_1_199' title='bbox 2068 1573 2476 1630; x_wconf 91' lang='lat' dir='ltr'>testimonium</span> <span class='ocrx_word' id='word_1_200' title='bbox 2530 1573 2663 1646; x_wconf 89' lang='lat' dir='ltr'>quis</span> <span class='ocrx_word' id='word_1_201' title='bbox 2694 1571 2875 1631; x_wconf 90' lang='lat' dir='ltr'>ullam</span> <span class='ocrx_word' id='word_1_202' title='bbox 2929 1571 2990 1629; x_wconf 91' lang='lat' dir='ltr'>in</span> <span class='ocrx_word' id='word_1_203' title='bbox 3045 1572 3323 1646; x_wconf 82' lang='lat' dir='ltr'>Stephani</span> <span class='ocrx_word' id='word_1_204' title='bbox 3372 1573 3485 1630; x_wconf 84' lang='lat' dir='ltr'>ﬁde</span> <span class='ocrx_word' id='word_1_205' title='bbox 3529 1571 3722 1630; x_wconf 88' lang='lat' dir='ltr'>labem</span> 
     </span>
    </p>
   </div>
   <div class='ocr_carea' id='block_1_30' title="bbox 2071 1663 2441 1737">
    <p class='ocr_par' dir='ltr' id='par_1_30' title="bbox 2071 1663 2441 1737">
     <span class='ocr_line' id='line_1_30' title="bbox 2071 1663 2441 1737; baseline -0.003 -17"><span class='ocrx_word' id='word_1_206' title='bbox 2071 1663 2441 1737; x_wconf 77' lang='lat' dir='ltr'>suspicetur?</span> 
     </span>
    </p>
   </div>
   <div class='ocr_carea' id='block_1_31' title="bbox 950 2206 3069 2357">
    <p class='ocr_par' dir='ltr' id='par_1_31' title="bbox 950 2206 3069 2357">
     <span class='ocr_line' id='line_1_31' title="bbox 950 2206 3069 2357; baseline 0.009 -20"><span class='ocrx_word' id='word_1_207' title='bbox 950 2207 1987 2343; x_wconf 81' lang='lat' dir='ltr'>AUCTOBITAS</span> <span class='ocrx_word' id='word_1_208' title='bbox 2077 2206 3069 2357; x_wconf 73' lang='lat' dir='ltr'>PONTIFICIA.</span> 
     </span>
    </p>
   </div>
   <div class='ocr_carea' id='block_1_32' title="bbox 1506 2460 2525 2520">
    <p class='ocr_par' dir='ltr' id='par_1_32' title="bbox 1506 2460 2525 2520">
     <span class='ocr_line' id='line_1_32' title="bbox 1506 2460 2525 2520; baseline 0.002 -3"><span class='ocrx_word' id='word_1_209' title='bbox 1506 2461 1879 2518; x_wconf 77' lang='lat' dir='ltr'>NOTISSIMO</span> <span class='ocrx_word' id='word_1_210' title='bbox 1917 2461 2258 2520; x_wconf 86' lang='lat' dir='ltr'>CYPRIANI</span> <span class='ocrx_word' id='word_1_211' title='bbox 2299 2460 2525 2519; x_wconf 83' lang='lat' dir='ltr'>FACTO</span> 
     </span>
    </p>
   </div>
   <div class='ocr_carea' id='block_1_33' title="bbox 488 2640 3555 2720">
    <p class='ocr_par' dir='ltr' id='par_1_33' title="bbox 488 2640 3555 2720">
     <span class='ocr_line' id='line_1_33' title="bbox 488 2640 3555 2720; baseline 0.003 -19"><span class='ocrx_word' id='word_1_212' title='bbox 488 2643 537 2701; x_wconf 86' lang='lat' dir='ltr'><strong>A</strong></span> <span class='ocrx_word' id='word_1_213' title='bbox 609 2640 1067 2712; x_wconf 82' lang='lat' dir='ltr'>QUIBUSDAM</span> <span class='ocrx_word' id='word_1_214' title='bbox 1140 2643 1608 2706; x_wconf 83' lang='lat' dir='ltr'>NEOTERICIS</span> <span class='ocrx_word' id='word_1_215' title='bbox 1680 2645 2165 2720; x_wconf 86' lang='lat' dir='ltr'>INPUGNATA,</span> <span class='ocrx_word' id='word_1_216' title='bbox 2230 2646 2379 2706; x_wconf 86' lang='lat' dir='ltr'>SED</span> <span class='ocrx_word' id='word_1_217' title='bbox 2443 2647 2495 2706; x_wconf 79' lang='grc' dir='ltr'><strong>Α</strong></span> <span class='ocrx_word' id='word_1_218' title='bbox 2556 2643 3178 2709; x_wconf 84' lang='lat' dir='ltr'>SAPIENTISSIMIS</span> <span class='ocrx_word' id='word_1_219' title='bbox 3244 2645 3555 2709; x_wconf 67' lang='lat' dir='ltr'>GALLIIE</span> 
     </span>
    </p>
   </div>
   <div class='ocr_carea' id='block_1_34' title="bbox 1391 2832 2648 2895">
    <p class='ocr_par' dir='ltr' id='par_1_34' title="bbox 1391 2832 2648 2895">
     <span class='ocr_line' id='line_1_34' title="bbox 1391 2832 2648 2895; baseline 0 -3"><span class='ocrx_word' id='word_1_220' title='bbox 1391 2833 1835 2895; x_wconf 84' lang='lat' dir='ltr'>THEOLOGIS</span> <span class='ocrx_word' id='word_1_221' title='bbox 1890 2833 2175 2895; x_wconf 87' lang='lat' dir='ltr'>SOLIDE</span> <span class='ocrx_word' id='word_1_222' title='bbox 2217 2832 2648 2894; x_wconf 80' lang='lat' dir='ltr'>VINDICATA</span> 
     </span>
    </p>
   </div>
   <div class='ocr_carea' id='block_1_35' title="bbox 987 3020 3066 3089">
    <p class='ocr_par' dir='ltr' id='par_1_35' title="bbox 987 3020 3066 3089">
     <span class='ocr_line' id='line_1_35' title="bbox 987 3020 3066 3089; baseline 0 -3"><span class='ocrx_word' id='word_1_223' title='bbox 987 3022 1225 3086; x_wconf 87' lang='grc' dir='ltr'><em>ΑΝΟΝ</em></span> <span class='ocrx_word' id='word_1_224' title='bbox 1241 3021 1397 3086; x_wconf 80' lang='grc' dir='ltr'><em>ΥΜΙ</em></span> <span class='ocrx_word' id='word_1_225' title='bbox 1431 3021 2009 3085; x_wconf 81' lang='lat' dir='ltr'>DISSERTATIO</span> <span class='ocrx_word' id='word_1_226' title='bbox 2048 3020 3066 3089; x_wconf 78' lang='lat' dir='ltr'>HlSTORICO-DOGMATICA.</span> 
     </span>
    </p>
   </div>
   <div class='ocr_carea' id='block_1_36' title="bbox 1811 3210 2224 3283">
    <p class='ocr_par' dir='ltr' id='par_1_36' title="bbox 1811 3210 2224 3283">
     <span class='ocr_line' id='line_1_36' title="bbox 1811 3210 2224 3283; baseline -0.007 -16"><span class='ocrx_word' id='word_1_227' title='bbox 1811 3211 2007 3283; x_wconf 78' lang='lat' dir='ltr'>(Aven.</span> <span class='ocrx_word' id='word_1_228' title='bbox 2038 3210 2224 3283; x_wconf 79' lang='grc'>1740.)</span> 
     </span>
    </p>
   </div>
   <div class='ocr_carea' id='block_1_37' title="bbox 1587 3551 2448 3647">
    <p class='ocr_par' dir='ltr' id='par_1_37' title="bbox 1587 3551 2448 3647">
     <span class='ocr_line' id='line_1_37' title="bbox 1587 3551 2448 3647; baseline -0.001 -2"><span class='ocrx_word' id='word_1_229' title='bbox 1587 3551 2448 3647; x_wconf 72' lang='lat' dir='ltr'>PRZEFATIO.</span> 
     </span>
    </p>
   </div>
   <div class='ocr_carea' id='block_1_38' title="bbox 380 4013 3725 4092">
    <p class='ocr_par' dir='ltr' id='par_1_38' title="bbox 380 4013 3725 4092">
     <span class='ocr_line' id='line_1_38' title="bbox 380 4013 3725 4092; baseline -0.001 -16"><span class='ocrx_word' id='word_1_230' title='bbox 380 4021 554 4078; x_wconf 90' lang='lat' dir='ltr'>Varia</span> <span class='ocrx_word' id='word_1_231' title='bbox 583 4019 734 4077; x_wconf 90' lang='lat' dir='ltr'>inter</span> <span class='ocrx_word' id='word_1_232' title='bbox 763 4020 1109 4092; x_wconf 89' lang='lat' dir='ltr'>argumenta</span> <span class='ocrx_word' id='word_1_233' title='bbox 1162 4034 1289 4090; x_wconf 66' lang='lat' dir='ltr'>quae</span> <span class='ocrx_word' id='word_1_234' title='bbox 1335 4017 1406 4073; x_wconf 90' lang='lat' dir='ltr'>ad</span> <span class='ocrx_word' id='word_1_235' title='bbox 1457 4032 1615 4071; x_wconf 85' lang='lat' dir='ltr'>novae</span> <span class='ocrx_word' id='word_1_236' title='bbox 1663 4013 1959 4087; x_wconf 86' lang='lat' dir='ltr'>opinionis</span> <span class='ocrx_word' id='word_1_237' title='bbox 1990 4017 2036 4082; x_wconf 90' lang='lat' dir='ltr'><strong>B</strong></span> <span class='ocrx_word' id='word_1_238' title='bbox 2066 4030 2195 4071; x_wconf 90' lang='lat' dir='ltr'>eam</span> <span class='ocrx_word' id='word_1_239' title='bbox 2238 4013 2716 4087; x_wconf 89' lang='lat' dir='ltr'>splendidissimo</span> <span class='ocrx_word' id='word_1_240' title='bbox 2748 4014 3015 4073; x_wconf 68' lang='lat' dir='ltr'>Ecclesia</span> <span class='ocrx_word' id='word_1_241' title='bbox 3065 4016 3347 4075; x_wconf 68' lang='lat' dir='ltr'>Africanas</span> <span class='ocrx_word' id='word_1_242' title='bbox 3389 4013 3602 4075; x_wconf 89' lang='lat' dir='ltr'>lumini</span> <span class='ocrx_word' id='word_1_243' title='bbox 3632 4018 3725 4074; x_wconf 88' lang='lat' dir='ltr'>in-</span> 
     </span>
    </p>
   </div>
   <div class='ocr_carea' id='block_1_39' title="bbox 311 4107 1968 4187">
    <p class='ocr_par' dir='ltr' id='par_1_39' title="bbox 311 4107 1968 4187">
     <span class='ocr_line' id='line_1_39' title="bbox 311 4107 1968 4187; baseline -0.005 -17"><span class='ocrx_word' id='word_1_244' title='bbox 311 4113 706 4187; x_wconf 88' lang='lat' dir='ltr'>patrocinium</span> <span class='ocrx_word' id='word_1_245' title='bbox 736 4129 805 4169; x_wconf 79' lang='lat' dir='ltr'>ex</span> <span class='ocrx_word' id='word_1_246' title='bbox 832 4108 1133 4168; x_wconf 90' lang='lat' dir='ltr'>vetustiori</span> <span class='ocrx_word' id='word_1_247' title='bbox 1165 4109 1341 4165; x_wconf 90' lang='lat' dir='ltr'>etiam</span> <span class='ocrx_word' id='word_1_248' title='bbox 1383 4107 1728 4179; x_wconf 81' lang='lat' dir='ltr'>antiquitate</span> <span class='ocrx_word' id='word_1_249' title='bbox 1766 4110 1968 4163; x_wconf 81' lang='lat' dir='ltr'>extun-</span> 
     </span>
    </p>
   </div>
   <div class='ocr_carea' id='block_1_40' title="bbox 314 4194 1964 4272">
    <p class='ocr_par' dir='ltr' id='par_1_40' title="bbox 314 4194 1964 4272">
     <span class='ocr_line' id='line_1_40' title="bbox 314 4194 1964 4272; baseline -0.005 -13"><span class='ocrx_word' id='word_1_250' title='bbox 314 4205 450 4260; x_wconf 91' lang='lat' dir='ltr'>dere</span> <span class='ocrx_word' id='word_1_251' title='bbox 481 4203 675 4259; x_wconf 89' lang='lat' dir='ltr'>conati</span> <span class='ocrx_word' id='word_1_252' title='bbox 722 4206 861 4258; x_wconf 89' lang='lat' dir='ltr'>sunt</span> <span class='ocrx_word' id='word_1_253' title='bbox 892 4199 1167 4256; x_wconf 89' lang='lat' dir='ltr'>neoterici</span> <span class='ocrx_word' id='word_1_254' title='bbox 1198 4197 1460 4272; x_wconf 91' lang='lat' dir='ltr'>quidam,</span> <span class='ocrx_word' id='word_1_255' title='bbox 1487 4198 1763 4254; x_wconf 64' lang='lat' dir='ltr'>Romanae</span> <span class='ocrx_word' id='word_1_256' title='bbox 1793 4194 1964 4251; x_wconf 84' lang='lat' dir='ltr'>infal-</span> 
     </span>
    </p>
   </div>
   <div class='ocr_carea' id='block_1_41' title="bbox 310 4285 1963 4361">
    <p class='ocr_par' dir='ltr' id='par_1_41' title="bbox 310 4285 1963 4361">
     <span class='ocr_line' id='line_1_41' title="bbox 310 4285 1963 4361; baseline -0.005 -13"><span class='ocrx_word' id='word_1_257' title='bbox 310 4292 611 4348; x_wconf 89' lang='lat' dir='ltr'>libilitatis</span> <span class='ocrx_word' id='word_1_258' title='bbox 664 4290 883 4357; x_wconf 88' lang='lat' dir='ltr'>hostes,</span> <span class='ocrx_word' id='word_1_259' title='bbox 917 4288 1169 4358; x_wconf 91' lang='lat' dir='ltr'>nullum,</span> <span class='ocrx_word' id='word_1_260' title='bbox 1214 4287 1439 4361; x_wconf 92' lang='lat' dir='ltr'>opinor,</span> <span class='ocrx_word' id='word_1_261' title='bbox 1486 4287 1768 4343; x_wconf 78' lang='lat' dir='ltr'>famosius</span> <span class='ocrx_word' id='word_1_262' title='bbox 1810 4285 1963 4357; x_wconf 91' lang='lat' dir='ltr'>apud</span> 
     </span>
    </p>
   </div>
   <div class='ocr_carea' id='block_1_42' title="bbox 311 4377 1968 4455">
    <p class='ocr_par' dir='ltr' id='par_1_42' title="bbox 311 4377 1968 4455">
     <span class='ocr_line' id='line_1_42' title="bbox 311 4377 1968 4455; baseline -0.005 -17"><span class='ocrx_word' id='word_1_263' title='bbox 311 4384 472 4455; x_wconf 88' lang='lat' dir='ltr'>ipsos</span> <span class='ocrx_word' id='word_1_264' title='bbox 503 4398 569 4438; x_wconf 90' lang='lat' dir='ltr'>ac</span> <span class='ocrx_word' id='word_1_265' title='bbox 602 4380 964 4452; x_wconf 85' lang='lat' dir='ltr'>frequentius</span> <span class='ocrx_word' id='word_1_266' title='bbox 995 4394 1172 4450; x_wconf 90' lang='lat' dir='ltr'>quam</span> <span class='ocrx_word' id='word_1_267' title='bbox 1206 4379 1384 4450; x_wconf 90' lang='lat' dir='ltr'>quod,</span> <span class='ocrx_word' id='word_1_268' title='bbox 1409 4396 1474 4433; x_wconf 86' lang='lat' dir='ltr'>ex</span> <span class='ocrx_word' id='word_1_269' title='bbox 1499 4377 1637 4432; x_wconf 91' lang='lat' dir='ltr'>trito</span> <span class='ocrx_word' id='word_1_270' title='bbox 1668 4377 1968 4448; x_wconf 84' lang='lat' dir='ltr'>pervulga-</span> 
     </span>
    </p>
   </div>
   <div class='ocr_carea' id='block_1_43' title="bbox 310 4465 1966 4543">
    <p class='ocr_par' dir='ltr' id='par_1_43' title="bbox 310 4465 1966 4543">
     <span class='ocr_line' id='line_1_43' title="bbox 310 4465 1966 4543; baseline -0.005 -15"><span class='ocrx_word' id='word_1_271' title='bbox 310 4476 488 4543; x_wconf 90' lang='lat' dir='ltr'>toque</span> <span class='ocrx_word' id='word_1_272' title='bbox 511 4473 571 4527; x_wconf 87' lang='lat' dir='ltr'>S.</span> <span class='ocrx_word' id='word_1_273' title='bbox 604 4470 950 4543; x_wconf 83' lang='lat' dir='ltr'>Cyprianum</span> <span class='ocrx_word' id='word_1_274' title='bbox 979 4468 1130 4523; x_wconf 90' lang='lat' dir='ltr'>inter</span> <span class='ocrx_word' id='word_1_275' title='bbox 1157 4471 1214 4523; x_wconf 90' lang='lat' dir='ltr'>et</span> <span class='ocrx_word' id='word_1_276' title='bbox 1240 4468 1293 4522; x_wconf 93' lang='lat' dir='ltr'>S.</span> <span class='ocrx_word' id='word_1_277' title='bbox 1329 4465 1697 4539; x_wconf 85' lang='lat' dir='ltr'>Stephanum</span> <span class='ocrx_word' id='word_1_278' title='bbox 1749 4465 1966 4520; x_wconf 82' lang='lat' dir='ltr'>Roma-</span> 
     </span>
    </p>
   </div>
   <div class='ocr_carea' id='block_1_44' title="bbox 313 4553 1965 4633">
    <p class='ocr_par' dir='ltr' id='par_1_44' title="bbox 313 4553 1965 4633">
     <span class='ocr_line' id='line_1_44' title="bbox 313 4553 1965 4633; baseline -0.005 -15"><span class='ocrx_word' id='word_1_279' title='bbox 313 4578 457 4618; x_wconf 84' lang='lat' dir='ltr'>num</span> <span class='ocrx_word' id='word_1_280' title='bbox 491 4558 825 4633; x_wconf 85' lang='lat' dir='ltr'>pontificem</span> <span class='ocrx_word' id='word_1_281' title='bbox 856 4558 915 4613; x_wconf 92' lang='lat' dir='ltr'>in</span> <span class='ocrx_word' id='word_1_282' title='bbox 944 4558 1145 4614; x_wconf 74' lang='lat' dir='ltr'>I275</span> <span class='ocrx_word' id='word_1_283' title='bbox 1205 4573 1383 4611; x_wconf 87' lang='lat' dir='ltr'>causa</span> <span class='ocrx_word' id='word_1_284' title='bbox 1432 4554 1800 4628; x_wconf 86' lang='lat' dir='ltr'>baptismatis</span> <span class='ocrx_word' id='word_1_285' title='bbox 1848 4553 1965 4610; x_wconf 71' lang='lat' dir='ltr'>hae-</span> 
     </span>
    </p>
   </div>
   <div class='ocr_carea' id='block_1_45' title="bbox 312 4634 1967 4717">
    <p class='ocr_par' dir='ltr' id='par_1_45' title="bbox 312 4634 1967 4717">
     <span class='ocr_line' id='line_1_45' title="bbox 312 4634 1967 4717; baseline -0.004 -11"><span class='ocrx_word' id='word_1_286' title='bbox 312 4651 629 4707; x_wconf 87' lang='lat' dir='ltr'>reticorum</span> <span class='ocrx_word' id='word_1_287' title='bbox 653 4648 899 4705; x_wconf 90' lang='lat' dir='ltr'>dissidio</span> <span class='ocrx_word' id='word_1_288' title='bbox 926 4662 1130 4702; x_wconf 90' lang='lat' dir='ltr'>eruere</span> <span class='ocrx_word' id='word_1_289' title='bbox 1160 4645 1513 4717; x_wconf 88' lang='lat' dir='ltr'>cogitarunt.</span> <span class='ocrx_word' id='word_1_290' title='bbox 1532 4645 1615 4700; x_wconf 91' lang='lat' dir='ltr'>En</span> <span class='ocrx_word' id='word_1_291' title='bbox 1649 4634 1967 4715; x_wconf 86' lang='lat' dir='ltr'>perpetuus</span> 
     </span>
    </p>
   </div>
   <div class='ocr_carea' id='block_1_46' title="bbox 312 4733 1968 4813">
    <p class='ocr_par' dir='ltr' id='par_1_46' title="bbox 312 4733 1968 4813">
     <span class='ocr_line' id='line_1_46' title="bbox 312 4733 1968 4813; baseline -0.004 -16"><span class='ocrx_word' id='word_1_292' title='bbox 312 4742 550 4797; x_wconf 90' lang='lat' dir='ltr'>illorum</span> <span class='ocrx_word' id='word_1_293' title='bbox 580 4757 769 4813; x_wconf 90' lang='lat' dir='ltr'>equus</span> <span class='ocrx_word' id='word_1_294' title='bbox 799 4737 1062 4805; x_wconf 88' lang='lat' dir='ltr'>bellator,</span> <span class='ocrx_word' id='word_1_295' title='bbox 1092 4734 1498 4808; x_wconf 64' lang='lat' dir='ltr'>praecipueque</span> <span class='ocrx_word' id='word_1_296' title='bbox 1530 4733 1824 4800; x_wconf 90' lang='lat' dir='ltr'>machina,</span> <span class='ocrx_word' id='word_1_297' title='bbox 1851 4751 1968 4807; x_wconf 88' lang='lat' dir='ltr'>qua</span> 
     </span>
    </p>
   </div>
   <div class='ocr_carea' id='block_1_47' title="bbox 312 4824 1964 4887">
    <p class='ocr_par' dir='ltr' id='par_1_47' title="bbox 312 4824 1964 4887">
     <span class='ocr_line' id='line_1_47' title="bbox 312 4824 1964 4887; baseline -0.005 1"><span class='ocrx_word' id='word_1_298' title='bbox 312 4832 375 4887; x_wconf 88' lang='lat' dir='ltr'>in</span> <span class='ocrx_word' id='word_1_299' title='bbox 437 4848 665 4887; x_wconf 74' lang='lat' dir='ltr'>sacram</span> <span class='ocrx_word' id='word_1_300' title='bbox 724 4830 1123 4885; x_wconf 74' lang='lat' dir='ltr'>Roman’orum</span> <span class='ocrx_word' id='word_1_301' title='bbox 1162 4824 1506 4881; x_wconf 81' lang='lat' dir='ltr'>Pontiﬁcum</span> <span class='ocrx_word' id='word_1_302' title='bbox 1561 4824 1964 4880; x_wconf 89' lang='lat' dir='ltr'>auctoritatem</span> 
     </span>
    </p>
   </div>
   <div class='ocr_carea' id='block_1_48' title="bbox 313 4912 1961 4988">
    <p class='ocr_par' dir='ltr' id='par_1_48' title="bbox 313 4912 1961 4988">
     <span class='ocr_line' id='line_1_48' title="bbox 313 4912 1961 4988; baseline -0.004 -12"><span class='ocrx_word' id='word_1_303' title='bbox 313 4920 589 4977; x_wconf 88' lang='lat' dir='ltr'>aricrant.</span> <span class='ocrx_word' id='word_1_304' title='bbox 612 4919 761 4974; x_wconf 84' lang='lat' dir='ltr'>Illud</span> <span class='ocrx_word' id='word_1_305' title='bbox 776 4920 1182 4988; x_wconf 76' lang='lat' dir='ltr'>argumentum</span> <span class='ocrx_word' id='word_1_306' title='bbox 1194 4959 1208 4985; x_wconf 90' lang='lat'>,</span> <span class='ocrx_word' id='word_1_307' title='bbox 1230 4931 1341 4985; x_wconf 89' lang='lat' dir='ltr'>quo</span> <span class='ocrx_word' id='word_1_308' title='bbox 1355 4913 1605 4969; x_wconf 80' lang='lat' dir='ltr'>maxime</span> <span class='ocrx_word' id='word_1_309' title='bbox 1617 4912 1961 4985; x_wconf 87' lang='lat' dir='ltr'>gloriantur,</span> 
     </span>
    </p>
   </div>
   <div class='ocr_carea' id='block_1_49' title="bbox 314 5004 1964 5080">
    <p class='ocr_par' dir='ltr' id='par_1_49' title="bbox 314 5004 1964 5080">
     <span class='ocr_line' id='line_1_49' title="bbox 314 5004 1964 5080; baseline -0.004 -15"><span class='ocrx_word' id='word_1_310' title='bbox 314 5009 668 5080; x_wconf 87' lang='lat' dir='ltr'>scriptorum</span> <span class='ocrx_word' id='word_1_311' title='bbox 702 5024 943 5062; x_wconf 88' lang='lat' dir='ltr'>suorum</span> <span class='ocrx_word' id='word_1_312' title='bbox 988 5004 1204 5075; x_wconf 91' lang='lat' dir='ltr'>ubique</span> <span class='ocrx_word' id='word_1_313' title='bbox 1252 5008 1503 5073; x_wconf 82' lang='lat' dir='ltr'>versant,</span> <span class='ocrx_word' id='word_1_314' title='bbox 1554 5007 1852 5057; x_wconf 89' lang='lat' dir='ltr'>ostentant</span> <span class='ocrx_word' id='word_1_315' title='bbox 1899 5019 1964 5058; x_wconf 84' lang='lat' dir='ltr'>ac</span> 
     </span>
    </p>
   </div>
   <div class='ocr_carea' id='block_1_50' title="bbox 315 5090 1965 5168">
    <p class='ocr_par' dir='ltr' id='par_1_50' title="bbox 315 5090 1965 5168">
     <span class='ocr_line' id='line_1_50' title="bbox 315 5090 1965 5168; baseline -0.004 -15"><span class='ocrx_word' id='word_1_316' title='bbox 315 5113 521 5168; x_wconf 84' lang='lat' dir='ltr'>urgere</span> <span class='ocrx_word' id='word_1_317' title='bbox 533 5114 647 5152; x_wconf 92' lang='lat' dir='ltr'>non</span> <span class='ocrx_word' id='word_1_318' title='bbox 662 5099 911 5152; x_wconf 87' lang='lat' dir='ltr'>cessant.</span> <span class='ocrx_word' id='word_1_319' title='bbox 927 5094 1036 5149; x_wconf 91' lang='lat' dir='ltr'>Tot</span> <span class='ocrx_word' id='word_1_320' title='bbox 1053 5091 1196 5147; x_wconf 92' lang='lat' dir='ltr'>illud</span> <span class='ocrx_word' id='word_1_321' title='bbox 1214 5090 1401 5147; x_wconf 87' lang='lat' dir='ltr'>modis</span> <span class='ocrx_word' id='word_1_322' title='bbox 1418 5094 1965 5162; x_wconf 86' lang='lat' dir='ltr'>exponunt,totque,</span> 
     </span>
    </p>
   </div>
   <div class='ocr_carea' id='block_1_51' title="bbox 316 5179 1968 5260">
    <p class='ocr_par' dir='ltr' id='par_1_51' title="bbox 316 5179 1968 5260">
     <span class='ocr_line' id='line_1_51' title="bbox 316 5179 1968 5260; baseline -0.005 -17"><span class='ocrx_word' id='word_1_323' title='bbox 316 5190 644 5260; x_wconf 88' lang='lat' dir='ltr'>opportune</span> <span class='ocrx_word' id='word_1_324' title='bbox 676 5186 1009 5257; x_wconf 88' lang='lat' dir='ltr'>importune</span> <span class='ocrx_word' id='word_1_325' title='bbox 1053 5179 1195 5237; x_wconf 88' lang='lat' dir='ltr'>locis</span> <span class='ocrx_word' id='word_1_326' title='bbox 1227 5180 1559 5246; x_wconf 89' lang='lat' dir='ltr'>intrudunt,</span> <span class='ocrx_word' id='word_1_327' title='bbox 1594 5185 1658 5234; x_wconf 92' lang='lat' dir='ltr'>ut</span> <span class='ocrx_word' id='word_1_328' title='bbox 1687 5180 1968 5249; x_wconf 83' lang='lat' dir='ltr'>majorem</span> 
     </span>
    </p>
   </div>
   <div class='ocr_carea' id='block_1_52' title="bbox 319 5268 1967 5348">
    <p class='ocr_par' dir='ltr' id='par_1_52' title="bbox 319 5268 1967 5348">
     <span class='ocr_line' id='line_1_52' title="bbox 319 5268 1967 5348; baseline -0.005 -16"><span class='ocrx_word' id='word_1_329' title='bbox 319 5292 473 5348; x_wconf 68' lang='lat' dir='ltr'>saepe</span> <span class='ocrx_word' id='word_1_330' title='bbox 501 5273 818 5331; x_wconf 90' lang='lat' dir='ltr'>voluminis</span> <span class='ocrx_word' id='word_1_331' title='bbox 833 5276 1059 5346; x_wconf 90' lang='lat' dir='ltr'>partem</span> <span class='ocrx_word' id='word_1_332' title='bbox 1072 5272 1335 5341; x_wconf 90' lang='lat' dir='ltr'>occupet.</span> <span class='ocrx_word' id='word_1_333' title='bbox 1356 5268 1588 5323; x_wconf 92' lang='lat' dir='ltr'>Diceres</span> <span class='ocrx_word' id='word_1_334' title='bbox 1607 5268 1967 5340; x_wconf 83' lang='lat' dir='ltr'>pontiﬁciam</span> 
     </span>
    </p>
   </div>
   <div class='ocr_carea' id='block_1_53' title="bbox 319 5356 2041 5456">
    <p class='ocr_par' dir='ltr' id='par_1_53' title="bbox 319 5356 2041 5456">
     <span class='ocr_line' id='line_1_53' title="bbox 319 5356 2041 5456; baseline -0.005 -35"><span class='ocrx_word' id='word_1_335' title='bbox 319 5365 732 5422; x_wconf 89' lang='lat' dir='ltr'>auctoritatem</span> <span class='ocrx_word' id='word_1_336' title='bbox 756 5379 890 5420; x_wconf 93' lang='lat' dir='ltr'>cum</span> <span class='ocrx_word' id='word_1_337' title='bbox 904 5362 1012 5417; x_wconf 93' lang='lat' dir='ltr'>hoc</span> <span class='ocrx_word' id='word_1_338' title='bbox 1029 5356 1555 5432; x_wconf 83' lang='lat' dir='ltr'>Cyprianidissidio</span> <span class='ocrx_word' id='word_1_339' title='bbox 1578 5358 1720 5414; x_wconf 88' lang='lat' dir='ltr'>adeo</span> <span class='ocrx_word' id='word_1_340' title='bbox 1735 5375 1963 5429; x_wconf 81' lang='lat' dir='ltr'>nexam,</span> <span class='ocrx_word' id='word_1_341' title='bbox 1999 5389 2041 5456; x_wconf 63' lang='grc' dir='ltr'>Ο</span> 
     </span>
    </p>
   </div>
   <div class='ocr_carea' id='block_1_54' title="bbox 316 5446 1969 5521">
    <p class='ocr_par' dir='ltr' id='par_1_54' title="bbox 316 5446 1969 5521">
     <span class='ocr_line' id='line_1_54' title="bbox 316 5446 1969 5521; baseline -0.005 -8"><span class='ocrx_word' id='word_1_342' title='bbox 316 5461 387 5514; x_wconf 86' lang='lat' dir='ltr'>ut</span> <span class='ocrx_word' id='word_1_343' title='bbox 415 5456 485 5510; x_wconf 90' lang='lat' dir='ltr'>de</span> <span class='ocrx_word' id='word_1_344' title='bbox 515 5470 582 5509; x_wconf 89' lang='lat' dir='ltr'>ea</span> <span class='ocrx_word' id='word_1_345' title='bbox 612 5454 738 5509; x_wconf 91' lang='lat' dir='ltr'>sine</span> <span class='ocrx_word' id='word_1_346' title='bbox 764 5454 874 5509; x_wconf 92' lang='lat' dir='ltr'>isto</span> <span class='ocrx_word' id='word_1_347' title='bbox 922 5449 1078 5521; x_wconf 89' lang='lat' dir='ltr'>loqui</span> <span class='ocrx_word' id='word_1_348' title='bbox 1132 5448 1223 5504; x_wconf 88' lang='lat' dir='ltr'>vel</span> <span class='ocrx_word' id='word_1_349' title='bbox 1270 5446 1447 5503; x_wconf 88' lang='lat' dir='ltr'>scribi</span> <span class='ocrx_word' id='word_1_350' title='bbox 1488 5463 1603 5502; x_wconf 93' lang='lat' dir='ltr'>non</span> <span class='ocrx_word' id='word_1_351' title='bbox 1653 5447 1860 5519; x_wconf 88' lang='lat' dir='ltr'>possit.</span> <span class='ocrx_word' id='word_1_352' title='bbox 1893 5452 1969 5504; x_wconf 84' lang='lat' dir='ltr'>At</span> 
     </span>
    </p>
   </div>
   <div class='ocr_carea' id='block_1_55' title="bbox 319 5535 1969 5609">
    <p class='ocr_par' dir='ltr' id='par_1_55' title="bbox 319 5535 1969 5609">
     <span class='ocr_line' id='line_1_55' title="bbox 319 5535 1969 5609; baseline -0.007 -6"><span class='ocrx_word' id='word_1_353' title='bbox 319 5547 478 5603; x_wconf 88' lang='lat' dir='ltr'>enim</span> <span class='ocrx_word' id='word_1_354' title='bbox 505 5560 609 5599; x_wconf 91' lang='lat' dir='ltr'>cur</span> <span class='ocrx_word' id='word_1_355' title='bbox 634 5560 749 5599; x_wconf 89' lang='lat' dir='ltr'>non</span> <span class='ocrx_word' id='word_1_356' title='bbox 780 5543 863 5599; x_wconf 91' lang='lat' dir='ltr'>ita</span> <span class='ocrx_word' id='word_1_357' title='bbox 886 5543 1209 5606; x_wconf 89' lang='lat' dir='ltr'>senterent,</span> <span class='ocrx_word' id='word_1_358' title='bbox 1257 5535 1355 5609; x_wconf 86' lang='lat' dir='ltr'>qui</span> <span class='ocrx_word' id='word_1_359' title='bbox 1385 5552 1454 5593; x_wconf 83' lang='lat' dir='ltr'>ex</span> <span class='ocrx_word' id='word_1_360' title='bbox 1483 5535 1655 5592; x_wconf 90' lang='lat' dir='ltr'>unico</span> <span class='ocrx_word' id='word_1_361' title='bbox 1695 5536 1969 5609; x_wconf 86' lang='lat' dir='ltr'>Cypriani</span> 
     </span>
    </p>
   </div>
   <div class='ocr_carea' id='block_1_56' title="bbox 321 5626 1966 5703">
    <p class='ocr_par' dir='ltr' id='par_1_56' title="bbox 321 5626 1966 5703">
     <span class='ocr_line' id='line_1_56' title="bbox 321 5626 1966 5703; baseline -0.007 -8"><span class='ocrx_word' id='word_1_362' title='bbox 321 5636 473 5696; x_wconf 80' lang='lat' dir='ltr'>facto</span> <span class='ocrx_word' id='word_1_363' title='bbox 503 5631 779 5692; x_wconf 78' lang='lat' dir='ltr'>evidenter</span> <span class='ocrx_word' id='word_1_364' title='bbox 806 5649 872 5691; x_wconf 88' lang='lat' dir='ltr'>ac</span> <span class='ocrx_word' id='word_1_365' title='bbox 916 5629 1219 5689; x_wconf 76' lang='lat' dir='ltr'>necessario</span> <span class='ocrx_word' id='word_1_366' title='bbox 1258 5626 1425 5703; x_wconf 87' lang='lat' dir='ltr'>sequi</span> <span class='ocrx_word' id='word_1_367' title='bbox 1456 5627 1820 5684; x_wconf 87' lang='lat' dir='ltr'>contendunt</span> <span class='ocrx_word' id='word_1_368' title='bbox 1851 5642 1966 5684; x_wconf 92' lang='lat' dir='ltr'>non</span> 
     </span>
    </p>
   </div>
   <div class='ocr_carea' id='block_1_57' title="bbox 2075 4102 3728 4177">
    <p class='ocr_par' dir='ltr' id='par_1_57' title="bbox 2075 4102 3728 4177">
     <span class='ocr_line' id='line_1_57' title="bbox 2075 4102 3728 4177; baseline 0.002 -17"><span class='ocrx_word' id='word_1_369' title='bbox 2075 4102 2298 4160; x_wconf 90' lang='lat' dir='ltr'>sedisse</span> <span class='ocrx_word' id='word_1_370' title='bbox 2342 4103 2650 4175; x_wconf 82' lang='lat' dir='ltr'>pontiﬁciee</span> <span class='ocrx_word' id='word_1_371' title='bbox 2701 4104 3031 4162; x_wconf 71' lang='lat' dir='ltr'>inerrantiaa</span> <span class='ocrx_word' id='word_1_372' title='bbox 3080 4107 3451 4177; x_wconf 88' lang='lat' dir='ltr'>sententiam,</span> <span class='ocrx_word' id='word_1_373' title='bbox 3504 4107 3595 4164; x_wconf 92' lang='lat' dir='ltr'>cui</span> <span class='ocrx_word' id='word_1_374' title='bbox 3645 4112 3728 4165; x_wconf 88' lang='lat' dir='ltr'>tot</span> 
     </span>
    </p>
   </div>
   <div class='ocr_carea' id='block_1_58' title="bbox 2076 4194 3729 4266">
    <p class='ocr_par' dir='ltr' id='par_1_58' title="bbox 2076 4194 3729 4266">
     <span class='ocr_line' id='line_1_58' title="bbox 2076 4194 3729 4266; baseline 0.002 -17"><span class='ocrx_word' id='word_1_375' title='bbox 2076 4209 2351 4266; x_wconf 89' lang='lat' dir='ltr'>nuperos,</span> <span class='ocrx_word' id='word_1_376' title='bbox 2386 4197 2449 4249; x_wconf 90' lang='lat' dir='ltr'>ut</span> <span class='ocrx_word' id='word_1_377' title='bbox 2468 4194 2653 4265; x_wconf 89' lang='lat' dir='ltr'>aiunt,</span> <span class='ocrx_word' id='word_1_378' title='bbox 2677 4197 2951 4251; x_wconf 84' lang='lat' dir='ltr'>Romanae</span> <span class='ocrx_word' id='word_1_379' title='bbox 2981 4194 3154 4252; x_wconf 69' lang='lat' dir='ltr'>curiae</span> <span class='ocrx_word' id='word_1_380' title='bbox 3186 4195 3481 4253; x_wconf 86' lang='lat' dir='ltr'>adultores</span> <span class='ocrx_word' id='word_1_381' title='bbox 3512 4196 3729 4255; x_wconf 88' lang='lat' dir='ltr'>servire</span> 
     </span>
    </p>
   </div>
   <div class='ocr_carea' id='block_1_59' title="bbox 2077 4282 2418 4353">
    <p class='ocr_par' dir='ltr' id='par_1_59' title="bbox 2077 4282 2418 4353">
     <span class='ocr_line' id='line_1_59' title="bbox 2077 4282 2418 4353; baseline -0.006 -16"><span class='ocrx_word' id='word_1_382' title='bbox 2077 4299 2191 4337; x_wconf 91' lang='lat' dir='ltr'>non</span> <span class='ocrx_word' id='word_1_383' title='bbox 2223 4282 2418 4353; x_wconf 89' lang='lat' dir='ltr'>pudet.</span> 
     </span>
    </p>
   </div>
   <div class='ocr_carea' id='block_1_60' title="bbox 2147 4370 3726 4445">
    <p class='ocr_par' dir='ltr' id='par_1_60' title="bbox 2147 4370 3726 4445">
     <span class='ocr_line' id='line_1_60' title="bbox 2147 4370 3726 4445; baseline 0.004 -18"><span class='ocrx_word' id='word_1_384' title='bbox 2147 4370 2358 4427; x_wconf 90' lang='lat' dir='ltr'>Mirum</span> <span class='ocrx_word' id='word_1_385' title='bbox 2392 4372 2652 4443; x_wconf 80' lang='lat' dir='ltr'>profecto</span> <span class='ocrx_word' id='word_1_386' title='bbox 2678 4374 2833 4445; x_wconf 91' lang='lat' dir='ltr'>quod</span> <span class='ocrx_word' id='word_1_387' title='bbox 2867 4377 2984 4429; x_wconf 84' lang='lat' dir='ltr'>tam</span> <span class='ocrx_word' id='word_1_388' title='bbox 3016 4373 3298 4444; x_wconf 90' lang='lat' dir='ltr'>validum,</span> <span class='ocrx_word' id='word_1_389' title='bbox 3319 4378 3437 4431; x_wconf 92' lang='lat' dir='ltr'>tam</span> <span class='ocrx_word' id='word_1_390' title='bbox 3467 4374 3726 4444; x_wconf 90' lang='lat' dir='ltr'>evidens,</span> 
     </span>
    </p>
   </div>
   <div class='ocr_carea' id='block_1_61' title="bbox 2075 4461 3728 4537">
    <p class='ocr_par' dir='ltr' id='par_1_61' title="bbox 2075 4461 3728 4537">
     <span class='ocr_line' id='line_1_61' title="bbox 2075 4461 3728 4537; baseline 0.003 -20"><span class='ocrx_word' id='word_1_391' title='bbox 2075 4465 2135 4517; x_wconf 86' lang='lat' dir='ltr'>et</span> <span class='ocrx_word' id='word_1_392' title='bbox 2162 4461 2401 4533; x_wconf 89' lang='lat' dir='ltr'>quidem</span> <span class='ocrx_word' id='word_1_393' title='bbox 2431 4477 2501 4517; x_wconf 81' lang='lat' dir='ltr'>ex</span> <span class='ocrx_word' id='word_1_394' title='bbox 2531 4461 2807 4533; x_wconf 81' lang='lat' dir='ltr'>primaeva</span> <span class='ocrx_word' id='word_1_395' title='bbox 2836 4462 3180 4534; x_wconf 90' lang='lat' dir='ltr'>antiquitate</span> <span class='ocrx_word' id='word_1_396' title='bbox 3202 4464 3613 4537; x_wconf 90' lang='lat' dir='ltr'>depromptum</span> <span class='ocrx_word' id='word_1_397' title='bbox 3635 4484 3728 4522; x_wconf 85' lang='lat' dir='ltr'>ar-</span> 
     </span>
    </p>
   </div>
   <div class='ocr_carea' id='block_1_62' title="bbox 2076 4550 3730 4629">
    <p class='ocr_par' dir='ltr' id='par_1_62' title="bbox 2076 4550 3730 4629">
     <span class='ocr_line' id='line_1_62' title="bbox 2076 4550 3730 4629; baseline 0.005 -24"><span class='ocrx_word' id='word_1_398' title='bbox 2076 4554 2445 4621; x_wconf 88' lang='lat' dir='ltr'>gumentum,</span> <span class='ocrx_word' id='word_1_399' title='bbox 2507 4550 2731 4622; x_wconf 91' lang='lat' dir='ltr'>primos</span> <span class='ocrx_word' id='word_1_400' title='bbox 2769 4567 2835 4607; x_wconf 85' lang='lat' dir='ltr'>ac</span> <span class='ocrx_word' id='word_1_401' title='bbox 2881 4552 3225 4609; x_wconf 88' lang='lat' dir='ltr'>celebriores</span> <span class='ocrx_word' id='word_1_402' title='bbox 3281 4554 3568 4628; x_wconf 77' lang='lat' dir='ltr'>effugerit,</span> <span class='ocrx_word' id='word_1_403' title='bbox 3628 4556 3730 4629; x_wconf 92' lang='lat' dir='ltr'>qui</span> 
     </span>
    </p>
   </div>
   <div class='ocr_carea' id='block_1_63' title="bbox 2077 4639 3731 4712">
    <p class='ocr_par' dir='ltr' id='par_1_63' title="bbox 2077 4639 3731 4712">
     <span class='ocr_line' id='line_1_63' title="bbox 2077 4639 3731 4712; baseline 0.004 -16"><span class='ocrx_word' id='word_1_404' title='bbox 2077 4655 2392 4712; x_wconf 89' lang='lat' dir='ltr'>suprenam</span> <span class='ocrx_word' id='word_1_405' title='bbox 2447 4644 2702 4697; x_wconf 90' lang='lat' dir='ltr'>evertere</span> <span class='ocrx_word' id='word_1_406' title='bbox 2763 4639 3010 4697; x_wconf 85' lang='lat' dir='ltr'>Romani</span> <span class='ocrx_word' id='word_1_407' title='bbox 3065 4642 3362 4701; x_wconf 81' lang='lat' dir='ltr'>Pontiﬁcis</span> <span class='ocrx_word' id='word_1_408' title='bbox 3420 4646 3731 4703; x_wconf 84' lang='lat' dir='ltr'>auctorita-</span> 
     </span>
    </p>
   </div>
   <div class='ocr_carea' id='block_1_64' title="bbox 2075 4728 3730 4803">
    <p class='ocr_par' dir='ltr' id='par_1_64' title="bbox 2075 4728 3730 4803">
     <span class='ocr_line' id='line_1_64' title="bbox 2075 4728 3730 4803; baseline 0.004 -19"><span class='ocrx_word' id='word_1_409' title='bbox 2075 4731 2194 4785; x_wconf 89' lang='lat' dir='ltr'>tem</span> <span class='ocrx_word' id='word_1_410' title='bbox 2226 4728 2489 4801; x_wconf 87' lang='lat' dir='ltr'>aggressi</span> <span class='ocrx_word' id='word_1_411' title='bbox 2510 4733 2682 4799; x_wconf 90' lang='lat' dir='ltr'>sunt;</span> <span class='ocrx_word' id='word_1_412' title='bbox 2715 4729 3034 4787; x_wconf 86' lang='lat' dir='ltr'>Gersonem</span> <span class='ocrx_word' id='word_1_413' title='bbox 3065 4732 3217 4803; x_wconf 91' lang='lat' dir='ltr'>dico,</span> <span class='ocrx_word' id='word_1_414' title='bbox 3244 4732 3604 4803; x_wconf 85' lang='lat' dir='ltr'>Almainum,</span> <span class='ocrx_word' id='word_1_415' title='bbox 3635 4735 3730 4791; x_wconf 55' lang='lat' dir='ltr'>Ri.</span> 
     </span>
    </p>
   </div>
   <div class='ocr_carea' id='block_1_65' title="bbox 2079 4818 3731 4895">
    <p class='ocr_par' dir='ltr' id='par_1_65' title="bbox 2079 4818 3731 4895">
     <span class='ocr_line' id='line_1_65' title="bbox 2079 4818 3731 4895; baseline 0.004 -21"><span class='ocrx_word' id='word_1_416' title='bbox 2079 4818 2367 4885; x_wconf 89' lang='lat' dir='ltr'>cherium,</span> <span class='ocrx_word' id='word_1_417' title='bbox 2416 4818 2717 4891; x_wconf 86' lang='lat' dir='ltr'>Majorem,</span> <span class='ocrx_word' id='word_1_418' title='bbox 2749 4819 3014 4893; x_wconf 87' lang='lat' dir='ltr'>aliosque</span> <span class='ocrx_word' id='word_1_419' title='bbox 3043 4839 3261 4895; x_wconf 90' lang='lat' dir='ltr'>paucos</span> <span class='ocrx_word' id='word_1_420' title='bbox 3290 4822 3540 4881; x_wconf 87' lang='lat' dir='ltr'>istorum</span> <span class='ocrx_word' id='word_1_421' title='bbox 3572 4840 3731 4881; x_wconf 85' lang='lat' dir='ltr'>com-</span> 
     </span>
    </p>
   </div>
   <div class='ocr_carea' id='block_1_66' title="bbox 2082 4907 3729 4985">
    <p class='ocr_par' dir='ltr' id='par_1_66' title="bbox 2082 4907 3729 4985">
     <span class='ocr_line' id='line_1_66' title="bbox 2082 4907 3729 4985; baseline 0.003 -20"><span class='ocrx_word' id='word_1_422' title='bbox 2082 4907 2378 4965; x_wconf 89' lang='lat' dir='ltr'>militones</span> <span class='ocrx_word' id='word_1_423' title='bbox 2409 4907 2530 4981; x_wconf 89' lang='lat' dir='ltr'>qui,</span> <span class='ocrx_word' id='word_1_424' title='bbox 2563 4910 2636 4965; x_wconf 89' lang='lat' dir='ltr'>ad</span> <span class='ocrx_word' id='word_1_425' title='bbox 2666 4909 2950 4966; x_wconf 61' lang='lat' dir='ltr'>saculum</span> <span class='ocrx_word' id='word_1_426' title='bbox 2974 4928 3161 4984; x_wconf 90' lang='lat' dir='ltr'>usque</span> <span class='ocrx_word' id='word_1_427' title='bbox 3183 4913 3444 4985; x_wconf 82' lang='lat' dir='ltr'>proxime</span> <span class='ocrx_word' id='word_1_428' title='bbox 3464 4912 3729 4985; x_wconf 88' lang='lat' dir='ltr'>elapsum</span> 
     </span>
    </p>
   </div>
   <div class='ocr_carea' id='block_1_67' title="bbox 2081 4997 3731 5073">
    <p class='ocr_par' dir='ltr' id='par_1_67' title="bbox 2081 4997 3731 5073">
     <span class='ocr_line' id='line_1_67' title="bbox 2081 4997 3731 5073; baseline 0.003 -20"><span class='ocrx_word' id='word_1_429' title='bbox 2081 4997 2439 5069; x_wconf 76' lang='lat' dir='ltr'>pontificiam</span> <span class='ocrx_word' id='word_1_430' title='bbox 2461 4997 2840 5055; x_wconf 88' lang='lat' dir='ltr'>inerrantiam</span> <span class='ocrx_word' id='word_1_431' title='bbox 2872 4999 3564 5073; x_wconf 87' lang='lat' dir='ltr'>scriptisimpugnarunt,</span> <span class='ocrx_word' id='word_1_432' title='bbox 3591 5017 3731 5073; x_wconf 85' lang='lat' dir='ltr'>quo-</span> 
     </span>
    </p>
   </div>
   <div class='ocr_carea' id='block_1_68' title="bbox 2078 5088 3731 5163">
    <p class='ocr_par' dir='ltr' id='par_1_68' title="bbox 2078 5088 3731 5163">
     <span class='ocr_line' id='line_1_68' title="bbox 2078 5088 3731 5163; baseline 0.001 -18"><span class='ocrx_word' id='word_1_433' title='bbox 2078 5106 2210 5145; x_wconf 88' lang='lat' dir='ltr'>rum</span> <span class='ocrx_word' id='word_1_434' title='bbox 2244 5088 2485 5159; x_wconf 89' lang='lat' dir='ltr'>nemini,</span> <span class='ocrx_word' id='word_1_435' title='bbox 2509 5090 2663 5161; x_wconf 91' lang='lat' dir='ltr'>quod</span> <span class='ocrx_word' id='word_1_436' title='bbox 2684 5090 2891 5156; x_wconf 90' lang='lat' dir='ltr'>sciam,</span> <span class='ocrx_word' id='word_1_437' title='bbox 2916 5107 3177 5163; x_wconf 91' lang='lat' dir='ltr'>unquam</span> <span class='ocrx_word' id='word_1_438' title='bbox 3198 5090 3355 5146; x_wconf 86' lang='lat' dir='ltr'>venit</span> <span class='ocrx_word' id='word_1_439' title='bbox 3382 5092 3442 5147; x_wconf 91' lang='lat' dir='ltr'>in</span> <span class='ocrx_word' id='word_1_440' title='bbox 3475 5095 3731 5148; x_wconf 88' lang='lat' dir='ltr'>mentem</span> 
     </span>
    </p>
   </div>
   <div class='ocr_carea' id='block_1_69' title="bbox 2078 5177 3727 5251">
    <p class='ocr_par' dir='ltr' id='par_1_69' title="bbox 2078 5177 3727 5251">
     <span class='ocr_line' id='line_1_69' title="bbox 2078 5177 3727 5251; baseline 0.001 -16"><span class='ocrx_word' id='word_1_441' title='bbox 2078 5179 2188 5235; x_wconf 92' lang='lat' dir='ltr'>hoc</span> <span class='ocrx_word' id='word_1_442' title='bbox 2217 5177 2487 5251; x_wconf 89' lang='lat' dir='ltr'>Cypriani</span> <span class='ocrx_word' id='word_1_443' title='bbox 2518 5178 2833 5233; x_wconf 86' lang='lat' dir='ltr'>dissidium</span> <span class='ocrx_word' id='word_1_444' title='bbox 2866 5178 2937 5234; x_wconf 93' lang='lat' dir='ltr'>ad</span> <span class='ocrx_word' id='word_1_445' title='bbox 2980 5195 3109 5234; x_wconf 88' lang='lat' dir='ltr'>eam</span> <span class='ocrx_word' id='word_1_446' title='bbox 3150 5179 3550 5251; x_wconf 90' lang='lat' dir='ltr'>impetendam</span> <span class='ocrx_word' id='word_1_447' title='bbox 3582 5180 3727 5237; x_wconf 83' lang='lat' dir='ltr'>alle-</span> 
     </span>
    </p>
   </div>
   <div class='ocr_carea' id='block_1_70' title="bbox 2077 5266 3726 5340">
    <p class='ocr_par' dir='ltr' id='par_1_70' title="bbox 2077 5266 3726 5340">
     <span class='ocr_line' id='line_1_70' title="bbox 2077 5266 3726 5340; baseline 0.004 -17"><span class='ocrx_word' id='word_1_448' title='bbox 2077 5284 2215 5340; x_wconf 88' lang='lat' dir='ltr'>gare</span> <span class='ocrx_word' id='word_1_449' title='bbox 2243 5266 2331 5323; x_wconf 86' lang='lat' dir='ltr'>vel</span> <span class='ocrx_word' id='word_1_450' title='bbox 2363 5266 2637 5338; x_wconf 84' lang='lat' dir='ltr'>proferre.</span> <span class='ocrx_word' id='word_1_451' title='bbox 2670 5267 2824 5323; x_wconf 91' lang='lat' dir='ltr'>Num</span> <span class='ocrx_word' id='word_1_452' title='bbox 2870 5267 2987 5323; x_wconf 88' lang='lat' dir='ltr'>illis</span> <span class='ocrx_word' id='word_1_453' title='bbox 3038 5268 3239 5339; x_wconf 88' lang='lat' dir='ltr'>ignota</span> <span class='ocrx_word' id='word_1_454' title='bbox 3290 5272 3411 5325; x_wconf 87' lang='lat' dir='ltr'>tam</span> <span class='ocrx_word' id='word_1_455' title='bbox 3460 5268 3726 5339; x_wconf 79' lang='lat' dir='ltr'>celebris,</span> 
     </span>
    </p>
   </div>
   <div class='ocr_carea' id='block_1_71' title="bbox 2078 5355 3731 5428">
    <p class='ocr_par' dir='ltr' id='par_1_71' title="bbox 2078 5355 3731 5428">
     <span class='ocr_line' id='line_1_71' title="bbox 2078 5355 3731 5428; baseline 0.002 -14"><span class='ocrx_word' id='word_1_456' title='bbox 2078 5362 2199 5414; x_wconf 86' lang='lat' dir='ltr'>tam</span> <span class='ocrx_word' id='word_1_457' title='bbox 2232 5355 2446 5428; x_wconf 88' lang='lat' dir='ltr'>ubique</span> <span class='ocrx_word' id='word_1_458' title='bbox 2506 5360 2643 5412; x_wconf 87' lang='lat' dir='ltr'>nota</span> <span class='ocrx_word' id='word_1_459' title='bbox 2680 5357 3018 5413; x_wconf 80' lang='lat' dir='ltr'>contentio?</span> <span class='ocrx_word' id='word_1_460' title='bbox 3064 5357 3213 5414; x_wconf 86' lang='lat' dir='ltr'>Suos</span> <span class='ocrx_word' id='word_1_461' title='bbox 3259 5362 3414 5415; x_wconf 87' lang='lat' dir='ltr'>certe</span> <span class='ocrx_word' id='word_1_462' title='bbox 3453 5358 3731 5417; x_wconf 87' lang='lat' dir='ltr'>neoterici</span> 
     </span>
    </p>
   </div>
   <div class='ocr_carea' id='block_1_72' title="bbox 2081 5447 3730 5525">
    <p class='ocr_par' dir='ltr' id='par_1_72' title="bbox 2081 5447 3730 5525">
     <span class='ocr_line' id='line_1_72' title="bbox 2081 5447 3730 5525; baseline 0.002 -20"><span class='ocrx_word' id='word_1_463' title='bbox 2081 5449 2266 5507; x_wconf 90' lang='lat' dir='ltr'>nostri</span> <span class='ocrx_word' id='word_1_464' title='bbox 2300 5447 2614 5520; x_wconf 86' lang='lat' dir='ltr'>magistros</span> <span class='ocrx_word' id='word_1_465' title='bbox 2650 5449 2721 5505; x_wconf 89' lang='lat' dir='ltr'>de</span> <span class='ocrx_word' id='word_1_466' title='bbox 2750 5454 2874 5505; x_wconf 91' lang='lat' dir='ltr'>tam</span> <span class='ocrx_word' id='word_1_467' title='bbox 2905 5448 3121 5521; x_wconf 90' lang='lat' dir='ltr'>supina</span> <span class='ocrx_word' id='word_1_468' title='bbox 3168 5449 3498 5522; x_wconf 83' lang='lat' dir='ltr'>ignorantia</span> <span class='ocrx_word' id='word_1_469' title='bbox 3528 5456 3730 5525; x_wconf 80' lang='lat' dir='ltr'>postu-</span> 
     </span>
    </p>
   </div>
   <div class='ocr_carea' id='block_1_73' title="bbox 2077 5538 3733 5610">
    <p class='ocr_par' dir='ltr' id='par_1_73' title="bbox 2077 5538 3733 5610">
     <span class='ocr_line' id='line_1_73' title="bbox 2077 5538 3733 5610; baseline 0.002 -15"><span class='ocrx_word' id='word_1_470' title='bbox 2077 5538 2185 5595; x_wconf 92' lang='lat' dir='ltr'>lari</span> <span class='ocrx_word' id='word_1_471' title='bbox 2217 5555 2332 5595; x_wconf 93' lang='lat' dir='ltr'>non</span> <span class='ocrx_word' id='word_1_472' title='bbox 2374 5541 2732 5610; x_wconf 90' lang='lat' dir='ltr'>paterentur.</span> <span class='ocrx_word' id='word_1_473' title='bbox 2774 5538 3066 5595; x_wconf 83' lang='lat' dir='ltr'>Noverant</span> <span class='ocrx_word' id='word_1_474' title='bbox 3110 5539 3416 5597; x_wconf 89' lang='lat' dir='ltr'>Sorbonici</span> <span class='ocrx_word' id='word_1_475' title='bbox 3464 5542 3733 5600; x_wconf 83' lang='lat' dir='ltr'>doctores</span> 
     </span>
    </p>
   </div>
   <div class='ocr_carea' id='block_1_74' title="bbox 2077 5624 3738 5707">
    <p class='ocr_par' dir='ltr' id='par_1_74' title="bbox 2077 5624 3738 5707">
     <span class='ocr_line' id='line_1_74' title="bbox 2077 5624 3738 5707; baseline 0.004 -24"><span class='ocrx_word' id='word_1_476' title='bbox 2077 5627 2234 5702; x_wconf 89' lang='lat' dir='ltr'>quod</span> <span class='ocrx_word' id='word_1_477' title='bbox 2263 5627 2359 5685; x_wconf 77' lang='lat' dir='ltr'>vix</span> <span class='ocrx_word' id='word_1_478' title='bbox 2402 5624 2658 5701; x_wconf 89' lang='lat' dir='ltr'>aliquem</span> <span class='ocrx_word' id='word_1_479' title='bbox 2690 5624 3001 5702; x_wconf 68' lang='lat' dir='ltr'>theologia:</span> <span class='ocrx_word' id='word_1_480' title='bbox 3038 5624 3130 5685; x_wconf 89' lang='lat' dir='ltr'>vel</span> <span class='ocrx_word' id='word_1_481' title='bbox 3160 5625 3421 5687; x_wconf 82' lang='lat' dir='ltr'>historim</span> <span class='ocrx_word' id='word_1_482' title='bbox 3452 5634 3738 5707; x_wconf 75' lang='lat' dir='ltr'>tyrunou-</span> 
     </span>
    </p>
   </div>
   <div class='ocr_carea' id='block_1_75' title="bbox 3557 284 3825 345">
    <p class='ocr_par' dir='ltr' id='par_1_75' title="bbox 3557 284 3825 345">
     <span class='ocr_line' id='line_1_75' title="bbox 3557 284 3825 345; baseline -0.007 0"><span class='ocrx_word' id='word_1_483' title='bbox 3557 284 3711 345; x_wconf 72' lang='lat' dir='ltr'>i326</span> <span class='ocrx_word' id='word_1_484' title='bbox 3820 336 3825 343; x_wconf 83' lang='lat'>.</span> 
     </span>
    </p>
   </div>
  </div>
