  <div class='ocr_page' id='page_1' title='image "/cluster/home/n/w/nwhite01/storage/ocr_20150623/3/hvd.32044073549586/717.png"; bbox 0 0 4088 6174; ppageno 0'>
   <div class='ocr_carea' id='block_1_1' title="bbox 493 266 3793 353">
    <p class='ocr_par' dir='ltr' id='par_1_1' title="bbox 493 266 3793 353">
     <span class='ocr_line' id='line_1_1' title="bbox 493 266 3793 353; baseline 0.008 -27"><span class='ocrx_word' id='word_1_1' title='bbox 493 266 649 326; x_wconf 76' lang='grc'>1327</span> <span class='ocrx_word' id='word_1_2' title='bbox 1541 269 1643 328; x_wconf 83' lang='lat' dir='ltr'><strong>DE</strong></span> <span class='ocrx_word' id='word_1_3' title='bbox 1689 267 2280 332; x_wconf 77' lang='lat' dir='ltr'>H/ERETICURUM</span> <span class='ocrx_word' id='word_1_4' title='bbox 2328 271 2855 336; x_wconf 81' lang='lat' dir='ltr'>BAPTISMA&#39;I‘E.</span> <span class='ocrx_word' id='word_1_5' title='bbox 3676 291 3793 353; x_wconf 75' lang='lat'>1328</span> 
     </span>
    </p>
   </div>
   <div class='ocr_carea' id='block_1_2' title="bbox 488 398 3794 491">
    <p class='ocr_par' dir='ltr' id='par_1_2' title="bbox 488 398 3794 491">
     <span class='ocr_line' id='line_1_2' title="bbox 488 398 3794 491; baseline 0.007 -37"><span class='ocrx_word' id='word_1_6' title='bbox 488 399 898 491; x_wconf 71' lang='lat' dir='ltr'>lumlatebat;</span> <span class='ocrx_word' id='word_1_7' title='bbox 950 401 1011 455; x_wconf 89' lang='lat' dir='ltr'>at</span> <span class='ocrx_word' id='word_1_8' title='bbox 1061 399 1212 491; x_wconf 76' lang='lat' dir='ltr'>quod</span> <span class='ocrx_word' id='word_1_9' title='bbox 1267 415 1335 455; x_wconf 84' lang='lat' dir='ltr'>ex</span> <span class='ocrx_word' id='word_1_10' title='bbox 1384 398 1862 491; x_wconf 14' lang='lat' dir='ltr'>illa‘Cyprianum</span> <span class='ocrx_word' id='word_1_11' title='bbox 1907 401 2060 455; x_wconf 79' lang='lat' dir='ltr'>inter</span> <span class='ocrx_word' id='word_1_12' title='bbox 2087 406 2143 457; x_wconf 90' lang='lat' dir='ltr'>et</span> <span class='ocrx_word' id='word_1_13' title='bbox 2170 403 2225 471; x_wconf 80' lang='grc' dir='ltr'><strong>Α</strong></span> <span class='ocrx_word' id='word_1_14' title='bbox 2257 403 2381 458; x_wconf 91' lang='lat' dir='ltr'>oleo</span> <span class='ocrx_word' id='word_1_15' title='bbox 2414 413 2816 478; x_wconf 87' lang='lat' dir='ltr'>pepercerunt,</span> <span class='ocrx_word' id='word_1_16' title='bbox 2849 413 2914 464; x_wconf 92' lang='lat' dir='ltr'>ut</span> <span class='ocrx_word' id='word_1_17' title='bbox 2938 409 3268 481; x_wconf 82' lang='lat' dir='ltr'>argumenti</span> <span class='ocrx_word' id='word_1_18' title='bbox 3297 411 3606 485; x_wconf 83' lang='lat' dir='ltr'>jampridem</span> <span class='ocrx_word' id='word_1_19' title='bbox 3643 423 3794 491; x_wconf 83' lang='lat' dir='ltr'>proﬂi-</span> 
     </span>
    </p>
   </div>
   <div class='ocr_carea' id='block_1_3' title="bbox 487 488 3791 582">
    <p class='ocr_par' dir='ltr' id='par_1_3' title="bbox 487 488 3791 582">
     <span class='ocr_line' id='line_1_3' title="bbox 487 488 3791 582; baseline 0.003 -40"><span class='ocrx_word' id='word_1_20' title='bbox 487 488 845 560; x_wconf 89' lang='lat' dir='ltr'>Stephanum</span> <span class='ocrx_word' id='word_1_21' title='bbox 893 488 1259 544; x_wconf 72' lang='lat' dir='ltr'>contentione</span> <span class='ocrx_word' id='word_1_22' title='bbox 1291 488 1640 544; x_wconf 78' lang='lat' dir='ltr'>recentiores</span> <span class='ocrx_word' id='word_1_23' title='bbox 1697 491 1974 545; x_wconf 85' lang='lat' dir='ltr'>adversus</span> <span class='ocrx_word' id='word_1_24' title='bbox 2024 491 2134 545; x_wconf 76' lang='grc' dir='ltr'>ΗΟ·</span> <span class='ocrx_word' id='word_1_25' title='bbox 2245 497 2365 565; x_wconf 88' lang='lat' dir='ltr'>gati</span> <span class='ocrx_word' id='word_1_26' title='bbox 2397 498 2599 551; x_wconf 87' lang='lat' dir='ltr'>ruinas</span> <span class='ocrx_word' id='word_1_27' title='bbox 2626 498 2994 567; x_wconf 87' lang='lat' dir='ltr'>rcsarcirent,</span> <span class='ocrx_word' id='word_1_28' title='bbox 3029 500 3240 555; x_wconf 89' lang='lat' dir='ltr'>rudera</span> <span class='ocrx_word' id='word_1_29' title='bbox 3271 499 3588 574; x_wconf 81' lang='lat' dir='ltr'>colligerent,</span> <span class='ocrx_word' id='word_1_30' title='bbox 3615 488 3672 564; x_wconf 54' lang='lat' dir='ltr'>ea</span> <span class='ocrx_word' id='word_1_31' title='bbox 3695 514 3791 582; x_wconf 73' lang='lat' dir='ltr'>qui.</span> 
     </span>
    </p>
   </div>
   <div class='ocr_carea' id='block_1_4' title="bbox 485 575 3795 654">
    <p class='ocr_par' dir='ltr' id='par_1_4' title="bbox 485 575 3795 654">
     <span class='ocr_line' id='line_1_4' title="bbox 485 575 3795 654; baseline 0.007 -22"><span class='ocrx_word' id='word_1_32' title='bbox 485 593 719 634; x_wconf 80' lang='lat' dir='ltr'>manem</span> <span class='ocrx_word' id='word_1_33' title='bbox 753 575 1184 633; x_wconf 80' lang='lat' dir='ltr'>infallibitatem</span> <span class='ocrx_word' id='word_1_34' title='bbox 1218 577 1547 631; x_wconf 83' lang='lat' dir='ltr'>extundunt</span> <span class='ocrx_word' id='word_1_35' title='bbox 1579 585 2016 649; x_wconf 80' lang='lat' dir='ltr'>argumentum,</span> <span class='ocrx_word' id='word_1_36' title='bbox 2043 597 2136 635; x_wconf 86' lang='lat' dir='ltr'>ne-</span> <span class='ocrx_word' id='word_1_37' title='bbox 2245 583 2356 639; x_wconf 92' lang='lat' dir='ltr'>bus</span> <span class='ocrx_word' id='word_1_38' title='bbox 2386 601 2598 641; x_wconf 88' lang='lat' dir='ltr'>novum</span> <span class='ocrx_word' id='word_1_39' title='bbox 2635 587 3174 643; x_wconf 76' lang='lat' dir='ltr'>machinamentum</span> <span class='ocrx_word' id='word_1_40' title='bbox 3218 575 3795 654; x_wconf 49' lang='lat' dir='ltr'>architectarentur.\&#39;e-</span> 
     </span>
    </p>
   </div>
   <div class='ocr_carea' id='block_1_5' title="bbox 484 668 3794 749">
    <p class='ocr_par' dir='ltr' id='par_1_5' title="bbox 484 668 3794 749">
     <span class='ocr_line' id='line_1_5' title="bbox 484 668 3794 749; baseline 0.006 -26"><span class='ocrx_word' id='word_1_41' title='bbox 484 669 626 724; x_wconf 89' lang='lat' dir='ltr'>dum</span> <span class='ocrx_word' id='word_1_42' title='bbox 658 668 803 741; x_wconf 80' lang='lat' dir='ltr'>ipsis</span> <span class='ocrx_word' id='word_1_43' title='bbox 833 669 1048 725; x_wconf 74' lang='lat' dir='ltr'>evidens</span> <span class='ocrx_word' id='word_1_44' title='bbox 1080 685 1144 724; x_wconf 90' lang='lat' dir='ltr'>ac</span> <span class='ocrx_word' id='word_1_45' title='bbox 1188 671 1556 723; x_wconf 75' lang='lat' dir='ltr'>necessarium</span> <span class='ocrx_word' id='word_1_46' title='bbox 1596 668 1787 724; x_wconf 88' lang='lat' dir='ltr'>visum</span> <span class='ocrx_word' id='word_1_47' title='bbox 1823 670 2015 739; x_wconf 80' lang='lat' dir='ltr'>fuerit,</span> <span class='ocrx_word' id='word_1_48' title='bbox 2044 671 2132 725; x_wconf 83' lang='lat' dir='ltr'>i‘u-</span> <span class='ocrx_word' id='word_1_49' title='bbox 2243 689 2371 728; x_wconf 92' lang='lat' dir='ltr'>rum</span> <span class='ocrx_word' id='word_1_50' title='bbox 2406 675 2623 745; x_wconf 89' lang='lat' dir='ltr'>optime</span> <span class='ocrx_word' id='word_1_51' title='bbox 2649 676 2867 731; x_wconf 83' lang='lat' dir='ltr'>conscii</span> <span class='ocrx_word' id='word_1_52' title='bbox 2896 694 3009 732; x_wconf 92' lang='lat' dir='ltr'>non</span> <span class='ocrx_word' id='word_1_53' title='bbox 3041 694 3212 748; x_wconf 86' lang='lat' dir='ltr'>posse</span> <span class='ocrx_word' id='word_1_54' title='bbox 3245 677 3378 734; x_wconf 91' lang='lat' dir='ltr'>illud</span> <span class='ocrx_word' id='word_1_55' title='bbox 3409 684 3690 749; x_wconf 89' lang='lat' dir='ltr'>consistere,</span> <span class='ocrx_word' id='word_1_56' title='bbox 3711 689 3794 742; x_wconf 85' lang='lat' dir='ltr'>nisi</span> 
     </span>
    </p>
   </div>
   <div class='ocr_carea' id='block_1_6' title="bbox 481 757 3794 848">
    <p class='ocr_par' dir='ltr' id='par_1_6' title="bbox 481 757 3794 848">
     <span class='ocr_line' id='line_1_6' title="bbox 481 757 3794 848; baseline 0.005 -35"><span class='ocrx_word' id='word_1_57' title='bbox 481 757 581 815; x_wconf 92' lang='lat' dir='ltr'>tile</span> <span class='ocrx_word' id='word_1_58' title='bbox 603 759 746 815; x_wconf 88' lang='lat' dir='ltr'>adeo</span> <span class='ocrx_word' id='word_1_59' title='bbox 769 776 835 816; x_wconf 92' lang='lat' dir='ltr'>ac</span> <span class='ocrx_word' id='word_1_60' title='bbox 856 757 1143 814; x_wconf 90' lang='lat' dir='ltr'>imbecille</span> <span class='ocrx_word' id='word_1_61' title='bbox 1157 758 1522 829; x_wconf 86' lang='lat' dir='ltr'>judicarunt,</span> <span class='ocrx_word' id='word_1_62' title='bbox 1557 763 1622 812; x_wconf 90' lang='lat' dir='ltr'>ut</span> <span class='ocrx_word' id='word_1_63' title='bbox 1651 776 1755 815; x_wconf 90' lang='lat' dir='ltr'>nec</span> <span class='ocrx_word' id='word_1_64' title='bbox 1789 759 1940 814; x_wconf 88' lang='lat' dir='ltr'>inter</span> <span class='ocrx_word' id='word_1_65' title='bbox 1969 759 2135 815; x_wconf 89' lang='lat' dir='ltr'>levis-</span> <span class='ocrx_word' id='word_1_66' title='bbox 2243 761 2602 820; x_wconf 81' lang='lat' dir='ltr'>firmioribus</span> <span class='ocrx_word' id='word_1_67' title='bbox 2631 782 2807 837; x_wconf 87' lang='lat' dir='ltr'>quam</span> <span class='ocrx_word' id='word_1_68' title='bbox 2837 771 3008 822; x_wconf 85' lang='lat' dir='ltr'>antea</span> <span class='ocrx_word' id='word_1_69' title='bbox 3029 766 3377 824; x_wconf 84' lang='lat' dir='ltr'>fulcimentis</span> <span class='ocrx_word' id='word_1_70' title='bbox 3395 776 3794 848; x_wconf 80' lang='lat' dir='ltr'>communiretur,</span> 
     </span>
    </p>
   </div>
   <div class='ocr_carea' id='block_1_7' title="bbox 480 847 3795 922">
    <p class='ocr_par' dir='ltr' id='par_1_7' title="bbox 480 847 3795 922">
     <span class='ocr_line' id='line_1_7' title="bbox 480 847 3795 922; baseline 0.005 -18"><span class='ocrx_word' id='word_1_71' title='bbox 480 848 632 904; x_wconf 83' lang='lat' dir='ltr'>sima</span> <span class='ocrx_word' id='word_1_72' title='bbox 661 865 786 920; x_wconf 65' lang='lat' dir='ltr'>quae</span> <span class='ocrx_word' id='word_1_73' title='bbox 817 847 929 922; x_wconf 88' lang='lat' dir='ltr'>ipsi</span> <span class='ocrx_word' id='word_1_74' title='bbox 962 863 1304 920; x_wconf 86' lang='lat' dir='ltr'>congessere</span> <span class='ocrx_word' id='word_1_75' title='bbox 1353 853 1701 920; x_wconf 86' lang='lat' dir='ltr'>argumenta</span> <span class='ocrx_word' id='word_1_76' title='bbox 1743 847 1935 904; x_wconf 90' lang='lat' dir='ltr'>locum</span> <span class='ocrx_word' id='word_1_77' title='bbox 1983 849 2131 904; x_wconf 85' lang='lat' dir='ltr'>obti-</span> <span class='ocrx_word' id='word_1_78' title='bbox 2241 850 2356 907; x_wconf 91' lang='lat' dir='ltr'>duo</span> <span class='ocrx_word' id='word_1_79' title='bbox 2389 852 2671 910; x_wconf 84' lang='lat' dir='ltr'>hactenus</span> <span class='ocrx_word' id='word_1_80' title='bbox 2715 855 2998 912; x_wconf 86' lang='lat' dir='ltr'>inusitata</span> <span class='ocrx_word' id='word_1_81' title='bbox 3049 856 3461 914; x_wconf 81' lang='lat' dir='ltr'>conﬁnxerunt.</span> <span class='ocrx_word' id='word_1_82' title='bbox 3506 860 3636 917; x_wconf 82' lang='lat' dir='ltr'>Satis</span> <span class='ocrx_word' id='word_1_83' title='bbox 3675 863 3795 921; x_wconf 83' lang='lat' dir='ltr'>haud</span> 
     </span>
    </p>
   </div>
   <div class='ocr_carea' id='block_1_8' title="bbox 481 937 3798 1018">
    <p class='ocr_par' dir='ltr' id='par_1_8' title="bbox 481 937 3798 1018">
     <span class='ocr_line' id='line_1_8' title="bbox 481 937 3798 1018; baseline 0.005 -25"><span class='ocrx_word' id='word_1_84' title='bbox 481 953 618 993; x_wconf 90' lang='lat' dir='ltr'>nere</span> <span class='ocrx_word' id='word_1_85' title='bbox 649 937 1038 1011; x_wconf 80' lang='lat' dir='ltr'>permiserint;</span> <span class='ocrx_word' id='word_1_86' title='bbox 1064 937 1208 993; x_wconf 87' lang='lat' dir='ltr'>adeo</span> <span class='ocrx_word' id='word_1_87' title='bbox 1238 953 1438 993; x_wconf 90' lang='lat' dir='ltr'>verum</span> <span class='ocrx_word' id='word_1_88' title='bbox 1471 942 1562 992; x_wconf 89' lang='lat' dir='ltr'>est</span> <span class='ocrx_word' id='word_1_89' title='bbox 1587 955 1654 992; x_wconf 89' lang='lat' dir='ltr'>ea</span> <span class='ocrx_word' id='word_1_90' title='bbox 1675 954 1826 1009; x_wconf 80' lang='lat' dir='ltr'>saepe</span> <span class='ocrx_word' id='word_1_91' title='bbox 1846 942 2128 1008; x_wconf 87' lang='lat' dir='ltr'>tanquam</span> <span class='ocrx_word' id='word_1_92' title='bbox 2239 939 2353 994; x_wconf 90' lang='lat' dir='ltr'>illis</span> <span class='ocrx_word' id='word_1_93' title='bbox 2383 941 2495 998; x_wconf 84' lang='lat' dir='ltr'>fuit</span> <span class='ocrx_word' id='word_1_94' title='bbox 2525 945 2679 1015; x_wconf 90' lang='lat' dir='ltr'>quod</span> <span class='ocrx_word' id='word_1_95' title='bbox 2710 945 3033 1016; x_wconf 82' lang='lat' dir='ltr'>Cyprianus</span> <span class='ocrx_word' id='word_1_96' title='bbox 3067 945 3358 1018; x_wconf 87' lang='lat' dir='ltr'>Stephano</span> <span class='ocrx_word' id='word_1_97' title='bbox 3396 950 3654 1018; x_wconf 81' lang='lat' dir='ltr'>restiterit,</span> <span class='ocrx_word' id='word_1_98' title='bbox 3677 969 3798 1010; x_wconf 85' lang='lat' dir='ltr'>eum-</span> 
     </span>
    </p>
   </div>
   <div class='ocr_carea' id='block_1_9' title="bbox 367 1025 3796 1108">
    <p class='ocr_par' dir='ltr' id='par_1_9' title="bbox 367 1025 3796 1108">
     <span class='ocr_line' id='line_1_9' title="bbox 367 1025 3796 1108; baseline 0.005 -29"><span class='ocrx_word' id='word_1_99' title='bbox 367 1098 371 1102; x_wconf 26' lang='lat'>.</span> <span class='ocrx_word' id='word_1_100' title='bbox 482 1025 824 1082; x_wconf 82' lang='lat' dir='ltr'>firmissima</span> <span class='ocrx_word' id='word_1_101' title='bbox 853 1029 912 1082; x_wconf 92' lang='lat' dir='ltr'>et</span> <span class='ocrx_word' id='word_1_102' title='bbox 967 1025 1257 1082; x_wconf 86' lang='lat' dir='ltr'>evidentia</span> <span class='ocrx_word' id='word_1_103' title='bbox 1303 1043 1337 1081; x_wconf 73' lang='grc' dir='ltr'>ιι</span> <span class='ocrx_word' id='word_1_104' title='bbox 1393 1025 1700 1098; x_wconf 88' lang='lat' dir='ltr'>discipulis</span> <span class='ocrx_word' id='word_1_105' title='bbox 1751 1027 1972 1095; x_wconf 88' lang='lat' dir='ltr'>haberi,</span> <span class='ocrx_word' id='word_1_106' title='bbox 2004 1042 2128 1097; x_wconf 67' lang='lat' dir='ltr'>quas</span> <span class='ocrx_word' id='word_1_107' title='bbox 2240 1045 2354 1100; x_wconf 92' lang='lat' dir='ltr'>que</span> <span class='ocrx_word' id='word_1_108' title='bbox 2379 1033 2591 1088; x_wconf 89' lang='lat' dir='ltr'>erroris</span> <span class='ocrx_word' id='word_1_109' title='bbox 2621 1033 3076 1102; x_wconf 89' lang='lat' dir='ltr'>insimulaverit,</span> <span class='ocrx_word' id='word_1_110' title='bbox 3106 1051 3238 1106; x_wconf 67' lang='lat' dir='ltr'>quae</span> <span class='ocrx_word' id='word_1_111' title='bbox 3268 1035 3490 1108; x_wconf 87' lang='lat' dir='ltr'>quidem</span> <span class='ocrx_word' id='word_1_112' title='bbox 3517 1039 3579 1094; x_wconf 85' lang='lat' dir='ltr'>ab</span> <span class='ocrx_word' id='word_1_113' title='bbox 3622 1039 3796 1098; x_wconf 84' lang='lat' dir='ltr'>hetero-</span> 
     </span>
    </p>
   </div>
   <div class='ocr_carea' id='block_1_10' title="bbox 480 1114 3799 1202">
    <p class='ocr_par' dir='ltr' id='par_1_10' title="bbox 480 1114 3799 1202">
     <span class='ocr_line' id='line_1_10' title="bbox 480 1114 3799 1202; baseline 0.005 -34"><span class='ocrx_word' id='word_1_114' title='bbox 480 1115 781 1188; x_wconf 85' lang='lat' dir='ltr'>magistris</span> <span class='ocrx_word' id='word_1_115' title='bbox 807 1132 907 1172; x_wconf 92' lang='lat' dir='ltr'>nec</span> <span class='ocrx_word' id='word_1_116' title='bbox 941 1114 1166 1187; x_wconf 90' lang='lat' dir='ltr'>prolatu</span> <span class='ocrx_word' id='word_1_117' title='bbox 1201 1115 1380 1186; x_wconf 87' lang='lat' dir='ltr'>digna</span> <span class='ocrx_word' id='word_1_118' title='bbox 1409 1115 1735 1170; x_wconf 89' lang='lat' dir='ltr'>videantur.</span> <span class='ocrx_word' id='word_1_119' title='bbox 2238 1120 2542 1192; x_wconf 85' lang='lat' dir='ltr'>doxisjam</span> <span class='ocrx_word' id='word_1_120' title='bbox 2568 1122 2796 1178; x_wconf 87' lang='lat' dir='ltr'>fuerant</span> <span class='ocrx_word' id='word_1_121' title='bbox 2819 1127 3236 1195; x_wconf 66' lang='lat' dir='ltr'>praaoccupata;</span> <span class='ocrx_word' id='word_1_122' title='bbox 3273 1127 3418 1181; x_wconf 89' lang='lat' dir='ltr'>ultra</span> <span class='ocrx_word' id='word_1_123' title='bbox 3443 1129 3693 1198; x_wconf 84' lang='lat' dir='ltr'>progressi</span> <span class='ocrx_word' id='word_1_124' title='bbox 3730 1147 3799 1202; x_wconf 81' lang='lat' dir='ltr'>pa-</span> 
     </span>
    </p>
   </div>
   <div class='ocr_carea' id='block_1_11' title="bbox 549 1207 3802 1294">
    <p class='ocr_par' dir='ltr' id='par_1_11' title="bbox 549 1207 3802 1294">
     <span class='ocr_line' id='line_1_11' title="bbox 549 1207 3802 1294; baseline 0.002 -28"><span class='ocrx_word' id='word_1_125' title='bbox 549 1223 621 1278; x_wconf 75' lang='grc' dir='ltr'>Ει</span> <span class='ocrx_word' id='word_1_126' title='bbox 644 1222 693 1279; x_wconf 69' lang='grc' dir='ltr'>εἰ</span> <span class='ocrx_word' id='word_1_127' title='bbox 725 1227 920 1278; x_wconf 60' lang='lat' dir='ltr'>tamen</span> <span class='ocrx_word' id='word_1_128' title='bbox 972 1239 1173 1279; x_wconf 64' lang='lat' dir='ltr'>recens</span> <span class='ocrx_word' id='word_1_129' title='bbox 1205 1223 1360 1294; x_wconf 66' lang='lat' dir='ltr'>apud</span> <span class='ocrx_word' id='word_1_130' title='bbox 1390 1221 1716 1278; x_wconf 67' lang='lat' dir='ltr'>Catholicog</span> <span class='ocrx_word' id='word_1_131' title='bbox 1766 1223 1842 1278; x_wconf 66' lang='lat' dir='ltr'>sit</span> <span class='ocrx_word' id='word_1_132' title='bbox 1885 1222 2127 1278; x_wconf 62' lang='lat' dir='ltr'>venula-</span> <span class='ocrx_word' id='word_1_133' title='bbox 2235 1207 2352 1264; x_wconf 85' lang='lat' dir='ltr'>iam</span> <span class='ocrx_word' id='word_1_134' title='bbox 2413 1217 2839 1267; x_wconf 87' lang='lat' dir='ltr'>assueruerunt</span> <span class='ocrx_word' id='word_1_135' title='bbox 2896 1213 3220 1281; x_wconf 88' lang='lat' dir='ltr'>decretum,</span> <span class='ocrx_word' id='word_1_136' title='bbox 3275 1214 3364 1270; x_wconf 90' lang='lat' dir='ltr'>cui</span> <span class='ocrx_word' id='word_1_137' title='bbox 3419 1214 3694 1273; x_wconf 84' lang='lat' dir='ltr'>reluctatus</span> <span class='ocrx_word' id='word_1_138' title='bbox 3737 1226 3802 1274; x_wconf 86' lang='lat' dir='ltr'>est</span> 
     </span>
    </p>
   </div>
   <div class='ocr_carea' id='block_1_12' title="bbox 479 1299 2094 1384">
    <p class='ocr_par' dir='ltr' id='par_1_12' title="bbox 479 1311 2089 1384">
     <span class='ocr_line' id='line_1_12' title="bbox 479 1311 2089 1384; baseline -0.001 -16"><span class='ocrx_word' id='word_1_139' title='bbox 479 1314 605 1368; x_wconf 89' lang='lat' dir='ltr'>tum</span> <span class='ocrx_word' id='word_1_140' title='bbox 634 1311 791 1368; x_wconf 89' lang='lat' dir='ltr'>istud</span> <span class='ocrx_word' id='word_1_141' title='bbox 826 1330 860 1368; x_wconf 87' lang='lat' dir='ltr'>a</span> <span class='ocrx_word' id='word_1_142' title='bbox 887 1312 1192 1368; x_wconf 87' lang='lat' dir='ltr'>neotericis</span> <span class='ocrx_word' id='word_1_143' title='bbox 1223 1317 1654 1384; x_wconf 87' lang='lat' dir='ltr'>argumentum,</span> <span class='ocrx_word' id='word_1_144' title='bbox 1680 1329 1862 1384; x_wconf 91' lang='lat' dir='ltr'>eoque</span> <span class='ocrx_word' id='word_1_145' title='bbox 1894 1313 2089 1368; x_wconf 91' lang='lat' dir='ltr'>nomin</span> 
     </span>
    </p>
   </div>
   <div class='ocr_carea' id='block_1_13' title="bbox 2205 1299 3799 1384">
    <p class='ocr_par' dir='ltr' id='par_1_13' title="bbox 2236 1299 3799 1376">
     <span class='ocr_line' id='line_1_13' title="bbox 2236 1299 3799 1376; baseline 0.006 -24"><span class='ocrx_word' id='word_1_146' title='bbox 2236 1299 2577 1370; x_wconf 76' lang='lat' dir='ltr'>Cyprianus,</span> <span class='ocrx_word' id='word_1_147' title='bbox 2600 1301 2861 1357; x_wconf 90' lang='lat' dir='ltr'>solemne</span> <span class='ocrx_word' id='word_1_148' title='bbox 2895 1303 3076 1358; x_wconf 75' lang='lat' dir='ltr'>fuisse</span> <span class='ocrx_word' id='word_1_149' title='bbox 3119 1303 3363 1359; x_wconf 82' lang='lat' dir='ltr'>Romani</span> <span class='ocrx_word' id='word_1_150' title='bbox 3392 1305 3654 1360; x_wconf 83' lang='lat' dir='ltr'>Pontificis</span> <span class='ocrx_word' id='word_1_151' title='bbox 3679 1308 3799 1376; x_wconf 87' lang='lat' dir='ltr'>judi-</span> 
     </span>
    </p>
   </div>
   <div class='ocr_carea' id='block_1_14' title="bbox 479 1387 3801 1477">
    <p class='ocr_par' dir='ltr' id='par_1_14' title="bbox 479 1387 3801 1477">
     <span class='ocr_line' id='line_1_14' title="bbox 479 1387 3801 1477; baseline 0.002 -32"><span class='ocrx_word' id='word_1_152' title='bbox 479 1402 800 1460; x_wconf 65' lang='lat' dir='ltr'>novitatum</span> <span class='ocrx_word' id='word_1_153' title='bbox 861 1402 1218 1461; x_wconf 55' lang='lat' dir='ltr'>amatoribus</span> <span class='ocrx_word' id='word_1_154' title='bbox 1249 1403 1405 1459; x_wconf 70' lang='lat' dir='ltr'>haud</span> <span class='ocrx_word' id='word_1_155' title='bbox 1440 1404 1758 1476; x_wconf 62' lang='lat' dir='ltr'>ingratum,</span> <span class='ocrx_word' id='word_1_156' title='bbox 1793 1421 1907 1460; x_wconf 70' lang='lat' dir='ltr'>non</span> <span class='ocrx_word' id='word_1_157' title='bbox 1953 1421 2126 1477; x_wconf 60' lang='lat' dir='ltr'>prop-</span> <span class='ocrx_word' id='word_1_158' title='bbox 2235 1387 3298 1462; x_wconf 87' lang='lat' dir='ltr'>cium,omniquapoteratauctoritate</span> <span class='ocrx_word' id='word_1_159' title='bbox 3322 1393 3801 1464; x_wconf 75' lang='lat' dir='ltr'>praeditum.etillam</span> 
     </span>
    </p>
   </div>
   <div class='ocr_carea' id='block_1_15' title="bbox 477 1479 2094 1567">
    <p class='ocr_par' dir='ltr' id='par_1_15' title="bbox 477 1494 2094 1567">
     <span class='ocr_line' id='line_1_15' title="bbox 477 1494 2094 1567; baseline 0 -18"><span class='ocrx_word' id='word_1_160' title='bbox 477 1496 634 1550; x_wconf 88' lang='lat' dir='ltr'>terea</span> <span class='ocrx_word' id='word_1_161' title='bbox 650 1509 818 1551; x_wconf 87' lang='lat' dir='ltr'>suam</span> <span class='ocrx_word' id='word_1_162' title='bbox 866 1495 1027 1551; x_wconf 89' lang='lat' dir='ltr'>hisce</span> <span class='ocrx_word' id='word_1_163' title='bbox 1065 1494 1352 1567; x_wconf 87' lang='lat' dir='ltr'>theologis</span> <span class='ocrx_word' id='word_1_164' title='bbox 1386 1494 1670 1566; x_wconf 87' lang='lat' dir='ltr'>originem</span> <span class='ocrx_word' id='word_1_165' title='bbox 1709 1502 2000 1567; x_wconf 75' lang='lat' dir='ltr'>acceptam</span> <span class='ocrx_word' id='word_1_166' title='bbox 2036 1510 2094 1550; x_wconf 91' lang='lat' dir='ltr'>re</span> 
     </span>
    </p>
   </div>
   <div class='ocr_carea' id='block_1_16' title="bbox 2205 1479 3800 1567">
    <p class='ocr_par' dir='ltr' id='par_1_16' title="bbox 2235 1479 3800 1553">
     <span class='ocr_line' id='line_1_16' title="bbox 2235 1479 3800 1553; baseline 0.006 -22"><span class='ocrx_word' id='word_1_167' title='bbox 2235 1480 2429 1532; x_wconf 89' lang='lat' dir='ltr'>tamen</span> <span class='ocrx_word' id='word_1_168' title='bbox 2453 1479 2723 1552; x_wconf 85' lang='lat' dir='ltr'>Cypriani</span> <span class='ocrx_word' id='word_1_169' title='bbox 2759 1481 3236 1536; x_wconf 89' lang='lat' dir='ltr'>intercessionem</span> <span class='ocrx_word' id='word_1_170' title='bbox 3268 1481 3432 1553; x_wconf 90' lang='lat' dir='ltr'>culpa</span> <span class='ocrx_word' id='word_1_171' title='bbox 3451 1484 3591 1537; x_wconf 89' lang='lat' dir='ltr'>omni</span> <span class='ocrx_word' id='word_1_172' title='bbox 3615 1500 3800 1540; x_wconf 83' lang='lat' dir='ltr'>vacasse</span> 
     </span>
    </p>
   </div>
   <div class='ocr_carea' id='block_1_17' title="bbox 475 1568 3803 1660">
    <p class='ocr_par' dir='ltr' id='par_1_17' title="bbox 475 1568 3803 1660">
     <span class='ocr_line' id='line_1_17' title="bbox 475 1568 3803 1660; baseline 0.001 -20"><span class='ocrx_word' id='word_1_173' title='bbox 475 1585 621 1642; x_wconf 81' lang='lat' dir='ltr'>fert:</span> <span class='ocrx_word' id='word_1_174' title='bbox 648 1586 1010 1660; x_wconf 86' lang='lat' dir='ltr'>antiquiores</span> <span class='ocrx_word' id='word_1_175' title='bbox 1069 1591 1338 1659; x_wconf 88' lang='lat' dir='ltr'>parentes</span> <span class='ocrx_word' id='word_1_176' title='bbox 1387 1585 1584 1652; x_wconf 83' lang='lat' dir='ltr'>habet,</span> <span class='ocrx_word' id='word_1_177' title='bbox 1645 1604 1678 1642; x_wconf 90' lang='lat' dir='ltr'>a</span> <span class='ocrx_word' id='word_1_178' title='bbox 1731 1587 1947 1658; x_wconf 91' lang='lat' dir='ltr'>quibus</span> <span class='ocrx_word' id='word_1_179' title='bbox 1977 1585 2124 1642; x_wconf 89' lang='lat' dir='ltr'>illud</span> <span class='ocrx_word' id='word_1_180' title='bbox 2235 1568 2678 1660; x_wconf 58' lang='lat' dir='ltr'>(fontePdewntj</span> <span class='ocrx_word' id='word_1_181' title='bbox 2706 1569 2914 1660; x_wconf 40' lang='lat' dir='ltr'>Atque</span> <span class='ocrx_word' id='word_1_182' title='bbox 2953 1569 3045 1660; x_wconf 55' lang='lat' dir='ltr'>hi?</span> <span class='ocrx_word' id='word_1_183' title='bbox 3076 1569 3314 1660; x_wconf 65' lang='grc' dir='ltr'>(Ιυίάθω</span> <span class='ocrx_word' id='word_1_184' title='bbox 3348 1570 3568 1660; x_wconf 14' lang='grc' dir='ltr'>ίάυοδυε</span> <span class='ocrx_word' id='word_1_185' title='bbox 3609 1574 3803 1627; x_wconf 54' lang='lat' dir='ltr'>recentis</span> 
     </span>
    </p>
   </div>
   <div class='ocr_carea' id='block_1_18' title="bbox 474 1655 3800 1754">
    <p class='ocr_par' dir='ltr' id='par_1_18' title="bbox 474 1655 3800 1754">
     <span class='ocr_line' id='line_1_18' title="bbox 474 1655 3800 1754; baseline -0.002 -22"><span class='ocrx_word' id='word_1_186' title='bbox 474 1677 728 1734; x_wconf 83' lang='lat' dir='ltr'>mutuati</span> <span class='ocrx_word' id='word_1_187' title='bbox 759 1682 898 1734; x_wconf 90' lang='lat' dir='ltr'>sunt</span> <span class='ocrx_word' id='word_1_188' title='bbox 923 1678 1189 1734; x_wconf 88' lang='lat' dir='ltr'>hodierni</span> <span class='ocrx_word' id='word_1_189' title='bbox 1220 1678 1490 1733; x_wconf 71' lang='lat' dir='ltr'>Romanas</span> <span class='ocrx_word' id='word_1_190' title='bbox 1523 1677 1854 1734; x_wconf 68' lang='lat' dir='ltr'>inerrantiaa</span> <span class='ocrx_word' id='word_1_191' title='bbox 1903 1693 2121 1734; x_wconf 84' lang='lat' dir='ltr'>osores.</span> <span class='ocrx_word' id='word_1_192' title='bbox 2234 1655 2510 1754; x_wconf 53' lang='grc' dir='ltr'>δοοίῐξίξλδίῗ</span> <span class='ocrx_word' id='word_1_193' title='bbox 2544 1657 2834 1754; x_wconf 51' lang='grc' dir='ltr'>(ξξλβξῖξδυε</span> <span class='ocrx_word' id='word_1_194' title='bbox 2879 1658 3190 1754; x_wconf 42' lang='grc' dir='ltr'>οω-ῐξίβίυα</span> <span class='ocrx_word' id='word_1_195' title='bbox 3218 1659 3480 1754; x_wconf 65' lang='grc' dir='ltr'>νειθδξωῐ</span> <span class='ocrx_word' id='word_1_196' title='bbox 3506 1667 3614 1716; x_wconf 64' lang='grc' dir='ltr'>πίε</span> <span class='ocrx_word' id='word_1_197' title='bbox 3639 1661 3800 1715; x_wconf 66' lang='lat' dir='ltr'>conﬁr-</span> 
     </span>
    </p>
   </div>
   <div class='ocr_carea' id='block_1_19' title="bbox 473 1745 3422 1842">
    <p class='ocr_par' dir='ltr' id='par_1_19' title="bbox 473 1745 3422 1842">
     <span class='ocr_line' id='line_1_19' title="bbox 473 1745 3422 1842; baseline -0.001 -20"><span class='ocrx_word' id='word_1_198' title='bbox 473 1766 573 1823; x_wconf 86' lang='lat' dir='ltr'>His</span> <span class='ocrx_word' id='word_1_199' title='bbox 605 1784 814 1840; x_wconf 90' lang='lat' dir='ltr'>nempe</span> <span class='ocrx_word' id='word_1_200' title='bbox 846 1767 1195 1840; x_wconf 68' lang='lat' dir='ltr'>praeiverunt</span> <span class='ocrx_word' id='word_1_201' title='bbox 1225 1766 1535 1835; x_wconf 89' lang='lat' dir='ltr'>Lutherus,</span> <span class='ocrx_word' id='word_1_202' title='bbox 1579 1767 1873 1838; x_wconf 64' lang='lat' dir='ltr'>Celsinus,</span> <span class='ocrx_word' id='word_1_203' title='bbox 1914 1771 2124 1823; x_wconf 84' lang='lat' dir='ltr'>Centu-</span> <span class='ocrx_word' id='word_1_204' title='bbox 2157 1776 2205 1842; x_wconf 81' lang='grc' dir='ltr'><strong>Β</strong></span> <span class='ocrx_word' id='word_1_205' title='bbox 2237 1745 2470 1800; x_wconf 65' lang='lat' dir='ltr'>mandis</span> <span class='ocrx_word' id='word_1_206' title='bbox 2491 1747 2594 1801; x_wconf 64' lang='lat' dir='ltr'>to“</span> <span class='ocrx_word' id='word_1_207' title='bbox 2629 1747 2904 1818; x_wconf 67' lang='lat' dir='ltr'>deinceps</span> <span class='ocrx_word' id='word_1_208' title='bbox 2935 1746 3422 1804; x_wconf 57' lang='lat' dir='ltr'>anabomvewnto</span> 
     </span>
    </p>
   </div>
   <div class='ocr_carea' id='block_1_20' title="bbox 471 1858 3796 1937">
    <p class='ocr_par' dir='ltr' id='par_1_20' title="bbox 471 1858 3796 1937">
     <span class='ocr_line' id='line_1_20' title="bbox 471 1858 3796 1937; baseline 0.001 -22"><span class='ocrx_word' id='word_1_209' title='bbox 471 1859 717 1916; x_wconf 87' lang='lat' dir='ltr'>riatores</span> <span class='ocrx_word' id='word_1_210' title='bbox 746 1859 1534 1932; x_wconf 80' lang='lat' dir='ltr'>Magdeburgenses,Marcus</span> <span class='ocrx_word' id='word_1_211' title='bbox 1557 1858 1894 1915; x_wconf 81' lang='lat' dir='ltr'>Antbonius</span> <span class='ocrx_word' id='word_1_212' title='bbox 1916 1860 1986 1914; x_wconf 90' lang='lat' dir='ltr'>de</span> <span class='ocrx_word' id='word_1_213' title='bbox 2008 1859 2122 1914; x_wconf 90' lang='lat' dir='ltr'>Do-</span> <span class='ocrx_word' id='word_1_214' title='bbox 2302 1863 2462 1927; x_wconf 88' lang='lat' dir='ltr'>Quod</span> <span class='ocrx_word' id='word_1_215' title='bbox 2497 1865 2689 1918; x_wconf 89' lang='lat' dir='ltr'>autem</span> <span class='ocrx_word' id='word_1_216' title='bbox 2723 1863 2791 1918; x_wconf 92' lang='lat' dir='ltr'>ad</span> <span class='ocrx_word' id='word_1_217' title='bbox 2829 1862 3086 1934; x_wconf 89' lang='lat' dir='ltr'>primum</span> <span class='ocrx_word' id='word_1_218' title='bbox 3120 1862 3344 1928; x_wconf 87' lang='lat' dir='ltr'>attinet,</span> <span class='ocrx_word' id='word_1_219' title='bbox 3376 1863 3623 1919; x_wconf 88' lang='lat' dir='ltr'>insonare</span> <span class='ocrx_word' id='word_1_220' title='bbox 3652 1881 3796 1937; x_wconf 72' lang='lat' dir='ltr'>caepe-</span> 
     </span>
    </p>
   </div>
   <div class='ocr_carea' id='block_1_21' title="bbox 472 1947 3804 2024">
    <p class='ocr_par' dir='ltr' id='par_1_21' title="bbox 472 1947 3804 2024">
     <span class='ocr_line' id='line_1_21' title="bbox 472 1947 3804 2024; baseline 0.001 -19"><span class='ocrx_word' id='word_1_221' title='bbox 472 1949 673 2016; x_wconf 90' lang='lat' dir='ltr'>minis,</span> <span class='ocrx_word' id='word_1_222' title='bbox 697 1965 867 2022; x_wconf 90' lang='lat' dir='ltr'>quos,</span> <span class='ocrx_word' id='word_1_223' title='bbox 896 1953 959 2006; x_wconf 87' lang='lat' dir='ltr'>ut</span> <span class='ocrx_word' id='word_1_224' title='bbox 975 1948 1123 2005; x_wconf 89' lang='lat' dir='ltr'>alios</span> <span class='ocrx_word' id='word_1_225' title='bbox 1152 1948 1208 2003; x_wconf 95' lang='lat' dir='ltr'>id</span> <span class='ocrx_word' id='word_1_226' title='bbox 1231 1947 1507 2021; x_wconf 90' lang='lat' dir='ltr'>ponderis</span> <span class='ocrx_word' id='word_1_227' title='bbox 1528 1948 1838 2021; x_wconf 87' lang='lat' dir='ltr'>scriptores</span> <span class='ocrx_word' id='word_1_228' title='bbox 1870 1953 2117 2020; x_wconf 85' lang='lat' dir='ltr'>taceam,</span> <span class='ocrx_word' id='word_1_229' title='bbox 2231 1956 2369 2007; x_wconf 91' lang='lat' dir='ltr'>runt</span> <span class='ocrx_word' id='word_1_230' title='bbox 2389 1967 2454 2007; x_wconf 79' lang='lat' dir='ltr'>ac</span> <span class='ocrx_word' id='word_1_231' title='bbox 2486 1949 2717 2024; x_wconf 90' lang='lat' dir='ltr'>publice</span> <span class='ocrx_word' id='word_1_232' title='bbox 2758 1951 3072 2006; x_wconf 88' lang='lat' dir='ltr'>contestari</span> <span class='ocrx_word' id='word_1_233' title='bbox 3113 1951 3390 2022; x_wconf 87' lang='lat' dir='ltr'>Stephani</span> <span class='ocrx_word' id='word_1_234' title='bbox 3429 1951 3688 2024; x_wconf 87' lang='lat' dir='ltr'>judicium</span> <span class='ocrx_word' id='word_1_235' title='bbox 3718 1959 3804 2009; x_wconf 83' lang='lat' dir='ltr'>tota</span> 
     </span>
    </p>
   </div>
   <div class='ocr_carea' id='block_1_22' title="bbox 469 2038 3802 2112">
    <p class='ocr_par' dir='ltr' id='par_1_22' title="bbox 469 2038 3802 2112">
     <span class='ocr_line' id='line_1_22' title="bbox 469 2038 3802 2112; baseline 0 -15"><span class='ocrx_word' id='word_1_236' title='bbox 469 2041 653 2097; x_wconf 88' lang='lat' dir='ltr'>secuti</span> <span class='ocrx_word' id='word_1_237' title='bbox 708 2046 846 2098; x_wconf 85' lang='lat' dir='ltr'>sunt</span> <span class='ocrx_word' id='word_1_238' title='bbox 891 2040 1292 2108; x_wconf 87' lang='lat' dir='ltr'>Casaubonus,</span> <span class='ocrx_word' id='word_1_239' title='bbox 1357 2038 1647 2094; x_wconf 85' lang='lat' dir='ltr'>Herbetus</span> <span class='ocrx_word' id='word_1_240' title='bbox 1703 2039 2118 2108; x_wconf 89' lang='lat' dir='ltr'>Thorudicius,</span> <span class='ocrx_word' id='word_1_241' title='bbox 2229 2041 2525 2098; x_wconf 77' lang='lat' dir='ltr'>Cathedrae</span> <span class='ocrx_word' id='word_1_242' title='bbox 2583 2038 2928 2096; x_wconf 86' lang='lat' dir='ltr'>auctoritate</span> <span class='ocrx_word' id='word_1_243' title='bbox 2977 2039 3159 2096; x_wconf 88' lang='lat' dir='ltr'>fuisse</span> <span class='ocrx_word' id='word_1_244' title='bbox 3208 2039 3491 2112; x_wconf 86' lang='lat' dir='ltr'>prolatum</span> <span class='ocrx_word' id='word_1_245' title='bbox 3535 2041 3636 2112; x_wconf 89' lang='grc'>(1);</span> <span class='ocrx_word' id='word_1_246' title='bbox 3686 2043 3802 2097; x_wconf 87' lang='lat' dir='ltr'>omni</span> 
     </span>
    </p>
   </div>
   <div class='ocr_carea' id='block_1_23' title="bbox 463 2127 3804 2204">
    <p class='ocr_par' dir='ltr' id='par_1_23' title="bbox 463 2127 3804 2204">
     <span class='ocr_line' id='line_1_23' title="bbox 463 2127 3804 2204; baseline 0 -17"><span class='ocrx_word' id='word_1_247' title='bbox 463 2130 680 2204; x_wconf 82' lang='lat' dir='ltr'>Joseph</span> <span class='ocrx_word' id='word_1_248' title='bbox 729 2131 1015 2186; x_wconf 87' lang='lat' dir='ltr'>Henricus</span> <span class='ocrx_word' id='word_1_249' title='bbox 1090 2129 1300 2194; x_wconf 88' lang='lat' dir='ltr'>Ottius,</span> <span class='ocrx_word' id='word_1_250' title='bbox 1349 2127 1695 2200; x_wconf 88' lang='lat' dir='ltr'>Basnagius,</span> <span class='ocrx_word' id='word_1_251' title='bbox 1759 2127 2111 2199; x_wconf 87' lang='lat' dir='ltr'>Blondellus,</span> <span class='ocrx_word' id='word_1_252' title='bbox 2229 2132 2433 2187; x_wconf 89' lang='lat' dir='ltr'>robore</span> <span class='ocrx_word' id='word_1_253' title='bbox 2465 2131 2620 2202; x_wconf 90' lang='lat' dir='ltr'>quod</span> <span class='ocrx_word' id='word_1_254' title='bbox 2677 2146 2712 2185; x_wconf 91' lang='lat' dir='ltr'>a</span> <span class='ocrx_word' id='word_1_255' title='bbox 2769 2129 3028 2184; x_wconf 84' lang='lat' dir='ltr'>Romano</span> <span class='ocrx_word' id='word_1_256' title='bbox 3085 2129 3364 2186; x_wconf 79' lang='lat' dir='ltr'>Pontilice</span> <span class='ocrx_word' id='word_1_257' title='bbox 3409 2130 3633 2186; x_wconf 85' lang='lat' dir='ltr'>conferri</span> <span class='ocrx_word' id='word_1_258' title='bbox 3676 2138 3804 2202; x_wconf 84' lang='lat' dir='ltr'>queat</span> 
     </span>
    </p>
   </div>
   <div class='ocr_carea' id='block_1_24' title="bbox 465 2216 3802 2291">
    <p class='ocr_par' dir='ltr' id='par_1_24' title="bbox 465 2216 3802 2291">
     <span class='ocr_line' id='line_1_24' title="bbox 465 2216 3802 2291; baseline -0 -15"><span class='ocrx_word' id='word_1_259' title='bbox 465 2219 721 2276; x_wconf 85' lang='lat' dir='ltr'>Joannes</span> <span class='ocrx_word' id='word_1_260' title='bbox 769 2219 1108 2287; x_wconf 89' lang='lat' dir='ltr'>Forbesius,</span> <span class='ocrx_word' id='word_1_261' title='bbox 1165 2217 1491 2273; x_wconf 86' lang='lat' dir='ltr'>Fridericus</span> <span class='ocrx_word' id='word_1_262' title='bbox 1541 2217 1957 2288; x_wconf 87' lang='lat' dir='ltr'>Spanhemius,</span> <span class='ocrx_word' id='word_1_263' title='bbox 2011 2217 2113 2288; x_wconf 93' lang='lat' dir='ltr'>qui</span> <span class='ocrx_word' id='word_1_264' title='bbox 2227 2220 2411 2276; x_wconf 85' lang='lat' dir='ltr'>fuisse</span> <span class='ocrx_word' id='word_1_265' title='bbox 2440 2219 2735 2274; x_wconf 90' lang='lat' dir='ltr'>munitum</span> <span class='ocrx_word' id='word_1_266' title='bbox 2768 2217 2884 2289; x_wconf 82' lang='lat'>(2);</span> <span class='ocrx_word' id='word_1_267' title='bbox 2919 2217 3000 2272; x_wconf 93' lang='lat' dir='ltr'>nil</span> <span class='ocrx_word' id='word_1_268' title='bbox 3029 2216 3088 2272; x_wconf 89' lang='lat' dir='ltr'>in</span> <span class='ocrx_word' id='word_1_269' title='bbox 3139 2235 3206 2274; x_wconf 90' lang='lat' dir='ltr'>eo</span> <span class='ocrx_word' id='word_1_270' title='bbox 3239 2218 3488 2274; x_wconf 82' lang='lat' dir='ltr'>defuisse</span> <span class='ocrx_word' id='word_1_271' title='bbox 3515 2219 3650 2291; x_wconf 91' lang='lat' dir='ltr'>quod</span> <span class='ocrx_word' id='word_1_272' title='bbox 3676 2221 3802 2275; x_wconf 86' lang='lat' dir='ltr'>inde-</span> 
     </span>
    </p>
   </div>
   <div class='ocr_carea' id='block_1_25' title="bbox 465 2305 3799 2381">
    <p class='ocr_par' dir='ltr' id='par_1_25' title="bbox 465 2305 3799 2381">
     <span class='ocr_line' id='line_1_25' title="bbox 465 2305 3799 2381; baseline -0 -17"><span class='ocrx_word' id='word_1_273' title='bbox 465 2325 692 2375; x_wconf 89' lang='lat' dir='ltr'>omnes,</span> <span class='ocrx_word' id='word_1_274' title='bbox 723 2309 794 2364; x_wconf 90' lang='lat' dir='ltr'>ad</span> <span class='ocrx_word' id='word_1_275' title='bbox 826 2307 1254 2380; x_wconf 85' lang='lat' dir='ltr'>proﬂigandam</span> <span class='ocrx_word' id='word_1_276' title='bbox 1278 2321 1615 2378; x_wconf 89' lang='lat' dir='ltr'>supremam</span> <span class='ocrx_word' id='word_1_277' title='bbox 1649 2306 1893 2362; x_wconf 83' lang='lat' dir='ltr'>Romani</span> <span class='ocrx_word' id='word_1_278' title='bbox 1915 2307 2112 2362; x_wconf 90' lang='lat' dir='ltr'>Ponti-</span> <span class='ocrx_word' id='word_1_279' title='bbox 2223 2311 2396 2366; x_wconf 87' lang='lat' dir='ltr'>cretis</span> <span class='ocrx_word' id='word_1_280' title='bbox 2438 2326 2506 2365; x_wconf 84' lang='lat' dir='ltr'>ex</span> <span class='ocrx_word' id='word_1_281' title='bbox 2535 2307 2820 2365; x_wconf 89' lang='lat' dir='ltr'>Cathedra</span> <span class='ocrx_word' id='word_1_282' title='bbox 2867 2305 3002 2364; x_wconf 91' lang='lat' dir='ltr'>latis</span> <span class='ocrx_word' id='word_1_283' title='bbox 3034 2307 3355 2379; x_wconf 90' lang='lat' dir='ltr'>requiritur</span> <span class='ocrx_word' id='word_1_284' title='bbox 3389 2309 3495 2379; x_wconf 89' lang='lat'>(3);</span> <span class='ocrx_word' id='word_1_285' title='bbox 3525 2313 3628 2364; x_wconf 91' lang='lat' dir='ltr'>tam</span> <span class='ocrx_word' id='word_1_286' title='bbox 3655 2307 3799 2381; x_wconf 85' lang='lat' dir='ltr'>splen-</span> 
     </span>
    </p>
   </div>
   <div class='ocr_carea' id='block_1_26' title="bbox 464 2395 3797 2470">
    <p class='ocr_par' dir='ltr' id='par_1_26' title="bbox 464 2395 3797 2470">
     <span class='ocr_line' id='line_1_26' title="bbox 464 2395 3797 2470; baseline 0 -17"><span class='ocrx_word' id='word_1_287' title='bbox 464 2398 592 2455; x_wconf 82' lang='lat' dir='ltr'>ﬂcis</span> <span class='ocrx_word' id='word_1_288' title='bbox 631 2399 1057 2463; x_wconf 82' lang='lat' dir='ltr'>auctoritatem,</span> <span class='ocrx_word' id='word_1_289' title='bbox 1080 2395 1348 2469; x_wconf 83' lang='lat' dir='ltr'>Cypriani</span> <span class='ocrx_word' id='word_1_290' title='bbox 1373 2412 1584 2450; x_wconf 87' lang='lat' dir='ltr'>sensus</span> <span class='ocrx_word' id='word_1_291' title='bbox 1603 2411 1668 2449; x_wconf 91' lang='lat' dir='ltr'>ac</span> <span class='ocrx_word' id='word_1_292' title='bbox 1701 2395 1754 2449; x_wconf 92' lang='lat' dir='ltr'>in</span> <span class='ocrx_word' id='word_1_293' title='bbox 1771 2411 1948 2451; x_wconf 89' lang='lat' dir='ltr'>causa</span> <span class='ocrx_word' id='word_1_294' title='bbox 1970 2397 2114 2468; x_wconf 88' lang='lat' dir='ltr'>Bap-</span> <span class='ocrx_word' id='word_1_295' title='bbox 2222 2399 2379 2466; x_wconf 83' lang='lat' dir='ltr'>dida,</span> <span class='ocrx_word' id='word_1_296' title='bbox 2413 2404 2530 2454; x_wconf 87' lang='lat' dir='ltr'>tam</span> <span class='ocrx_word' id='word_1_297' title='bbox 2564 2396 2894 2470; x_wconf 80' lang='lat' dir='ltr'>magnifica,</span> <span class='ocrx_word' id='word_1_298' title='bbox 2929 2401 3044 2453; x_wconf 89' lang='lat' dir='ltr'>tam</span> <span class='ocrx_word' id='word_1_299' title='bbox 3096 2397 3366 2453; x_wconf 84' lang='lat' dir='ltr'>fastuosa</span> <span class='ocrx_word' id='word_1_300' title='bbox 3410 2402 3556 2468; x_wconf 89' lang='lat' dir='ltr'>sunt,</span> <span class='ocrx_word' id='word_1_301' title='bbox 3585 2415 3690 2469; x_wconf 73' lang='lat' dir='ltr'>quae</span> <span class='ocrx_word' id='word_1_302' title='bbox 3724 2414 3797 2468; x_wconf 84' lang='lat' dir='ltr'>pro</span> 
     </span>
    </p>
   </div>
   <div class='ocr_carea' id='block_1_27' title="bbox 461 2484 3798 2560">
    <p class='ocr_par' dir='ltr' id='par_1_27' title="bbox 461 2484 3798 2560">
     <span class='ocr_line' id='line_1_27' title="bbox 461 2484 3798 2560; baseline -0.001 -19"><span class='ocrx_word' id='word_1_303' title='bbox 461 2485 718 2542; x_wconf 87' lang='lat' dir='ltr'>tismatis</span> <span class='ocrx_word' id='word_1_304' title='bbox 747 2485 1152 2541; x_wconf 83' lang='lat' dir='ltr'>haereticorum</span> <span class='ocrx_word' id='word_1_305' title='bbox 1188 2484 1392 2556; x_wconf 87' lang='lat' dir='ltr'>agendi</span> <span class='ocrx_word' id='word_1_306' title='bbox 1418 2484 1700 2538; x_wconf 89' lang='lat' dir='ltr'>rationem</span> <span class='ocrx_word' id='word_1_307' title='bbox 1742 2500 1948 2558; x_wconf 91' lang='lat' dir='ltr'>urgere</span> <span class='ocrx_word' id='word_1_308' title='bbox 1977 2501 2109 2540; x_wconf 89' lang='lat' dir='ltr'>cen-</span> <span class='ocrx_word' id='word_1_309' title='bbox 2220 2490 2602 2546; x_wconf 79' lang='lat' dir='ltr'>describenda</span> <span class='ocrx_word' id='word_1_310' title='bbox 2628 2488 2874 2557; x_wconf 86' lang='lat' dir='ltr'>hujusce</span> <span class='ocrx_word' id='word_1_311' title='bbox 2930 2487 3195 2558; x_wconf 88' lang='lat' dir='ltr'>rescripti</span> <span class='ocrx_word' id='word_1_312' title='bbox 3233 2487 3505 2560; x_wconf 84' lang='lat' dir='ltr'>pontiﬁcii</span> <span class='ocrx_word' id='word_1_313' title='bbox 3558 2488 3798 2558; x_wconf 79' lang='lat' dir='ltr'>majestate</span> 
     </span>
    </p>
   </div>
   <div class='ocr_carea' id='block_1_28' title="bbox 459 2572 3795 2650">
    <p class='ocr_par' dir='ltr' id='par_1_28' title="bbox 459 2572 3795 2650">
     <span class='ocr_line' id='line_1_28' title="bbox 459 2572 3795 2650; baseline 0.001 -24"><span class='ocrx_word' id='word_1_314' title='bbox 459 2572 590 2645; x_wconf 86' lang='lat' dir='ltr'>ties,</span> <span class='ocrx_word' id='word_1_315' title='bbox 653 2590 718 2629; x_wconf 91' lang='lat' dir='ltr'>ac</span> <span class='ocrx_word' id='word_1_316' title='bbox 773 2572 1084 2629; x_wconf 89' lang='lat' dir='ltr'>Catholicis</span> <span class='ocrx_word' id='word_1_317' title='bbox 1129 2572 1200 2628; x_wconf 87' lang='lat' dir='ltr'>ad</span> <span class='ocrx_word' id='word_1_318' title='bbox 1250 2587 1529 2627; x_wconf 90' lang='lat' dir='ltr'>nauseam</span> <span class='ocrx_word' id='word_1_319' title='bbox 1589 2587 1775 2642; x_wconf 89' lang='lat' dir='ltr'>usque</span> <span class='ocrx_word' id='word_1_320' title='bbox 1823 2574 2111 2643; x_wconf 85' lang='lat' dir='ltr'>objectare</span> <span class='ocrx_word' id='word_1_321' title='bbox 2219 2579 2626 2650; x_wconf 85' lang='lat' dir='ltr'>profuderunt,</span> <span class='ocrx_word' id='word_1_322' title='bbox 2685 2581 2750 2631; x_wconf 92' lang='lat' dir='ltr'>ut</span> <span class='ocrx_word' id='word_1_323' title='bbox 2809 2575 3022 2648; x_wconf 86' lang='lat' dir='ltr'>quibus</span> <span class='ocrx_word' id='word_1_324' title='bbox 3081 2575 3203 2630; x_wconf 66' lang='lat' dir='ltr'>haec</span> <span class='ocrx_word' id='word_1_325' title='bbox 3266 2577 3531 2644; x_wconf 89' lang='lat' dir='ltr'>arrident,</span> <span class='ocrx_word' id='word_1_326' title='bbox 3569 2575 3640 2632; x_wconf 90' lang='lat' dir='ltr'>nil</span> <span class='ocrx_word' id='word_1_327' title='bbox 3681 2575 3795 2630; x_wconf 81' lang='lat' dir='ltr'>ultra</span> 
     </span>
    </p>
   </div>
   <div class='ocr_carea' id='block_1_29' title="bbox 464 2659 3320 2737">
    <p class='ocr_par' dir='ltr' id='par_1_29' title="bbox 464 2659 3320 2737">
     <span class='ocr_line' id='line_1_29' title="bbox 464 2659 3320 2737; baseline 0.001 -19"><span class='ocrx_word' id='word_1_328' title='bbox 464 2678 580 2718; x_wconf 91' lang='lat' dir='ltr'>non</span> <span class='ocrx_word' id='word_1_329' title='bbox 612 2662 982 2728; x_wconf 86' lang='lat' dir='ltr'>destiterunt,</span> <span class='ocrx_word' id='word_1_330' title='bbox 1014 2659 1184 2717; x_wconf 91' lang='lat' dir='ltr'>Tales</span> <span class='ocrx_word' id='word_1_331' title='bbox 1213 2677 1385 2733; x_wconf 91' lang='lat' dir='ltr'>porro</span> <span class='ocrx_word' id='word_1_332' title='bbox 1418 2660 1766 2716; x_wconf 89' lang='lat' dir='ltr'>adversariis</span> <span class='ocrx_word' id='word_1_333' title='bbox 1788 2663 2108 2732; x_wconf 87' lang='lat' dir='ltr'>praedeces-</span> <span class='ocrx_word' id='word_1_334' title='bbox 2220 2667 2552 2723; x_wconf 89' lang='lat' dir='ltr'>desiderent</span> <span class='ocrx_word' id='word_1_335' title='bbox 2582 2670 2683 2721; x_wconf 89' lang='lat' dir='ltr'>aut</span> <span class='ocrx_word' id='word_1_336' title='bbox 2715 2665 3047 2722; x_wconf 87' lang='lat' dir='ltr'>desiderare</span> <span class='ocrx_word' id='word_1_337' title='bbox 3076 2670 3320 2737; x_wconf 87' lang='lat' dir='ltr'>queant.</span> 
     </span>
    </p>
   </div>
   <div class='ocr_carea' id='block_1_30' title="bbox 460 2751 1259 2823">
    <p class='ocr_par' dir='ltr' id='par_1_30' title="bbox 460 2751 1259 2823">
     <span class='ocr_line' id='line_1_30' title="bbox 460 2751 1259 2823; baseline -0.004 -15"><span class='ocrx_word' id='word_1_338' title='bbox 460 2768 622 2808; x_wconf 88' lang='lat' dir='ltr'>eores</span> <span class='ocrx_word' id='word_1_339' title='bbox 653 2752 786 2823; x_wconf 87' lang='lat' dir='ltr'>quis</span> <span class='ocrx_word' id='word_1_340' title='bbox 815 2751 1141 2806; x_wconf 85' lang='lat' dir='ltr'>invideat?.</span> <span class='ocrx_word' id='word_1_341' title='bbox 1189 2791 1201 2805; x_wconf 94' lang='lat'><strong>.</strong></span> <span class='ocrx_word' id='word_1_342' title='bbox 1246 2792 1259 2805; x_wconf 95' lang='lat'><em>.</em></span> 
     </span>
    </p>
   </div>
   <div class='ocr_carea' id='block_1_31' title="bbox 525 2856 2108 2932">
    <p class='ocr_par' dir='ltr' id='par_1_31' title="bbox 525 2856 2108 2932">
     <span class='ocr_line' id='line_1_31' title="bbox 525 2856 2108 2932; baseline -0.001 -17"><span class='ocrx_word' id='word_1_343' title='bbox 525 2859 618 2916; x_wconf 87' lang='lat' dir='ltr'>Nil</span> <span class='ocrx_word' id='word_1_344' title='bbox 674 2858 855 2932; x_wconf 88' lang='lat' dir='ltr'>igitur</span> <span class='ocrx_word' id='word_1_345' title='bbox 912 2857 1042 2914; x_wconf 89' lang='lat' dir='ltr'>novi</span> <span class='ocrx_word' id='word_1_346' title='bbox 1101 2874 1134 2912; x_wconf 91' lang='lat' dir='ltr'>a</span> <span class='ocrx_word' id='word_1_347' title='bbox 1179 2856 1486 2914; x_wconf 89' lang='lat' dir='ltr'>neotericis</span> <span class='ocrx_word' id='word_1_348' title='bbox 1529 2857 1744 2912; x_wconf 88' lang='lat' dir='ltr'>nostris</span> <span class='ocrx_word' id='word_1_349' title='bbox 1789 2857 1897 2912; x_wconf 83' lang='lat' dir='ltr'>hac</span> <span class='ocrx_word' id='word_1_350' title='bbox 1943 2857 2000 2912; x_wconf 94' lang='lat' dir='ltr'>in</span> <span class='ocrx_word' id='word_1_351' title='bbox 2047 2874 2108 2913; x_wconf 93' lang='lat' dir='ltr'>re</span> 
     </span>
    </p>
   </div>
   <div class='ocr_carea' id='block_1_32' title="bbox 460 2945 2094 3033">
    <p class='ocr_par' dir='ltr' id='par_1_32' title="bbox 460 2945 2094 3023">
     <span class='ocr_line' id='line_1_32' title="bbox 460 2945 2094 3023; baseline -0.002 -19"><span class='ocrx_word' id='word_1_352' title='bbox 460 2948 778 3023; x_wconf 89' lang='lat' dir='ltr'>prolatum,</span> <span class='ocrx_word' id='word_1_353' title='bbox 798 2947 878 3004; x_wconf 90' lang='lat' dir='ltr'>nil</span> <span class='ocrx_word' id='word_1_354' title='bbox 911 2947 1067 3020; x_wconf 92' lang='lat' dir='ltr'>quod</span> <span class='ocrx_word' id='word_1_355' title='bbox 1091 2964 1124 3001; x_wconf 93' lang='lat' dir='ltr'>a</span> <span class='ocrx_word' id='word_1_356' title='bbox 1147 2945 1498 3001; x_wconf 88' lang='lat' dir='ltr'>Lutheranis</span> <span class='ocrx_word' id='word_1_357' title='bbox 1519 2949 1575 3000; x_wconf 88' lang='lat' dir='ltr'>et</span> <span class='ocrx_word' id='word_1_358' title='bbox 1595 2945 1946 3001; x_wconf 89' lang='lat' dir='ltr'>Calvinianis</span> <span class='ocrx_word' id='word_1_359' title='bbox 1981 2947 2094 3018; x_wconf 79' lang='lat' dir='ltr'>jarr</span> 
     </span>
    </p>
   </div>
   <div class='ocr_carea' id='block_1_33' title="bbox 2205 2945 3795 3033">
    <p class='ocr_par' dir='ltr' id='par_1_33' title="bbox 2218 2959 3795 3033">
     <span class='ocr_line' id='line_1_33' title="bbox 2218 2959 3795 3033; baseline -0.004 -16"><span class='ocrx_word' id='word_1_360' title='bbox 2218 2962 2425 3017; x_wconf 85' lang='lat' dir='ltr'>borum</span> <span class='ocrx_word' id='word_1_361' title='bbox 2449 2965 2754 3033; x_wconf 87' lang='lat' dir='ltr'>apparatu,</span> <span class='ocrx_word' id='word_1_362' title='bbox 2778 2976 2956 3032; x_wconf 86' lang='lat' dir='ltr'>quam</span> <span class='ocrx_word' id='word_1_363' title='bbox 2976 2959 3180 3016; x_wconf 91' lang='lat' dir='ltr'>solidis</span> <span class='ocrx_word' id='word_1_364' title='bbox 3208 2977 3403 3016; x_wconf 90' lang='lat' dir='ltr'>rerum</span> <span class='ocrx_word' id='word_1_365' title='bbox 3431 2959 3795 3033; x_wconf 80' lang='lat' dir='ltr'>probationibus</span> 
     </span>
    </p>
   </div>
   <div class='ocr_carea' id='block_1_34' title="bbox 460 3033 3797 3124">
    <p class='ocr_par' dir='ltr' id='par_1_34' title="bbox 460 3033 3797 3124">
     <span class='ocr_line' id='line_1_34' title="bbox 460 3033 3797 3124; baseline -0.002 -30"><span class='ocrx_word' id='word_1_366' title='bbox 460 3039 684 3112; x_wconf 89' lang='lat' dir='ltr'>pridem</span> <span class='ocrx_word' id='word_1_367' title='bbox 725 3037 1186 3110; x_wconf 65' lang='lat' dir='ltr'>praeformatum,</span> <span class='ocrx_word' id='word_1_368' title='bbox 1228 3050 1301 3124; x_wconf 13' lang='lat' dir='ltr'>ac,</span> <span class='ocrx_word' id='word_1_369' title='bbox 1336 3033 1553 3090; x_wconf 89' lang='lat' dir='ltr'>centies</span> <span class='ocrx_word' id='word_1_370' title='bbox 1600 3033 1955 3090; x_wconf 89' lang='lat' dir='ltr'>inculcatum</span> <span class='ocrx_word' id='word_1_371' title='bbox 1991 3051 2107 3092; x_wconf 91' lang='lat' dir='ltr'>non</span> <span class='ocrx_word' id='word_1_372' title='bbox 2218 3051 2511 3118; x_wconf 53' lang='lat' dir='ltr'>delectari,</span> <span class='ocrx_word' id='word_1_373' title='bbox 2553 3051 2753 3106; x_wconf 63' lang='lat'>1211</span> <span class='ocrx_word' id='word_1_374' title='bbox 2809 3067 2914 3106; x_wconf 71' lang='lat' dir='ltr'>nec</span> <span class='ocrx_word' id='word_1_375' title='bbox 2963 3066 3028 3106; x_wconf 74' lang='lat' dir='ltr'>eo</span> <span class='ocrx_word' id='word_1_376' title='bbox 3079 3066 3272 3122; x_wconf 69' lang='lat' dir='ltr'>usque</span> <span class='ocrx_word' id='word_1_377' title='bbox 3333 3050 3601 3124; x_wconf 52' lang='lat' dir='ltr'>attigisse,</span> <span class='ocrx_word' id='word_1_378' title='bbox 3643 3063 3797 3105; x_wconf 69' lang='grc' dir='ltr'>οοηεε.</span> 
     </span>
    </p>
   </div>
   <div class='ocr_carea' id='block_1_35' title="bbox 459 3123 3796 3214">
    <p class='ocr_par' dir='ltr' id='par_1_35' title="bbox 459 3123 3796 3214">
     <span class='ocr_line' id='line_1_35' title="bbox 459 3123 3796 3214; baseline -0.002 -32"><span class='ocrx_word' id='word_1_379' title='bbox 459 3128 654 3196; x_wconf 83' lang='lat' dir='ltr'>fuerit,</span> <span class='ocrx_word' id='word_1_380' title='bbox 681 3127 885 3183; x_wconf 71' lang='lat'><strong>1276</strong></span> <span class='ocrx_word' id='word_1_381' title='bbox 908 3130 972 3181; x_wconf 90' lang='lat' dir='ltr'>ut</span> <span class='ocrx_word' id='word_1_382' title='bbox 992 3142 1103 3180; x_wconf 89' lang='lat' dir='ltr'>non</span> <span class='ocrx_word' id='word_1_383' title='bbox 1129 3123 1306 3181; x_wconf 90' lang='lat' dir='ltr'>semel</span> <span class='ocrx_word' id='word_1_384' title='bbox 1327 3124 1936 3214; x_wconf 82' lang='lat' dir='ltr'>observarunteruditi</span> <span class='ocrx_word' id='word_1_385' title='bbox 1969 3125 2101 3180; x_wconf 55' lang='lat' dir='ltr'>(talo</span> <span class='ocrx_word' id='word_1_386' title='bbox 2135 3149 2178 3214; x_wconf 66' lang='grc' dir='ltr'><strong>ρ</strong></span> <span class='ocrx_word' id='word_1_387' title='bbox 2217 3147 2377 3213; x_wconf 50' lang='lat' dir='ltr'>Nam</span> <span class='ocrx_word' id='word_1_388' title='bbox 2400 3141 2472 3196; x_wconf 71' lang='lat' dir='ltr'>de</span> <span class='ocrx_word' id='word_1_389' title='bbox 2495 3139 2642 3212; x_wconf 65' lang='lat' dir='ltr'>ipsis</span> <span class='ocrx_word' id='word_1_390' title='bbox 2669 3139 3185 3206; x_wconf 57' lang='lat' dir='ltr'>existimationem,</span> <span class='ocrx_word' id='word_1_391' title='bbox 3218 3147 3281 3195; x_wconf 70' lang='grc' dir='ltr'>οι</span> <span class='ocrx_word' id='word_1_392' title='bbox 3306 3123 3682 3212; x_wconf 59' lang='grc' dir='ltr'>ηονοξρυερυε</span> <span class='ocrx_word' id='word_1_393' title='bbox 3699 3155 3796 3210; x_wconf 59' lang='lat' dir='ltr'>pm.</span> 
     </span>
    </p>
   </div>
   <div class='ocr_carea' id='block_1_36' title="bbox 455 3213 3794 3302">
    <p class='ocr_par' dir='ltr' id='par_1_36' title="bbox 455 3213 3794 3302">
     <span class='ocr_line' id='line_1_36' title="bbox 455 3213 3794 3302; baseline -0.002 -30"><span class='ocrx_word' id='word_1_394' title='bbox 455 3216 543 3272; x_wconf 74' lang='lat' dir='ltr'>lite</span> <span class='ocrx_word' id='word_1_395' title='bbox 579 3215 854 3290; x_wconf 89' lang='lat' dir='ltr'>theologi.</span> <span class='ocrx_word' id='word_1_396' title='bbox 893 3215 1011 3270; x_wconf 72' lang='lat' dir='ltr'>Prze</span> <span class='ocrx_word' id='word_1_397' title='bbox 1043 3214 1262 3270; x_wconf 77' lang='lat' dir='ltr'>caeteris</span> <span class='ocrx_word' id='word_1_398' title='bbox 1289 3213 1581 3279; x_wconf 90' lang='lat' dir='ltr'>audiatur,</span> <span class='ocrx_word' id='word_1_399' title='bbox 1615 3214 1714 3286; x_wconf 93' lang='lat' dir='ltr'>qui</span> <span class='ocrx_word' id='word_1_400' title='bbox 1745 3213 2102 3270; x_wconf 71' lang='lat' dir='ltr'>elucidandaa</span> <span class='ocrx_word' id='word_1_401' title='bbox 2150 3213 2175 3214; x_wconf 13' lang='grc' dir='ltr'>ὴ</span> <span class='ocrx_word' id='word_1_402' title='bbox 2213 3230 2546 3286; x_wconf 48' lang='lat' dir='ltr'>dicentibus</span> <span class='ocrx_word' id='word_1_403' title='bbox 2597 3229 2768 3302; x_wconf 64' lang='lat' dir='ltr'>plena</span> <span class='ocrx_word' id='word_1_404' title='bbox 2788 3229 2930 3285; x_wconf 67' lang='lat' dir='ltr'>ﬁdes</span> <span class='ocrx_word' id='word_1_405' title='bbox 2961 3228 3282 3285; x_wconf 60' lang='lat' dir='ltr'>haberetur</span> <span class='ocrx_word' id='word_1_406' title='bbox 3305 3245 3319 3296; x_wconf 61' lang='grc' dir='ltr'>ς</span> <span class='ocrx_word' id='word_1_407' title='bbox 3345 3246 3474 3285; x_wconf 73' lang='lat' dir='ltr'>cum</span> <span class='ocrx_word' id='word_1_408' title='bbox 3498 3225 3794 3302; x_wconf 61' lang='lat' dir='ltr'>probeintel.</span> 
     </span>
    </p>
   </div>
   <div class='ocr_carea' id='block_1_37' title="bbox 455 3302 3796 3392">
    <p class='ocr_par' dir='ltr' id='par_1_37' title="bbox 455 3302 3796 3392">
     <span class='ocr_line' id='line_1_37' title="bbox 455 3302 3796 3392; baseline -0.003 -12"><span class='ocrx_word' id='word_1_409' title='bbox 455 3305 591 3363; x_wconf 70' lang='grc' dir='ltr'>Ῐωίο</span> <span class='ocrx_word' id='word_1_410' title='bbox 639 3304 909 3379; x_wconf 68' lang='grc' dir='ltr'>ΟΥΡΓίαηί</span> <span class='ocrx_word' id='word_1_411' title='bbox 952 3321 1085 3360; x_wconf 72' lang='lat' dir='ltr'>cum</span> <span class='ocrx_word' id='word_1_412' title='bbox 1152 3302 1473 3392; x_wconf 15' lang='grc' dir='ltr'>διθριιεωοί</span> <span class='ocrx_word' id='word_1_413' title='bbox 1509 3303 1770 3392; x_wconf 60' lang='grc' dir='ltr'>Ηίξωεωο</span> <span class='ocrx_word' id='word_1_414' title='bbox 1833 3303 2102 3359; x_wconf 60' lang='lat' dir='ltr'>Pomm“</span> <span class='ocrx_word' id='word_1_415' title='bbox 2209 3319 2458 3392; x_wconf 89' lang='lat' dir='ltr'>ligerent</span> <span class='ocrx_word' id='word_1_416' title='bbox 2488 3337 2601 3375; x_wconf 88' lang='lat' dir='ltr'>non</span> <span class='ocrx_word' id='word_1_417' title='bbox 2647 3324 2870 3375; x_wconf 89' lang='lat' dir='ltr'>tantam</span> <span class='ocrx_word' id='word_1_418' title='bbox 2893 3335 3021 3374; x_wconf 89' lang='lat' dir='ltr'>esse</span> <span class='ocrx_word' id='word_1_419' title='bbox 3063 3335 3238 3375; x_wconf 88' lang='lat' dir='ltr'>suam</span> <span class='ocrx_word' id='word_1_420' title='bbox 3268 3320 3522 3392; x_wconf 88' lang='lat' dir='ltr'>ipsorum</span> <span class='ocrx_word' id='word_1_421' title='bbox 3555 3319 3685 3391; x_wconf 91' lang='lat' dir='ltr'>apud</span> <span class='ocrx_word' id='word_1_422' title='bbox 3711 3333 3796 3372; x_wconf 84' lang='lat' dir='ltr'>om-</span> 
     </span>
    </p>
   </div>
   <div class='ocr_carea' id='block_1_38' title="bbox 453 3391 2094 3480">
    <p class='ocr_par' dir='ltr' id='par_1_38' title="bbox 453 3391 2094 3465">
     <span class='ocr_line' id='line_1_38' title="bbox 453 3391 2094 3465; baseline -0.002 -13"><span class='ocrx_word' id='word_1_423' title='bbox 453 3394 806 3452; x_wconf 90' lang='lat' dir='ltr'>contentioni</span> <span class='ocrx_word' id='word_1_424' title='bbox 841 3394 980 3450; x_wconf 90' lang='lat' dir='ltr'>data</span> <span class='ocrx_word' id='word_1_425' title='bbox 1029 3409 1200 3465; x_wconf 88' lang='lat' dir='ltr'>opera</span> <span class='ocrx_word' id='word_1_426' title='bbox 1239 3391 1527 3463; x_wconf 80' lang='lat' dir='ltr'>incubuit,</span> <span class='ocrx_word' id='word_1_427' title='bbox 1571 3391 1637 3447; x_wconf 93' lang='lat' dir='ltr'>D.</span> <span class='ocrx_word' id='word_1_428' title='bbox 1679 3391 1976 3462; x_wconf 87' lang='lat' dir='ltr'>Chiconot,</span> <span class='ocrx_word' id='word_1_429' title='bbox 2007 3393 2094 3448; x_wconf 91' lang='lat' dir='ltr'>do-</span> 
     </span>
    </p>
   </div>
   <div class='ocr_carea' id='block_1_39' title="bbox 2205 3391 3793 3480">
    <p class='ocr_par' dir='ltr' id='par_1_39' title="bbox 2211 3391 3793 3480">
     <span class='ocr_line' id='line_1_39' title="bbox 2211 3391 3793 3480; baseline -0.004 -15"><span class='ocrx_word' id='word_1_430' title='bbox 2211 3391 2314 3465; x_wconf 77' lang='lat' dir='ltr'>nes</span> <span class='ocrx_word' id='word_1_431' title='bbox 2343 3407 2772 3479; x_wconf 89' lang='lat' dir='ltr'>auctoritatem,</span> <span class='ocrx_word' id='word_1_432' title='bbox 2805 3411 2870 3464; x_wconf 93' lang='lat' dir='ltr'>ut</span> <span class='ocrx_word' id='word_1_433' title='bbox 2909 3424 3088 3480; x_wconf 88' lang='lat' dir='ltr'>quam</span> <span class='ocrx_word' id='word_1_434' title='bbox 3127 3408 3245 3480; x_wconf 90' lang='lat' dir='ltr'>ipsi</span> <span class='ocrx_word' id='word_1_435' title='bbox 3279 3391 3544 3465; x_wconf 70' lang='lat' dir='ltr'>Romanis</span> <span class='ocrx_word' id='word_1_436' title='bbox 3565 3403 3793 3463; x_wconf 85' lang='lat' dir='ltr'>Pontiﬁci-</span> 
     </span>
    </p>
   </div>
   <div class='ocr_carea' id='block_1_40' title="bbox 448 3481 3798 3569">
    <p class='ocr_par' dir='ltr' id='par_1_40' title="bbox 448 3481 3798 3569">
     <span class='ocr_line' id='line_1_40' title="bbox 448 3481 3798 3569; baseline -0.003 -27"><span class='ocrx_word' id='word_1_437' title='bbox 448 3490 571 3542; x_wconf 88' lang='lat' dir='ltr'>ctor</span> <span class='ocrx_word' id='word_1_438' title='bbox 597 3484 973 3553; x_wconf 89' lang='lat' dir='ltr'>Sorbonicus,</span> <span class='ocrx_word' id='word_1_439' title='bbox 1005 3483 1062 3537; x_wconf 92' lang='lat' dir='ltr'>in</span> <span class='ocrx_word' id='word_1_440' title='bbox 1096 3481 1509 3538; x_wconf 87' lang='lat' dir='ltr'>dissertatione</span> <span class='ocrx_word' id='word_1_441' title='bbox 1546 3481 1767 3537; x_wconf 88' lang='lat' dir='ltr'>Gallica</span> <span class='ocrx_word' id='word_1_442' title='bbox 1797 3498 1898 3538; x_wconf 74' lang='lat' dir='ltr'>sur</span> <span class='ocrx_word' id='word_1_443' title='bbox 1927 3483 1980 3538; x_wconf 84' lang='lat' dir='ltr'>la</span> <span class='ocrx_word' id='word_1_444' title='bbox 2011 3485 2100 3538; x_wconf 70' lang='grc' dir='ltr'>σέο</span> <span class='ocrx_word' id='word_1_445' title='bbox 2209 3499 2320 3554; x_wconf 71' lang='lat' dir='ltr'>bus</span> <span class='ocrx_word' id='word_1_446' title='bbox 2345 3499 2725 3554; x_wconf 53' lang='lat' dir='ltr'>inerrantium</span> <span class='ocrx_word' id='word_1_447' title='bbox 2749 3497 3110 3568; x_wconf 56' lang='lat' dir='ltr'>abjudicant,</span> <span class='ocrx_word' id='word_1_448' title='bbox 3133 3497 3405 3569; x_wconf 63' lang='grc' dir='ltr'>ξρείεωθι</span> <span class='ocrx_word' id='word_1_449' title='bbox 3432 3498 3543 3553; x_wconf 66' lang='lat' dir='ltr'>illis</span> <span class='ocrx_word' id='word_1_450' title='bbox 3571 3496 3798 3569; x_wconf 48' lang='lat' dir='ltr'>adludice.</span> 
     </span>
    </p>
   </div>
   <div class='ocr_carea' id='block_1_41' title="bbox 448 3570 2094 3659">
    <p class='ocr_par' dir='ltr' id='par_1_41' title="bbox 448 3570 2094 3646">
     <span class='ocr_line' id='line_1_41' title="bbox 448 3570 2094 3646; baseline -0.002 -17"><span class='ocrx_word' id='word_1_451' title='bbox 448 3575 595 3631; x_wconf 75' lang='lat' dir='ltr'>lébre</span> <span class='ocrx_word' id='word_1_452' title='bbox 639 3575 855 3646; x_wconf 80' lang='lat' dir='ltr'>dispute</span> <span class='ocrx_word' id='word_1_453' title='bbox 883 3575 1034 3630; x_wconf 84' lang='lat' dir='ltr'>entre</span> <span class='ocrx_word' id='word_1_454' title='bbox 1065 3573 1113 3627; x_wconf 84' lang='lat' dir='ltr'>le</span> <span class='ocrx_word' id='word_1_455' title='bbox 1143 3576 1292 3644; x_wconf 73' lang='lat' dir='ltr'>Papa</span> <span class='ocrx_word' id='word_1_456' title='bbox 1321 3570 1376 3626; x_wconf 91' lang='lat' dir='ltr'>S.</span> <span class='ocrx_word' id='word_1_457' title='bbox 1413 3572 1655 3626; x_wconf 79' lang='lat' dir='ltr'>Etiemzc</span> <span class='ocrx_word' id='word_1_458' title='bbox 1685 3577 1739 3626; x_wconf 75' lang='lat' dir='ltr'>et</span> <span class='ocrx_word' id='word_1_459' title='bbox 1769 3572 1825 3627; x_wconf 87' lang='lat' dir='ltr'>S.</span> <span class='ocrx_word' id='word_1_460' title='bbox 1861 3572 2094 3645; x_wconf 73' lang='lat' dir='ltr'>Cyprien</span> 
     </span>
    </p>
   </div>
   <div class='ocr_carea' id='block_1_42' title="bbox 2205 3570 3794 3659">
    <p class='ocr_par' dir='ltr' id='par_1_42' title="bbox 2206 3582 3794 3659">
     <span class='ocr_line' id='line_1_42' title="bbox 2206 3582 3794 3659; baseline -0.006 -16"><span class='ocrx_word' id='word_1_461' title='bbox 2206 3592 2322 3656; x_wconf 90' lang='lat' dir='ltr'>tur,</span> <span class='ocrx_word' id='word_1_462' title='bbox 2359 3588 2674 3659; x_wconf 84' lang='lat' dir='ltr'>prudenter</span> <span class='ocrx_word' id='word_1_463' title='bbox 2703 3586 2969 3642; x_wconf 88' lang='lat' dir='ltr'>arbitrati</span> <span class='ocrx_word' id='word_1_464' title='bbox 3001 3592 3140 3642; x_wconf 89' lang='lat' dir='ltr'>sunt</span> <span class='ocrx_word' id='word_1_465' title='bbox 3167 3604 3288 3644; x_wconf 89' lang='lat' dir='ltr'>non</span> <span class='ocrx_word' id='word_1_466' title='bbox 3322 3587 3616 3645; x_wconf 82' lang='lat' dir='ltr'>rhetorices</span> <span class='ocrx_word' id='word_1_467' title='bbox 3644 3582 3794 3656; x_wconf 84' lang='lat' dir='ltr'>ﬁguris</span> 
     </span>
    </p>
   </div>
   <div class='ocr_carea' id='block_1_43' title="bbox 447 3659 2094 3749">
    <p class='ocr_par' dir='ltr' id='par_1_43' title="bbox 447 3659 2094 3736">
     <span class='ocr_line' id='line_1_43' title="bbox 447 3659 2094 3736; baseline -0.002 -16"><span class='ocrx_word' id='word_1_468' title='bbox 447 3667 644 3736; x_wconf 71' lang='lat' dir='ltr'>éveque</span> <span class='ocrx_word' id='word_1_469' title='bbox 670 3663 736 3719; x_wconf 77' lang='lat' dir='ltr'>de</span> <span class='ocrx_word' id='word_1_470' title='bbox 765 3661 1052 3733; x_wconf 76' lang='lat' dir='ltr'>Carthage,</span> <span class='ocrx_word' id='word_1_471' title='bbox 1074 3661 1232 3734; x_wconf 90' lang='lat' dir='ltr'>regia</span> <span class='ocrx_word' id='word_1_472' title='bbox 1263 3677 1394 3716; x_wconf 89' lang='lat' dir='ltr'>cum</span> <span class='ocrx_word' id='word_1_473' title='bbox 1423 3659 1840 3732; x_wconf 86' lang='lat' dir='ltr'>approbatione</span> <span class='ocrx_word' id='word_1_474' title='bbox 1861 3661 2094 3718; x_wconf 85' lang='lat' dir='ltr'>Parisiis</span> 
     </span>
    </p>
   </div>
   <div class='ocr_carea' id='block_1_44' title="bbox 2205 3659 3798 3749">
    <p class='ocr_par' dir='ltr' id='par_1_44' title="bbox 2206 3671 3798 3749">
     <span class='ocr_line' id='line_1_44' title="bbox 2206 3671 3798 3749; baseline -0.005 -17"><span class='ocrx_word' id='word_1_475' title='bbox 2206 3682 2457 3748; x_wconf 90' lang='lat' dir='ltr'>tantum,</span> <span class='ocrx_word' id='word_1_476' title='bbox 2497 3676 2599 3733; x_wconf 90' lang='lat' dir='ltr'>sed</span> <span class='ocrx_word' id='word_1_477' title='bbox 2659 3681 2716 3732; x_wconf 87' lang='lat' dir='ltr'>et</span> <span class='ocrx_word' id='word_1_478' title='bbox 2771 3674 3006 3743; x_wconf 88' lang='lat' dir='ltr'>validis,</span> <span class='ocrx_word' id='word_1_479' title='bbox 3067 3680 3133 3731; x_wconf 89' lang='lat' dir='ltr'>ut</span> <span class='ocrx_word' id='word_1_480' title='bbox 3181 3681 3448 3748; x_wconf 88' lang='lat' dir='ltr'>possent,</span> <span class='ocrx_word' id='word_1_481' title='bbox 3505 3671 3798 3749; x_wconf 81' lang='lat' dir='ltr'>argumentis</span> 
     </span>
    </p>
   </div>
   <div class='ocr_carea' id='block_1_45' title="bbox 452 3748 2094 3836">
    <p class='ocr_par' dir='ltr' id='par_1_45' title="bbox 452 3748 2094 3821">
     <span class='ocr_line' id='line_1_45' title="bbox 452 3748 2094 3821; baseline -0.002 -12"><span class='ocrx_word' id='word_1_482' title='bbox 452 3753 607 3809; x_wconf 84' lang='lat' dir='ltr'>edita</span> <span class='ocrx_word' id='word_1_483' title='bbox 637 3769 730 3808; x_wconf 89' lang='lat' dir='ltr'>an.</span> <span class='ocrx_word' id='word_1_484' title='bbox 757 3753 914 3807; x_wconf 80' lang='grc'>1725.</span> <span class='ocrx_word' id='word_1_485' title='bbox 948 3773 976 3802; x_wconf 88' lang='grc'>‹‹</span> <span class='ocrx_word' id='word_1_486' title='bbox 1009 3749 1324 3818; x_wconf 89' lang='lat' dir='ltr'>Lutherus,</span> <span class='ocrx_word' id='word_1_487' title='bbox 1382 3748 1598 3821; x_wconf 83' lang='lat' dir='ltr'>inquit,</span> <span class='ocrx_word' id='word_1_488' title='bbox 1647 3749 1938 3819; x_wconf 87' lang='lat' dir='ltr'>Calvinus,</span> <span class='ocrx_word' id='word_1_489' title='bbox 1988 3753 2094 3806; x_wconf 88' lang='lat' dir='ltr'>An-</span> 
     </span>
    </p>
   </div>
   <div class='ocr_carea' id='block_1_46' title="bbox 2205 3748 3796 3836">
    <p class='ocr_par' dir='ltr' id='par_1_46' title="bbox 2209 3748 3796 3836">
     <span class='ocr_line' id='line_1_46' title="bbox 2209 3748 3796 3836; baseline -0.004 -14"><span class='ocrx_word' id='word_1_490' title='bbox 2209 3767 2637 3822; x_wconf 87' lang='lat' dir='ltr'>ostendendum</span> <span class='ocrx_word' id='word_1_491' title='bbox 2697 3781 2826 3822; x_wconf 85' lang='lat' dir='ltr'>esse</span> <span class='ocrx_word' id='word_1_492' title='bbox 2885 3766 3042 3835; x_wconf 91' lang='lat' dir='ltr'>quod</span> <span class='ocrx_word' id='word_1_493' title='bbox 3087 3765 3158 3820; x_wconf 92' lang='lat' dir='ltr'>de</span> <span class='ocrx_word' id='word_1_494' title='bbox 3190 3765 3446 3822; x_wconf 90' lang='lat' dir='ltr'>solemni</span> <span class='ocrx_word' id='word_1_495' title='bbox 3475 3748 3712 3836; x_wconf 80' lang='lat' dir='ltr'>Stephani</span> <span class='ocrx_word' id='word_1_496' title='bbox 3734 3775 3796 3815; x_wconf 84' lang='lat' dir='ltr'>re-</span> 
     </span>
    </p>
   </div>
   <div class='ocr_carea' id='block_1_47' title="bbox 452 3837 2094 3927">
    <p class='ocr_par' dir='ltr' id='par_1_47' title="bbox 452 3837 2094 3912">
     <span class='ocr_line' id='line_1_47' title="bbox 452 3837 2094 3912; baseline -0.002 -14"><span class='ocrx_word' id='word_1_497' title='bbox 452 3842 648 3898; x_wconf 89' lang='lat' dir='ltr'>tonius</span> <span class='ocrx_word' id='word_1_498' title='bbox 680 3841 750 3897; x_wconf 91' lang='lat' dir='ltr'>de</span> <span class='ocrx_word' id='word_1_499' title='bbox 783 3839 1043 3896; x_wconf 88' lang='lat' dir='ltr'>Dominis</span> <span class='ocrx_word' id='word_1_500' title='bbox 1072 3843 1128 3895; x_wconf 93' lang='lat' dir='ltr'>et</span> <span class='ocrx_word' id='word_1_501' title='bbox 1149 3855 1212 3894; x_wconf 91' lang='lat' dir='ltr'>ac</span> <span class='ocrx_word' id='word_1_502' title='bbox 1236 3837 1605 3912; x_wconf 90' lang='lat' dir='ltr'>potissimum</span> <span class='ocrx_word' id='word_1_503' title='bbox 1641 3839 1979 3910; x_wconf 89' lang='lat' dir='ltr'>posterioris</span> <span class='ocrx_word' id='word_1_504' title='bbox 1996 3839 2094 3894; x_wconf 74' lang='lat' dir='ltr'>aevi</span> 
     </span>
    </p>
   </div>
   <div class='ocr_carea' id='block_1_48' title="bbox 2205 3837 3797 3927">
    <p class='ocr_par' dir='ltr' id='par_1_48' title="bbox 2209 3849 3797 3927">
     <span class='ocr_line' id='line_1_48' title="bbox 2209 3849 3797 3927; baseline -0.005 -17"><span class='ocrx_word' id='word_1_505' title='bbox 2209 3855 2424 3927; x_wconf 87' lang='lat' dir='ltr'>scripto</span> <span class='ocrx_word' id='word_1_506' title='bbox 2447 3855 2818 3926; x_wconf 87' lang='lat' dir='ltr'>jactitahant.</span> <span class='ocrx_word' id='word_1_507' title='bbox 2844 3855 3032 3910; x_wconf 87' lang='lat' dir='ltr'>Tanta</span> <span class='ocrx_word' id='word_1_508' title='bbox 3063 3870 3201 3910; x_wconf 89' lang='lat' dir='ltr'>vero</span> <span class='ocrx_word' id='word_1_509' title='bbox 3234 3855 3348 3910; x_wconf 82' lang='lat' dir='ltr'>fuit</span> <span class='ocrx_word' id='word_1_510' title='bbox 3382 3855 3438 3909; x_wconf 91' lang='lat' dir='ltr'>in</span> <span class='ocrx_word' id='word_1_511' title='bbox 3463 3855 3530 3910; x_wconf 87' lang='lat' dir='ltr'>iis</span> <span class='ocrx_word' id='word_1_512' title='bbox 3550 3849 3797 3924; x_wconf 78' lang='lat' dir='ltr'>seligendis</span> 
     </span>
    </p>
   </div>
   <div class='ocr_carea' id='block_1_49' title="bbox 452 3927 2094 4017">
    <p class='ocr_par' dir='ltr' id='par_1_49' title="bbox 452 3927 2094 4002">
     <span class='ocr_line' id='line_1_49' title="bbox 452 3927 2094 4002; baseline -0.002 -14"><span class='ocrx_word' id='word_1_513' title='bbox 452 3935 758 3988; x_wconf 90' lang='lat' dir='ltr'>novatores</span> <span class='ocrx_word' id='word_1_514' title='bbox 791 3930 1027 4002; x_wconf 90' lang='lat' dir='ltr'>indigne</span> <span class='ocrx_word' id='word_1_515' title='bbox 1058 3927 1226 3984; x_wconf 88' lang='lat' dir='ltr'>abusi</span> <span class='ocrx_word' id='word_1_516' title='bbox 1271 3931 1408 3982; x_wconf 90' lang='lat' dir='ltr'>sunt</span> <span class='ocrx_word' id='word_1_517' title='bbox 1439 3928 1612 3982; x_wconf 92' lang='lat' dir='ltr'>modo</span> <span class='ocrx_word' id='word_1_518' title='bbox 1641 3944 1757 4000; x_wconf 86' lang='lat' dir='ltr'>quo</span> <span class='ocrx_word' id='word_1_519' title='bbox 1788 3929 1846 3983; x_wconf 91' lang='lat' dir='ltr'>S.</span> <span class='ocrx_word' id='word_1_520' title='bbox 1879 3933 2094 4002; x_wconf 85' lang='lat' dir='ltr'>martyr</span> 
     </span>
    </p>
   </div>
   <div class='ocr_carea' id='block_1_50' title="bbox 2205 3927 3795 4017">
    <p class='ocr_par' dir='ltr' id='par_1_50' title="bbox 2211 3936 3795 4017">
     <span class='ocr_line' id='line_1_50' title="bbox 2211 3936 3795 4017; baseline -0.006 -17"><span class='ocrx_word' id='word_1_521' title='bbox 2211 3945 2425 4000; x_wconf 89' lang='lat' dir='ltr'>mentis</span> <span class='ocrx_word' id='word_1_522' title='bbox 2456 3944 2764 4017; x_wconf 77' lang='lat' dir='ltr'>sagacitas,</span> <span class='ocrx_word' id='word_1_523' title='bbox 2816 3948 2980 4000; x_wconf 87' lang='lat' dir='ltr'>tanta</span> <span class='ocrx_word' id='word_1_524' title='bbox 3020 3944 3240 4016; x_wconf 90' lang='lat' dir='ltr'>ingenii</span> <span class='ocrx_word' id='word_1_525' title='bbox 3281 3945 3371 4000; x_wconf 89' lang='lat' dir='ltr'>vis</span> <span class='ocrx_word' id='word_1_526' title='bbox 3405 3950 3461 4000; x_wconf 89' lang='lat' dir='ltr'>et</span> <span class='ocrx_word' id='word_1_527' title='bbox 3492 3943 3644 4012; x_wconf 86' lang='lat' dir='ltr'>acies,</span> <span class='ocrx_word' id='word_1_528' title='bbox 3674 3944 3721 3994; x_wconf 89' lang='lat' dir='ltr'>ut</span> <span class='ocrx_word' id='word_1_529' title='bbox 3742 3936 3795 3991; x_wconf 75' lang='lat' dir='ltr'>af-</span> 
     </span>
    </p>
   </div>
   <div class='ocr_carea' id='block_1_51' title="bbox 449 4015 3794 4105">
    <p class='ocr_par' dir='ltr' id='par_1_51' title="bbox 449 4015 3794 4105">
     <span class='ocr_line' id='line_1_51' title="bbox 449 4015 3794 4105; baseline -0.004 -11"><span class='ocrx_word' id='word_1_530' title='bbox 449 4022 775 4094; x_wconf 62' lang='lat' dir='ltr'>Cyprianus</span> <span class='ocrx_word' id='word_1_531' title='bbox 814 4019 874 4074; x_wconf 66' lang='lat' dir='ltr'>in</span> <span class='ocrx_word' id='word_1_532' title='bbox 906 4035 1084 4075; x_wconf 62' lang='lat' dir='ltr'>causa</span> <span class='ocrx_word' id='word_1_533' title='bbox 1129 4017 1403 4089; x_wconf 62' lang='lat' dir='ltr'>baptismi</span> <span class='ocrx_word' id='word_1_534' title='bbox 1437 4015 1840 4073; x_wconf 63' lang='grc' dir='ltr'>δίετοῗίοοτυω</span> <span class='ocrx_word' id='word_1_535' title='bbox 1872 4033 2007 4091; x_wconf 63' lang='lat' dir='ltr'>erga</span> <span class='ocrx_word' id='word_1_536' title='bbox 2038 4019 2096 4075; x_wconf 81' lang='lat' dir='ltr'>S-</span> <span class='ocrx_word' id='word_1_537' title='bbox 2211 4033 2430 4090; x_wconf 77' lang='lat' dir='ltr'>firmari</span> <span class='ocrx_word' id='word_1_538' title='bbox 2481 4015 2596 4088; x_wconf 81' lang='lat' dir='ltr'>non</span> <span class='ocrx_word' id='word_1_539' title='bbox 2654 4049 2854 4089; x_wconf 90' lang='lat' dir='ltr'>verear</span> <span class='ocrx_word' id='word_1_540' title='bbox 2912 4015 3371 4104; x_wconf 77' lang='lat' dir='ltr'>congruentiora</span> <span class='ocrx_word' id='word_1_541' title='bbox 3420 4032 3498 4089; x_wconf 91' lang='lat' dir='ltr'>rei</span> <span class='ocrx_word' id='word_1_542' title='bbox 3551 4027 3794 4105; x_wconf 70' lang='lat' dir='ltr'>probanda</span> 
     </span>
    </p>
   </div>
   <div class='ocr_carea' id='block_1_52' title="bbox 447 4107 3795 4195">
    <p class='ocr_par' dir='ltr' id='par_1_52' title="bbox 447 4107 3795 4195">
     <span class='ocr_line' id='line_1_52' title="bbox 447 4107 3795 4195; baseline 0.001 -29"><span class='ocrx_word' id='word_1_543' title='bbox 447 4110 807 4183; x_wconf 85' lang='lat' dir='ltr'>Stephanum</span> <span class='ocrx_word' id='word_1_544' title='bbox 839 4108 1004 4164; x_wconf 84' lang='lat' dir='ltr'>Rom.</span> <span class='ocrx_word' id='word_1_545' title='bbox 1047 4107 1383 4162; x_wconf 84' lang='lat' dir='ltr'>Pontiﬁcem</span> <span class='ocrx_word' id='word_1_546' title='bbox 1427 4122 1553 4161; x_wconf 86' lang='lat' dir='ltr'>sese</span> <span class='ocrx_word' id='word_1_547' title='bbox 1596 4107 1795 4178; x_wconf 86' lang='lat' dir='ltr'>gessit,</span> <span class='ocrx_word' id='word_1_548' title='bbox 1829 4108 1899 4162; x_wconf 90' lang='lat' dir='ltr'>ad</span> <span class='ocrx_word' id='word_1_549' title='bbox 1942 4107 2098 4164; x_wconf 87' lang='lat' dir='ltr'>labe-</span> <span class='ocrx_word' id='word_1_550' title='bbox 2209 4127 2555 4195; x_wconf 69' lang='lat' dir='ltr'>argumenta</span> <span class='ocrx_word' id='word_1_551' title='bbox 2584 4122 2773 4178; x_wconf 69' lang='lat' dir='ltr'>afferri</span> <span class='ocrx_word' id='word_1_552' title='bbox 2807 4139 2920 4176; x_wconf 89' lang='lat' dir='ltr'>non</span> <span class='ocrx_word' id='word_1_553' title='bbox 2966 4121 3266 4194; x_wconf 86' lang='lat' dir='ltr'>potuisse;</span> <span class='ocrx_word' id='word_1_554' title='bbox 3303 4122 3441 4194; x_wconf 92' lang='lat' dir='ltr'>quid</span> <span class='ocrx_word' id='word_1_555' title='bbox 3491 4121 3630 4176; x_wconf 89' lang='lat' dir='ltr'>enim</span> <span class='ocrx_word' id='word_1_556' title='bbox 3658 4116 3795 4186; x_wconf 76' lang='lat' dir='ltr'>magis</span> 
     </span>
    </p>
   </div>
   <div class='ocr_carea' id='block_1_53' title="bbox 448 4195 2094 4283">
    <p class='ocr_par' dir='ltr' id='par_1_53' title="bbox 448 4195 2094 4267">
     <span class='ocr_line' id='line_1_53' title="bbox 448 4195 2094 4267; baseline -0.002 -11"><span class='ocrx_word' id='word_1_557' title='bbox 448 4199 782 4256; x_wconf 82' lang='lat' dir='ltr'>factandam</span> <span class='ocrx_word' id='word_1_558' title='bbox 840 4195 1202 4253; x_wconf 86' lang='lat' dir='ltr'>auctoritatis</span> <span class='ocrx_word' id='word_1_559' title='bbox 1252 4195 1652 4267; x_wconf 83' lang='lat' dir='ltr'>praestantiam</span> <span class='ocrx_word' id='word_1_560' title='bbox 1701 4212 1829 4266; x_wconf 72' lang='lat' dir='ltr'>qua:</span> <span class='ocrx_word' id='word_1_561' title='bbox 1885 4195 2094 4252; x_wconf 87' lang='lat' dir='ltr'>Christi</span> 
     </span>
    </p>
   </div>
   <div class='ocr_carea' id='block_1_54' title="bbox 2205 4195 3795 4283">
    <p class='ocr_par' dir='ltr' id='par_1_54' title="bbox 2207 4204 3795 4283">
     <span class='ocr_line' id='line_1_54' title="bbox 2207 4204 3795 4283; baseline -0.005 -16"><span class='ocrx_word' id='word_1_562' title='bbox 2207 4220 2689 4280; x_wconf 85' lang='lat' dir='ltr'>consentaneum,</span> <span class='ocrx_word' id='word_1_563' title='bbox 2713 4227 2910 4283; x_wconf 89' lang='lat' dir='ltr'>quam,</span> <span class='ocrx_word' id='word_1_564' title='bbox 2934 4211 3107 4266; x_wconf 89' lang='lat' dir='ltr'>sicuti</span> <span class='ocrx_word' id='word_1_565' title='bbox 3137 4211 3319 4267; x_wconf 79' lang='lat' dir='ltr'>certis</span> <span class='ocrx_word' id='word_1_566' title='bbox 3337 4204 3795 4276; x_wconf 85' lang='lat' dir='ltr'>indubia,antiquis</span> 
     </span>
    </p>
   </div>
   <div class='ocr_carea' id='block_1_55' title="bbox 448 4287 3794 4373">
    <p class='ocr_par' dir='ltr' id='par_1_55' title="bbox 448 4287 3794 4373">
     <span class='ocr_line' id='line_1_55' title="bbox 448 4287 3794 4373; baseline -0.007 -3"><span class='ocrx_word' id='word_1_567' title='bbox 448 4289 660 4346; x_wconf 64' lang='grc' dir='ltr'>νίθπίο</span> <span class='ocrx_word' id='word_1_568' title='bbox 691 4287 989 4360; x_wconf 56' lang='lat' dir='ltr'>competit&quot;</span> <span class='ocrx_word' id='word_1_569' title='bbox 1024 4307 1054 4334; x_wconf 85' lang='lat'><strong><em>”</em></strong></span> <span class='ocrx_word' id='word_1_570' title='bbox 2207 4305 2400 4358; x_wconf 81' lang='lat' dir='ltr'>vetera</span> <span class='ocrx_word' id='word_1_571' title='bbox 2431 4301 2772 4373; x_wconf 85' lang='lat' dir='ltr'>probantur,</span> <span class='ocrx_word' id='word_1_572' title='bbox 2820 4299 2904 4353; x_wconf 91' lang='lat' dir='ltr'>sic</span> <span class='ocrx_word' id='word_1_573' title='bbox 2960 4298 3258 4368; x_wconf 77' lang='lat' dir='ltr'>ﬁgmentis</span> <span class='ocrx_word' id='word_1_574' title='bbox 3305 4302 3638 4365; x_wconf 85' lang='lat' dir='ltr'>commenta,</span> <span class='ocrx_word' id='word_1_575' title='bbox 3675 4292 3794 4347; x_wconf 71' lang='lat' dir='ltr'>novis</span> 
     </span>
    </p>
   </div>
   <div class='ocr_carea' id='block_1_56' title="bbox 515 4383 3797 4468">
    <p class='ocr_par' dir='ltr' id='par_1_56' title="bbox 515 4383 3797 4468">
     <span class='ocr_line' id='line_1_56' title="bbox 515 4383 3797 4468; baseline -0.006 -13"><span class='ocrx_word' id='word_1_576' title='bbox 515 4395 1074 4468; x_wconf 87' lang='lat' dir='ltr'>Conptemptissima</span> <span class='ocrx_word' id='word_1_577' title='bbox 1095 4394 1220 4464; x_wconf 86' lang='lat' dir='ltr'>jam</span> <span class='ocrx_word' id='word_1_578' title='bbox 1253 4391 1557 4448; x_wconf 90' lang='lat' dir='ltr'>incedebat</span> <span class='ocrx_word' id='word_1_579' title='bbox 1579 4396 1697 4447; x_wconf 88' lang='lat' dir='ltr'>tota</span> <span class='ocrx_word' id='word_1_580' title='bbox 1719 4391 1891 4448; x_wconf 89' lang='lat' dir='ltr'>istius</span> <span class='ocrx_word' id='word_1_581' title='bbox 1923 4409 2095 4466; x_wconf 91' lang='lat' dir='ltr'>argu-</span> <span class='ocrx_word' id='word_1_582' title='bbox 2209 4390 2462 4446; x_wconf 89' lang='lat' dir='ltr'>recentia</span> <span class='ocrx_word' id='word_1_583' title='bbox 2504 4390 2880 4445; x_wconf 76' lang='lat' dir='ltr'>conﬁrmare?</span> <span class='ocrx_word' id='word_1_584' title='bbox 2912 4387 2973 4442; x_wconf 90' lang='lat' dir='ltr'>Id</span> <span class='ocrx_word' id='word_1_585' title='bbox 3007 4404 3178 4459; x_wconf 89' lang='lat' dir='ltr'>porro</span> <span class='ocrx_word' id='word_1_586' title='bbox 3213 4387 3478 4457; x_wconf 90' lang='lat' dir='ltr'>viriliter,</span> <span class='ocrx_word' id='word_1_587' title='bbox 3517 4383 3797 4451; x_wconf 84' lang='lat' dir='ltr'>abundeque</span> 
     </span>
    </p>
   </div>
   <div class='ocr_carea' id='block_1_57' title="bbox 443 4471 3796 4592">
    <p class='ocr_par' dir='ltr' id='par_1_57' title="bbox 443 4471 3796 4592">
     <span class='ocr_line' id='line_1_57' title="bbox 443 4471 3796 4592; baseline -0.006 -47"><span class='ocrx_word' id='word_1_588' title='bbox 443 4486 627 4545; x_wconf 89' lang='lat' dir='ltr'>menti</span> <span class='ocrx_word' id='word_1_589' title='bbox 657 4484 842 4542; x_wconf 91' lang='lat' dir='ltr'>moles</span> <span class='ocrx_word' id='word_1_590' title='bbox 871 4501 904 4539; x_wconf 86' lang='lat' dir='ltr'>a</span> <span class='ocrx_word' id='word_1_591' title='bbox 937 4481 1277 4540; x_wconf 88' lang='lat' dir='ltr'>Lutheranis</span> <span class='ocrx_word' id='word_1_592' title='bbox 1307 4486 1362 4537; x_wconf 90' lang='lat' dir='ltr'>et</span> <span class='ocrx_word' id='word_1_593' title='bbox 1402 4480 1750 4538; x_wconf 88' lang='lat' dir='ltr'>Calvinianis</span> <span class='ocrx_word' id='word_1_594' title='bbox 1792 4482 2091 4552; x_wconf 80' lang='lat' dir='ltr'>fabricata,</span> <span class='ocrx_word' id='word_1_595' title='bbox 2130 4526 2176 4592; x_wconf 69' lang='grc' dir='ltr'><strong>Β</strong></span> <span class='ocrx_word' id='word_1_596' title='bbox 2211 4480 2607 4551; x_wconf 71' lang='lat' dir='ltr'>praestiterunt</span> <span class='ocrx_word' id='word_1_597' title='bbox 2655 4477 2929 4534; x_wconf 89' lang='lat' dir='ltr'>neoterici</span> <span class='ocrx_word' id='word_1_598' title='bbox 2972 4477 3176 4533; x_wconf 87' lang='lat' dir='ltr'>nostri.</span> <span class='ocrx_word' id='word_1_599' title='bbox 3218 4477 3446 4532; x_wconf 87' lang='lat' dir='ltr'>Etenim</span> <span class='ocrx_word' id='word_1_600' title='bbox 3488 4475 3628 4546; x_wconf 88' lang='lat' dir='ltr'>quod</span> <span class='ocrx_word' id='word_1_601' title='bbox 3656 4489 3683 4525; x_wconf 85' lang='lat' dir='ltr'>a</span> <span class='ocrx_word' id='word_1_602' title='bbox 3706 4471 3796 4523; x_wconf 79' lang='lat' dir='ltr'>Ste-</span> 
     </span>
     <span class='ocr_line' id='line_1_58' title="bbox 771 4560 3796 4592; baseline 0 0"><span class='ocrx_word' id='word_1_603' title='bbox 771 4576 826 4592; x_wconf 66' lang='grc'>...</span> <span class='ocrx_word' id='word_1_604' title='bbox 940 4576 977 4592; x_wconf 73' lang='lat' dir='ltr'><strong>n</strong></span> <span class='ocrx_word' id='word_1_605' title='bbox 1196 4591 1201 4592; x_wconf 65' lang='lat'><strong><em>,</em></strong></span> <span class='ocrx_word' id='word_1_606' title='bbox 1240 4574 1330 4592; x_wconf 64' lang='lat'>2,:-</span> <span class='ocrx_word' id='word_1_607' title='bbox 1369 4572 2064 4592; x_wconf 36' lang='lat' dir='ltr'>.vt,,-u,-.,.,-_A--,2L,,A,L</span> <span class='ocrx_word' id='word_1_608' title='bbox 2212 4567 2400 4592; x_wconf 55' lang='lat'>~4......</span> <span class='ocrx_word' id='word_1_609' title='bbox 2448 4567 2701 4592; x_wconf 52' lang='lat'>0-..“.--</span> <span class='ocrx_word' id='word_1_610' title='bbox 2741 4566 3013 4592; x_wconf 48' lang='lat' dir='ltr'>nudus..-</span> <span class='ocrx_word' id='word_1_611' title='bbox 3046 4570 3219 4592; x_wconf 66' lang='grc' dir='ltr'>ι-..ι...</span> <span class='ocrx_word' id='word_1_612' title='bbox 3252 4562 3624 4592; x_wconf 57' lang='grc' dir='ltr'>..-ιηηηεηιξη</span> <span class='ocrx_word' id='word_1_613' title='bbox 3651 4560 3796 4592; x_wconf 69' lang='lat' dir='ltr'>Anno.</span> 
     </span>
    </p>
   </div>
   <div class='ocr_carea' id='block_1_58' title="bbox 443 4560 3796 4645">
    <p class='ocr_par' dir='ltr' id='par_1_58' title="bbox 443 4560 3796 4645">
     <span class='ocr_line' id='line_1_59' title="bbox 443 4560 3796 4645; baseline -0.008 -10"><span class='ocrx_word' id='word_1_614' title='bbox 443 4576 1211 4635; x_wconf 65' lang='lat' dir='ltr'>cumrecentibueltomante</span> <span class='ocrx_word' id='word_1_615' title='bbox 1239 4572 1959 4628; x_wconf 83' lang='lat' dir='ltr'>infallibilitatisosoribus</span> <span class='ocrx_word' id='word_1_616' title='bbox 1982 4573 2103 4645; x_wconf 90' lang='lat' dir='ltr'>pla-</span> <span class='ocrx_word' id='word_1_617' title='bbox 2130 4560 2176 4592; x_wconf 74' lang='grc' dir='ltr'><em>υ</em></span> <span class='ocrx_word' id='word_1_618' title='bbox 2212 4567 2403 4640; x_wconf 85' lang='lat' dir='ltr'>phano</span> <span class='ocrx_word' id='word_1_619' title='bbox 2448 4567 2704 4622; x_wconf 82' lang='lat' dir='ltr'>Romano</span> <span class='ocrx_word' id='word_1_620' title='bbox 2737 4566 3016 4622; x_wconf 82' lang='lat' dir='ltr'>Pontiﬁce</span> <span class='ocrx_word' id='word_1_621' title='bbox 3046 4570 3221 4621; x_wconf 72' lang='lat' dir='ltr'>tantm</span> <span class='ocrx_word' id='word_1_622' title='bbox 3251 4562 3626 4622; x_wconf 87' lang='lat' dir='ltr'>solemnitatis</span> <span class='ocrx_word' id='word_1_623' title='bbox 3650 4560 3796 4614; x_wconf 85' lang='lat' dir='ltr'>decre-</span> 
     </span>
    </p>
   </div>
   <div class='ocr_carea' id='block_1_59' title="bbox 444 4647 3794 4734">
    <p class='ocr_par' dir='ltr' id='par_1_59' title="bbox 444 4647 3794 4734">
     <span class='ocr_line' id='line_1_60' title="bbox 444 4647 3794 4734; baseline -0.008 -10"><span class='ocrx_word' id='word_1_624' title='bbox 444 4667 566 4724; x_wconf 91' lang='lat' dir='ltr'>cuit</span> <span class='ocrx_word' id='word_1_625' title='bbox 589 4666 854 4722; x_wconf 89' lang='lat' dir='ltr'>eamdem</span> <span class='ocrx_word' id='word_1_626' title='bbox 887 4681 918 4720; x_wconf 90' lang='lat' dir='ltr'>e</span> <span class='ocrx_word' id='word_1_627' title='bbox 950 4663 1173 4720; x_wconf 87' lang='lat' dir='ltr'>tumulo</span> <span class='ocrx_word' id='word_1_628' title='bbox 1204 4661 1303 4734; x_wconf 93' lang='lat' dir='ltr'>qui</span> <span class='ocrx_word' id='word_1_629' title='bbox 1328 4663 1554 4734; x_wconf 81' lang='lat' dir='ltr'>sepulta</span> <span class='ocrx_word' id='word_1_630' title='bbox 1577 4663 1833 4734; x_wconf 83' lang='lat' dir='ltr'>jacebat,</span> <span class='ocrx_word' id='word_1_631' title='bbox 1875 4680 2098 4730; x_wconf 83' lang='lat' dir='ltr'>eruere,</span> <span class='ocrx_word' id='word_1_632' title='bbox 2212 4662 2335 4712; x_wconf 90' lang='lat' dir='ltr'>tum</span> <span class='ocrx_word' id='word_1_633' title='bbox 2371 4656 2701 4728; x_wconf 87' lang='lat' dir='ltr'>prodiisset,</span> <span class='ocrx_word' id='word_1_634' title='bbox 2737 4673 2884 4712; x_wconf 88' lang='lat' dir='ltr'>nova</span> <span class='ocrx_word' id='word_1_635' title='bbox 2912 4672 3004 4710; x_wconf 89' lang='lat' dir='ltr'>res</span> <span class='ocrx_word' id='word_1_636' title='bbox 3037 4659 3159 4710; x_wconf 86' lang='lat' dir='ltr'>erat</span> <span class='ocrx_word' id='word_1_637' title='bbox 3185 4660 3246 4711; x_wconf 92' lang='lat' dir='ltr'>et</span> <span class='ocrx_word' id='word_1_638' title='bbox 3276 4655 3552 4712; x_wconf 88' lang='lat' dir='ltr'>hactenus</span> <span class='ocrx_word' id='word_1_639' title='bbox 3573 4647 3794 4706; x_wconf 75' lang='lat' dir='ltr'>inaudita.</span> 
     </span>
    </p>
   </div>
   <div class='ocr_carea' id='block_1_60' title="bbox 446 4735 3795 4827">
    <p class='ocr_par' dir='ltr' id='par_1_60' title="bbox 446 4735 3795 4827">
     <span class='ocr_line' id='line_1_61' title="bbox 446 4735 3795 4827; baseline -0.001 -17"><span class='ocrx_word' id='word_1_640' title='bbox 446 4755 730 4827; x_wconf 82' lang='lat' dir='ltr'>illamque</span> <span class='ocrx_word' id='word_1_641' title='bbox 753 4771 897 4810; x_wconf 88' lang='lat' dir='ltr'>novo</span> <span class='ocrx_word' id='word_1_642' title='bbox 929 4753 1254 4810; x_wconf 81' lang='lat' dir='ltr'>restitutam</span> <span class='ocrx_word' id='word_1_643' title='bbox 1281 4749 2100 4823; x_wconf 84' lang='lat' dir='ltr'>apparatu,multisexcultam</span> <span class='ocrx_word' id='word_1_644' title='bbox 2209 4746 2356 4810; x_wconf 86' lang='lat' dir='ltr'>Quid</span> <span class='ocrx_word' id='word_1_645' title='bbox 2381 4763 2517 4818; x_wconf 72' lang='lat' dir='ltr'>ergo</span> <span class='ocrx_word' id='word_1_646' title='bbox 2558 4745 2862 4800; x_wconf 72' lang='lat' dir='ltr'>neoterici?</span> <span class='ocrx_word' id='word_1_647' title='bbox 2892 4745 3051 4800; x_wconf 80' lang='lat' dir='ltr'>Nova</span> <span class='ocrx_word' id='word_1_648' title='bbox 3083 4745 3306 4818; x_wconf 80' lang='lat' dir='ltr'>pariter</span> <span class='ocrx_word' id='word_1_649' title='bbox 3337 4761 3442 4800; x_wconf 87' lang='lat' dir='ltr'>nec</span> <span class='ocrx_word' id='word_1_650' title='bbox 3470 4741 3617 4816; x_wconf 79' lang='lat' dir='ltr'>prius</span> <span class='ocrx_word' id='word_1_651' title='bbox 3645 4735 3795 4827; x_wconf 47' lang='lat' dir='ltr'>audita</span> 
     </span>
    </p>
   </div>
   <div class='ocr_carea' id='block_1_61' title="bbox 443 4824 3794 4915">
    <p class='ocr_par' dir='ltr' id='par_1_61' title="bbox 443 4824 3794 4915">
     <span class='ocr_line' id='line_1_62' title="bbox 443 4824 3794 4915; baseline -0.007 -13"><span class='ocrx_word' id='word_1_652' title='bbox 443 4824 746 4902; x_wconf 78' lang='lat' dir='ltr'>laboribus</span> <span class='ocrx_word' id='word_1_653' title='bbox 774 4843 1059 4900; x_wconf 88' lang='lat' dir='ltr'>obtinenti</span> <span class='ocrx_word' id='word_1_654' title='bbox 1077 4841 1233 4915; x_wconf 87' lang='lat' dir='ltr'>apud</span> <span class='ocrx_word' id='word_1_655' title='bbox 1260 4839 1585 4897; x_wconf 85' lang='lat' dir='ltr'>Catholicos</span> <span class='ocrx_word' id='word_1_656' title='bbox 1603 4856 1806 4897; x_wconf 88' lang='lat' dir='ltr'>omnes</span> <span class='ocrx_word' id='word_1_657' title='bbox 1830 4841 2100 4896; x_wconf 69' lang='lat' dir='ltr'>doctrinae</span> <span class='ocrx_word' id='word_1_658' title='bbox 2209 4837 2279 4890; x_wconf 90' lang='lat' dir='ltr'>ad</span> <span class='ocrx_word' id='word_1_659' title='bbox 2317 4835 2369 4891; x_wconf 89' lang='lat' dir='ltr'>id</span> <span class='ocrx_word' id='word_1_660' title='bbox 2423 4836 2786 4907; x_wconf 89' lang='lat' dir='ltr'>probandum</span> <span class='ocrx_word' id='word_1_661' title='bbox 2843 4840 3190 4907; x_wconf 89' lang='lat' dir='ltr'>argumenta</span> <span class='ocrx_word' id='word_1_662' title='bbox 3235 4834 3601 4898; x_wconf 89' lang='lat' dir='ltr'>fabricarunt,</span> <span class='ocrx_word' id='word_1_663' title='bbox 3641 4829 3699 4881; x_wconf 88' lang='lat' dir='ltr'>ab</span> <span class='ocrx_word' id='word_1_664' title='bbox 3731 4824 3794 4915; x_wconf 72' lang='lat' dir='ltr'>iis</span> 
     </span>
    </p>
   </div>
   <div class='ocr_carea' id='block_1_62' title="bbox 443 4913 3791 5007">
    <p class='ocr_par' dir='ltr' id='par_1_62' title="bbox 443 4913 3791 5007">
     <span class='ocr_line' id='line_1_63' title="bbox 443 4913 3791 5007; baseline -0.009 -15"><span class='ocrx_word' id='word_1_665' title='bbox 443 4937 715 5007; x_wconf 87' lang='lat' dir='ltr'>objicere.</span> <span class='ocrx_word' id='word_1_666' title='bbox 764 4935 889 4992; x_wconf 90' lang='lat' dir='ltr'>Non</span> <span class='ocrx_word' id='word_1_667' title='bbox 937 4913 1474 5004; x_wconf 80' lang='lat' dir='ltr'>disquisitionibus,</span> <span class='ocrx_word' id='word_1_668' title='bbox 1527 4947 1640 4986; x_wconf 89' lang='lat' dir='ltr'>non</span> <span class='ocrx_word' id='word_1_669' title='bbox 1700 4929 1932 5002; x_wconf 87' lang='lat' dir='ltr'>vigiliis,</span> <span class='ocrx_word' id='word_1_670' title='bbox 1984 4947 2097 4985; x_wconf 91' lang='lat' dir='ltr'>non</span> <span class='ocrx_word' id='word_1_671' title='bbox 2208 4925 2363 4979; x_wconf 90' lang='lat' dir='ltr'>enim</span> <span class='ocrx_word' id='word_1_672' title='bbox 2393 4925 2778 4996; x_wconf 86' lang='lat' dir='ltr'>scriptoribus</span> <span class='ocrx_word' id='word_1_673' title='bbox 2809 4924 3178 4979; x_wconf 89' lang='lat' dir='ltr'>Christianus</span> <span class='ocrx_word' id='word_1_674' title='bbox 3209 4924 3448 4980; x_wconf 88' lang='lat' dir='ltr'>tandem</span> <span class='ocrx_word' id='word_1_675' title='bbox 3481 4913 3791 4977; x_wconf 78' lang='lat' dir='ltr'>didicitorbia</span> 
     </span>
    </p>
   </div>
   <div class='ocr_carea' id='block_1_63' title="bbox 2289 2779 3793 2854">
    <p class='ocr_par' dir='ltr' id='par_1_63' title="bbox 2289 2779 3793 2854">
     <span class='ocr_line' id='line_1_64' title="bbox 2289 2779 3793 2854; baseline -0.003 -15"><span class='ocrx_word' id='word_1_676' title='bbox 2289 2784 2434 2840; x_wconf 90' lang='lat' dir='ltr'>Cum</span> <span class='ocrx_word' id='word_1_677' title='bbox 2478 2787 2674 2838; x_wconf 89' lang='lat' dir='ltr'>tamen</span> <span class='ocrx_word' id='word_1_678' title='bbox 2723 2781 2940 2854; x_wconf 86' lang='lat' dir='ltr'>Optime</span> <span class='ocrx_word' id='word_1_679' title='bbox 2997 2781 3302 2838; x_wconf 88' lang='lat' dir='ltr'>novissent</span> <span class='ocrx_word' id='word_1_680' title='bbox 3357 2781 3610 2838; x_wconf 89' lang='lat' dir='ltr'>neoterici</span> <span class='ocrx_word' id='word_1_681' title='bbox 3660 2779 3793 2837; x_wconf 85' lang='lat' dir='ltr'>nostri</span> 
     </span>
    </p>
   </div>
   <div class='ocr_carea' id='block_1_64' title="bbox 2218 2869 3796 2944">
    <p class='ocr_par' dir='ltr' id='par_1_64' title="bbox 2218 2869 3796 2944">
     <span class='ocr_line' id='line_1_65' title="bbox 2218 2869 3796 2944; baseline -0.003 -15"><span class='ocrx_word' id='word_1_682' title='bbox 2218 2871 2548 2944; x_wconf 90' lang='lat' dir='ltr'>complures</span> <span class='ocrx_word' id='word_1_683' title='bbox 2580 2869 2726 2927; x_wconf 88' lang='lat' dir='ltr'>alios</span> <span class='ocrx_word' id='word_1_684' title='bbox 2759 2888 2875 2926; x_wconf 92' lang='lat' dir='ltr'>non</span> <span class='ocrx_word' id='word_1_685' title='bbox 2899 2875 3018 2926; x_wconf 89' lang='lat' dir='ltr'>tam</span> <span class='ocrx_word' id='word_1_686' title='bbox 3050 2887 3290 2943; x_wconf 90' lang='lat' dir='ltr'>magno,</span> <span class='ocrx_word' id='word_1_687' title='bbox 3316 2870 3698 2943; x_wconf 77' lang='lat' dir='ltr'>splendideque</span> <span class='ocrx_word' id='word_1_688' title='bbox 3713 2886 3796 2925; x_wconf 85' lang='lat' dir='ltr'>ver-</span> 
     </span>
    </p>
   </div>
   <div class='ocr_carea' id='block_1_65' title="bbox 2207 5097 3788 5178">
    <p class='ocr_par' dir='ltr' id='par_1_65' title="bbox 2207 5097 3788 5178">
     <span class='ocr_line' id='line_1_66' title="bbox 2207 5097 3788 5178; baseline -0.004 -18"><span class='ocrx_word' id='word_1_689' title='bbox 2207 5106 2466 5178; x_wconf 82' lang='lat' dir='ltr'>Steyaert</span> <span class='ocrx_word' id='word_1_690' title='bbox 2496 5103 2650 5177; x_wconf 83' lang='lat' dir='ltr'>typis</span> <span class='ocrx_word' id='word_1_691' title='bbox 2697 5105 2974 5178; x_wconf 88' lang='lat' dir='ltr'>mandata</span> <span class='ocrx_word' id='word_1_692' title='bbox 3004 5122 3076 5160; x_wconf 89' lang='lat' dir='ltr'>an</span> <span class='ocrx_word' id='word_1_693' title='bbox 3118 5106 3259 5160; x_wconf 83' lang='grc'>1688</span> <span class='ocrx_word' id='word_1_694' title='bbox 3297 5121 3319 5178; x_wconf 15' lang='grc' dir='ltr'>;ν</span> <span class='ocrx_word' id='word_1_695' title='bbox 3344 5101 3568 5178; x_wconf 64' lang='grc' dir='ltr'><em>Ετνᾳυίι</em></span> <span class='ocrx_word' id='word_1_696' title='bbox 3603 5097 3788 5178; x_wconf 47' lang='lat' dir='ltr'>Cypria-</span> 
     </span>
    </p>
   </div>
   <div class='ocr_carea' id='block_1_66' title="bbox 2203 5175 3788 5249">
    <p class='ocr_par' dir='ltr' id='par_1_66' title="bbox 2203 5175 3788 5249">
     <span class='ocr_line' id='line_1_67' title="bbox 2203 5175 3788 5249; baseline -0.009 -19"><span class='ocrx_word' id='word_1_697' title='bbox 2203 5175 2330 5243; x_wconf 66' lang='lat' dir='ltr'>nus,</span> <span class='ocrx_word' id='word_1_698' title='bbox 2364 5178 2460 5232; x_wconf 74' lang='lat' dir='ltr'>sed</span> <span class='ocrx_word' id='word_1_699' title='bbox 2487 5175 2616 5249; x_wconf 66' lang='lat' dir='ltr'>quia</span> <span class='ocrx_word' id='word_1_700' title='bbox 2646 5179 2891 5232; x_wconf 85' lang='lat' dir='ltr'>nondum</span> <span class='ocrx_word' id='word_1_701' title='bbox 2917 5177 3096 5232; x_wconf 80' lang='lat' dir='ltr'>locuta</span> <span class='ocrx_word' id='word_1_702' title='bbox 3133 5180 3252 5232; x_wconf 79' lang='lat' dir='ltr'>erat</span> <span class='ocrx_word' id='word_1_703' title='bbox 3285 5175 3788 5249; x_wconf 42' lang='grc' dir='ltr'>ιζιτιυιρδεςία,Αριιαγηιηςἲ</span> 
     </span>
    </p>
   </div>
   <div class='ocr_carea' id='block_1_67' title="bbox 2203 5240 3788 5320">
    <p class='ocr_par' dir='ltr' id='par_1_67' title="bbox 2203 5240 3788 5320">
     <span class='ocr_line' id='line_1_68' title="bbox 2203 5240 3788 5320; baseline -0.011 -17"><span class='ocrx_word' id='word_1_704' title='bbox 2203 5240 2392 5305; x_wconf 70' lang='lat' dir='ltr'>contra</span> <span class='ocrx_word' id='word_1_705' title='bbox 2418 5240 2700 5318; x_wconf 66' lang='lat' dir='ltr'>sensisset,</span> <span class='ocrx_word' id='word_1_706' title='bbox 2729 5250 3059 5320; x_wconf 76' lang='lat' dir='ltr'>scripsisset,</span> <span class='ocrx_word' id='word_1_707' title='bbox 3099 5258 3150 5304; x_wconf 81' lang='lat' dir='ltr'>et</span> <span class='ocrx_word' id='word_1_708' title='bbox 3177 5249 3526 5320; x_wconf 58' lang='grc' dir='ltr'>ρνᾱῖσσρίδξε(</span> <span class='ocrx_word' id='word_1_709' title='bbox 3545 5240 3788 5320; x_wconf 49' lang='lat' dir='ltr'>Stephanus</span> 
     </span>
    </p>
   </div>
   <div class='ocr_carea' id='block_1_68' title="bbox 2203 5317 3787 5393">
    <p class='ocr_par' dir='ltr' id='par_1_68' title="bbox 2203 5317 3787 5393">
     <span class='ocr_line' id='line_1_69' title="bbox 2203 5317 3787 5393; baseline -0.005 -17"><span class='ocrx_word' id='word_1_710' title='bbox 2203 5323 2348 5393; x_wconf 74' lang='lat' dir='ltr'>(quis</span> <span class='ocrx_word' id='word_1_711' title='bbox 2394 5337 2467 5393; x_wconf 77' lang='lat' dir='ltr'>ex</span> <span class='ocrx_word' id='word_1_712' title='bbox 2514 5317 2713 5375; x_wconf 74' lang='lat' dir='ltr'>nostris</span> <span class='ocrx_word' id='word_1_713' title='bbox 2778 5317 3187 5377; x_wconf 38' lang='lat' dir='ltr'>recentioribm&#39;</span> <span class='ocrx_word' id='word_1_714' title='bbox 3215 5317 3548 5393; x_wconf 64' lang='lat' dir='ltr'>scholasticis</span> <span class='ocrx_word' id='word_1_715' title='bbox 3589 5325 3695 5393; x_wconf 64' lang='lat' dir='ltr'>eum</span> <span class='ocrx_word' id='word_1_716' title='bbox 3735 5318 3787 5393; x_wconf 57' lang='lat' dir='ltr'>Cf</span> 
     </span>
    </p>
   </div>
   <div class='ocr_carea' id='block_1_69' title="bbox 2204 5390 3784 5463">
    <p class='ocr_par' dir='ltr' id='par_1_69' title="bbox 2204 5390 3784 5463">
     <span class='ocr_line' id='line_1_70' title="bbox 2204 5390 3784 5463; baseline -0.005 -15"><span class='ocrx_word' id='word_1_717' title='bbox 2204 5390 2475 5448; x_wconf 74' lang='lat' dir='ltr'>Cathedra</span> <span class='ocrx_word' id='word_1_718' title='bbox 2506 5393 2748 5448; x_wconf 77' lang='lat' dir='ltr'>locutum</span> <span class='ocrx_word' id='word_1_719' title='bbox 2774 5395 2952 5463; x_wconf 72' lang='lat' dir='ltr'>fuisse</span> <span class='ocrx_word' id='word_1_720' title='bbox 2980 5410 3090 5449; x_wconf 84' lang='lat' dir='ltr'>non</span> <span class='ocrx_word' id='word_1_721' title='bbox 3140 5390 3448 5463; x_wconf 62' lang='lat' dir='ltr'>agnoscat),</span> <span class='ocrx_word' id='word_1_722' title='bbox 3467 5401 3598 5463; x_wconf 56' lang='grc' dir='ltr'>φέρι</span> <span class='ocrx_word' id='word_1_723' title='bbox 3645 5390 3784 5463; x_wconf 57' lang='grc' dir='ltr'>ξοπιξῖ</span> 
     </span>
    </p>
   </div>
   <div class='ocr_carea' id='block_1_70' title="bbox 2201 5452 3783 5591">
    <p class='ocr_par' dir='ltr' id='par_1_70' title="bbox 2201 5452 3783 5591">
     <span class='ocr_line' id='line_1_71' title="bbox 2201 5452 3783 5591; baseline -0.004 -74"><span class='ocrx_word' id='word_1_724' title='bbox 2201 5464 2472 5591; x_wconf 51' lang='grc' dir='ltr'>ξῃένέαἷιί</span> <span class='ocrx_word' id='word_1_725' title='bbox 2517 5452 2832 5535; x_wconf 70' lang='lat' dir='ltr'>excusalzir,</span> <span class='ocrx_word' id='word_1_726' title='bbox 2881 5481 2991 5520; x_wconf 81' lang='lat' dir='ltr'>non</span> <span class='ocrx_word' id='word_1_727' title='bbox 3019 5479 3140 5538; x_wconf 78' lang='lat' dir='ltr'>ergo</span> <span class='ocrx_word' id='word_1_728' title='bbox 3173 5452 3497 5534; x_wconf 51' lang='lat' dir='ltr'>infallib&#39;ilis</span> <span class='ocrx_word' id='word_1_729' title='bbox 3536 5452 3783 5526; x_wconf 55' lang='lat' dir='ltr'>Stephanus</span> 
     </span>
     <span class='ocr_line' id='line_1_72' title="bbox 2218 5553 2519 5591; baseline -0.003 0"><span class='ocrx_word' id='word_1_730' title='bbox 2218 5555 2267 5591; x_wconf 81' lang='grc' dir='ltr'>ια</span> <span class='ocrx_word' id='word_1_731' title='bbox 2307 5553 2334 5591; x_wconf 85' lang='lat' dir='ltr'>e</span> <span class='ocrx_word' id='word_1_732' title='bbox 2371 5553 2405 5591; x_wconf 89' lang='lat' dir='ltr'>a</span> <span class='ocrx_word' id='word_1_733' title='bbox 2433 5553 2519 5591; x_wconf 82' lang='lat' dir='ltr'>ur.</span> 
     </span>
    </p>
   </div>
   <div class='ocr_carea' id='block_1_71' title="bbox 2218 5545 2519 5592">
    <p class='ocr_par' dir='ltr' id='par_1_71' title="bbox 2218 5545 2519 5592">
     <span class='ocr_line' id='line_1_73' title="bbox 2218 5545 2519 5592; baseline -0.01 0"><span class='ocrx_word' id='word_1_734' title='bbox 2218 5545 2519 5592; x_wconf 71' lang='lat' dir='ltr'>iubebatur.</span> 
     </span>
    </p>
   </div>
   <div class='ocr_carea' id='block_1_72' title="bbox 510 5109 2092 5190">
    <p class='ocr_par' dir='ltr' id='par_1_72' title="bbox 510 5109 2092 5190">
     <span class='ocr_line' id='line_1_74' title="bbox 510 5109 2092 5190; baseline -0.004 -17"><span class='ocrx_word' id='word_1_735' title='bbox 510 5118 588 5190; x_wconf 90' lang='grc'>(1)</span> <span class='ocrx_word' id='word_1_736' title='bbox 646 5116 914 5174; x_wconf 82' lang='lat' dir='ltr'>Defensio</span> <span class='ocrx_word' id='word_1_737' title='bbox 942 5113 1352 5190; x_wconf 50' lang='lat' dir='ltr'>declarationis</span> <span class='ocrx_word' id='word_1_738' title='bbox 1387 5110 1568 5190; x_wconf 55' lang='lat' dir='ltr'>“Cleri</span> <span class='ocrx_word' id='word_1_739' title='bbox 1643 5109 1918 5190; x_wconf 55' lang='lat' dir='ltr'>Gallicani</span> <span class='ocrx_word' id='word_1_740' title='bbox 1977 5130 2092 5190; x_wconf 85' lang='lat' dir='ltr'>_an_.</span> 
     </span>
    </p>
   </div>
   <div class='ocr_carea' id='block_1_73' title="bbox 443 5181 2094 5256">
    <p class='ocr_par' dir='ltr' id='par_1_73' title="bbox 443 5181 2094 5256">
     <span class='ocr_line' id='line_1_75' title="bbox 443 5181 2094 5256; baseline -0.003 -12"><span class='ocrx_word' id='word_1_741' title='bbox 443 5181 601 5256; x_wconf 67' lang='grc'>1682,</span> <span class='ocrx_word' id='word_1_742' title='bbox 635 5190 746 5245; x_wconf 86' lang='lat' dir='ltr'>sub</span> <span class='ocrx_word' id='word_1_743' title='bbox 796 5187 1033 5244; x_wconf 90' lang='lat' dir='ltr'>nomine</span> <span class='ocrx_word' id='word_1_744' title='bbox 1064 5181 1357 5256; x_wconf 77' lang='lat' dir='ltr'>Bossuetii</span> <span class='ocrx_word' id='word_1_745' title='bbox 1387 5181 1700 5256; x_wconf 82' lang='lat' dir='ltr'>Meldensis</span> <span class='ocrx_word' id='word_1_746' title='bbox 1733 5184 2000 5256; x_wconf 83' lang='lat' dir='ltr'>episcopi</span> <span class='ocrx_word' id='word_1_747' title='bbox 2022 5186 2094 5239; x_wconf 90' lang='lat' dir='ltr'>ab</span> 
     </span>
    </p>
   </div>
   <div class='ocr_carea' id='block_1_74' title="bbox 436 5252 2090 5334">
    <p class='ocr_par' dir='ltr' id='par_1_74' title="bbox 436 5252 2090 5334">
     <span class='ocr_line' id='line_1_76' title="bbox 436 5252 2090 5334; baseline -0.004 -18"><span class='ocrx_word' id='word_1_748' title='bbox 436 5252 727 5334; x_wconf 85' lang='lat' dir='ltr'>anonymo</span> <span class='ocrx_word' id='word_1_749' title='bbox 759 5260 914 5316; x_wconf 88' lang='lat' dir='ltr'>edita</span> <span class='ocrx_word' id='word_1_750' title='bbox 963 5252 1357 5324; x_wconf 88' lang='lat' dir='ltr'>Luxemhurgi</span> <span class='ocrx_word' id='word_1_751' title='bbox 1404 5269 1497 5309; x_wconf 85' lang='lat' dir='ltr'>an.</span> <span class='ocrx_word' id='word_1_752' title='bbox 1535 5255 1671 5308; x_wconf 75' lang='lat'>1830</span> <span class='ocrx_word' id='word_1_753' title='bbox 1703 5252 1864 5326; x_wconf 72' lang='lat' dir='ltr'>parte</span> <span class='ocrx_word' id='word_1_754' title='bbox 1897 5252 1955 5322; x_wconf 77' lang='lat' dir='ltr'>u‘,</span> <span class='ocrx_word' id='word_1_755' title='bbox 1991 5255 2090 5310; x_wconf 89' lang='lat' dir='ltr'>lib.</span> 
     </span>
    </p>
   </div>
   <div class='ocr_carea' id='block_1_75' title="bbox 431 5334 2094 5471">
    <p class='ocr_par' dir='ltr' id='par_1_75' title="bbox 431 5334 2094 5471">
     <span class='ocr_line' id='line_1_77' title="bbox 431 5334 2094 5471; baseline -0.002 -15"><span class='ocrx_word' id='word_1_756' title='bbox 431 5334 973 5471; x_wconf 39' lang='lat' dir='ltr'>Il‘(’f:&gt;.)ci‘il‘l’eusriaeus,</span> <span class='ocrx_word' id='word_1_757' title='bbox 1025 5400 1176 5454; x_wconf 74' lang='lat' dir='ltr'>llist.</span> <span class='ocrx_word' id='word_1_758' title='bbox 1210 5395 1352 5450; x_wconf 84' lang='lat' dir='ltr'>Eccl.</span> <span class='ocrx_word' id='word_1_759' title='bbox 1393 5395 1504 5471; x_wconf 86' lang='lat' dir='ltr'>_lib_.</span> <span class='ocrx_word' id='word_1_760' title='bbox 1556 5413 1656 5461; x_wconf 85' lang='lat' dir='ltr'>vu,</span> <span class='ocrx_word' id='word_1_761' title='bbox 1707 5412 1832 5471; x_wconf 77' lang='lat' dir='ltr'>cap.</span> <span class='ocrx_word' id='word_1_762' title='bbox 1874 5397 1944 5452; x_wconf 89' lang='lat'>32</span> <span class='ocrx_word' id='word_1_763' title='bbox 1977 5413 1988 5452; x_wconf 92' lang='lat'>:</span> <span class='ocrx_word' id='word_1_764' title='bbox 2022 5398 2094 5471; x_wconf 69' lang='lat' dir='ltr'>Le</span> 
     </span>
    </p>
   </div>
   <div class='ocr_carea' id='block_1_76' title="bbox 433 5467 2091 5548">
    <p class='ocr_par' dir='ltr' id='par_1_76' title="bbox 433 5467 2091 5548">
     <span class='ocr_line' id='line_1_78' title="bbox 433 5467 2091 5548; baseline -0.005 -17"><span class='ocrx_word' id='word_1_765' title='bbox 433 5467 614 5531; x_wconf 63' lang='lat' dir='ltr'>ticeret</span> <span class='ocrx_word' id='word_1_766' title='bbox 639 5477 714 5531; x_wconf 83' lang='lat' dir='ltr'>du</span> <span class='ocrx_word' id='word_1_767' title='bbox 730 5492 871 5548; x_wconf 63' lang='lat' dir='ltr'>page</span> <span class='ocrx_word' id='word_1_768' title='bbox 899 5467 1130 5529; x_wconf 44' lang='lat' dir='ltr'>Et&#39;ienne</span> <span class='ocrx_word' id='word_1_769' title='bbox 1157 5471 1339 5526; x_wconf 72' lang='lat' dir='ltr'>revela</span> <span class='ocrx_word' id='word_1_770' title='bbox 1369 5467 1436 5524; x_wconf 79' lang='lat' dir='ltr'>de</span> <span class='ocrx_word' id='word_1_771' title='bbox 1461 5467 1526 5526; x_wconf 82' lang='lat' dir='ltr'>de</span> <span class='ocrx_word' id='word_1_772' title='bbox 1548 5472 1690 5526; x_wconf 75' lang='lat' dir='ltr'>toute</span> <span class='ocrx_word' id='word_1_773' title='bbox 1721 5467 1942 5540; x_wconf 33' lang='lat' dir='ltr'>la’force</span> <span class='ocrx_word' id='word_1_774' title='bbox 1956 5468 2091 5542; x_wconf 81' lang='lat' dir='ltr'>qu’il</span> 
     </span>
    </p>
   </div>
   <div class='ocr_carea' id='block_1_77' title="bbox 432 5546 1036 5621">
    <p class='ocr_par' dir='ltr' id='par_1_77' title="bbox 432 5546 1036 5621">
     <span class='ocr_line' id='line_1_79' title="bbox 432 5546 1036 5621; baseline -0.002 -20"><span class='ocrx_word' id='word_1_775' title='bbox 432 5549 661 5621; x_wconf 47' lang='lat' dir='ltr'>partem}</span> <span class='ocrx_word' id='word_1_776' title='bbox 693 5546 776 5621; x_wconf 64' lang='lat' dir='ltr'>lui</span> <span class='ocrx_word' id='word_1_777' title='bbox 802 5546 1036 5621; x_wconf 45' lang='lat' dir='ltr'>danger:</span> 
     </span>
    </p>
   </div>
   <div class='ocr_carea' id='block_1_78' title="bbox 508 5611 2090 5694">
    <p class='ocr_par' dir='ltr' id='par_1_78' title="bbox 508 5611 2090 5694">
     <span class='ocr_line' id='line_1_80' title="bbox 508 5611 2090 5694; baseline -0.004 -19"><span class='ocrx_word' id='word_1_778' title='bbox 508 5615 586 5691; x_wconf 82' lang='lat'>(3)</span> <span class='ocrx_word' id='word_1_779' title='bbox 618 5617 875 5694; x_wconf 84' lang='lat' dir='ltr'>Epistola</span> <span class='ocrx_word' id='word_1_780' title='bbox 903 5617 968 5673; x_wconf 81' lang='lat' dir='ltr'>de</span> <span class='ocrx_word' id='word_1_781' title='bbox 991 5615 1258 5673; x_wconf 78' lang='lat' dir='ltr'>Potestate</span> <span class='ocrx_word' id='word_1_782' title='bbox 1275 5611 1649 5672; x_wconf 76' lang='lat' dir='ltr'>ecclesiastica</span> <span class='ocrx_word' id='word_1_783' title='bbox 1667 5611 1738 5670; x_wconf 88' lang='lat' dir='ltr'>ad</span> <span class='ocrx_word' id='word_1_784' title='bbox 1773 5611 2090 5670; x_wconf 88' lang='lat' dir='ltr'>Martinum</span> 
     </span>
    </p>
   </div>
   <div class='ocr_carea' id='block_1_79' title="bbox 3945 5071 3947 5125">
    <p class='ocr_par' dir='ltr' id='par_1_79' title="bbox 3945 5071 3947 5125">
     <span class='ocr_line' id='line_1_81' title="bbox 3945 5071 3947 5125; baseline 0 0"><span class='ocrx_word' id='word_1_785' title='bbox 3945 5071 3947 5125; x_wconf 81' lang='lat' dir='ltr'>l</span> 
     </span>
    </p>
   </div>
  </div>
