4088 6174
290 378 449 438 1329

1244 377 1450 439 PARS
1495 379 1570 439 lI.
1604 412 1678 422 —-
1711 377 2275 440 RECENTIORUM
2326 376 2759 438 EXCURSUS.

285 507 572 581 Stephani
632 509 930 565 decretum
1006 510 1065 564 in
1119 509 1363 566 concilio
1417 511 1679 566 Romano
1719 508 1938 564 editum
1971 508 2338 576 Aminibus,
2383 506 2685 576 encomiis,
2745 506 3018 562 laudibus
3066 505 3290 577 absque
3345 523 3621 564 mensura
3648 524 3706 580 et

284 599 470 654 fuisse
501 599 596 670 (4),
631 598 702 654 ad
726 615 929 654 omnes
951 599 1225 655 ecclesias
1248 618 1280 654 a
1302 599 1593 671 Stephano
1631 599 1810 654 fuisse
1851 597 1936 654 di-

285 696 510 744 rectum
530 705 597 744 ac
628 687 876 744 missum
913 689 1009 761 (5),
1052 688 1300 746 solemni
1332 689 1430 744 illo
1475 689 1703 745 decreto
1735 689 1937 744 certis-

283 777 498 835 simam
517 777 700 834 fuisse
719 777 998 849 Stephani
1025 782 1297 850 mentem,
1319 783 1382 833 ut
1403 777 1678 833 omnibus
1697 776 1938 832 omnino

284 865 556 922 fidelibus
577 866 691 923 fide
712 867 1070 923 credendum
1090 873 1438 940 preponeret
1459 885 1574 923 non
1599 883 1728 923 esse
1745 867 1937 922 denuo

281 954 594 1029 tingendos
615 956 883 1013 homines
913 957 985 1012 ab
1009 956 1292 1012 haereticis
1323 956 1664 1028 baptizatos,
1695 971 1829 1011 cum
1850 954 1938 1010 in-

281 1048 378 1101 tra
416 1044 686 1102 Ecclesizs
735 1047 1210 1101 communionem
1261 1061 1389 1101 sese
1431 1045 1789 1118 recipiebant
1827 1045 1934 1116 (6);

284 1151 413 1207 quis
437 1134 674 1206 quidem
710 1135 908 1190 omnia
939 1151 1072 1190 cum
1100 1140 1271 1190 antea
1320 1134 1655 1190 mortalium
1716 1133 1936 1190 nemini

282 1222 347 1277 in
381 1227 636 1278 mentem
684 1223 970 1291 venerint,
1022 1221 1231 1277 adduci
1278 1221 1531 1293 profecto
1573 1220 1939 1276 debebantur

285 1311 358 1366 ad
400 1309 544 1365 illud
581 1311 943 1382 probandum
1004 1312 1157 1382 quod
1198 1310 1428 1366 nullum
1475 1309 1534 1364 in
1589 1309 1937 1381 antiquitate

281 1403 410 1455 tota
429 1399 741 1472 vestigium
771 1401 1039 1456 habebat.
1070 1400 1199 1456 Haec
1229 1400 1493 1472 apposite
1515 1398 1787 1454 neoterici
1833 1414 1935 1453 no-

280 1489 412 1558 stri,
462 1494 528 1545 ut
559 1489 807 1561 petitum
838 1490 994 1545 istud
1036 1507 1069 1545 a
1105 1490 1387 1561 Cypriane
1431 1491 1845 1560 argumentum
1875 1486 1935 1542 in

283 1579 629 1634 Lutheranis
673 1579 1031 1649 jamdudum
1074 1578 1446 1652 proﬂigatum
1481 1594 1550 1634 ex
1607 1577 1714 1633 hac
1770 1580 1936 1648 parte

280 1668 652 1724 suﬂ‘ulcirent
680 1685 747 1724 ac
777 1669 1235 1724 corroborarent.

356 1757 442 1812 Ad
470 1758 817 1814 secumdum
845 1773 979 1813 vero
1009 1760 1164 1829 quod
1197 1761 1442 1830 spectat,
1476 1774 1602 1828 quis
1626 1772 1763 1822 non,
1786 1755 1935 1812 bons

286 1845 442 1902 Deus
469 1843 483 1901 ι
515 1845 604 1902 illi
645 1846 935 1912 dixerunt,
970 1863 1097 1918 quis
1141 1864 1253 1902 non
1313 1845 1692 1902 cumularunt
1741 1849 1804 1900 ut
1835 1847 1935 1916 Cy-

281 1934 552 2008 prianiin
583 1935 943 2007 Stephanum
967 1935 1172 2006 agendi
1197 1936 1478 1991 rationem
1507 1951 1622 1990 non
1655 1933 1840 1989 solam
1864 1934 1934 1988 ab

283 2024 448 2080 omni
470 2028 634 2081 reatu
656 2025 1002 2092 immunem,
1029 2025 1129 2080 sed
1161 2028 1217 2080 et
1237 2023 1539 2080 charitatis
1561 2028 1616 2078 et
1646 2022 1938 2095 aequitatis

279 2112 517 2185 plenam
550 2129 615 2169 ac
645 2113 844 2169 animo
895 2112 1211 2186 episcopali
1240 2118 1298 2169 et
1325 2112 1640 2184 apostolico
1685 2127 1812 2166 vere
1856 2111 1938 2165 di-

283 2217 463 2274 gnam
487 2201 656 2257 nobis
688 2202 1066 2258 ostenderent
1097 2219 1163 2257 ac
1186 2203 1539 2257 suaderent?
1561 2201 1691 2256 Haec
1723 2199 1834 2256 nisi
1856 2203 1936 2256 le-

276 2296 575 2363 gerentur,
611 2289 744 2363 quis
785 2291 1014 2364 uspiam
1047 2290 1392 2358 catholicus,
1425 2290 1558 2362 quis
1603 2306 1786 2345 sanus
1813 2305 1935 2344 cre-

271 2381 412 2435 dere
441 2379 778 2452 potuisset?
805 2381 1016 2436 Statim
1049 2397 1164 2453 quo
1214 2379 1497 2435 lectorum
1538 2379 1768 2435 animos
1821 2378 1934 2435 sibi

268 2468 670 2538 conciliarent,
725 2486 828 2524 nec
870 2487 985 2526 non
1033 2470 1105 2526 ad
1165 2487 1291 2541 quae
1359 2486 1460 2540 pro
1516 2467 1782 2542 Cypriani
1834 2469 1934 2525 de-

266 2557 535 2614 fensione
569 2558 855 2631 prolaturi
903 2564 1070 2615 erant
1092 2560 1294 2616 I218
1320 2559 1570 2631 benigne
1591 2557 1934 2630 excipienda

269 2647 582 2703 redderent
621 2647 1052 2718 paratissimos,
1101 2649 1358 2704 maxima
1411 2646 1680 2721 Cypriani
1724 2646 1932 2702 merita

275 2737 713 2807 commendare,
748 2737 1038 2793 immensa
1068 2738 1139 2793 de
1160 2736 1442 2810 Cypriano
1467 2735 1759 2792 celebrare
1781 2752 1929 2806 prce-

269 2824 445 2880 conia
475 2825 662 2880 adorti
684 2830 841 2881 sunt.
870 2827 1123 2892 Quzssita
1147 2827 1404 2898 undique
1427 2824 1928 2881 laboreimmenso

271 2918 452 2984 atque
477 2917 758 2986 congesta
781 2931 1143 2986 quaecunque
1167 2915 1240 2969 ad
1271 2913 1536 2986 Cypriani
1560 2914 1932 2969 commenda-

269 3001 494 3057 tionem
527 3001 904 3075 aliquatenus
930 3004 1339 3075 conducerent,
1355 3002 1600 3058 concilia
1623 3008 1748 3058 tum
1779 3018 1928 3058 oecu-

269 3091 524 3160 menica,
557 3096 684 3147 tum
717 3092 1111 3166 particularla.
1146 3091 1393 3148 Romani
1428 3091 1540 3164 ipsi
1593 3091 1924 3160 Pontifices,

268 3180 540 3236 Ecclesia
574 3181 773 3238 Patres
803 3187 860 3239 et
888 3182 1183 3253 Doctores,
1234 3181 1494 3238 historici
1544 3186 1601 3236 et
1638 3181 1820 3238 Grzsci
1867 3185 1926 3238 et

269 3269 480 3338 Latini,
516 3277 806 3343 quotquot
849 3288 976 3328 esse
1008 3249 1297 3344 poterant,
1329 3269 1604 3344 appellati
1660 3271 1920 3327 fuerunt.
1954 3249 1996 3316 (ἶ

268 3359 540 3415 Adducta
573 3376 722 3416 nova
748 3364 803 3416 et
835 3365 1026 3417 vetera
1052 3359 1460 3432 Martyrologia
1490 3364 1663 3432 atque
1714 3359 1920 3416 Kalen-

268 3447 457 3517 daria,
493 3448 729 3505 Missale
780 3449 1259 3516 Ambrosianum,
1293 3449 1499 3522 priscas
1555 3466 1620 3505 ac
1665 3453 1924 3506 recentes

269 3537 634 3594 diversarum
664 3537 1044 3595 ecclesiarum
1064 3539 1272 3606 Missa},
1293 3538 1683 3607 Prisfationes,
1715 3545 1771 3596 et
1800 3539 1925 3611 ipse

273 3625 495 3682 Canon.
531 3627 720 3683 Citata
778 3645 927 3684 nova
972 3633 1030 3684 et
1083 3632 1277 3684 vetera
1333 3628 1923 3696 Breviarialtomana,

273 3715 613 3788 Hispanica,
649 3716 890 3784 Gallica,
934 3723 992 3773 et
1038 3717 1156 3772 imo
1187 3717 1381 3772 relatas
1429 3718 1620 3789 ipsius
1657 3717 1930 3774 Breviarii

270 3804 544 3874 rubricae,
579 3822 683 3862 nec
715 3823 828 3862 non
860 3806 1029 3862 varias
1078 3805 1453 3863 ecclesiarum
1502 3807 1769 3864 Litaniae:
1805 3808 1928 3865 lau-

270 3894 408 3950 date
464 3911 698 3967 quoque
745 3895 1013 3968 Cypriani
1075 3895 1437 3968 reliquarum
1492 3896 1930 3968 translationes,

270 3981 465 4056 ipsius
499 3984 631 4040 festi
654 3983 1056 4042 solemnitates
1074 4002 1140 4041 ac
1162 3984 1361 4057 plures
1386 3986 1496 4042 sub
1515 3985 1672 4042 illius
1694 3987 1934 4043 nomine

267 4072 656 4129 ecclesiarum
701 4073 1118 4141 dedicationes,
1171 4090 1278 4130 nec
1308 4074 1593 4131 omissum
1644 4077 1800 4146 quod
1861 4077 1934 4132 ab

269 4161 570 4233 aliquibus
601 4163 660 4219 in
689 4166 745 4220 Β.
767 4162 1036 4237 Cypriani
1062 4162 1568 4236 vigiliajejunium
1593 4169 1786 4221 actum
1817 4166 1938 4222 fue-

269 4252 350 4307 rit
381 4252 481 4323 (7),
516 4255 574 4308 et
605 4251 774 4324 quasi
805 4256 972 4308 tanta
993 4256 1377 4310 monumenta
1407 4253 1674 4326 Cypriani
1710 4254 1936 4328 magni-

265 4341 539 4396 tudinem
573 4345 749 4415 atque
787 4340 1188 4398 excellentiam
1237 4345 1440 4412 totam,
1475 4344 1818 4415 quantafuit
1834 4345 1940 4401 mi-

275 4429 436 4486 nime
458 4430 602 4486 satis
633 4431 1055 4488 adumbrarent
1083 4448 1148 4487 ac
1180 4432 1510 4505 proderent,
1529 4435 1615 4488 tot
1635 4432 1802 4489 illum
1835 4451 1937 4490 no-

342 4573 421 4647 (_4)
445 4572 604 4647 Felix
635 4574 996 4647 Deschamps
1016 4575 1075 4630 in
1107 4592 1215 4630 sua
1247 4576 1317 4630 de
1363 4591 1596 4631 summo
1657 4576 1935 4634 Pontifice

268 4644 530 4715 Epistola
551 4647 620 4703 ad
646 4644 963 4702 Martinum
1014 4647 1295 4717 Steyaert,

266 4717 548 4773 decretum
577 4720 956 4788 deﬁnitorium
986 4721 1045 4774 in
1093 4719 1326 4774 concilio
1354 4717 1617 4775 ’Romano
1667 4719 1838 4776 edidit
1879 4731 1935 4776 et

270 4788 344 4844 ad
373 4805 559 4845 omnes
599 4791 785 4862 ﬁdeles
813 4791 1020 4846 direxit
1079 4806 1182 4862 quo
1225 4789 1459 4847 intendit
1507 4791 1775 4864 obligare,
1832 4793 1931 4864 sub

267 4864 857 4934 excommunicationis
907 4879 1087 4932 paena,
1118 4879 1301 4918 omnes
1348 4865 1572 4918 omnino
1619 4863 1803 4934 ﬁdeles
1860 4863 1932 4920 ad

268 4932 602 5059 gredepdum
658 4951 767 4990 non
829 4934 1245 5005 rebaptizandos
1291 4950 1408 4992 esse
1479 4932 1786 5006 baptizatos
1862 4936 1930 4991 ab

313 5019 422 5059 aere
449 5021 567 5059 ms.

313 5006 567 5060 aereticz's.

343 5075 420 5143 (5)
458 5077 612 5131 Idem
649 5077 788 5132 ibid.
822 5076 892 5132 Et
921 5076 1176 5132 Jacobus
1201 5075 1425 5132 Gilbert
1456 5077 1516 5132 in
1559 5081 1810 5133 tractatu
1866 5079 1937 5133 de

268 5147 421 5221 Sedis
467 5150 781 5221 apostolica:
810 5151 1080 5221 primatu,
1115 5153 1318 5221 quaest.
1351 5149 1405 5214 5,
1440 5150 1529 5217 §2
1553 5167 1592 5221 :7
1630 5149 1936 5221 Stephanus

266 5218 544 5275 decretum
575 5218 966 5289 deﬁnitorium
997 5218 1109 5274 edit
1133 5218 1198 5275 et
1219 5220 1288 5275 ad
1340 5237 1526 5276 omnes
1564 5218 1745 5289 ﬁdeles
1802 5221 1938 5276 diri-

267 5292 350 5362 git
397 5296 477 5364 utg
512 5288 662 5346 illos
698 5307 884 5347 omnes
942 5293 1187 5364 instruat
1237 5293 1296 5364 in
1353 5288 1590 5364 materia
1643 5295 1692 5346 et
1742 5301 1939 5364 puncto

268 5363 488 5436 summi
517 5367 781 5419 momenti
810 5380 918 5436 qua
957 5363 1229 5432 agebatur
1265 5363 1329 5419 de
1374 5363 1672 5419 validitate
1711 5363 1791 5420 vel
1822 5366 1939 5418 nul-

274 5435 442 5507 titate
473 5434 724 5507 baptismi
741 5434 863 5492 sine
903 5451 1005 5507 quo
1033 5436 1222 5490 nullus
1249 5436 1481 5492 satlvari
1499 5439 1696 5504 potest,
1747 5441 1801 5491 et
1847 5450 1944 5505 per

277 5506 426 5562 illud
456 5506 728 5561 decretum
773 5506 1012 5563 intendit
1049 5507 1288 5577 obligare
1337 5523 1522 5562 omnes
1558 5507 1778 5564 omnino
1815 5507 1943 5576 ﬁde-

277 5579 355 5634 les
403 5578 473 5632 ad
519 5579 847 5634 credendum
876 5597 985 5635 non
1025 5578 1440 5650 rebaptizandos
1477 5595 1592 5635 esse
1641 5580 1944 5650 baptizatos

282 5651 354 5706 ab
383 5651 677 5708 haereticis.

355 5724 503 5781 Item
537 5723 808 5781 defensor
836 5723 1029 5781 Declar
1081 5722 1280 5780 Gallic.
1341 5739 1436 5780 an.
1492 5721 1630 5778 1682
1675 5723 1824 5795 part.
1888 5739 1948 5794 ιι,

2051 613 2294 652 numero
2354 596 2677 664 cumulant,
2730 600 3088 667 onerantque
3139 601 3201 650 ut
3262 595 3354 651 vix
3403 595 3701 654 hominem

2049 687 2273 742 credas.

2120 776 2290 831 Absit
2313 778 2376 830 ut
2407 774 2675 830 maximis
2699 774 2964 848 Cypriani
2998 772 3246 842 meritis,
3296 791 3361 830 ac
3411 774 3697 848 singulari

2048 881 2227 937 quam
2248 865 2402 936 apud
2434 865 2787 934 omnesjure
2817 863 3069 918 obtinuit
3099 863 3475 930 venerationi,
3527 865 3696 936 quid-

2047 970 2229 1026 quam
2259 955 2583 1009 detractum
2614 953 2881 1009 velimus.
2909 951 3085 1009 Nobis
3110 958 3303 1009 tamen
3335 958 3563 1010 constat
3579 971 3696 1010 non

2048 1059 2265 1114 paucos
2292 1059 2486 1099 rerum
2522 1059 2718 1114 aequos
2739 1043 3123 1097 testimatores
3154 1048 3237 1097 tot
3261 1043 3320 1097 in
3342 1042 3698 1116 Cyprianum

2047 1131 2263 1186 eﬂ‘usas
2295 1131 2421 1187 sine
2441 1131 2666 1187 delectu
2693 1129 2894 1186 laudes
2918 1130 3065 1186 ferre
3088 1148 3203 1186 non
3251 1149 3444 1203 posse,
3475 1149 3593 1188 non
3633 1150 3700 1189 ea

2045 1219 2237 1276 solum
2269 1221 2341 1276 de
2369 1237 2547 1276 causa
2578 1221 2734 1291 quod
2784 1219 2978 1275 nimiae
3019 1219 3225 1276 laudes
3254 1225 3465 1277 vexant
3496 1223 3698 1278 mode-

2047 1314 2193 1378 stos,
2225 1311 2324 1366 sed
2349 1310 2487 1382 quia
2507 1309 2636 1366 laus
2654 1309 2847 1366 omnis
2869 1308 3244 1382 hyperbolice
3265 1310 3466 1366 odium
3489 1311 3697 1382 primo,

2045 1397 2256 1454 deinde
2283 1404 2686 1470 contemptum
2732 1398 2903 1471 parit.
2939 1399 3040 1455 Est
3068 1399 3247 1466 enim,
3300 1399 3599 1472 inquiunt,
3636 1399 3701 1454 in

2039 1487 2174 1559 jure
2205 1489 2417 1544 titulus
2448 1489 2519 1544 de
2549 1489 2738 1544 Pluris
2753 1490 3040 1561 petitione,
3060 1487 3235 1560 utqui
3259 1489 3394 1560 plus
3423 1488 3700 1560 postulat,

2045 1577 2244 1633 minus
2275 1577 2550 1650 accipiat;
2585 1577 2871 1649 nobisque
2901 1595 2935 1634 a
2969 1582 3180 1634 natura
3212 1578 3466 1633 inditum
3495 1583 3605 1645 est,
3639 1573 3703 1634 ut

2045 1683 2180 1723 cum
2212 1666 2427 1739 aliquis
2457 1668 2591 1739 plus
2615 1669 2780 1740 justo
2815 1666 3127 1737 extollitur,
3161 1667 3412 1724 naturali
3445 1669 3698 1740 quadam

2044 1757 2434 1828 propensione
2454 1773 2734 1813 conemur
2756 1756 2924 1812 illum
2955 1757 3304 1830 deprimere.
3347 1757 3698 1830 Cyprianum

2045 1847 2368 1902 maximum
2398 1846 2666 1902 Ecclesia
2712 1847 2983 1903 africanae
3036 1849 3214 1903 decus
3264 1851 3699 1916 ornamentum,

2051 1935 2425 2007 splendidum
2451 1936 2544 1991 sui
2576 1935 2774 1991 saeculi
2804 1935 3024 2007 lumen,
3065 1935 3476 2010 gravissimum
3518 1935 3700 1994 totius

2048 2025 2318 2080 Ecclesiae
2375 2025 2692 2093 doctorem,
2768 2025 3181 2082 sanctisimum
3236 2025 3579 2098 episcopum
3631 2043 3698 2082 ac

2047 2118 2360 2186 martyrem
2393 2113 2883 2186 gloriosissimum
2917 2115 3049 2186 quis
3077 2132 3191 2170 non
3223 2114 3514 2187 praedicet,
3565 2115 3700 2187 quis

2048 2219 2163 2257 non
2189 2201 2502 2273 praedicare
2529 2202 2802 2274 cogitavit
2832 2219 3092 2274 unquam
3113 2203 3140 2257 ‘t
3173 2203 3312 2270 Quis
3341 2203 3556 2274 pariter
3603 2205 3703 2276 Cy-

2046 2291 2279 2364 prianm
2302 2295 2586 2363 tanquam
2609 2291 2741 2346 ﬁdei
2760 2291 3286 2364 propugnaculum,
3312 2293 3700 2349 traditionum

2044 2379 2537 2451 promptuarium,
2564 2379 2889 2452 disciplinae
2917 2379 3320 2436 ecclesiasticis
3354 2381 3698 2452 palladium,

2045 2467 2288 2524 moralis
2327 2467 2668 2540 evangelica
2709 2469 3172 2541 firmamentum,
3231 2486 3299 2526 ac
3355 2470 3702 2528 Christianae

2042 2557 2322 2612 doctrinas
2351 2557 2786 2612 munimentum
2819 2574 2934 2612 non
2959 2563 3240 2630 agnoscat
3261 2563 3363 2614 aut
3385 2575 3499 2615 non
3523 2576 3701 2632 agno-

2040 2646 2226 2702 verit?
2257 2647 2386 2701 Haec
2409 2662 2580 2718 porro
2611 2646 2751 2717 quia
2781 2651 2937 2702 certa
2958 2651 3097 2702 sunt
3128 2663 3194 2702 ac
3237 2650 3556 2705 servandos
3603 2665 3698 2705 ve-

2039 2735 2230 2790 ritatis
2258 2734 2476 2791 limites
2508 2735 2751 2790 minime
2775 2736 3219 2804 transcendunt,
3251 2735 3501 2792 libenter
3519 2742 3575 2792 et
3599 2755 3704 2793 au-

2040 2825 2300 2891 diuntur,
2334 2828 2390 2879 et
2420 2841 2454 2879 a
2486 2823 2698 2879 nenine
2721 2841 2837 2880 non
2863 2824 3302 2896 probantur.At
3329 2841 3460 2896 quis
3493 2826 3563 2882 de
3591 2830 3696 2899 Cy-

2038 2916 2244 2986 priano
2266 2912 2483 2985 sapius
2518 2916 2862 2983 ostentatur,
2896 2918 3179 2986 tanquam
3225 2913 3378 2970 inter
3426 2914 3692 2971 Ecclesia;

2038 3004 2304 3060 doctores
2335 3019 2400 3058 ac
2433 3003 2745 3075 magistros
2778 3004 3098 3074 primatum
3121 3002 3436 3072 obtinente,
3461 3003 3562 3075 qui
3599 3003 3691 3060 in-

2035 3092 2191 3165 genii
2216 3091 2598 3158 sublimitate,
2633 3090 2846 3163 judicii
2895 3091 3251 3162 maturitate,
3305 3092 3534 3149 dicendi
3580 3093 3694 3150 ele-

2037 3182 2255 3254 gantia,
2285 3181 2560 3237 doctrinas
2584 3181 2854 3254 puritate,
2886 3181 3234 3239 eruditionis
3287 3182 3692 3254 amplitudine,

2036 3273 2274 3329 demum
2337 3270 2644 3340 charitate,
2705 3270 3005 3342 patientia,
3066 3271 3302 3343 pietate,
3361 3271 3697 3343 ceterisque

2032 3359 2213 3418 animi
2237 3360 2472 3416 dotibus
2503 3376 2568 3415 ac
2599 3359 2914 3415 virtutibus
2961 3359 3056 3415 vix
3077 3359 3180 3416 ulli
3201 3361 3528 3432 comparari
3559 3377 3701 3433 pos-

2033 3453 2146 3520 sit;
2183 3449 2284 3524 qui
2317 3450 2396 3505 nil
2438 3450 2551 3505 nisi
2582 3456 2780 3506 sancte
2838 3451 3107 3522 gesserit,
3173 3451 3379 3508 1279
3442 3451 3522 3506 nil
3585 3451 3697 3507 nisi

2034 3547 2187 3597 recte
2209 3540 2474 3596 docuerit
2538 3540 2680 3595 adeo
2713 3544 2776 3595 ut
2805 3563 2834 3590 ‹‹
2867 3541 2940 3595 ab
2987 3539 3105 3596 illis
3166 3540 3342 3596 etiam
3379 3539 3697 3597 levissimis

2035 3629 2331 3686 erroribus
2365 3628 2649 3684 immunis
2682 3628 2986 3700 exstiterit,
3022 3630 3119 3700 qui
3172 3629 3378 3701 primis
3422 3628 3693 3686 Ecclesiae

2039 3719 2309 3776 Patribus
2337 3735 2682 3775 communes
2713 3720 2950 3775 {uerunt
2971 3719 3070 3792 (8),
3095 3742 3122 3769 ››
3161 3718 3365 3787 etalia
3397 3719 3455 3774 id
3505 3735 3692 3792 genus

2038 3807 2350 3881 permulta,
2391 3825 2518 3880 quae
2555 3808 2648 3863 vix
2677 3807 2734 3864 in
2782 3807 3156 3881 hyperbolico
3204 3808 3552 3881 panegyrico
3607 3813 3694 3865 to-

2038 3896 2386 3964 lerarentur,
2419 3897 2558 3969 quia
2588 3897 2772 3952 nimia
2800 3903 2857 3953 et
2886 3897 3277 3953 redundantia
3316 3897 3690 3954 stomachum

2043 3989 2298 4052 movent,
2323 3985 2530 4058 frigide
2559 3985 2945 4056 excipiuntur,
2973 3984 3199 4041 insulsa
3221 3985 3510 4050 videntur,
3531 4002 3690 4059 sper-

2045 4081 2286 4144 nuntur,
2312 4079 2368 4130 et
2391 4074 2728 4130 irridentur.
2751 4075 2834 4129 Ita
2855 4074 3093 4146 plurimi
3120 4075 3561 4142 ratiocinantur,
3587 4073 3690 4146 qui

2044 4165 2154 4220 etsi
2185 4165 2332 4219 bene
2363 4163 2551 4219 sciant
2570 4161 2717 4218 nulli
2737 4161 2966 4219 facilius
2983 4162 3211 4219 veniam
3233 4163 3490 4231 concedi,
3511 4179 3689 4235 quam

2044 4253 2129 4309 illi
2161 4253 2259 4324 qui
2294 4253 2363 4308 de
2412 4252 2612 4308 nimiis
2642 4267 2780 4324 erga
2804 4269 2908 4309 nos
2937 4251 3214 4309 laudibus
3245 4255 3577 4321 accusatur,
3627 4252 3689 4308 in

2045 4341 2164 4400 illis
2187 4347 2377 4398 tamen
2412 4341 2799 4414 rependendis
2826 4342 3066 4397 modum
3097 4358 3130 4397 a
3160 4342 3394 4398 nomine
3413 4342 3690 4398 exceden-

2047 4433 2188 4489 dum
2223 4448 2352 4488 esse
2376 4435 2604 4504 putant.

2047 4575 2148 4631 lib.
2173 4591 2286 4644 xxv,
2319 4589 2441 4645 cap.
2486 4573 2549 4627 5:
2601 4572 2907 4645 Stephanus
2948 4572 3220 4630 decretum
3257 4574 3502 4632 condidit
3539 4583 3591 4632 et
3625 4575 3698 4632 ad

1350 4664 1402 4718 p.
1465 4647 1569 4702 25:
1623 4624 1934 4714 Stephanus
1966 4624 2012 4688 Ῑ)
2043 4663 2223 4703 omnes
2254 4624 2701 4718 vnisitrecclesiasi

2109 4718 2186 4790 (6)
2204 4718 2359 4790 Felix
2383 4716 2768 4790 Deschamps,
2801 4721 2856 4772 et
2884 4717 3140 4773 Jacobus
3181 4717 3402 4774 Gilbert
3429 4720 3488 4774 in
3546 4718 3693 4775 locis

2042 4789 2214 4846 medo
2247 4789 2460 4844 citatis.

2112 4861 2189 4932 (7)
2220 4860 2336 4915 Hac
2368 4861 2438 4933 in
2459 4877 2541 4927 re,
2564 4859 2803 4916 consule
2833 4875 2948 4933 pris
2997 4859 3223 4916 caeteris
3271 4859 3598 4933 Launoium
3631 4859 3692 4915 in

2043 4933 2216 5014 epist.
2241 4932 2452 5014 ligauit.
2464 4931 2851 5014 lieuitahquam,’
2867 4936 3174 5014 partem},
3185 4934 3350 5014 epist.
3384 4931 3522 5014 edit.
3552 4937 3692 5014 Can:

2045 5001 2195 5060 tabr.
2233 5004 2403 5070 1889;
2439 5003 2576 5059 item
2629 5001 2688 5059 Pl
2735 5001 3002 5060 Gersium
3036 5003 3096 5059 in
3127 5001 3278 5075 Vita,
3314 5007 3375 5058 S.
3425 5001 3692 5075 Cypriani

2045 5075 2262 5158 Gallico
2294 5075 2569 5158 idiomate
2593 5075 2746 5158 typis
2777 5076 3055 5158 mandata
3078 5073 3521 5158 P'ari’sii‘sﬂﬂ.‘
3549 5073 3692 5158 Item

2120 5150 2181 5220 D.
2212 5148 2580 5204 Lombcrtum
2613 5145 2671 5202 in
2707 5147 3158 5220 Przsfat._operis
3189 5145 3393 5202 Gallici
3426 5145 3692 5220 inscripti

2047 5221 2126 5276 les
2145 5219 2379 5277 0Euvres
2396 5220 2461 5275 de
2483 5225 2538 5275 S.
2581 5220 2817 5291 Cyprien
2842 5217 3106 5275 traduites
3143 5234 3216 5274 en
3260 5218 3531 5289 franeais,
3575 5217 3696 5273 edit

2047 5297 2349 5365 Rotomag.
2376 5292 2542 5365 1716.

2120 5365 2196 5436 (8)
2246 5358 2452 5432 Dupin,
2514 5361 2849 5436 Bibtiotheea
2891 5363 3181 5436 ductorum
3234 5359 3451 5418 Eccles.
3501 5364 3611 5416 tom
3647 5358 3695 5436 Ι,

2051 5433 2186 5507 pag;
2248 5439 2374 5492 534.
2440 5436 2617 5507 Paris.
2672 5433 2937 5507 1688,_S.
3004 5433 3241 5504 Cyprien
3309 5442 3402 5507 est
3456 5435 3697 5507 exempt,

2040 5505 2104 5580 j‘e
2127 5505 2194 5562 nc
2233 5509 2314 5562 dis
2348 5523 2442 5579 pus
2483 5506 2797 5580 settlement
2821 5505 2912 5580 des
2951 5521 3166 5561 erreurs
3205 5506 3518 5580 grossieres,
3554 5505 3698 5580 mdis

2053 5575 2207 5634 aussi
2226 5582 2289 5634 de
2310 5575 2468 5635 cettes
2491 5581 2586 5648 qui
2625 5585 2745 5632 sont
2782 5578 2985 5649 lége‘res
3018 5581 3065 5633 et
3099 5575 3405 5634 communes
3444 5578 3584 5634 dans
3627 5575 3702 5630 les

2055 5652 2214 5706 Peras
2251 5650 2339 5707 des
2357 5651 2630 5723 premiers
2657 5648 2878 5707 siectes.

3550 377 3707 439 1330
3811 403 3813 406 ⁴
