  <div class='ocr_page' id='page_1' title='image "/cluster/home/n/w/nwhite01/storage/ocr_20150623/3/hvd.32044073549586/719.png"; bbox 0 0 4088 6174; ppageno 0'>
   <div class='ocr_carea' id='block_1_1' title="bbox 462 334 608 397">
    <p class='ocr_par' dir='ltr' id='par_1_1' title="bbox 462 334 608 397">
     <span class='ocr_line' id='line_1_1' title="bbox 462 334 608 397; baseline 0 -3"><span class='ocrx_word' id='word_1_1' title='bbox 462 334 608 397; x_wconf 78' lang='lat'><strong>1331</strong></span> 
     </span>
    </p>
   </div>
   <div class='ocr_carea' id='block_1_2' title="bbox 1521 332 2839 397">
    <p class='ocr_par' dir='ltr' id='par_1_2' title="bbox 1521 332 2839 397">
     <span class='ocr_line' id='line_1_2' title="bbox 1521 332 2839 397; baseline -0.001 -2"><span class='ocrx_word' id='word_1_2' title='bbox 1521 335 1624 395; x_wconf 85' lang='lat' dir='ltr'><strong>DE</strong></span> <span class='ocrx_word' id='word_1_3' title='bbox 1669 332 2264 397; x_wconf 62' lang='lat' dir='ltr'><strong>HIERETICORUM</strong></span> <span class='ocrx_word' id='word_1_4' title='bbox 2307 333 2839 394; x_wconf 85' lang='lat' dir='ltr'><strong>BAPTISMATE.</strong></span> 
     </span>
    </p>
   </div>
   <div class='ocr_carea' id='block_1_3' title="bbox 3642 345 3761 406">
    <p class='ocr_par' dir='ltr' id='par_1_3' title="bbox 3642 345 3761 406">
     <span class='ocr_line' id='line_1_3' title="bbox 3642 345 3761 406; baseline 0.034 -4"><span class='ocrx_word' id='word_1_5' title='bbox 3642 345 3761 406; x_wconf 77' lang='lat'><strong>1332</strong></span> 
     </span>
    </p>
   </div>
   <div class='ocr_carea' id='block_1_4' title="bbox 531 466 3762 544">
    <p class='ocr_par' dir='ltr' id='par_1_4' title="bbox 531 466 3762 544">
     <span class='ocr_line' id='line_1_4' title="bbox 531 466 3762 544; baseline 0.002 -20"><span class='ocrx_word' id='word_1_6' title='bbox 531 467 741 524; x_wconf 89' lang='lat' dir='ltr'><strong>Verum</strong></span> <span class='ocrx_word' id='word_1_7' title='bbox 773 466 1061 539; x_wconf 86' lang='lat' dir='ltr'><strong>quidquid</strong></span> <span class='ocrx_word' id='word_1_8' title='bbox 1084 467 1162 524; x_wconf 85' lang='lat' dir='ltr'><strong>sit</strong></span> <span class='ocrx_word' id='word_1_9' title='bbox 1191 468 1261 524; x_wconf 93' lang='lat' dir='ltr'><strong>de</strong></span> <span class='ocrx_word' id='word_1_10' title='bbox 1290 467 1420 540; x_wconf 88' lang='lat' dir='ltr'><strong>hoc,</strong></span> <span class='ocrx_word' id='word_1_11' title='bbox 1445 469 1600 540; x_wconf 90' lang='lat' dir='ltr'><strong>quod</strong></span> <span class='ocrx_word' id='word_1_12' title='bbox 1640 466 1948 524; x_wconf 77' lang='lat' dir='ltr'><strong>neotericis</strong></span> <span class='ocrx_word' id='word_1_13' title='bbox 2006 481 2110 521; x_wconf 91' lang='lat' dir='ltr'><strong>no-</strong></span> <span class='ocrx_word' id='word_1_14' title='bbox 2143 467 2197 535; x_wconf 82' lang='grc' dir='ltr'><strong>Α</strong></span> <span class='ocrx_word' id='word_1_15' title='bbox 2225 466 2522 538; x_wconf 80' lang='lat' dir='ltr'><strong>superavit</strong></span> <span class='ocrx_word' id='word_1_16' title='bbox 2545 466 2605 522; x_wconf 89' lang='lat' dir='ltr'><strong>P.</strong></span> <span class='ocrx_word' id='word_1_17' title='bbox 2639 466 2972 522; x_wconf 88' lang='lat' dir='ltr'><strong>Gervasius.</strong></span> <span class='ocrx_word' id='word_1_18' title='bbox 3009 466 3229 522; x_wconf 85' lang='lat' dir='ltr'><strong>Etenim</strong></span> <span class='ocrx_word' id='word_1_19' title='bbox 3260 466 3314 522; x_wconf 90' lang='lat' dir='ltr'><strong>in</strong></span> <span class='ocrx_word' id='word_1_20' title='bbox 3335 468 3452 525; x_wconf 79' lang='lat' dir='ltr'><strong>Vita</strong></span> <span class='ocrx_word' id='word_1_21' title='bbox 3467 470 3762 544; x_wconf 84' lang='lat' dir='ltr'><strong>S.Cypriani.</strong></span> 
     </span>
    </p>
   </div>
   <div class='ocr_carea' id='block_1_5' title="bbox 460 554 2114 628">
    <p class='ocr_par' dir='ltr' id='par_1_5' title="bbox 460 554 2114 628">
     <span class='ocr_line' id='line_1_5' title="bbox 460 554 2114 628; baseline -0.002 -15"><span class='ocrx_word' id='word_1_22' title='bbox 460 554 599 614; x_wconf 86' lang='lat' dir='ltr'><strong>stris</strong></span> <span class='ocrx_word' id='word_1_23' title='bbox 624 555 900 628; x_wconf 90' lang='lat' dir='ltr'><strong>inuritur,</strong></span> <span class='ocrx_word' id='word_1_24' title='bbox 931 555 1093 625; x_wconf 90' lang='lat' dir='ltr'><strong>vitio,</strong></span> <span class='ocrx_word' id='word_1_25' title='bbox 1135 557 1303 614; x_wconf 78' lang='lat' dir='ltr'><strong>fateri</strong></span> <span class='ocrx_word' id='word_1_26' title='bbox 1333 574 1537 613; x_wconf 91' lang='lat' dir='ltr'><strong>omnes</strong></span> <span class='ocrx_word' id='word_1_27' title='bbox 1586 558 1870 614; x_wconf 84' lang='lat' dir='ltr'><strong>debemus</strong></span> <span class='ocrx_word' id='word_1_28' title='bbox 1899 554 1983 611; x_wconf 90' lang='lat' dir='ltr'><strong>nil</strong></span> <span class='ocrx_word' id='word_1_29' title='bbox 2039 554 2114 610; x_wconf 86' lang='lat' dir='ltr'><strong>ab</strong></span> 
     </span>
    </p>
   </div>
   <div class='ocr_carea' id='block_1_6' title="bbox 463 645 2115 719">
    <p class='ocr_par' dir='ltr' id='par_1_6' title="bbox 463 645 2115 719">
     <span class='ocr_line' id='line_1_6' title="bbox 463 645 2115 719; baseline -0.002 -17"><span class='ocrx_word' id='word_1_30' title='bbox 463 645 613 719; x_wconf 81' lang='lat' dir='ltr'>ipsis</span> <span class='ocrx_word' id='word_1_31' title='bbox 647 645 1131 719; x_wconf 64' lang='lat' dir='ltr'><strong>prastermissum,</strong></span> <span class='ocrx_word' id='word_1_32' title='bbox 1155 662 1270 718; x_wconf 89' lang='lat' dir='ltr'><strong>quo</strong></span> <span class='ocrx_word' id='word_1_33' title='bbox 1304 646 1589 704; x_wconf 90' lang='lat' dir='ltr'><strong>lectorum</strong></span> <span class='ocrx_word' id='word_1_34' title='bbox 1640 646 1869 702; x_wconf 86' lang='lat' dir='ltr'><strong>animos</strong></span> <span class='ocrx_word' id='word_1_35' title='bbox 1917 646 1989 701; x_wconf 91' lang='lat' dir='ltr'><strong>ad</strong></span> <span class='ocrx_word' id='word_1_36' title='bbox 2047 661 2115 700; x_wconf 89' lang='lat' dir='ltr'><strong>ea</strong></span> 
     </span>
    </p>
   </div>
   <div class='ocr_carea' id='block_1_7' title="bbox 464 735 2114 808">
    <p class='ocr_par' dir='ltr' id='par_1_7' title="bbox 464 735 2114 808">
     <span class='ocr_line' id='line_1_7' title="bbox 464 735 2114 808; baseline -0.001 -18"><span class='ocrx_word' id='word_1_37' title='bbox 464 736 902 806; x_wconf 84' lang='lat' dir='ltr'><strong>comprobanda</strong></span> <span class='ocrx_word' id='word_1_38' title='bbox 932 735 1311 807; x_wconf 80' lang='lat' dir='ltr'><strong>disponerent</strong></span> <span class='ocrx_word' id='word_1_39' title='bbox 1367 741 1424 792; x_wconf 90' lang='lat' dir='ltr'><strong>et</strong></span> <span class='ocrx_word' id='word_1_40' title='bbox 1452 736 1828 804; x_wconf 81' lang='lat' dir='ltr'><strong>inclinarent,</strong></span> <span class='ocrx_word' id='word_1_41' title='bbox 1853 752 1979 808; x_wconf 67' lang='lat' dir='ltr'><strong>qum</strong></span> <span class='ocrx_word' id='word_1_42' title='bbox 2010 750 2114 805; x_wconf 90' lang='lat' dir='ltr'><strong>pro</strong></span> 
     </span>
    </p>
   </div>
   <div class='ocr_carea' id='block_1_8' title="bbox 463 822 2114 897">
    <p class='ocr_par' dir='ltr' id='par_1_8' title="bbox 463 822 2114 897">
     <span class='ocr_line' id='line_1_8' title="bbox 463 822 2114 897; baseline -0.001 -17"><span class='ocrx_word' id='word_1_43' title='bbox 463 822 733 896; x_wconf 82' lang='lat' dir='ltr'><strong>Cypriani</strong></span> <span class='ocrx_word' id='word_1_44' title='bbox 763 824 1100 880; x_wconf 82' lang='lat' dir='ltr'><strong>defensione</strong></span> <span class='ocrx_word' id='word_1_45' title='bbox 1142 825 1318 881; x_wconf 89' lang='lat' dir='ltr'><strong>etiam</strong></span> <span class='ocrx_word' id='word_1_46' title='bbox 1346 824 1639 882; x_wconf 87' lang='lat' dir='ltr'><strong>levissime</strong></span> <span class='ocrx_word' id='word_1_47' title='bbox 1669 824 2114 897; x_wconf 87' lang='lat' dir='ltr'><strong>suppeditaren-</strong></span> 
     </span>
    </p>
   </div>
   <div class='ocr_carea' id='block_1_9' title="bbox 463 913 2111 987">
    <p class='ocr_par' dir='ltr' id='par_1_9' title="bbox 463 913 2111 987">
     <span class='ocr_line' id='line_1_9' title="bbox 463 913 2111 987; baseline -0.001 -19"><span class='ocrx_word' id='word_1_48' title='bbox 463 916 580 968; x_wconf 87' lang='lat' dir='ltr'><strong>tur.</strong></span> <span class='ocrx_word' id='word_1_49' title='bbox 643 913 947 969; x_wconf 88' lang='lat' dir='ltr'><strong>Lectorum</strong></span> <span class='ocrx_word' id='word_1_50' title='bbox 979 913 1161 984; x_wconf 83' lang='lat' dir='ltr'><strong>igitur</strong></span> <span class='ocrx_word' id='word_1_51' title='bbox 1207 913 1420 971; x_wconf 90' lang='lat' dir='ltr'><strong>animis</strong></span> <span class='ocrx_word' id='word_1_52' title='bbox 1455 915 1540 971; x_wconf 91' lang='lat' dir='ltr'><strong>sic</strong></span> <span class='ocrx_word' id='word_1_53' title='bbox 1589 931 1726 987; x_wconf 88' lang='lat' dir='ltr'><strong>erga</strong></span> <span class='ocrx_word' id='word_1_54' title='bbox 1759 913 2111 987; x_wconf 80' lang='lat' dir='ltr'><strong>Cyprianum</strong></span> 
     </span>
    </p>
   </div>
   <div class='ocr_carea' id='block_1_10' title="bbox 465 1001 2113 1076">
    <p class='ocr_par' dir='ltr' id='par_1_10' title="bbox 465 1001 2113 1076">
     <span class='ocr_line' id='line_1_10' title="bbox 465 1001 2113 1076; baseline 0.001 -20"><span class='ocrx_word' id='word_1_55' title='bbox 465 1001 769 1074; x_wconf 87' lang='lat' dir='ltr'><strong>dispositis</strong></span> <span class='ocrx_word' id='word_1_56' title='bbox 799 1004 857 1057; x_wconf 90' lang='lat' dir='ltr'><strong>et</strong></span> <span class='ocrx_word' id='word_1_57' title='bbox 876 1001 1122 1074; x_wconf 78' lang='lat' dir='ltr'><strong>affectis,</strong></span> <span class='ocrx_word' id='word_1_58' title='bbox 1156 1019 1277 1058; x_wconf 90' lang='lat' dir='ltr'><strong>rem</strong></span> <span class='ocrx_word' id='word_1_59' title='bbox 1338 1003 1524 1076; x_wconf 83' lang='lat' dir='ltr'><strong>ipsam</strong></span> <span class='ocrx_word' id='word_1_60' title='bbox 1562 1003 1862 1076; x_wconf 84' lang='lat' dir='ltr'><strong>attingunt</strong></span> <span class='ocrx_word' id='word_1_61' title='bbox 1917 1006 2113 1058; x_wconf 91' lang='lat' dir='ltr'><strong>neote-</strong></span> 
     </span>
    </p>
   </div>
   <div class='ocr_carea' id='block_1_11' title="bbox 469 1089 2112 1164">
    <p class='ocr_par' dir='ltr' id='par_1_11' title="bbox 469 1089 2112 1164">
     <span class='ocr_line' id='line_1_11' title="bbox 469 1089 2112 1164; baseline 0 -18"><span class='ocrx_word' id='word_1_62' title='bbox 469 1089 574 1147; x_wconf 90' lang='lat' dir='ltr'><strong>rici</strong></span> <span class='ocrx_word' id='word_1_63' title='bbox 598 1106 746 1162; x_wconf 88' lang='lat' dir='ltr'><strong>quos</strong></span> <span class='ocrx_word' id='word_1_64' title='bbox 766 1094 1122 1164; x_wconf 86' lang='lat' dir='ltr'><strong>spectamus,</strong></span> <span class='ocrx_word' id='word_1_65' title='bbox 1145 1095 1320 1164; x_wconf 91' lang='lat' dir='ltr'><strong>atque</strong></span> <span class='ocrx_word' id='word_1_66' title='bbox 1349 1091 1620 1164; x_wconf 86' lang='lat' dir='ltr'><strong>Cypriani</strong></span> <span class='ocrx_word' id='word_1_67' title='bbox 1661 1094 1941 1148; x_wconf 89' lang='lat' dir='ltr'><strong>adversus</strong></span> <span class='ocrx_word' id='word_1_68' title='bbox 1982 1091 2112 1146; x_wconf 88' lang='lat' dir='ltr'><strong>Ste-</strong></span> 
     </span>
    </p>
   </div>
   <div class='ocr_carea' id='block_1_12' title="bbox 467 1179 2112 1253">
    <p class='ocr_par' dir='ltr' id='par_1_12' title="bbox 467 1179 2112 1253">
     <span class='ocr_line' id='line_1_12' title="bbox 467 1179 2112 1253; baseline -0.001 -17"><span class='ocrx_word' id='word_1_69' title='bbox 467 1180 730 1253; x_wconf 88' lang='lat' dir='ltr'><strong>phanum</strong></span> <span class='ocrx_word' id='word_1_70' title='bbox 759 1179 968 1252; x_wconf 85' lang='lat' dir='ltr'><strong>agendi</strong></span> <span class='ocrx_word' id='word_1_71' title='bbox 999 1180 1284 1237; x_wconf 90' lang='lat' dir='ltr'><strong>rationem</strong></span> <span class='ocrx_word' id='word_1_72' title='bbox 1301 1182 1596 1239; x_wconf 89' lang='lat' dir='ltr'><strong>vindicare</strong></span> <span class='ocrx_word' id='word_1_73' title='bbox 1618 1182 1808 1238; x_wconf 89' lang='lat' dir='ltr'><strong>modis</strong></span> <span class='ocrx_word' id='word_1_74' title='bbox 1837 1180 2112 1237; x_wconf 89' lang='lat' dir='ltr'><strong>omnibus</strong></span> 
     </span>
    </p>
   </div>
   <div class='ocr_carea' id='block_1_13' title="bbox 467 1270 1352 1343">
    <p class='ocr_par' dir='ltr' id='par_1_13' title="bbox 467 1270 1352 1343">
     <span class='ocr_line' id='line_1_13' title="bbox 467 1270 1352 1343; baseline 0.001 -17"><span class='ocrx_word' id='word_1_75' title='bbox 467 1287 538 1326; x_wconf 88' lang='lat' dir='ltr'><strong>ac</strong></span> <span class='ocrx_word' id='word_1_76' title='bbox 568 1270 880 1327; x_wconf 79' lang='lat' dir='ltr'><strong>defendere</strong></span> <span class='ocrx_word' id='word_1_77' title='bbox 908 1271 1352 1343; x_wconf 89' lang='lat' dir='ltr'><strong>aggrediuntur.</strong></span> 
     </span>
    </p>
   </div>
   <div class='ocr_carea' id='block_1_14' title="bbox 530 1359 2114 1434">
    <p class='ocr_par' dir='ltr' id='par_1_14' title="bbox 530 1359 2114 1434">
     <span class='ocr_line' id='line_1_14' title="bbox 530 1359 2114 1434; baseline 0 -20"><span class='ocrx_word' id='word_1_78' title='bbox 530 1359 850 1417; x_wconf 86' lang='lat' dir='ltr'><strong>Videamus</strong></span> <span class='ocrx_word' id='word_1_79' title='bbox 880 1376 1034 1416; x_wconf 91' lang='lat' dir='ltr'><strong>nunc</strong></span> <span class='ocrx_word' id='word_1_80' title='bbox 1064 1359 1299 1416; x_wconf 83' lang='lat' dir='ltr'><strong>tandem</strong></span> <span class='ocrx_word' id='word_1_81' title='bbox 1344 1360 1483 1431; x_wconf 91' lang='lat' dir='ltr'><strong>quid</strong></span> <span class='ocrx_word' id='word_1_82' title='bbox 1507 1377 1610 1434; x_wconf 92' lang='lat' dir='ltr'><strong>pro</strong></span> <span class='ocrx_word' id='word_1_83' title='bbox 1633 1360 1794 1417; x_wconf 91' lang='lat' dir='ltr'><strong>illius</strong></span> <span class='ocrx_word' id='word_1_84' title='bbox 1816 1359 2114 1434; x_wconf 61' lang='lat' dir='ltr'><strong>:Cypriani</strong></span> 
     </span>
    </p>
   </div>
   <div class='ocr_carea' id='block_1_15' title="bbox 464 1448 2112 1522">
    <p class='ocr_par' dir='ltr' id='par_1_15' title="bbox 464 1448 2112 1522">
     <span class='ocr_line' id='line_1_15' title="bbox 464 1448 2112 1522; baseline -0.001 -16"><span class='ocrx_word' id='word_1_85' title='bbox 464 1448 805 1506; x_wconf 86' lang='lat' dir='ltr'><strong>defensione</strong></span> <span class='ocrx_word' id='word_1_86' title='bbox 834 1448 1185 1522; x_wconf 85' lang='lat' dir='ltr'><strong>protulerint</strong></span> <span class='ocrx_word' id='word_1_87' title='bbox 1207 1449 1481 1506; x_wconf 90' lang='lat' dir='ltr'><strong>neoterici</strong></span> <span class='ocrx_word' id='word_1_88' title='bbox 1513 1449 1718 1506; x_wconf 86' lang='lat' dir='ltr'><strong>nostri.</strong></span> <span class='ocrx_word' id='word_1_89' title='bbox 1755 1449 2112 1518; x_wconf 81' lang='lat' dir='ltr'><strong>Fleuriacus,</strong></span> 
     </span>
    </p>
   </div>
   <div class='ocr_carea' id='block_1_16' title="bbox 461 1537 2112 1612">
    <p class='ocr_par' dir='ltr' id='par_1_16' title="bbox 461 1537 2112 1612">
     <span class='ocr_line' id='line_1_16' title="bbox 461 1537 2112 1612; baseline 0 -18"><span class='ocrx_word' id='word_1_90' title='bbox 461 1537 633 1595; x_wconf 86' lang='lat' dir='ltr'><strong>sicuti</strong></span> <span class='ocrx_word' id='word_1_91' title='bbox 663 1553 793 1593; x_wconf 88' lang='lat' dir='ltr'><strong>sum</strong></span> <span class='ocrx_word' id='word_1_92' title='bbox 825 1537 884 1593; x_wconf 90' lang='lat' dir='ltr'><strong>in</strong></span> <span class='ocrx_word' id='word_1_93' title='bbox 925 1538 1308 1595; x_wconf 88' lang='lat' dir='ltr'><strong>describendo</strong></span> <span class='ocrx_word' id='word_1_94' title='bbox 1338 1538 1618 1611; x_wconf 83' lang='lat' dir='ltr'><strong>Stephani</strong></span> <span class='ocrx_word' id='word_1_95' title='bbox 1647 1539 1927 1612; x_wconf 83' lang='lat' dir='ltr'><strong>martyrio</strong></span> <span class='ocrx_word' id='word_1_96' title='bbox 1959 1537 2112 1595; x_wconf 87' lang='lat' dir='ltr'><strong>cala-</strong></span> 
     </span>
    </p>
   </div>
   <div class='ocr_carea' id='block_1_17' title="bbox 459 1626 2116 1698">
    <p class='ocr_par' dir='ltr' id='par_1_17' title="bbox 459 1626 2116 1698">
     <span class='ocr_line' id='line_1_17' title="bbox 459 1626 2116 1698; baseline 0 -16"><span class='ocrx_word' id='word_1_97' title='bbox 459 1642 624 1683; x_wconf 90' lang='lat' dir='ltr'><strong>mum</strong></span> <span class='ocrx_word' id='word_1_98' title='bbox 658 1626 742 1682; x_wconf 91' lang='lat' dir='ltr'><strong>ita</strong></span> <span class='ocrx_word' id='word_1_99' title='bbox 771 1627 1108 1683; x_wconf 88' lang='lat' dir='ltr'><strong>moderatus</strong></span> <span class='ocrx_word' id='word_1_100' title='bbox 1139 1632 1245 1698; x_wconf 91' lang='lat' dir='ltr'><strong>est,</strong></span> <span class='ocrx_word' id='word_1_101' title='bbox 1271 1632 1338 1685; x_wconf 91' lang='lat' dir='ltr'><strong>ut</strong></span> <span class='ocrx_word' id='word_1_102' title='bbox 1370 1632 1595 1685; x_wconf 90' lang='lat' dir='ltr'><strong>tantum</strong></span> <span class='ocrx_word' id='word_1_103' title='bbox 1633 1628 1965 1686; x_wconf 86' lang='lat' dir='ltr'><strong>traditionis</strong></span> <span class='ocrx_word' id='word_1_104' title='bbox 1993 1628 2116 1683; x_wconf 87' lang='lat' dir='ltr'><strong>vin-</strong></span> 
     </span>
    </p>
   </div>
   <div class='ocr_carea' id='block_1_18' title="bbox 459 1716 2114 1784">
    <p class='ocr_par' dir='ltr' id='par_1_18' title="bbox 459 1716 2114 1784">
     <span class='ocr_line' id='line_1_18' title="bbox 459 1716 2114 1784; baseline -0.001 -11"><span class='ocrx_word' id='word_1_105' title='bbox 459 1717 650 1773; x_wconf 90' lang='lat' dir='ltr'><strong>dicem</strong></span> <span class='ocrx_word' id='word_1_106' title='bbox 682 1716 809 1773; x_wconf 88' lang='lat' dir='ltr'><strong>sine</strong></span> <span class='ocrx_word' id='word_1_107' title='bbox 841 1717 1277 1773; x_wconf 90' lang='lat' dir='ltr'><strong>minimalaude</strong></span> <span class='ocrx_word' id='word_1_108' title='bbox 1307 1718 1655 1774; x_wconf 86' lang='lat' dir='ltr'><strong>morientem</strong></span> <span class='ocrx_word' id='word_1_109' title='bbox 1686 1717 1999 1784; x_wconf 88' lang='lat' dir='ltr'><strong>dimiserit,</strong></span> <span class='ocrx_word' id='word_1_110' title='bbox 2032 1717 2114 1772; x_wconf 91' lang='lat' dir='ltr'><strong>ita</strong></span> 
     </span>
    </p>
   </div>
   <div class='ocr_carea' id='block_1_19' title="bbox 461 1805 2115 1880">
    <p class='ocr_par' dir='ltr' id='par_1_19' title="bbox 461 1805 2115 1880">
     <span class='ocr_line' id='line_1_19' title="bbox 461 1805 2115 1880; baseline -0.001 -17"><span class='ocrx_word' id='word_1_111' title='bbox 461 1806 722 1879; x_wconf 89' lang='lat' dir='ltr'><strong>seipsum</strong></span> <span class='ocrx_word' id='word_1_112' title='bbox 754 1806 898 1863; x_wconf 89' lang='lat' dir='ltr'><strong>adeo</strong></span> <span class='ocrx_word' id='word_1_113' title='bbox 928 1807 1276 1880; x_wconf 88' lang='lat' dir='ltr'><strong>temperavit</strong></span> <span class='ocrx_word' id='word_1_114' title='bbox 1323 1808 1384 1863; x_wconf 91' lang='lat' dir='ltr'><strong>in</strong></span> <span class='ocrx_word' id='word_1_115' title='bbox 1419 1806 1529 1863; x_wconf 88' lang='lat' dir='ltr'><strong>hac</strong></span> <span class='ocrx_word' id='word_1_116' title='bbox 1564 1807 1834 1880; x_wconf 87' lang='lat' dir='ltr'><strong>Cypriani</strong></span> <span class='ocrx_word' id='word_1_117' title='bbox 1866 1805 2115 1880; x_wconf 90' lang='lat' dir='ltr'><strong>epistola</strong></span> 
     </span>
    </p>
   </div>
   <div class='ocr_carea' id='block_1_20' title="bbox 462 1895 2112 1970">
    <p class='ocr_par' dir='ltr' id='par_1_20' title="bbox 462 1895 2112 1970">
     <span class='ocr_line' id='line_1_20' title="bbox 462 1895 2112 1970; baseline 0.001 -19"><span class='ocrx_word' id='word_1_118' title='bbox 462 1895 786 1964; x_wconf 88' lang='lat' dir='ltr'><strong>referenda,</strong></span> <span class='ocrx_word' id='word_1_119' title='bbox 821 1899 887 1951; x_wconf 90' lang='lat' dir='ltr'><strong>ut</strong></span> <span class='ocrx_word' id='word_1_120' title='bbox 914 1895 1077 1969; x_wconf 88' lang='lat' dir='ltr'><strong>sapis</strong></span> <span class='ocrx_word' id='word_1_121' title='bbox 1108 1912 1402 1970; x_wconf 87' lang='lat' dir='ltr'><strong>superque</strong></span> <span class='ocrx_word' id='word_1_122' title='bbox 1421 1895 1697 1953; x_wconf 88' lang='lat' dir='ltr'><strong>habuerit</strong></span> <span class='ocrx_word' id='word_1_123' title='bbox 1727 1912 1985 1953; x_wconf 86' lang='lat' dir='ltr'><strong>asserere</strong></span> <span class='ocrx_word' id='word_1_124' title='bbox 2005 1895 2112 1968; x_wconf 86' lang='lat' dir='ltr'><strong>Cy-</strong></span> 
     </span>
    </p>
   </div>
   <div class='ocr_carea' id='block_1_21' title="bbox 463 1984 2113 2058">
    <p class='ocr_par' dir='ltr' id='par_1_21' title="bbox 463 1984 2113 2058">
     <span class='ocr_line' id='line_1_21' title="bbox 463 1984 2113 2058; baseline 0.001 -18"><span class='ocrx_word' id='word_1_125' title='bbox 463 1985 735 2058; x_wconf 88' lang='lat' dir='ltr'><strong>prianum</strong></span> <span class='ocrx_word' id='word_1_126' title='bbox 768 1985 826 2040; x_wconf 92' lang='lat' dir='ltr'><strong>in</strong></span> <span class='ocrx_word' id='word_1_127' title='bbox 845 1984 955 2041; x_wconf 88' lang='lat' dir='ltr'><strong>hac</strong></span> <span class='ocrx_word' id='word_1_128' title='bbox 975 1985 1224 2058; x_wconf 89' lang='lat' dir='ltr'><strong>epistola</strong></span> <span class='ocrx_word' id='word_1_129' title='bbox 1246 2002 1596 2058; x_wconf 87' lang='lat' dir='ltr'><strong>responsum</strong></span> <span class='ocrx_word' id='word_1_130' title='bbox 1613 1986 1988 2042; x_wconf 87' lang='lat' dir='ltr'><strong>refutandum</strong></span> <span class='ocrx_word' id='word_1_131' title='bbox 2020 2002 2113 2042; x_wconf 84' lang='lat' dir='ltr'><strong>as-</strong></span> 
     </span>
    </p>
   </div>
   <div class='ocr_carea' id='block_1_22' title="bbox 463 2073 2113 2149">
    <p class='ocr_par' dir='ltr' id='par_1_22' title="bbox 463 2073 2113 2149">
     <span class='ocr_line' id='line_1_22' title="bbox 463 2073 2113 2149; baseline -0.001 -19"><span class='ocrx_word' id='word_1_132' title='bbox 463 2073 789 2148; x_wconf 84' lang='lat' dir='ltr'><strong>sumpsisse</strong></span> <span class='ocrx_word' id='word_1_133' title='bbox 818 2074 915 2147; x_wconf 85' lang='lat'><strong>(9).</strong></span> <span class='ocrx_word' id='word_1_134' title='bbox 941 2075 1011 2130; x_wconf 91' lang='lat' dir='ltr'><strong>Et</strong></span> <span class='ocrx_word' id='word_1_135' title='bbox 1039 2089 1238 2131; x_wconf 89' lang='lat' dir='ltr'><strong>revera</strong></span> <span class='ocrx_word' id='word_1_136' title='bbox 1279 2075 1426 2130; x_wconf 87' lang='lat' dir='ltr'><strong>nihil</strong></span> <span class='ocrx_word' id='word_1_137' title='bbox 1469 2075 1530 2130; x_wconf 89' lang='lat' dir='ltr'><strong>in</strong></span> <span class='ocrx_word' id='word_1_138' title='bbox 1562 2092 1629 2132; x_wconf 92' lang='lat' dir='ltr'><strong>ea</strong></span> <span class='ocrx_word' id='word_1_139' title='bbox 1687 2075 1959 2149; x_wconf 88' lang='lat' dir='ltr'><strong>Cypriani</strong></span> <span class='ocrx_word' id='word_1_140' title='bbox 1991 2076 2113 2148; x_wconf 88' lang='lat' dir='ltr'><strong>epi-</strong></span> 
     </span>
    </p>
   </div>
   <div class='ocr_carea' id='block_1_23' title="bbox 463 2161 2114 2236">
    <p class='ocr_par' dir='ltr' id='par_1_23' title="bbox 463 2161 2114 2236">
     <span class='ocr_line' id='line_1_23' title="bbox 463 2161 2114 2236; baseline -0.001 -17"><span class='ocrx_word' id='word_1_141' title='bbox 463 2162 615 2220; x_wconf 84' lang='lat' dir='ltr'><strong>stola</strong></span> <span class='ocrx_word' id='word_1_142' title='bbox 636 2161 726 2219; x_wconf 87' lang='lat' dir='ltr'><strong>vel</strong></span> <span class='ocrx_word' id='word_1_143' title='bbox 755 2163 1045 2236; x_wconf 88' lang='lat' dir='ltr'><strong>tantisper</strong></span> <span class='ocrx_word' id='word_1_144' title='bbox 1064 2181 1098 2219; x_wconf 91' lang='lat' dir='ltr'><strong>a</strong></span> <span class='ocrx_word' id='word_1_145' title='bbox 1120 2163 1400 2220; x_wconf 90' lang='lat' dir='ltr'><strong>charitate</strong></span> <span class='ocrx_word' id='word_1_146' title='bbox 1419 2162 1677 2220; x_wconf 88' lang='lat' dir='ltr'><strong>alienum</strong></span> <span class='ocrx_word' id='word_1_147' title='bbox 1693 2181 1756 2221; x_wconf 90' lang='lat' dir='ltr'><strong>se</strong></span> <span class='ocrx_word' id='word_1_148' title='bbox 1793 2164 2114 2236; x_wconf 90' lang='lat' dir='ltr'><strong>deprehen-</strong></span> 
     </span>
    </p>
   </div>
   <div class='ocr_carea' id='block_1_24' title="bbox 461 2251 2114 2326">
    <p class='ocr_par' dir='ltr' id='par_1_24' title="bbox 461 2251 2114 2326">
     <span class='ocr_line' id='line_1_24' title="bbox 461 2251 2114 2326; baseline 0.001 -19"><span class='ocrx_word' id='word_1_149' title='bbox 461 2251 622 2308; x_wconf 88' lang='lat' dir='ltr'><strong>disse</strong></span> <span class='ocrx_word' id='word_1_150' title='bbox 643 2251 812 2308; x_wconf 91' lang='lat' dir='ltr'><strong>nobis</strong></span> <span class='ocrx_word' id='word_1_151' title='bbox 842 2251 1157 2324; x_wconf 78' lang='lat' dir='ltr'><strong>significat,</strong></span> <span class='ocrx_word' id='word_1_152' title='bbox 1191 2253 1426 2325; x_wconf 88' lang='lat' dir='ltr'><strong>quando</strong></span> <span class='ocrx_word' id='word_1_153' title='bbox 1456 2253 1635 2309; x_wconf 89' lang='lat' dir='ltr'><strong>tradit</strong></span> <span class='ocrx_word' id='word_1_154' title='bbox 1677 2252 1946 2326; x_wconf 87' lang='lat' dir='ltr'><strong>Cypriani</strong></span> <span class='ocrx_word' id='word_1_155' title='bbox 1979 2269 2114 2308; x_wconf 85' lang='lat' dir='ltr'><strong>san-</strong></span> 
     </span>
    </p>
   </div>
   <div class='ocr_carea' id='block_1_25' title="bbox 463 2340 2115 2414">
    <p class='ocr_par' dir='ltr' id='par_1_25' title="bbox 463 2340 2115 2414">
     <span class='ocr_line' id='line_1_25' title="bbox 463 2340 2115 2414; baseline 0.001 -18"><span class='ocrx_word' id='word_1_156' title='bbox 463 2340 649 2397; x_wconf 88' lang='lat' dir='ltr'><strong>ctitati</strong></span> <span class='ocrx_word' id='word_1_157' title='bbox 679 2357 854 2397; x_wconf 92' lang='lat' dir='ltr'><strong>suum</strong></span> <span class='ocrx_word' id='word_1_158' title='bbox 887 2356 1140 2397; x_wconf 89' lang='lat' dir='ltr'><strong>errorem</strong></span> <span class='ocrx_word' id='word_1_159' title='bbox 1166 2341 1502 2398; x_wconf 89' lang='lat' dir='ltr'><strong>nullatenus</strong></span> <span class='ocrx_word' id='word_1_160' title='bbox 1531 2342 1810 2413; x_wconf 84' lang='lat' dir='ltr'><strong>obfuisse,</strong></span> <span class='ocrx_word' id='word_1_161' title='bbox 1836 2342 1975 2414; x_wconf 89' lang='lat' dir='ltr'><strong>quia</strong></span> <span class='ocrx_word' id='word_1_162' title='bbox 1998 2359 2115 2398; x_wconf 91' lang='lat' dir='ltr'><strong>non</strong></span> 
     </span>
    </p>
   </div>
   <div class='ocr_carea' id='block_1_26' title="bbox 462 2429 2117 2502">
    <p class='ocr_par' dir='ltr' id='par_1_26' title="bbox 462 2429 2117 2502">
     <span class='ocr_line' id='line_1_26' title="bbox 462 2429 2117 2502; baseline 0 -15"><span class='ocrx_word' id='word_1_163' title='bbox 462 2429 656 2488; x_wconf 90' lang='lat' dir='ltr'><strong>solum</strong></span> <span class='ocrx_word' id='word_1_164' title='bbox 680 2429 943 2486; x_wconf 74' lang='lat' dir='ltr'><strong>Ecclesiae</strong></span> <span class='ocrx_word' id='word_1_165' title='bbox 973 2429 1279 2502; x_wconf 89' lang='lat' dir='ltr'><strong>unitatem,</strong></span> <span class='ocrx_word' id='word_1_166' title='bbox 1313 2431 1413 2487; x_wconf 90' lang='lat' dir='ltr'><strong>sed</strong></span> <span class='ocrx_word' id='word_1_167' title='bbox 1446 2434 1504 2488; x_wconf 90' lang='lat' dir='ltr'><strong>et</strong></span> <span class='ocrx_word' id='word_1_168' title='bbox 1523 2431 1867 2488; x_wconf 88' lang='lat' dir='ltr'><strong>charitatem</strong></span> <span class='ocrx_word' id='word_1_169' title='bbox 1915 2431 1975 2489; x_wconf 90' lang='lat' dir='ltr'><strong>in</strong></span> <span class='ocrx_word' id='word_1_170' title='bbox 2006 2431 2117 2487; x_wconf 91' lang='lat' dir='ltr'><strong>hoc</strong></span> 
     </span>
    </p>
   </div>
   <div class='ocr_carea' id='block_1_27' title="bbox 463 2519 1590 2594">
    <p class='ocr_par' dir='ltr' id='par_1_27' title="bbox 463 2519 1590 2594">
     <span class='ocr_line' id='line_1_27' title="bbox 463 2519 1590 2594; baseline 0.003 -19"><span class='ocrx_word' id='word_1_171' title='bbox 463 2519 695 2592; x_wconf 88' lang='lat' dir='ltr'><strong>negotio</strong></span> <span class='ocrx_word' id='word_1_172' title='bbox 725 2534 958 2591; x_wconf 80' lang='lat' dir='ltr'><strong>semper</strong></span> <span class='ocrx_word' id='word_1_173' title='bbox 988 2525 1428 2577; x_wconf 88' lang='lat' dir='ltr'><strong>conservaverat</strong></span> <span class='ocrx_word' id='word_1_174' title='bbox 1457 2521 1590 2594; x_wconf 90' lang='lat'><strong>(10).</strong></span> 
     </span>
    </p>
   </div>
   <div class='ocr_carea' id='block_1_28' title="bbox 539 2608 2116 2684">
    <p class='ocr_par' dir='ltr' id='par_1_28' title="bbox 539 2608 2116 2684">
     <span class='ocr_line' id='line_1_28' title="bbox 539 2608 2116 2684; baseline 0.002 -20"><span class='ocrx_word' id='word_1_175' title='bbox 539 2608 836 2666; x_wconf 89' lang='lat' dir='ltr'><strong>Fleuriaco</strong></span> <span class='ocrx_word' id='word_1_176' title='bbox 882 2609 1137 2666; x_wconf 87' lang='lat' dir='ltr'><strong>concinit</strong></span> <span class='ocrx_word' id='word_1_177' title='bbox 1209 2610 1526 2678; x_wconf 88' lang='lat' dir='ltr'><strong>Launoius,</strong></span> <span class='ocrx_word' id='word_1_178' title='bbox 1587 2611 1686 2682; x_wconf 91' lang='lat' dir='ltr'><strong>qui</strong></span> <span class='ocrx_word' id='word_1_179' title='bbox 1731 2611 2002 2684; x_wconf 88' lang='lat' dir='ltr'><strong>Cypriani</strong></span> <span class='ocrx_word' id='word_1_180' title='bbox 2042 2612 2116 2667; x_wconf 88' lang='lat' dir='ltr'><strong>ad</strong></span> 
     </span>
    </p>
   </div>
   <div class='ocr_carea' id='block_1_29' title="bbox 472 2698 2117 2772">
    <p class='ocr_par' dir='ltr' id='par_1_29' title="bbox 472 2698 2117 2772">
     <span class='ocr_line' id='line_1_29' title="bbox 472 2698 2117 2772; baseline 0 -16"><span class='ocrx_word' id='word_1_181' title='bbox 472 2698 816 2770; x_wconf 87' lang='lat' dir='ltr'><strong>Pompeium</strong></span> <span class='ocrx_word' id='word_1_182' title='bbox 847 2698 1153 2772; x_wconf 89' lang='lat' dir='ltr'><strong>epistolam</strong></span> <span class='ocrx_word' id='word_1_183' title='bbox 1181 2698 1437 2757; x_wconf 87' lang='lat' dir='ltr'><strong>celebrat</strong></span> <span class='ocrx_word' id='word_1_184' title='bbox 1466 2704 1531 2756; x_wconf 91' lang='lat' dir='ltr'><strong>ut</strong></span> <span class='ocrx_word' id='word_1_185' title='bbox 1568 2717 1874 2756; x_wconf 89' lang='lat' dir='ltr'><strong>nervosam</strong></span> <span class='ocrx_word' id='word_1_186' title='bbox 1914 2704 1971 2756; x_wconf 90' lang='lat' dir='ltr'><strong>et</strong></span> <span class='ocrx_word' id='word_1_187' title='bbox 2000 2701 2117 2757; x_wconf 84' lang='lat' dir='ltr'><strong>for-</strong></span> 
     </span>
    </p>
   </div>
   <div class='ocr_carea' id='block_1_30' title="bbox 470 2786 2119 2862">
    <p class='ocr_par' dir='ltr' id='par_1_30' title="bbox 470 2786 2119 2862">
     <span class='ocr_line' id='line_1_30' title="bbox 470 2786 2119 2862; baseline 0 -16"><span class='ocrx_word' id='word_1_188' title='bbox 470 2791 588 2846; x_wconf 85' lang='lat' dir='ltr'><strong>tem</strong></span> <span class='ocrx_word' id='word_1_189' title='bbox 616 2805 630 2856; x_wconf 92' lang='lat'><strong>;</strong></span> <span class='ocrx_word' id='word_1_190' title='bbox 674 2786 775 2843; x_wconf 89' lang='lat' dir='ltr'><strong>illa</strong></span> <span class='ocrx_word' id='word_1_191' title='bbox 804 2787 959 2844; x_wconf 88' lang='lat' dir='ltr'><strong>enim</strong></span> <span class='ocrx_word' id='word_1_192' title='bbox 992 2787 1211 2845; x_wconf 87' lang='lat' dir='ltr'><strong>relata:</strong></span> <span class='ocrx_word' id='word_1_193' title='bbox 1245 2811 1274 2839; x_wconf 88' lang='lat'><strong>«</strong></span> <span class='ocrx_word' id='word_1_194' title='bbox 1306 2793 1460 2861; x_wconf 70' lang='lat' dir='ltr'><strong>Haec,</strong></span> <span class='ocrx_word' id='word_1_195' title='bbox 1487 2788 1681 2862; x_wconf 89' lang='lat' dir='ltr'><strong>inquit</strong></span> <span class='ocrx_word' id='word_1_196' title='bbox 1709 2790 1845 2862; x_wconf 90' lang='lat'><strong>(11),</strong></span> <span class='ocrx_word' id='word_1_197' title='bbox 1878 2805 2119 2846; x_wconf 90' lang='lat' dir='ltr'><strong>nervose</strong></span> 
     </span>
    </p>
   </div>
   <div class='ocr_carea' id='block_1_31' title="bbox 469 2877 2118 2952">
    <p class='ocr_par' dir='ltr' id='par_1_31' title="bbox 469 2877 2118 2952">
     <span class='ocr_line' id='line_1_31' title="bbox 469 2877 2118 2952; baseline 0.002 -20"><span class='ocrx_word' id='word_1_198' title='bbox 469 2881 527 2933; x_wconf 93' lang='lat' dir='ltr'><strong>et</strong></span> <span class='ocrx_word' id='word_1_199' title='bbox 573 2877 801 2933; x_wconf 79' lang='lat' dir='ltr'><strong>fortiter</strong></span> <span class='ocrx_word' id='word_1_200' title='bbox 857 2877 1149 2949; x_wconf 86' lang='lat' dir='ltr'><strong>Stephano</strong></span> <span class='ocrx_word' id='word_1_201' title='bbox 1214 2877 1457 2950; x_wconf 91' lang='lat' dir='ltr'><strong>opponit</strong></span> <span class='ocrx_word' id='word_1_202' title='bbox 1504 2878 1867 2952; x_wconf 85' lang='lat' dir='ltr'><strong>Cyprianus:</strong></span> <span class='ocrx_word' id='word_1_203' title='bbox 1918 2901 1946 2930; x_wconf 84' lang='lat'>»</span> <span class='ocrx_word' id='word_1_204' title='bbox 2000 2879 2118 2935; x_wconf 92' lang='lat' dir='ltr'><strong>imo</strong></span> 
     </span>
    </p>
   </div>
   <div class='ocr_carea' id='block_1_32' title="bbox 472 2965 2117 3042">
    <p class='ocr_par' dir='ltr' id='par_1_32' title="bbox 472 2965 2117 3042">
     <span class='ocr_line' id='line_1_32' title="bbox 472 2965 2117 3042; baseline 0.001 -19"><span class='ocrx_word' id='word_1_205' title='bbox 472 2968 835 3040; x_wconf 88' lang='lat' dir='ltr'><strong>posterorum</strong></span> <span class='ocrx_word' id='word_1_206' title='bbox 870 2965 1096 3038; x_wconf 85' lang='lat' dir='ltr'><strong>judicio</strong></span> <span class='ocrx_word' id='word_1_207' title='bbox 1152 2967 1449 3024; x_wconf 65' lang='lat' dir='ltr'><strong>memoriae</strong></span> <span class='ocrx_word' id='word_1_208' title='bbox 1487 2968 1895 3042; x_wconf 85' lang='lat' dir='ltr'><strong>dignissimam</strong></span> <span class='ocrx_word' id='word_1_209' title='bbox 1955 2967 2117 3025; x_wconf 89' lang='lat' dir='ltr'><strong>illam</strong></span> 
     </span>
    </p>
   </div>
   <div class='ocr_carea' id='block_1_33' title="bbox 469 3055 2116 3131">
    <p class='ocr_par' dir='ltr' id='par_1_33' title="bbox 469 3055 2116 3131">
     <span class='ocr_line' id='line_1_33' title="bbox 469 3055 2116 3131; baseline 0.002 -20"><span class='ocrx_word' id='word_1_210' title='bbox 469 3055 654 3112; x_wconf 87' lang='lat' dir='ltr'><strong>fuisse</strong></span> <span class='ocrx_word' id='word_1_211' title='bbox 699 3055 882 3112; x_wconf 90' lang='lat' dir='ltr'><strong>tradit</strong></span> <span class='ocrx_word' id='word_1_212' title='bbox 927 3071 1090 3128; x_wconf 76' lang='lat' dir='ltr'><strong>asque</strong></span> <span class='ocrx_word' id='word_1_213' title='bbox 1146 3072 1212 3113; x_wconf 93' lang='lat' dir='ltr'><strong>ac</strong></span> <span class='ocrx_word' id='word_1_214' title='bbox 1261 3057 1583 3114; x_wconf 88' lang='lat' dir='ltr'><strong>Firmiliani</strong></span> <span class='ocrx_word' id='word_1_215' title='bbox 1643 3059 1714 3112; x_wconf 92' lang='lat' dir='ltr'><strong>ad</strong></span> <span class='ocrx_word' id='word_1_216' title='bbox 1764 3058 2116 3131; x_wconf 89' lang='lat' dir='ltr'><strong>Cyprianum</strong></span> 
     </span>
    </p>
   </div>
   <div class='ocr_carea' id='block_1_34' title="bbox 463 3142 2118 3220">
    <p class='ocr_par' dir='ltr' id='par_1_34' title="bbox 463 3142 2118 3220">
     <span class='ocr_line' id='line_1_34' title="bbox 463 3142 2118 3220; baseline 0.002 -20"><span class='ocrx_word' id='word_1_217' title='bbox 463 3142 803 3217; x_wconf 87' lang='lat' dir='ltr'><strong>epistolam:</strong></span> <span class='ocrx_word' id='word_1_218' title='bbox 852 3165 873 3193; x_wconf 81' lang='grc' dir='ltr'><strong><em>σ</em></strong></span> <span class='ocrx_word' id='word_1_219' title='bbox 935 3145 1180 3214; x_wconf 88' lang='lat' dir='ltr'><strong>Posteri,</strong></span> <span class='ocrx_word' id='word_1_220' title='bbox 1238 3144 1450 3217; x_wconf 90' lang='lat' dir='ltr'><strong>inquit,</strong></span> <span class='ocrx_word' id='word_1_221' title='bbox 1507 3145 1784 3218; x_wconf 86' lang='lat' dir='ltr'><strong>Stephani</strong></span> <span class='ocrx_word' id='word_1_222' title='bbox 1842 3147 2118 3220; x_wconf 80' lang='lat' dir='ltr'><strong>epistolas</strong></span> 
     </span>
    </p>
   </div>
   <div class='ocr_carea' id='block_1_35' title="bbox 2223 554 3768 638">
    <p class='ocr_par' dir='ltr' id='par_1_35' title="bbox 2223 554 3768 638">
     <span class='ocr_line' id='line_1_35' title="bbox 2223 554 3768 638; baseline 0.007 -29"><span class='ocrx_word' id='word_1_223' title='bbox 2223 571 2400 626; x_wconf 90' lang='lat' dir='ltr'><strong>quam</strong></span> <span class='ocrx_word' id='word_1_224' title='bbox 2433 554 2652 611; x_wconf 89' lang='lat' dir='ltr'><strong>Gallico</strong></span> <span class='ocrx_word' id='word_1_225' title='bbox 2685 555 2984 625; x_wconf 90' lang='lat' dir='ltr'><strong>idiomate,</strong></span> <span class='ocrx_word' id='word_1_226' title='bbox 3028 573 3334 629; x_wconf 88' lang='lat' dir='ltr'><strong>suppresso</strong></span> <span class='ocrx_word' id='word_1_227' title='bbox 3364 562 3533 615; x_wconf 85' lang='lat' dir='ltr'><strong>tamen</strong></span> <span class='ocrx_word' id='word_1_228' title='bbox 3569 564 3768 638; x_wconf 87' lang='lat' dir='ltr'><strong>nomine,</strong></span> 
     </span>
    </p>
   </div>
   <div class='ocr_carea' id='block_1_36' title="bbox 2222 644 3770 725">
    <p class='ocr_par' dir='ltr' id='par_1_36' title="bbox 2222 644 3770 725">
     <span class='ocr_line' id='line_1_36' title="bbox 2222 644 3770 725; baseline 0.005 -25"><span class='ocrx_word' id='word_1_229' title='bbox 2222 644 2427 710; x_wconf 88' lang='lat' dir='ltr'><strong>edidit,</strong></span> <span class='ocrx_word' id='word_1_230' title='bbox 2459 646 2816 702; x_wconf 73' lang='lat' dir='ltr'><strong>excellentem</strong></span> <span class='ocrx_word' id='word_1_231' title='bbox 2842 649 3009 702; x_wconf 89' lang='lat' dir='ltr'><strong>vocat</strong></span> <span class='ocrx_word' id='word_1_232' title='bbox 3058 662 3233 718; x_wconf 88' lang='lat' dir='ltr'><strong>quam</strong></span> <span class='ocrx_word' id='word_1_233' title='bbox 3264 647 3329 702; x_wconf 88' lang='lat' dir='ltr'><strong>ad</strong></span> <span class='ocrx_word' id='word_1_234' title='bbox 3369 650 3656 720; x_wconf 88' lang='lat' dir='ltr'><strong>Pompeium</strong></span> <span class='ocrx_word' id='word_1_235' title='bbox 3687 654 3770 725; x_wconf 84' lang='lat' dir='ltr'><strong>Cy-</strong></span> 
     </span>
    </p>
   </div>
   <div class='ocr_carea' id='block_1_37' title="bbox 2222 732 3772 814">
    <p class='ocr_par' dir='ltr' id='par_1_37' title="bbox 2222 732 3772 814">
     <span class='ocr_line' id='line_1_37' title="bbox 2222 732 3772 814; baseline 0.006 -26"><span class='ocrx_word' id='word_1_236' title='bbox 2222 732 2466 806; x_wconf 89' lang='lat' dir='ltr'><strong>prianus</strong></span> <span class='ocrx_word' id='word_1_237' title='bbox 2497 734 2734 807; x_wconf 88' lang='lat' dir='ltr'><strong>scripsit</strong></span> <span class='ocrx_word' id='word_1_238' title='bbox 2769 734 3103 807; x_wconf 86' lang='lat' dir='ltr'><strong>epistolam,</strong></span> <span class='ocrx_word' id='word_1_239' title='bbox 3136 735 3194 789; x_wconf 90' lang='lat' dir='ltr'><strong>in</strong></span> <span class='ocrx_word' id='word_1_240' title='bbox 3227 752 3336 806; x_wconf 88' lang='lat' dir='ltr'><strong>qua</strong></span> <span class='ocrx_word' id='word_1_241' title='bbox 3377 738 3542 793; x_wconf 91' lang='lat' dir='ltr'><strong>elucet</strong></span> <span class='ocrx_word' id='word_1_242' title='bbox 3584 761 3601 787; x_wconf 83' lang='grc' dir='ltr'>ι</span> <span class='ocrx_word' id='word_1_243' title='bbox 3651 742 3772 814; x_wconf 80' lang='lat' dir='ltr'><strong>vigor</strong></span> 
     </span>
    </p>
   </div>
   <div class='ocr_carea' id='block_1_38' title="bbox 2220 824 3773 897">
    <p class='ocr_par' dir='ltr' id='par_1_38' title="bbox 2220 824 3773 897">
     <span class='ocr_line' id='line_1_38' title="bbox 2220 824 3773 897; baseline 0.005 -19"><span class='ocrx_word' id='word_1_244' title='bbox 2220 840 2353 879; x_wconf 89' lang='lat' dir='ltr'><strong>vere</strong></span> <span class='ocrx_word' id='word_1_245' title='bbox 2384 824 2738 895; x_wconf 89' lang='lat' dir='ltr'><strong>apostolicus</strong></span> <span class='ocrx_word' id='word_1_246' title='bbox 2769 824 2913 897; x_wconf 85' lang='lat'><strong>(15);</strong></span> <span class='ocrx_word' id='word_1_247' title='bbox 2947 825 3374 896; x_wconf 89' lang='lat' dir='ltr'><strong>tamtamquein</strong></span> <span class='ocrx_word' id='word_1_248' title='bbox 3400 826 3490 881; x_wconf 90' lang='lat' dir='ltr'><strong>illa</strong></span> <span class='ocrx_word' id='word_1_249' title='bbox 3513 828 3773 886; x_wconf 83' lang='lat' dir='ltr'><strong>unctionem</strong></span> 
     </span>
    </p>
   </div>
   <div class='ocr_carea' id='block_1_39' title="bbox 2223 913 3774 988">
    <p class='ocr_par' dir='ltr' id='par_1_39' title="bbox 2223 913 3774 988">
     <span class='ocr_line' id='line_1_39' title="bbox 2223 913 3774 988; baseline 0.004 -21"><span class='ocrx_word' id='word_1_250' title='bbox 2223 929 2289 968; x_wconf 87' lang='lat' dir='ltr'><strong>ac</strong></span> <span class='ocrx_word' id='word_1_251' title='bbox 2330 913 2787 970; x_wconf 88' lang='lat' dir='ltr'><strong>moderationem</strong></span> <span class='ocrx_word' id='word_1_252' title='bbox 2827 914 3242 984; x_wconf 88' lang='lat' dir='ltr'><strong>Christianam,</strong></span> <span class='ocrx_word' id='word_1_253' title='bbox 3283 915 3392 969; x_wconf 90' lang='lat' dir='ltr'><strong>sive</strong></span> <span class='ocrx_word' id='word_1_254' title='bbox 3443 915 3661 988; x_wconf 87' lang='lat' dir='ltr'><strong>seipsum</strong></span> <span class='ocrx_word' id='word_1_255' title='bbox 3701 919 3774 973; x_wconf 86' lang='lat' dir='ltr'><strong>de-</strong></span> 
     </span>
    </p>
   </div>
   <div class='ocr_carea' id='block_1_40' title="bbox 2222 1001 3779 1075">
    <p class='ocr_par' dir='ltr' id='par_1_40' title="bbox 2222 1001 3779 1075">
     <span class='ocr_line' id='line_1_40' title="bbox 2222 1001 3779 1075; baseline 0.004 -19"><span class='ocrx_word' id='word_1_256' title='bbox 2222 1001 2422 1056; x_wconf 81' lang='lat' dir='ltr'><strong>fendat</strong></span> <span class='ocrx_word' id='word_1_257' title='bbox 2442 1003 2783 1074; x_wconf 86' lang='lat' dir='ltr'><strong>Cyprianus,</strong></span> <span class='ocrx_word' id='word_1_258' title='bbox 2811 1003 2932 1058; x_wconf 89' lang='lat' dir='ltr'><strong>sive</strong></span> <span class='ocrx_word' id='word_1_259' title='bbox 2952 1019 3125 1059; x_wconf 90' lang='lat' dir='ltr'><strong>suum</strong></span> <span class='ocrx_word' id='word_1_260' title='bbox 3147 1003 3498 1075; x_wconf 88' lang='lat' dir='ltr'><strong>aggrediatur</strong></span> <span class='ocrx_word' id='word_1_261' title='bbox 3513 1009 3599 1059; x_wconf 88' lang='lat' dir='ltr'><strong>aut</strong></span> <span class='ocrx_word' id='word_1_262' title='bbox 3619 1007 3779 1062; x_wconf 83' lang='lat' dir='ltr'><strong>refutet</strong></span> 
     </span>
    </p>
   </div>
   <div class='ocr_carea' id='block_1_41' title="bbox 2223 1091 3778 1162">
    <p class='ocr_par' dir='ltr' id='par_1_41' title="bbox 2223 1091 3778 1162">
     <span class='ocr_line' id='line_1_41' title="bbox 2223 1091 3778 1162; baseline 0.004 -17"><span class='ocrx_word' id='word_1_263' title='bbox 2223 1091 2646 1159; x_wconf 87' lang='lat' dir='ltr'><strong>adversarium,</strong></span> <span class='ocrx_word' id='word_1_264' title='bbox 2680 1091 2927 1146; x_wconf 90' lang='lat' dir='ltr'><strong>inveniri</strong></span> <span class='ocrx_word' id='word_1_265' title='bbox 2970 1092 3285 1162; x_wconf 89' lang='lat' dir='ltr'><strong>contendit,</strong></span> <span class='ocrx_word' id='word_1_266' title='bbox 3317 1096 3378 1147; x_wconf 92' lang='lat' dir='ltr'><strong>ut</strong></span> <span class='ocrx_word' id='word_1_267' title='bbox 3433 1093 3575 1149; x_wconf 85' lang='lat' dir='ltr'><strong>fateri</strong></span> <span class='ocrx_word' id='word_1_268' title='bbox 3625 1111 3778 1152; x_wconf 86' lang='lat' dir='ltr'><strong>omnes</strong></span> 
     </span>
    </p>
   </div>
   <div class='ocr_carea' id='block_1_42' title="bbox 2223 1179 3783 1256">
    <p class='ocr_par' dir='ltr' id='par_1_42' title="bbox 2223 1179 3783 1256">
     <span class='ocr_line' id='line_1_42' title="bbox 2223 1179 3783 1256; baseline 0.003 -21"><span class='ocrx_word' id='word_1_269' title='bbox 2223 1183 2487 1252; x_wconf 88' lang='lat' dir='ltr'><strong>oporteat</strong></span> <span class='ocrx_word' id='word_1_270' title='bbox 2516 1179 2785 1237; x_wconf 65' lang='lat' dir='ltr'><strong>Ecclesia</strong></span> <span class='ocrx_word' id='word_1_271' title='bbox 2807 1181 3048 1253; x_wconf 91' lang='lat' dir='ltr'><strong>juribus</strong></span> <span class='ocrx_word' id='word_1_272' title='bbox 3070 1181 3260 1254; x_wconf 87' lang='lat' dir='ltr'><strong>magis</strong></span> <span class='ocrx_word' id='word_1_273' title='bbox 3290 1198 3454 1253; x_wconf 88' lang='lat' dir='ltr'><strong>quam</strong></span> <span class='ocrx_word' id='word_1_274' title='bbox 3504 1184 3711 1256; x_wconf 87' lang='lat' dir='ltr'><strong>propriis</strong></span> <span class='ocrx_word' id='word_1_275' title='bbox 3731 1186 3783 1240; x_wconf 92' lang='lat' dir='ltr'><strong>il-</strong></span> 
     </span>
    </p>
   </div>
   <div class='ocr_carea' id='block_1_43' title="bbox 2221 1267 3782 1343">
    <p class='ocr_par' dir='ltr' id='par_1_43' title="bbox 2221 1267 3782 1343">
     <span class='ocr_line' id='line_1_43' title="bbox 2221 1267 3782 1343; baseline 0.003 -19"><span class='ocrx_word' id='word_1_276' title='bbox 2221 1267 2347 1324; x_wconf 90' lang='lat' dir='ltr'><strong>lum</strong></span> <span class='ocrx_word' id='word_1_277' title='bbox 2379 1269 2703 1326; x_wconf 90' lang='lat' dir='ltr'><strong>intendisse</strong></span> <span class='ocrx_word' id='word_1_278' title='bbox 2731 1271 2874 1343; x_wconf 83' lang='lat'><strong>(16);</strong></span> <span class='ocrx_word' id='word_1_279' title='bbox 2935 1269 3240 1326; x_wconf 89' lang='lat' dir='ltr'><strong>recensitis</strong></span> <span class='ocrx_word' id='word_1_280' title='bbox 3290 1271 3436 1326; x_wconf 88' lang='lat' dir='ltr'><strong>enim</strong></span> <span class='ocrx_word' id='word_1_281' title='bbox 3466 1271 3530 1328; x_wconf 91' lang='lat' dir='ltr'><strong>iis</strong></span> <span class='ocrx_word' id='word_1_282' title='bbox 3570 1273 3782 1330; x_wconf 87' lang='lat' dir='ltr'><strong>omnibus</strong></span> 
     </span>
    </p>
   </div>
   <div class='ocr_carea' id='block_1_44' title="bbox 2222 1358 3785 1433">
    <p class='ocr_par' dir='ltr' id='par_1_44' title="bbox 2222 1358 3785 1433">
     <span class='ocr_line' id='line_1_44' title="bbox 2222 1358 3785 1433; baseline 0.002 -19"><span class='ocrx_word' id='word_1_283' title='bbox 2222 1374 2374 1430; x_wconf 68' lang='lat' dir='ltr'><strong>quae,</strong></span> <span class='ocrx_word' id='word_1_284' title='bbox 2416 1362 2480 1414; x_wconf 92' lang='lat' dir='ltr'><strong>ut</strong></span> <span class='ocrx_word' id='word_1_285' title='bbox 2508 1375 2688 1430; x_wconf 89' lang='lat' dir='ltr'><strong>supra</strong></span> <span class='ocrx_word' id='word_1_286' title='bbox 2713 1358 2994 1428; x_wconf 89' lang='lat' dir='ltr'><strong>vidimus,</strong></span> <span class='ocrx_word' id='word_1_287' title='bbox 3028 1359 3089 1414; x_wconf 93' lang='lat' dir='ltr'><strong>in</strong></span> <span class='ocrx_word' id='word_1_288' title='bbox 3115 1358 3465 1430; x_wconf 89' lang='lat' dir='ltr'><strong>Stephanum</strong></span> <span class='ocrx_word' id='word_1_289' title='bbox 3509 1359 3785 1433; x_wconf 82' lang='lat' dir='ltr'><strong>Cyprianus,</strong></span> 
     </span>
    </p>
   </div>
   <div class='ocr_carea' id='block_1_45' title="bbox 2222 1447 3788 1523">
    <p class='ocr_par' dir='ltr' id='par_1_45' title="bbox 2222 1447 3788 1523">
     <span class='ocr_line' id='line_1_45' title="bbox 2222 1447 3788 1523; baseline 0.001 -19"><span class='ocrx_word' id='word_1_290' title='bbox 2222 1447 2456 1515; x_wconf 80' lang='lat' dir='ltr'><strong>etl‘utiit,</strong></span> <span class='ocrx_word' id='word_1_291' title='bbox 2505 1447 3006 1504; x_wconf 86' lang='lat' dir='ltr'><strong>exclamabundus</strong></span> <span class='ocrx_word' id='word_1_292' title='bbox 3032 1448 3151 1504; x_wconf 87' lang='lat' dir='ltr'><strong>ait:</strong></span> <span class='ocrx_word' id='word_1_293' title='bbox 3192 1471 3213 1497; x_wconf 80' lang='grc' dir='ltr'>ι</span> <span class='ocrx_word' id='word_1_294' title='bbox 3245 1450 3326 1504; x_wconf 82' lang='grc' dir='ltr'><strong>Εη</strong></span> <span class='ocrx_word' id='word_1_295' title='bbox 3372 1448 3650 1521; x_wconf 75' lang='lat' dir='ltr'><strong>praeclarus</strong></span> <span class='ocrx_word' id='word_1_296' title='bbox 3690 1468 3788 1523; x_wconf 87' lang='lat' dir='ltr'><strong>pro-</strong></span> 
     </span>
    </p>
   </div>
   <div class='ocr_carea' id='block_1_46' title="bbox 2222 1536 3790 1610">
    <p class='ocr_par' dir='ltr' id='par_1_46' title="bbox 2222 1536 3790 1610">
     <span class='ocr_line' id='line_1_46' title="bbox 2222 1536 3790 1610; baseline 0.002 -18"><span class='ocrx_word' id='word_1_297' title='bbox 2222 1536 2370 1594; x_wconf 84' lang='lat' dir='ltr'><strong>fecto</strong></span> <span class='ocrx_word' id='word_1_298' title='bbox 2413 1538 2585 1593; x_wconf 87' lang='lat' dir='ltr'><strong>ardor</strong></span> <span class='ocrx_word' id='word_1_299' title='bbox 2640 1554 2708 1593; x_wconf 86' lang='lat' dir='ltr'><strong>ac</strong></span> <span class='ocrx_word' id='word_1_300' title='bbox 2767 1537 2931 1593; x_wconf 90' lang='lat' dir='ltr'><strong>valde</strong></span> <span class='ocrx_word' id='word_1_301' title='bbox 2986 1536 3344 1610; x_wconf 88' lang='lat' dir='ltr'><strong>spiritualis;</strong></span> <span class='ocrx_word' id='word_1_302' title='bbox 3393 1538 3444 1592; x_wconf 89' lang='lat' dir='ltr'><strong>in</strong></span> <span class='ocrx_word' id='word_1_303' title='bbox 3475 1539 3663 1595; x_wconf 86' lang='lat' dir='ltr'><strong>sanctis</strong></span> <span class='ocrx_word' id='word_1_304' title='bbox 3703 1539 3790 1595; x_wconf 86' lang='lat' dir='ltr'><strong>illis</strong></span> 
     </span>
    </p>
   </div>
   <div class='ocr_carea' id='block_1_47' title="bbox 2224 1626 3791 1699">
    <p class='ocr_par' dir='ltr' id='par_1_47' title="bbox 2224 1626 3791 1699">
     <span class='ocr_line' id='line_1_47' title="bbox 2224 1626 3791 1699; baseline 0 -17"><span class='ocrx_word' id='word_1_305' title='bbox 2224 1626 2406 1683; x_wconf 89' lang='lat' dir='ltr'><strong>animi</strong></span> <span class='ocrx_word' id='word_1_306' title='bbox 2454 1627 2771 1699; x_wconf 90' lang='lat' dir='ltr'><strong>impetibus</strong></span> <span class='ocrx_word' id='word_1_307' title='bbox 2819 1626 3187 1699; x_wconf 91' lang='lat' dir='ltr'><strong>dignoscitur</strong></span> <span class='ocrx_word' id='word_1_308' title='bbox 3255 1644 3352 1683; x_wconf 92' lang='lat' dir='ltr'><strong>cor</strong></span> <span class='ocrx_word' id='word_1_309' title='bbox 3419 1628 3614 1683; x_wconf 88' lang='lat' dir='ltr'><strong>amoris</strong></span> <span class='ocrx_word' id='word_1_310' title='bbox 3657 1628 3791 1683; x_wconf 87' lang='lat' dir='ltr'><strong>divini</strong></span> 
     </span>
    </p>
   </div>
   <div class='ocr_carea' id='block_1_48' title="bbox 2226 1715 3793 1789">
    <p class='ocr_par' dir='ltr' id='par_1_48' title="bbox 2226 1715 3793 1789">
     <span class='ocr_line' id='line_1_48' title="bbox 2226 1715 3793 1789; baseline 0.001 -17"><span class='ocrx_word' id='word_1_311' title='bbox 2226 1716 2482 1772; x_wconf 84' lang='lat' dir='ltr'><strong>ﬂammis</strong></span> <span class='ocrx_word' id='word_1_312' title='bbox 2523 1715 2757 1788; x_wconf 89' lang='lat' dir='ltr'><strong>penitus</strong></span> <span class='ocrx_word' id='word_1_313' title='bbox 2791 1732 3128 1786; x_wconf 90' lang='lat' dir='ltr'><strong>accensum,</strong></span> <span class='ocrx_word' id='word_1_314' title='bbox 3161 1733 3228 1772; x_wconf 93' lang='lat' dir='ltr'><strong>ac</strong></span> <span class='ocrx_word' id='word_1_315' title='bbox 3260 1715 3402 1771; x_wconf 88' lang='lat' dir='ltr'><strong>nihil</strong></span> <span class='ocrx_word' id='word_1_316' title='bbox 3434 1715 3579 1772; x_wconf 87' lang='lat' dir='ltr'><strong>aliud</strong></span> <span class='ocrx_word' id='word_1_317' title='bbox 3617 1716 3793 1789; x_wconf 84' lang='lat' dir='ltr'><strong>spirans</strong></span> 
     </span>
    </p>
   </div>
   <div class='ocr_carea' id='block_1_49' title="bbox 2225 1805 3792 1878">
    <p class='ocr_par' dir='ltr' id='par_1_49' title="bbox 2225 1805 3792 1878">
     <span class='ocr_line' id='line_1_49' title="bbox 2225 1805 3792 1878; baseline -0.001 -17"><span class='ocrx_word' id='word_1_318' title='bbox 2225 1822 2402 1878; x_wconf 89' lang='lat' dir='ltr'><strong>quam</strong></span> <span class='ocrx_word' id='word_1_319' title='bbox 2468 1806 2678 1862; x_wconf 89' lang='lat' dir='ltr'><strong>domus</strong></span> <span class='ocrx_word' id='word_1_320' title='bbox 2736 1805 2972 1862; x_wconf 92' lang='lat' dir='ltr'><strong>Domini</strong></span> <span class='ocrx_word' id='word_1_321' title='bbox 3032 1805 3280 1878; x_wconf 77' lang='lat' dir='ltr'><strong>gloriam</strong></span> <span class='ocrx_word' id='word_1_322' title='bbox 3347 1822 3410 1862; x_wconf 90' lang='lat' dir='ltr'><strong>ac</strong></span> <span class='ocrx_word' id='word_1_323' title='bbox 3482 1805 3792 1878; x_wconf 87' lang='lat' dir='ltr'><strong>pulchritudi-</strong></span> 
     </span>
    </p>
   </div>
   <div class='ocr_carea' id='block_1_50' title="bbox 2223 1895 2585 1967">
    <p class='ocr_par' dir='ltr' id='par_1_50' title="bbox 2223 1895 2585 1967">
     <span class='ocr_line' id='line_1_50' title="bbox 2223 1895 2585 1967; baseline -0.017 -15"><span class='ocrx_word' id='word_1_324' title='bbox 2223 1912 2355 1952; x_wconf 91' lang='lat' dir='ltr'><strong>nem</strong></span> <span class='ocrx_word' id='word_1_325' title='bbox 2388 1895 2523 1967; x_wconf 92' lang='lat'><strong>(17).</strong></span> <span class='ocrx_word' id='word_1_326' title='bbox 2555 1917 2585 1946; x_wconf 84' lang='lat'>»</span> 
     </span>
    </p>
   </div>
   <div class='ocr_carea' id='block_1_51' title="bbox 2295 1981 3795 2056">
    <p class='ocr_par' dir='ltr' id='par_1_51' title="bbox 2295 1981 3795 2056">
     <span class='ocr_line' id='line_1_51' title="bbox 2295 1981 3795 2056; baseline -0.001 -17"><span class='ocrx_word' id='word_1_327' title='bbox 2295 1983 2540 2040; x_wconf 89' lang='lat' dir='ltr'><strong>Demum</strong></span> <span class='ocrx_word' id='word_1_328' title='bbox 2573 1983 2989 2056; x_wconf 66' lang='lat' dir='ltr'><strong>praetermissis</strong></span> <span class='ocrx_word' id='word_1_329' title='bbox 3022 1983 3157 2040; x_wconf 90' lang='lat' dir='ltr'><strong>aliis</strong></span> <span class='ocrx_word' id='word_1_330' title='bbox 3189 1981 3486 2038; x_wconf 89' lang='lat' dir='ltr'><strong>nonnullis</strong></span> <span class='ocrx_word' id='word_1_331' title='bbox 3527 1982 3579 2037; x_wconf 91' lang='lat' dir='ltr'><strong>id</strong></span> <span class='ocrx_word' id='word_1_332' title='bbox 3621 1983 3795 2054; x_wconf 85' lang='lat' dir='ltr'><strong>generis</strong></span> 
     </span>
    </p>
   </div>
   <div class='ocr_carea' id='block_1_52' title="bbox 2223 2072 3796 2146">
    <p class='ocr_par' dir='ltr' id='par_1_52' title="bbox 2223 2072 3796 2146">
     <span class='ocr_line' id='line_1_52' title="bbox 2223 2072 3796 2146; baseline -0.002 -18"><span class='ocrx_word' id='word_1_333' title='bbox 2223 2073 2634 2146; x_wconf 88' lang='lat' dir='ltr'><strong>scriptoribus,</strong></span> <span class='ocrx_word' id='word_1_334' title='bbox 2674 2073 2941 2146; x_wconf 89' lang='lat' dir='ltr'><strong>Dupinus</strong></span> <span class='ocrx_word' id='word_1_335' title='bbox 2985 2074 3046 2129; x_wconf 91' lang='lat' dir='ltr'><strong>in</strong></span> <span class='ocrx_word' id='word_1_336' title='bbox 3096 2090 3209 2129; x_wconf 89' lang='lat' dir='ltr'><strong>sua</strong></span> <span class='ocrx_word' id='word_1_337' title='bbox 3258 2072 3583 2129; x_wconf 77' lang='lat' dir='ltr'><strong>Bibliotheca</strong></span> <span class='ocrx_word' id='word_1_338' title='bbox 3627 2073 3796 2136; x_wconf 62' lang='lat' dir='ltr'><strong>Eccita,</strong></span> 
     </span>
    </p>
   </div>
   <div class='ocr_carea' id='block_1_53' title="bbox 2223 2161 3795 2235">
    <p class='ocr_par' dir='ltr' id='par_1_53' title="bbox 2223 2161 3795 2235">
     <span class='ocr_line' id='line_1_53' title="bbox 2223 2161 3795 2235; baseline -0.003 -16"><span class='ocrx_word' id='word_1_339' title='bbox 2223 2162 2395 2223; x_wconf 87' lang='lat' dir='ltr'><strong>nobis</strong></span> <span class='ocrx_word' id='word_1_340' title='bbox 2417 2161 2714 2235; x_wconf 77' lang='lat' dir='ltr'><strong>significat</strong></span> <span class='ocrx_word' id='word_1_341' title='bbox 2752 2163 2997 2218; x_wconf 90' lang='lat' dir='ltr'><strong>totidem</strong></span> <span class='ocrx_word' id='word_1_342' title='bbox 3018 2162 3202 2218; x_wconf 83' lang='lat' dir='ltr'><strong>fuisse</strong></span> <span class='ocrx_word' id='word_1_343' title='bbox 3231 2162 3516 2229; x_wconf 89' lang='lat' dir='ltr'><strong>veritates,</strong></span> <span class='ocrx_word' id='word_1_344' title='bbox 3571 2161 3795 2234; x_wconf 87' lang='lat' dir='ltr'><strong>quidquid</strong></span> 
     </span>
    </p>
   </div>
   <div class='ocr_carea' id='block_1_54' title="bbox 2223 2249 3800 2325">
    <p class='ocr_par' dir='ltr' id='par_1_54' title="bbox 2223 2249 3800 2325">
     <span class='ocr_line' id='line_1_54' title="bbox 2223 2249 3800 2325; baseline -0.003 -19"><span class='ocrx_word' id='word_1_345' title='bbox 2223 2250 2283 2307; x_wconf 91' lang='lat' dir='ltr'><strong>in</strong></span> <span class='ocrx_word' id='word_1_346' title='bbox 2333 2252 2694 2324; x_wconf 89' lang='lat' dir='ltr'><strong>Stephanum</strong></span> <span class='ocrx_word' id='word_1_347' title='bbox 2755 2251 3076 2324; x_wconf 86' lang='lat' dir='ltr'><strong>Cyprianus</strong></span> <span class='ocrx_word' id='word_1_348' title='bbox 3129 2252 3452 2325; x_wconf 88' lang='lat' dir='ltr'><strong>congessit;</strong></span> <span class='ocrx_word' id='word_1_349' title='bbox 3507 2249 3594 2306; x_wconf 92' lang='lat' dir='ltr'><strong>ino</strong></span> <span class='ocrx_word' id='word_1_350' title='bbox 3641 2249 3800 2304; x_wconf 81' lang='lat' dir='ltr'><strong>verita-</strong></span> 
     </span>
    </p>
   </div>
   <div class='ocr_carea' id='block_1_55' title="bbox 2224 2337 3801 2415">
    <p class='ocr_par' dir='ltr' id='par_1_55' title="bbox 2224 2337 3801 2415">
     <span class='ocr_line' id='line_1_55' title="bbox 2224 2337 3801 2415; baseline -0.004 -17"><span class='ocrx_word' id='word_1_351' title='bbox 2224 2345 2313 2413; x_wconf 86' lang='lat' dir='ltr'><strong>tes</strong></span> <span class='ocrx_word' id='word_1_352' title='bbox 2337 2356 2483 2414; x_wconf 88' lang='lat' dir='ltr'><strong>quas</strong></span> <span class='ocrx_word' id='word_1_353' title='bbox 2514 2339 2808 2413; x_wconf 89' lang='lat' dir='ltr'><strong>Stephano</strong></span> <span class='ocrx_word' id='word_1_354' title='bbox 2840 2339 2974 2396; x_wconf 91' lang='lat' dir='ltr'><strong>licet</strong></span> <span class='ocrx_word' id='word_1_355' title='bbox 2994 2340 3282 2415; x_wconf 87' lang='lat' dir='ltr'><strong>ingratas,</strong></span> <span class='ocrx_word' id='word_1_356' title='bbox 3313 2340 3440 2413; x_wconf 90' lang='lat' dir='ltr'><strong>ipsa</strong></span> <span class='ocrx_word' id='word_1_357' title='bbox 3477 2343 3650 2394; x_wconf 88' lang='lat' dir='ltr'><strong>tamen</strong></span> <span class='ocrx_word' id='word_1_358' title='bbox 3697 2337 3801 2408; x_wconf 78' lang='lat' dir='ltr'><strong>obji-</strong></span> 
     </span>
    </p>
   </div>
   <div class='ocr_carea' id='block_1_56' title="bbox 2225 2428 3803 2503">
    <p class='ocr_par' dir='ltr' id='par_1_56' title="bbox 2225 2428 3803 2503">
     <span class='ocr_line' id='line_1_56' title="bbox 2225 2428 3803 2503; baseline -0.003 -17"><span class='ocrx_word' id='word_1_359' title='bbox 2225 2446 2353 2487; x_wconf 89' lang='lat' dir='ltr'><strong>cere</strong></span> <span class='ocrx_word' id='word_1_360' title='bbox 2395 2433 2692 2486; x_wconf 88' lang='lat' dir='ltr'><strong>teneretur</strong></span> <span class='ocrx_word' id='word_1_361' title='bbox 2727 2428 3204 2503; x_wconf 87' lang='lat' dir='ltr'><strong>Carthaginensis</strong></span> <span class='ocrx_word' id='word_1_362' title='bbox 3243 2430 3543 2503; x_wconf 89' lang='lat' dir='ltr'><strong>episcopus</strong></span> <span class='ocrx_word' id='word_1_363' title='bbox 3581 2432 3630 2484; x_wconf 90' lang='lat' dir='ltr'><strong>et</strong></span> <span class='ocrx_word' id='word_1_364' title='bbox 3667 2443 3803 2500; x_wconf 87' lang='lat' dir='ltr'><strong>quan-</strong></span> 
     </span>
    </p>
   </div>
   <div class='ocr_carea' id='block_1_57' title="bbox 2187 2516 3801 2592">
    <p class='ocr_par' dir='ltr' id='par_1_57' title="bbox 2187 2516 3801 2592">
     <span class='ocr_line' id='line_1_57' title="bbox 2187 2516 3801 2592; baseline -0.003 -17"><span class='ocrx_word' id='word_1_365' title='bbox 2187 2516 2352 2576; x_wconf 78' lang='lat' dir='ltr'><strong>&#39;tum</strong></span> <span class='ocrx_word' id='word_1_366' title='bbox 2384 2519 2595 2592; x_wconf 88' lang='lat' dir='ltr'><strong>potuit,</strong></span> <span class='ocrx_word' id='word_1_367' title='bbox 2634 2523 2913 2576; x_wconf 87' lang='lat' dir='ltr'><strong>consueta</strong></span> <span class='ocrx_word' id='word_1_368' title='bbox 2959 2536 3068 2575; x_wconf 89' lang='lat' dir='ltr'><strong>sua</strong></span> <span class='ocrx_word' id='word_1_369' title='bbox 3100 2519 3492 2592; x_wconf 88' lang='lat' dir='ltr'><strong>jucunditate,</strong></span> <span class='ocrx_word' id='word_1_370' title='bbox 3547 2522 3801 2590; x_wconf 83' lang='lat' dir='ltr'><strong>temperare</strong></span> 
     </span>
    </p>
   </div>
   <div class='ocr_carea' id='block_1_58' title="bbox 2227 2607 3803 2680">
    <p class='ocr_par' dir='ltr' id='par_1_58' title="bbox 2227 2607 3803 2680">
     <span class='ocr_line' id='line_1_58' title="bbox 2227 2607 3803 2680; baseline -0.004 -14"><span class='ocrx_word' id='word_1_371' title='bbox 2227 2609 2544 2666; x_wconf 88' lang='lat' dir='ltr'><strong>curaverit.</strong></span> <span class='ocrx_word' id='word_1_372' title='bbox 2589 2608 2699 2664; x_wconf 92' lang='lat' dir='ltr'><strong>Ubi</strong></span> <span class='ocrx_word' id='word_1_373' title='bbox 2745 2611 2902 2664; x_wconf 90' lang='lat' dir='ltr'><strong>enim</strong></span> <span class='ocrx_word' id='word_1_374' title='bbox 2956 2626 3091 2664; x_wconf 89' lang='lat' dir='ltr'><strong>cum</strong></span> <span class='ocrx_word' id='word_1_375' title='bbox 3135 2609 3490 2665; x_wconf 89' lang='lat' dir='ltr'><strong>Tertulliano</strong></span> <span class='ocrx_word' id='word_1_376' title='bbox 3527 2607 3803 2680; x_wconf 86' lang='lat' dir='ltr'><strong>Cyprianum</strong></span> 
     </span>
    </p>
   </div>
   <div class='ocr_carea' id='block_1_59' title="bbox 2227 2696 3804 2772">
    <p class='ocr_par' dir='ltr' id='par_1_59' title="bbox 2227 2696 3804 2772">
     <span class='ocr_line' id='line_1_59' title="bbox 2227 2696 3804 2772; baseline -0.004 -16"><span class='ocrx_word' id='word_1_377' title='bbox 2227 2703 2544 2772; x_wconf 87' lang='lat' dir='ltr'><strong>comparat,</strong></span> <span class='ocrx_word' id='word_1_378' title='bbox 2629 2699 2702 2755; x_wconf 89' lang='lat' dir='ltr'><strong>ab</strong></span> <span class='ocrx_word' id='word_1_379' title='bbox 2776 2697 2874 2755; x_wconf 94' lang='lat' dir='ltr'><strong>illo</strong></span> <span class='ocrx_word' id='word_1_380' title='bbox 2923 2699 3132 2756; x_wconf 88' lang='lat' dir='ltr'><strong>scribit</strong></span> <span class='ocrx_word' id='word_1_381' title='bbox 3191 2700 3546 2756; x_wconf 87' lang='lat' dir='ltr'><strong>adversarios</strong></span> <span class='ocrx_word' id='word_1_382' title='bbox 3585 2696 3804 2768; x_wconf 82' lang='lat' dir='ltr'><strong>injuriose</strong></span> 
     </span>
    </p>
   </div>
   <div class='ocr_carea' id='block_1_60' title="bbox 2225 2786 3804 2861">
    <p class='ocr_par' dir='ltr' id='par_1_60' title="bbox 2225 2786 3804 2861">
     <span class='ocr_line' id='line_1_60' title="bbox 2225 2786 3804 2861; baseline -0.005 -15"><span class='ocrx_word' id='word_1_383' title='bbox 2225 2787 2500 2858; x_wconf 87' lang='lat' dir='ltr'><strong>tractari;</strong></span> <span class='ocrx_word' id='word_1_384' title='bbox 2533 2811 2560 2838; x_wconf 86' lang='lat'><strong>«</strong></span> <span class='ocrx_word' id='word_1_385' title='bbox 2596 2792 2672 2844; x_wconf 84' lang='lat' dir='ltr'><strong>At</strong></span> <span class='ocrx_word' id='word_1_386' title='bbox 2701 2788 2758 2844; x_wconf 91' lang='lat' dir='ltr'><strong>S.</strong></span> <span class='ocrx_word' id='word_1_387' title='bbox 2782 2788 3125 2861; x_wconf 89' lang='lat' dir='ltr'><strong>Cyprianus,</strong></span> <span class='ocrx_word' id='word_1_388' title='bbox 3160 2789 3374 2860; x_wconf 90' lang='lat' dir='ltr'><strong>inquit,</strong></span> <span class='ocrx_word' id='word_1_389' title='bbox 3407 2789 3567 2860; x_wconf 88' lang='lat' dir='ltr'><strong>longe</strong></span> <span class='ocrx_word' id='word_1_390' title='bbox 3592 2786 3804 2842; x_wconf 60' lang='lat' dir='ltr'><strong>moderato</strong></span> 
     </span>
    </p>
   </div>
   <div class='ocr_carea' id='block_1_61' title="bbox 2227 2869 3810 2949">
    <p class='ocr_par' dir='ltr' id='par_1_61' title="bbox 2227 2869 3810 2949">
     <span class='ocr_line' id='line_1_61' title="bbox 2227 2869 3810 2949; baseline -0.006 -15"><span class='ocrx_word' id='word_1_391' title='bbox 2227 2879 2342 2935; x_wconf 90' lang='lat' dir='ltr'><strong>tior</strong></span> <span class='ocrx_word' id='word_1_392' title='bbox 2370 2878 2421 2934; x_wconf 92' lang='lat' dir='ltr'><strong>si</strong></span> <span class='ocrx_word' id='word_1_393' title='bbox 2476 2877 2708 2949; x_wconf 88' lang='lat' dir='ltr'><strong>quando</strong></span> <span class='ocrx_word' id='word_1_394' title='bbox 2742 2876 2866 2932; x_wconf 90' lang='lat' dir='ltr'><strong>suis</strong></span> <span class='ocrx_word' id='word_1_395' title='bbox 2919 2876 3276 2934; x_wconf 89' lang='lat' dir='ltr'><strong>adversariis</strong></span> <span class='ocrx_word' id='word_1_396' title='bbox 3304 2878 3568 2933; x_wconf 86' lang='lat' dir='ltr'><strong>veritates</strong></span> <span class='ocrx_word' id='word_1_397' title='bbox 3609 2891 3711 2948; x_wconf 72' lang='lat' dir='ltr'><strong>qua</strong></span> <span class='ocrx_word' id='word_1_398' title='bbox 3733 2869 3810 2942; x_wconf 85' lang='lat' dir='ltr'><strong>ipsi</strong></span> 
     </span>
    </p>
   </div>
   <div class='ocr_carea' id='block_1_62' title="bbox 2226 2966 3806 3040">
    <p class='ocr_par' dir='ltr' id='par_1_62' title="bbox 2226 2966 3806 3040">
     <span class='ocr_line' id='line_1_62' title="bbox 2226 2966 3806 3040; baseline -0.007 -16"><span class='ocrx_word' id='word_1_399' title='bbox 2226 2966 2576 3040; x_wconf 89' lang='lat' dir='ltr'><strong>displiceant</strong></span> <span class='ocrx_word' id='word_1_400' title='bbox 2605 2966 2796 3023; x_wconf 88' lang='lat' dir='ltr'><strong>dicere</strong></span> <span class='ocrx_word' id='word_1_401' title='bbox 2817 2969 3069 3038; x_wconf 90' lang='lat' dir='ltr'><strong>tenetur,</strong></span> <span class='ocrx_word' id='word_1_402' title='bbox 3084 2983 3209 3035; x_wconf 89' lang='lat' dir='ltr'><strong>eas,</strong></span> <span class='ocrx_word' id='word_1_403' title='bbox 3233 2970 3515 3040; x_wconf 88' lang='lat' dir='ltr'><strong>quantum</strong></span> <span class='ocrx_word' id='word_1_404' title='bbox 3538 2966 3712 3036; x_wconf 87' lang='lat' dir='ltr'><strong>potest,</strong></span> <span class='ocrx_word' id='word_1_405' title='bbox 3730 2975 3806 3015; x_wconf 86' lang='lat' dir='ltr'><strong>sua</strong></span> 
     </span>
    </p>
   </div>
   <div class='ocr_carea' id='block_1_63' title="bbox 2221 3047 3812 3129">
    <p class='ocr_par' dir='ltr' id='par_1_63' title="bbox 2221 3047 3812 3129">
     <span class='ocr_line' id='line_1_63' title="bbox 2221 3047 3812 3129; baseline -0.006 -17"><span class='ocrx_word' id='word_1_406' title='bbox 2221 3057 2599 3129; x_wconf 87' lang='lat' dir='ltr'><strong>jucunditate</strong></span> <span class='ocrx_word' id='word_1_407' title='bbox 2651 3059 2938 3127; x_wconf 88' lang='lat' dir='ltr'><strong>temperat</strong></span> <span class='ocrx_word' id='word_1_408' title='bbox 2993 3056 3150 3128; x_wconf 92' lang='lat'><strong>(18);</strong></span> <span class='ocrx_word' id='word_1_409' title='bbox 3232 3055 3391 3111; x_wconf 89' lang='lat' dir='ltr'><strong>unde</strong></span> <span class='ocrx_word' id='word_1_410' title='bbox 3462 3052 3587 3110; x_wconf 83' lang='lat' dir='ltr'><strong>licet</strong></span> <span class='ocrx_word' id='word_1_411' title='bbox 3631 3047 3812 3121; x_wconf 80' lang='lat' dir='ltr'><strong>Stepha-</strong></span> 
     </span>
    </p>
   </div>
   <div class='ocr_carea' id='block_1_64' title="bbox 2228 3139 3813 3218">
    <p class='ocr_par' dir='ltr' id='par_1_64' title="bbox 2228 3139 3813 3218">
     <span class='ocr_line' id='line_1_64' title="bbox 2228 3139 3813 3218; baseline -0.008 -15"><span class='ocrx_word' id='word_1_412' title='bbox 2228 3163 2368 3203; x_wconf 89' lang='lat' dir='ltr'><strong>num</strong></span> <span class='ocrx_word' id='word_1_413' title='bbox 2430 3145 2489 3202; x_wconf 89' lang='lat' dir='ltr'><strong>in</strong></span> <span class='ocrx_word' id='word_1_414' title='bbox 2535 3163 2641 3203; x_wconf 90' lang='lat' dir='ltr'><strong>suo</strong></span> <span class='ocrx_word' id='word_1_415' title='bbox 2691 3161 2972 3218; x_wconf 90' lang='lat' dir='ltr'><strong>responso</strong></span> <span class='ocrx_word' id='word_1_416' title='bbox 3034 3159 3262 3215; x_wconf 73' lang='lat' dir='ltr'><strong>magna:</strong></span> <span class='ocrx_word' id='word_1_417' title='bbox 3319 3145 3578 3201; x_wconf 77' lang='lat' dir='ltr'><strong>duritah’s</strong></span> <span class='ocrx_word' id='word_1_418' title='bbox 3634 3139 3813 3194; x_wconf 84' lang='lat' dir='ltr'><strong>insimu-</strong></span> 
     </span>
    </p>
   </div>
   <div class='ocr_carea' id='block_1_65' title="bbox 467 3219 3811 3308">
    <p class='ocr_par' dir='ltr' id='par_1_65' title="bbox 467 3219 3811 3308">
     <span class='ocr_line' id='line_1_65' title="bbox 467 3219 3811 3308; baseline -0 -20"><span class='ocrx_word' id='word_1_419' title='bbox 467 3231 762 3288; x_wconf 88' lang='lat' dir='ltr'><strong>memoriae</strong></span> <span class='ocrx_word' id='word_1_420' title='bbox 813 3232 1012 3290; x_wconf 90' lang='lat' dir='ltr'><strong>minus</strong></span> <span class='ocrx_word' id='word_1_421' title='bbox 1063 3233 1292 3305; x_wconf 86' lang='lat' dir='ltr'><strong>dignas,</strong></span> <span class='ocrx_word' id='word_1_422' title='bbox 1325 3235 1595 3308; x_wconf 84' lang='lat' dir='ltr'><strong>Cypriani</strong></span> <span class='ocrx_word' id='word_1_423' title='bbox 1631 3251 1766 3292; x_wconf 89' lang='lat' dir='ltr'><strong>vero</strong></span> <span class='ocrx_word' id='word_1_424' title='bbox 1797 3219 2110 3292; x_wconf 11' lang='lat' dir='ltr'><strong>et’Firmi-</strong></span> <span class='ocrx_word' id='word_1_425' title='bbox 2147 3219 2191 3286; x_wconf 78' lang='lat' dir='ltr'><strong>C</strong></span> <span class='ocrx_word' id='word_1_426' title='bbox 2229 3235 2309 3293; x_wconf 93' lang='lat' dir='ltr'><strong>let</strong></span> <span class='ocrx_word' id='word_1_427' title='bbox 2361 3235 2648 3308; x_wconf 88' lang='lat' dir='ltr'><strong>(19),nihil</strong></span> <span class='ocrx_word' id='word_1_428' title='bbox 2707 3239 2904 3291; x_wconf 90' lang='lat' dir='ltr'><strong>tamen</strong></span> <span class='ocrx_word' id='word_1_429' title='bbox 2952 3234 3012 3290; x_wconf 93' lang='lat' dir='ltr'><strong>in</strong></span> <span class='ocrx_word' id='word_1_430' title='bbox 3068 3235 3350 3307; x_wconf 87' lang='lat' dir='ltr'><strong>Cypriani</strong></span> <span class='ocrx_word' id='word_1_431' title='bbox 3427 3234 3494 3290; x_wconf 91' lang='lat' dir='ltr'><strong>ad</strong></span> <span class='ocrx_word' id='word_1_432' title='bbox 3543 3226 3811 3302; x_wconf 82' lang='lat' dir='ltr'><strong>Pompeium</strong></span> 
     </span>
    </p>
   </div>
   <div class='ocr_carea' id='block_1_66' title="bbox 465 3319 2116 3398">
    <p class='ocr_par' dir='ltr' id='par_1_66' title="bbox 465 3319 2116 3398">
     <span class='ocr_line' id='line_1_66' title="bbox 465 3319 2116 3398; baseline 0.002 -22"><span class='ocrx_word' id='word_1_433' title='bbox 465 3319 609 3378; x_wconf 89' lang='lat' dir='ltr'><strong>liani</strong></span> <span class='ocrx_word' id='word_1_434' title='bbox 627 3319 902 3394; x_wconf 88' lang='lat' dir='ltr'><strong>epistolas</strong></span> <span class='ocrx_word' id='word_1_435' title='bbox 916 3322 1208 3379; x_wconf 71' lang='lat' dir='ltr'><strong>memoriae</strong></span> <span class='ocrx_word' id='word_1_436' title='bbox 1225 3322 1608 3397; x_wconf 88' lang='lat' dir='ltr'><strong>dignissimas</strong></span> <span class='ocrx_word' id='word_1_437' title='bbox 1623 3324 1966 3396; x_wconf 88' lang='lat' dir='ltr'><strong>judicarunt</strong></span> <span class='ocrx_word' id='word_1_438' title='bbox 1980 3325 2116 3398; x_wconf 87' lang='lat'><strong>(12.)</strong></span> 
     </span>
    </p>
   </div>
   <div class='ocr_carea' id='block_1_67' title="bbox 469 3408 2119 3484">
    <p class='ocr_par' dir='ltr' id='par_1_67' title="bbox 469 3408 2119 3484">
     <span class='ocr_line' id='line_1_67' title="bbox 469 3408 2119 3484; baseline 0.002 -17"><span class='ocrx_word' id='word_1_439' title='bbox 469 3408 882 3468; x_wconf 88' lang='lat' dir='ltr'><strong>Tillemontius</strong></span> <span class='ocrx_word' id='word_1_440' title='bbox 912 3410 1012 3484; x_wconf 91' lang='lat' dir='ltr'><strong>qui</strong></span> <span class='ocrx_word' id='word_1_441' title='bbox 1055 3411 1419 3484; x_wconf 88' lang='lat' dir='ltr'><strong>Stephanum</strong></span> <span class='ocrx_word' id='word_1_442' title='bbox 1477 3413 1655 3470; x_wconf 89' lang='lat' dir='ltr'><strong>etiam</strong></span> <span class='ocrx_word' id='word_1_443' title='bbox 1686 3413 2119 3470; x_wconf 73' lang='lat' dir='ltr'><strong>inhumanitatis</strong></span> 
     </span>
    </p>
   </div>
   <div class='ocr_carea' id='block_1_68' title="bbox 465 3499 2120 3576">
    <p class='ocr_par' dir='ltr' id='par_1_68' title="bbox 465 3499 2120 3576">
     <span class='ocr_line' id='line_1_68' title="bbox 465 3499 2120 3576; baseline 0.002 -20"><span class='ocrx_word' id='word_1_444' title='bbox 465 3515 742 3556; x_wconf 88' lang='lat' dir='ltr'><strong>accusare</strong></span> <span class='ocrx_word' id='word_1_445' title='bbox 769 3499 902 3571; x_wconf 79' lang='lat' dir='ltr'><strong>(non</strong></span> <span class='ocrx_word' id='word_1_446' title='bbox 961 3499 1249 3558; x_wconf 63' lang='lat' dir='ltr'><strong>hesitavit</strong></span> <span class='ocrx_word' id='word_1_447' title='bbox 1285 3501 1421 3571; x_wconf 89' lang='lat'><strong>(13),</strong></span> <span class='ocrx_word' id='word_1_448' title='bbox 1455 3500 1654 3559; x_wconf 66' lang='lat' dir='ltr'><strong>lissam</strong></span> <span class='ocrx_word' id='word_1_449' title='bbox 1711 3506 1908 3559; x_wconf 90' lang='lat' dir='ltr'><strong>tamen</strong></span> <span class='ocrx_word' id='word_1_450' title='bbox 1943 3521 1976 3559; x_wconf 91' lang='lat' dir='ltr'><strong>a</strong></span> <span class='ocrx_word' id='word_1_451' title='bbox 2022 3507 2120 3576; x_wconf 90' lang='lat' dir='ltr'><strong>Cy-</strong></span> 
     </span>
    </p>
   </div>
   <div class='ocr_carea' id='block_1_69' title="bbox 466 3587 2120 3662">
    <p class='ocr_par' dir='ltr' id='par_1_69' title="bbox 466 3587 2120 3662">
     <span class='ocr_line' id='line_1_69' title="bbox 466 3587 2120 3662; baseline 0.004 -19"><span class='ocrx_word' id='word_1_452' title='bbox 466 3590 672 3662; x_wconf 89' lang='lat' dir='ltr'><strong>priano</strong></span> <span class='ocrx_word' id='word_1_453' title='bbox 704 3587 777 3645; x_wconf 90' lang='lat' dir='ltr'><strong>ad</strong></span> <span class='ocrx_word' id='word_1_454' title='bbox 808 3588 1151 3660; x_wconf 87' lang='lat' dir='ltr'><strong>Pompeium</strong></span> <span class='ocrx_word' id='word_1_455' title='bbox 1182 3590 1472 3647; x_wconf 89' lang='lat' dir='ltr'><strong>scribente</strong></span> <span class='ocrx_word' id='word_1_456' title='bbox 1503 3593 2022 3650; x_wconf 90' lang='lat' dir='ltr'><strong>mansuetudinem</strong></span> <span class='ocrx_word' id='word_1_457' title='bbox 2056 3610 2120 3650; x_wconf 84' lang='lat' dir='ltr'><strong>ac</strong></span> 
     </span>
    </p>
   </div>
   <div class='ocr_carea' id='block_1_70' title="bbox 472 3676 2120 3738">
    <p class='ocr_par' dir='ltr' id='par_1_70' title="bbox 472 3676 2120 3738">
     <span class='ocr_line' id='line_1_70' title="bbox 472 3676 2120 3738; baseline 0.004 -6"><span class='ocrx_word' id='word_1_458' title='bbox 472 3676 795 3733; x_wconf 85' lang='lat' dir='ltr'><strong>fraternam</strong></span> <span class='ocrx_word' id='word_1_459' title='bbox 826 3676 1170 3735; x_wconf 89' lang='lat' dir='ltr'><strong>charitatem</strong></span> <span class='ocrx_word' id='word_1_460' title='bbox 1196 3679 1440 3736; x_wconf 89' lang='lat' dir='ltr'><strong>minime</strong></span> <span class='ocrx_word' id='word_1_461' title='bbox 1480 3679 1660 3738; x_wconf 85' lang='lat' dir='ltr'><strong>fuisse</strong></span> <span class='ocrx_word' id='word_1_462' title='bbox 1687 3682 1933 3738; x_wconf 82' lang='lat' dir='ltr'><strong>fidenter</strong></span> <span class='ocrx_word' id='word_1_463' title='bbox 1963 3683 2120 3738; x_wconf 74' lang='lat' dir='ltr'><strong>affir~</strong></span> 
     </span>
    </p>
   </div>
   <div class='ocr_carea' id='block_1_71' title="bbox 467 3764 740 3837">
    <p class='ocr_par' dir='ltr' id='par_1_71' title="bbox 467 3764 740 3837">
     <span class='ocr_line' id='line_1_71' title="bbox 467 3764 740 3837; baseline 0.004 -15"><span class='ocrx_word' id='word_1_464' title='bbox 467 3769 593 3822; x_wconf 89' lang='lat' dir='ltr'><strong>mat</strong></span> <span class='ocrx_word' id='word_1_465' title='bbox 612 3764 740 3837; x_wconf 72' lang='grc'>(14).</span> 
     </span>
    </p>
   </div>
   <div class='ocr_carea' id='block_1_72' title="bbox 541 3854 2124 3934">
    <p class='ocr_par' dir='ltr' id='par_1_72' title="bbox 541 3854 2124 3934">
     <span class='ocr_line' id='line_1_72' title="bbox 541 3854 2124 3934; baseline 0.004 -24"><span class='ocrx_word' id='word_1_466' title='bbox 541 3854 890 3912; x_wconf 87' lang='lat' dir='ltr'><strong>Lombertus</strong></span> <span class='ocrx_word' id='word_1_467' title='bbox 922 3855 982 3912; x_wconf 91' lang='lat' dir='ltr'><strong>in</strong></span> <span class='ocrx_word' id='word_1_468' title='bbox 1006 3873 1116 3913; x_wconf 91' lang='lat' dir='ltr'><strong>sua</strong></span> <span class='ocrx_word' id='word_1_469' title='bbox 1151 3857 1488 3930; x_wconf 61' lang='lat' dir='ltr'><strong>praefatione</strong></span> <span class='ocrx_word' id='word_1_470' title='bbox 1520 3861 1757 3932; x_wconf 64' lang='lat' dir='ltr'><strong>praefixa</strong></span> <span class='ocrx_word' id='word_1_471' title='bbox 1787 3861 1944 3934; x_wconf 91' lang='lat' dir='ltr'><strong>operi</strong></span> <span class='ocrx_word' id='word_1_472' title='bbox 1995 3860 2124 3918; x_wconf 89' lang='lat' dir='ltr'><strong>Gal-</strong></span> 
     </span>
    </p>
   </div>
   <div class='ocr_carea' id='block_1_73' title="bbox 468 3942 2126 4024">
    <p class='ocr_par' dir='ltr' id='par_1_73' title="bbox 468 3942 2126 4024">
     <span class='ocr_line' id='line_1_73' title="bbox 468 3942 2126 4024; baseline 0.004 -24"><span class='ocrx_word' id='word_1_473' title='bbox 468 3942 580 4000; x_wconf 89' lang='lat' dir='ltr'><strong>lice</strong></span> <span class='ocrx_word' id='word_1_474' title='bbox 613 3943 929 4018; x_wconf 89' lang='lat' dir='ltr'><strong>inscripto:</strong></span> <span class='ocrx_word' id='word_1_475' title='bbox 996 3947 1085 4002; x_wconf 79' lang='lat' dir='ltr'><strong>Les</strong></span> <span class='ocrx_word' id='word_1_476' title='bbox 1141 3946 1377 4003; x_wconf 78' lang='lat' dir='ltr'><strong>OEuvres</strong></span> <span class='ocrx_word' id='word_1_477' title='bbox 1405 3947 1470 4004; x_wconf 86' lang='lat' dir='ltr'><strong>de</strong></span> <span class='ocrx_word' id='word_1_478' title='bbox 1509 3953 1568 4004; x_wconf 93' lang='lat' dir='ltr'><strong>S.</strong></span> <span class='ocrx_word' id='word_1_479' title='bbox 1622 3950 1879 4022; x_wconf 81' lang='lat' dir='ltr'><strong>Cyprien,</strong></span> <span class='ocrx_word' id='word_1_480' title='bbox 1931 3953 2126 4024; x_wconf 70' lang='lat' dir='ltr'><strong>eveque</strong></span> 
     </span>
    </p>
   </div>
   <div class='ocr_carea' id='block_1_74' title="bbox 468 4032 2122 4110">
    <p class='ocr_par' dir='ltr' id='par_1_74' title="bbox 468 4032 2122 4110">
     <span class='ocr_line' id='line_1_74' title="bbox 468 4032 2122 4110; baseline 0.002 -20"><span class='ocrx_word' id='word_1_481' title='bbox 468 4033 536 4090; x_wconf 84' lang='lat' dir='ltr'><strong>de</strong></span> <span class='ocrx_word' id='word_1_482' title='bbox 562 4032 848 4104; x_wconf 78' lang='lat' dir='ltr'><strong>Carthage</strong></span> <span class='ocrx_word' id='word_1_483' title='bbox 879 4035 1086 4092; x_wconf 74' lang='lat'><strong>1280</strong></span> <span class='ocrx_word' id='word_1_484' title='bbox 1107 4041 1164 4091; x_wconf 93' lang='lat' dir='ltr'><strong>ct</strong></span> <span class='ocrx_word' id='word_1_485' title='bbox 1195 4040 1438 4110; x_wconf 85' lang='lat' dir='ltr'><strong>martyr,</strong></span> <span class='ocrx_word' id='word_1_486' title='bbox 1460 4037 1734 4094; x_wconf 78' lang='lat' dir='ltr'><strong>traduites</strong></span> <span class='ocrx_word' id='word_1_487' title='bbox 1760 4055 1827 4095; x_wconf 87' lang='lat' dir='ltr'><strong>en</strong></span> <span class='ocrx_word' id='word_1_488' title='bbox 1856 4041 2122 4110; x_wconf 68' lang='lat' dir='ltr'><strong>francais,</strong></span> 
     </span>
    </p>
   </div>
   <div class='ocr_carea' id='block_1_75' title="bbox 468 4123 2128 4198">
    <p class='ocr_par' dir='ltr' id='par_1_75' title="bbox 468 4123 2128 4198">
     <span class='ocr_line' id='line_1_75' title="bbox 468 4123 2128 4198; baseline 0.002 -18"><span class='ocrx_word' id='word_1_489' title='bbox 468 4124 623 4180; x_wconf 88' lang='lat' dir='ltr'><strong>hanc</strong></span> <span class='ocrx_word' id='word_1_490' title='bbox 657 4123 928 4196; x_wconf 89' lang='lat' dir='ltr'><strong>Cypriani</strong></span> <span class='ocrx_word' id='word_1_491' title='bbox 953 4124 1262 4196; x_wconf 88' lang='lat' dir='ltr'><strong>epistolam</strong></span> <span class='ocrx_word' id='word_1_492' title='bbox 1291 4131 1757 4198; x_wconf 80' lang='lat' dir='ltr'><strong>magnanimitate</strong></span> <span class='ocrx_word' id='word_1_493' title='bbox 1779 4145 1845 4185; x_wconf 91' lang='lat' dir='ltr'><strong>ac</strong></span> <span class='ocrx_word' id='word_1_494' title='bbox 1876 4130 2128 4185; x_wconf 77' lang='lat' dir='ltr'><strong>libertate</strong></span> 
     </span>
    </p>
   </div>
   <div class='ocr_carea' id='block_1_76' title="bbox 470 4212 2126 4291">
    <p class='ocr_par' dir='ltr' id='par_1_76' title="bbox 470 4212 2126 4291">
     <span class='ocr_line' id='line_1_76' title="bbox 470 4212 2126 4291; baseline 0.002 -21"><span class='ocrx_word' id='word_1_495' title='bbox 470 4212 786 4288; x_wconf 88' lang='lat' dir='ltr'><strong>episcopali</strong></span> <span class='ocrx_word' id='word_1_496' title='bbox 821 4213 964 4270; x_wconf 91' lang='lat' dir='ltr'><strong>adeo</strong></span> <span class='ocrx_word' id='word_1_497' title='bbox 1013 4214 1255 4288; x_wconf 89' lang='lat' dir='ltr'><strong>dignam</strong></span> <span class='ocrx_word' id='word_1_498' title='bbox 1288 4217 1536 4285; x_wconf 91' lang='lat' dir='ltr'><strong>censuit,</strong></span> <span class='ocrx_word' id='word_1_499' title='bbox 1572 4221 1637 4273; x_wconf 93' lang='lat' dir='ltr'><strong>ut</strong></span> <span class='ocrx_word' id='word_1_500' title='bbox 1693 4219 1765 4274; x_wconf 90' lang='lat' dir='ltr'><strong>ab</strong></span> <span class='ocrx_word' id='word_1_501' title='bbox 1797 4218 2126 4291; x_wconf 86' lang='lat' dir='ltr'><strong>Augustino</strong></span> 
     </span>
    </p>
   </div>
   <div class='ocr_carea' id='block_1_77' title="bbox 468 4301 2129 4373">
    <p class='ocr_par' dir='ltr' id='par_1_77' title="bbox 468 4301 2129 4373">
     <span class='ocr_line' id='line_1_77' title="bbox 468 4301 2129 4373; baseline 0.002 -14"><span class='ocrx_word' id='word_1_502' title='bbox 468 4301 675 4359; x_wconf 89' lang='lat' dir='ltr'><strong>laudes</strong></span> <span class='ocrx_word' id='word_1_503' title='bbox 695 4301 1091 4373; x_wconf 87' lang='lat' dir='ltr'><strong>promeruisse</strong></span> <span class='ocrx_word' id='word_1_504' title='bbox 1122 4305 1314 4361; x_wconf 90' lang='lat' dir='ltr'><strong>tradat</strong></span> <span class='ocrx_word' id='word_1_505' title='bbox 1339 4323 1352 4362; x_wconf 90' lang='lat'><strong>:</strong></span> <span class='ocrx_word' id='word_1_506' title='bbox 1387 4323 1454 4362; x_wconf 92' lang='lat' dir='ltr'><strong>ea</strong></span> <span class='ocrx_word' id='word_1_507' title='bbox 1475 4307 1632 4362; x_wconf 90' lang='lat' dir='ltr'><strong>enim</strong></span> <span class='ocrx_word' id='word_1_508' title='bbox 1665 4307 1905 4365; x_wconf 88' lang='lat' dir='ltr'><strong>recitata</strong></span> <span class='ocrx_word' id='word_1_509' title='bbox 1929 4324 2129 4364; x_wconf 89' lang='lat' dir='ltr'><strong>erum-</strong></span> 
     </span>
    </p>
   </div>
   <div class='ocr_carea' id='block_1_78' title="bbox 469 4389 2130 4470">
    <p class='ocr_par' dir='ltr' id='par_1_78' title="bbox 469 4389 2130 4470">
     <span class='ocr_line' id='line_1_78' title="bbox 469 4389 2130 4470; baseline 0.005 -24"><span class='ocrx_word' id='word_1_510' title='bbox 469 4391 558 4464; x_wconf 90' lang='lat' dir='ltr'><strong>pit</strong></span> <span class='ocrx_word' id='word_1_511' title='bbox 577 4389 636 4446; x_wconf 94' lang='lat' dir='ltr'><strong>in</strong></span> <span class='ocrx_word' id='word_1_512' title='bbox 667 4389 788 4447; x_wconf 66' lang='lat' dir='ltr'><strong>haec</strong></span> <span class='ocrx_word' id='word_1_513' title='bbox 809 4393 1025 4449; x_wconf 87' lang='lat' dir='ltr'><strong>verba:</strong></span> <span class='ocrx_word' id='word_1_514' title='bbox 1062 4393 1153 4450; x_wconf 88' lang='lat' dir='ltr'><strong>Sic</strong></span> <span class='ocrx_word' id='word_1_515' title='bbox 1199 4393 1380 4451; x_wconf 91' lang='lat' dir='ltr'><strong>libere</strong></span> <span class='ocrx_word' id='word_1_516' title='bbox 1414 4400 1474 4452; x_wconf 83' lang='lat'><strong>8.</strong></span> <span class='ocrx_word' id='word_1_517' title='bbox 1543 4397 1866 4469; x_wconf 88' lang='lat' dir='ltr'><strong>Cyprianus</strong></span> <span class='ocrx_word' id='word_1_518' title='bbox 1916 4414 1982 4453; x_wconf 88' lang='lat' dir='ltr'><strong>ac</strong></span> <span class='ocrx_word' id='word_1_519' title='bbox 2035 4414 2130 4470; x_wconf 90' lang='lat' dir='ltr'><strong>ge-</strong></span> 
     </span>
    </p>
   </div>
   <div class='ocr_carea' id='block_1_79' title="bbox 471 4481 2128 4560">
    <p class='ocr_par' dir='ltr' id='par_1_79' title="bbox 471 4481 2128 4560">
     <span class='ocr_line' id='line_1_79' title="bbox 471 4481 2128 4560; baseline 0.004 -23"><span class='ocrx_word' id='word_1_520' title='bbox 471 4495 678 4537; x_wconf 91' lang='lat' dir='ltr'><strong>nerose</strong></span> <span class='ocrx_word' id='word_1_521' title='bbox 707 4496 878 4536; x_wconf 86' lang='lat' dir='ltr'><strong>suam</strong></span> <span class='ocrx_word' id='word_1_522' title='bbox 901 4481 1053 4538; x_wconf 89' lang='lat' dir='ltr'><strong>circa</strong></span> <span class='ocrx_word' id='word_1_523' title='bbox 1068 4483 1431 4557; x_wconf 88' lang='lat' dir='ltr'><strong>baptismum</strong></span> <span class='ocrx_word' id='word_1_524' title='bbox 1456 4485 1788 4557; x_wconf 91' lang='lat' dir='ltr'><strong>opinionem</strong></span> <span class='ocrx_word' id='word_1_525' title='bbox 1813 4491 2015 4543; x_wconf 91' lang='lat' dir='ltr'><strong>contra</strong></span> <span class='ocrx_word' id='word_1_526' title='bbox 2028 4505 2128 4560; x_wconf 89' lang='lat' dir='ltr'><strong>pa-</strong></span> 
     </span>
    </p>
   </div>
   <div class='ocr_carea' id='block_1_80' title="bbox 472 4569 2128 4649">
    <p class='ocr_par' dir='ltr' id='par_1_80' title="bbox 472 4569 2128 4649">
     <span class='ocr_line' id='line_1_80' title="bbox 472 4569 2128 4649; baseline 0.004 -24"><span class='ocrx_word' id='word_1_527' title='bbox 472 4585 610 4642; x_wconf 88' lang='lat' dir='ltr'><strong>pam</strong></span> <span class='ocrx_word' id='word_1_528' title='bbox 638 4569 998 4641; x_wconf 87' lang='lat' dir='ltr'><strong>Stephanum</strong></span> <span class='ocrx_word' id='word_1_529' title='bbox 1040 4572 1321 4642; x_wconf 77' lang='lat' dir='ltr'><strong>defendit,</strong></span> <span class='ocrx_word' id='word_1_530' title='bbox 1356 4574 1426 4630; x_wconf 91' lang='lat' dir='ltr'><strong>de</strong></span> <span class='ocrx_word' id='word_1_531' title='bbox 1482 4590 1596 4646; x_wconf 92' lang='lat' dir='ltr'><strong>quo</strong></span> <span class='ocrx_word' id='word_1_532' title='bbox 1627 4591 1662 4632; x_wconf 92' lang='lat' dir='ltr'><strong>a</strong></span> <span class='ocrx_word' id='word_1_533' title='bbox 1709 4580 1766 4632; x_wconf 92' lang='lat' dir='ltr'><strong>S.</strong></span> <span class='ocrx_word' id='word_1_534' title='bbox 1799 4577 2128 4649; x_wconf 86' lang='lat' dir='ltr'><strong>Augustino</strong></span> 
     </span>
    </p>
   </div>
   <div class='ocr_carea' id='block_1_81' title="bbox 474 4657 2132 4738">
    <p class='ocr_par' dir='ltr' id='par_1_81' title="bbox 474 4657 2132 4738">
     <span class='ocr_line' id='line_1_81' title="bbox 474 4657 2132 4738; baseline 0.005 -24"><span class='ocrx_word' id='word_1_535' title='bbox 474 4657 794 4724; x_wconf 90' lang='lat' dir='ltr'><strong>laudatur;</strong></span> <span class='ocrx_word' id='word_1_536' title='bbox 835 4681 864 4707; x_wconf 88' lang='lat'>»</span> <span class='ocrx_word' id='word_1_537' title='bbox 889 4661 1042 4716; x_wconf 89' lang='lat' dir='ltr'><strong>unde</strong></span> <span class='ocrx_word' id='word_1_538' title='bbox 1093 4662 1168 4717; x_wconf 93' lang='lat' dir='ltr'><strong>nil</strong></span> <span class='ocrx_word' id='word_1_539' title='bbox 1232 4663 1470 4730; x_wconf 90' lang='lat' dir='ltr'><strong>mirum,</strong></span> <span class='ocrx_word' id='word_1_540' title='bbox 1506 4663 1555 4721; x_wconf 91' lang='lat' dir='ltr'><strong>si</strong></span> <span class='ocrx_word' id='word_1_541' title='bbox 1605 4665 1820 4738; x_wconf 66' lang='lat' dir='ltr'><strong>saepius</strong></span> <span class='ocrx_word' id='word_1_542' title='bbox 1871 4666 2132 4722; x_wconf 90' lang='lat' dir='ltr'><strong>inculcat</strong></span> 
     </span>
    </p>
   </div>
   <div class='ocr_carea' id='block_1_82' title="bbox 475 4745 2133 4826">
    <p class='ocr_par' dir='ltr' id='par_1_82' title="bbox 475 4745 2133 4826">
     <span class='ocr_line' id='line_1_82' title="bbox 475 4745 2133 4826; baseline 0.005 -22"><span class='ocrx_word' id='word_1_543' title='bbox 475 4745 828 4820; x_wconf 87' lang='lat' dir='ltr'><strong>Cyprianum</strong></span> <span class='ocrx_word' id='word_1_544' title='bbox 884 4748 941 4804; x_wconf 92' lang='lat' dir='ltr'><strong>in</strong></span> <span class='ocrx_word' id='word_1_545' title='bbox 1014 4749 1123 4806; x_wconf 90' lang='lat' dir='ltr'><strong>hac</strong></span> <span class='ocrx_word' id='word_1_546' title='bbox 1195 4753 1266 4808; x_wconf 90' lang='lat' dir='ltr'><strong>de</strong></span> <span class='ocrx_word' id='word_1_547' title='bbox 1347 4754 1640 4826; x_wconf 88' lang='lat' dir='ltr'><strong>baptismo</strong></span> <span class='ocrx_word' id='word_1_548' title='bbox 1705 4755 2133 4812; x_wconf 86' lang='lat' dir='ltr'><strong>concertatione</strong></span> 
     </span>
    </p>
   </div>
   <div class='ocr_carea' id='block_1_83' title="bbox 477 4833 2136 4916">
    <p class='ocr_par' dir='ltr' id='par_1_83' title="bbox 477 4833 2136 4916">
     <span class='ocr_line' id='line_1_83' title="bbox 477 4833 2136 4916; baseline 0.007 -27"><span class='ocrx_word' id='word_1_549' title='bbox 477 4857 505 4889; x_wconf 73' lang='grc' dir='ltr'><strong><em>α</em></strong></span> <span class='ocrx_word' id='word_1_550' title='bbox 548 4833 817 4891; x_wconf 72' lang='lat' dir='ltr'><strong>maximae</strong></span> <span class='ocrx_word' id='word_1_551' title='bbox 872 4837 1291 4896; x_wconf 87' lang='lat' dir='ltr'><strong>moderationis</strong></span> <span class='ocrx_word' id='word_1_552' title='bbox 1349 4841 1680 4915; x_wconf 89' lang='lat' dir='ltr'><strong>specimina</strong></span> <span class='ocrx_word' id='word_1_553' title='bbox 1730 4859 1964 4916; x_wconf 91' lang='lat' dir='ltr'><strong>semper</strong></span> <span class='ocrx_word' id='word_1_554' title='bbox 2041 4845 2136 4900; x_wconf 87' lang='lat' dir='ltr'><strong>de-</strong></span> 
     </span>
    </p>
   </div>
   <div class='ocr_carea' id='block_1_84' title="bbox 475 4919 2135 5005">
    <p class='ocr_par' dir='ltr' id='par_1_84' title="bbox 475 4919 2135 5005">
     <span class='ocr_line' id='line_1_84' title="bbox 475 4919 2135 5005; baseline 0.005 -23"><span class='ocrx_word' id='word_1_555' title='bbox 475 4923 652 4982; x_wconf 90' lang='lat' dir='ltr'><strong>disse.</strong></span> <span class='ocrx_word' id='word_1_556' title='bbox 713 4945 743 4976; x_wconf 86' lang='lat'>»</span> <span class='ocrx_word' id='word_1_557' title='bbox 800 4925 1184 4986; x_wconf 87' lang='lat' dir='ltr'><strong>Enumeratos</strong></span> <span class='ocrx_word' id='word_1_558' title='bbox 1232 4929 1516 4990; x_wconf 91' lang='lat' dir='ltr'><strong>hactenus</strong></span> <span class='ocrx_word' id='word_1_559' title='bbox 1565 4931 1835 5005; x_wconf 89' lang='lat' dir='ltr'><strong>Cypriani</strong></span> <span class='ocrx_word' id='word_1_560' title='bbox 1872 4919 2135 4991; x_wconf 81' lang='lat' dir='ltr'><strong>vindices</strong></span> 
     </span>
    </p>
   </div>
   <div class='ocr_carea' id='block_1_85' title="bbox 572 5117 1882 5200">
    <p class='ocr_par' dir='ltr' id='par_1_85' title="bbox 572 5117 1882 5200">
     <span class='ocr_line' id='line_1_85' title="bbox 572 5117 1882 5200; baseline 0.008 -25"><span class='ocrx_word' id='word_1_561' title='bbox 572 5117 1050 5200; x_wconf 34' lang='lat' dir='ltr'><strong>9)‘}l_i_st_._Ec‘ctes.</strong></span> <span class='ocrx_word' id='word_1_562' title='bbox 1070 5128 1227 5200; x_wconf 73' lang='lat' dir='ltr'><strong>tom.</strong></span> <span class='ocrx_word' id='word_1_563' title='bbox 1261 5125 1333 5182; x_wconf 94' lang='lat' dir='ltr'><strong>II.</strong></span> <span class='ocrx_word' id='word_1_564' title='bbox 1367 5125 1470 5200; x_wconf 92' lang='lat' dir='ltr'><strong>lib,</strong></span> <span class='ocrx_word' id='word_1_565' title='bbox 1502 5141 1601 5198; x_wconf 84' lang='lat' dir='ltr'><strong>vu,</strong></span> <span class='ocrx_word' id='word_1_566' title='bbox 1625 5145 1767 5186; x_wconf 91' lang='lat' dir='ltr'><strong>num</strong></span> <span class='ocrx_word' id='word_1_567' title='bbox 1791 5130 1882 5185; x_wconf 91' lang='lat'><strong>28.</strong></span> 
     </span>
    </p>
   </div>
   <div class='ocr_carea' id='block_1_86' title="bbox 572 5192 1152 5266">
    <p class='ocr_par' dir='ltr' id='par_1_86' title="bbox 572 5192 1152 5266">
     <span class='ocr_line' id='line_1_86' title="bbox 572 5192 1152 5266; baseline 0.003 -16"><span class='ocrx_word' id='word_1_568' title='bbox 572 5192 664 5266; x_wconf 82' lang='lat'><strong>10)</strong></span> <span class='ocrx_word' id='word_1_569' title='bbox 695 5192 844 5266; x_wconf 86' lang='lat' dir='ltr'><strong>Ibid.</strong></span> <span class='ocrx_word' id='word_1_570' title='bbox 868 5211 1031 5252; x_wconf 90' lang='lat' dir='ltr'><strong>num.</strong></span> <span class='ocrx_word' id='word_1_571' title='bbox 1063 5197 1152 5253; x_wconf 89' lang='lat'><strong>32.</strong></span> 
     </span>
    </p>
   </div>
   <div class='ocr_carea' id='block_1_87' title="bbox 549 5265 2132 5348">
    <p class='ocr_par' dir='ltr' id='par_1_87' title="bbox 549 5265 2132 5348">
     <span class='ocr_line' id='line_1_87' title="bbox 549 5265 2132 5348; baseline 0.009 -27"><span class='ocrx_word' id='word_1_572' title='bbox 549 5265 926 5348; x_wconf 33' lang='lat' dir='ltr'><strong>(11)“.“Epist.</strong></span> <span class='ocrx_word' id='word_1_573' title='bbox 990 5269 1076 5340; x_wconf 85' lang='lat'><strong>15,</strong></span> <span class='ocrx_word' id='word_1_574' title='bbox 1108 5269 1178 5325; x_wconf 82' lang='lat' dir='ltr'><strong>ad</strong></span> <span class='ocrx_word' id='word_1_575' title='bbox 1230 5271 1475 5343; x_wconf 84' lang='lat' dir='ltr'><strong>Bevilaq.</strong></span> <span class='ocrx_word' id='word_1_576' title='bbox 1526 5276 1692 5345; x_wconf 87' lang='lat' dir='ltr'><strong>parte</strong></span> <span class='ocrx_word' id='word_1_577' title='bbox 1742 5289 1841 5330; x_wconf 78' lang='grc' dir='ltr'><strong>νηί</strong></span> <span class='ocrx_word' id='word_1_578' title='bbox 1903 5275 2132 5348; x_wconf 78' lang='grc' dir='ltr'><strong>Ερίδιοι.</strong></span> 
     </span>
    </p>
   </div>
   <div class='ocr_carea' id='block_1_88' title="bbox 481 5337 1193 5490">
    <p class='ocr_par' dir='ltr' id='par_1_88' title="bbox 481 5337 1193 5490">
     <span class='ocr_line' id='line_1_88' title="bbox 481 5337 1070 5464; baseline -0.003 -70"><span class='ocrx_word' id='word_1_579' title='bbox 481 5353 613 5464; x_wconf 56' lang='lat' dir='ltr'><strong>pag.</strong></span> <span class='ocrx_word' id='word_1_580' title='bbox 649 5337 805 5392; x_wconf 39' lang='lat'><strong>807.’</strong></span> <span class='ocrx_word' id='word_1_581' title='bbox 1063 5337 1070 5340; x_wconf 66' lang='grc'><strong><em>⁷</em></strong></span> 
     </span>
     <span class='ocr_line' id='line_1_89' title="bbox 550 5407 1193 5490; baseline 0.006 -28"><span class='ocrx_word' id='word_1_582' title='bbox 875 5425 1007 5490; x_wconf 71' lang='lat' dir='ltr'><strong>pag.</strong></span> <span class='ocrx_word' id='word_1_583' title='bbox 1031 5410 1193 5490; x_wconf 78' lang='grc'>8011.</span> 
     </span>
    </p>
   </div>
   <div class='ocr_carea' id='block_1_89' title="bbox 553 5479 1926 5562">
    <p class='ocr_par' dir='ltr' id='par_1_89' title="bbox 553 5479 1926 5562">
     <span class='ocr_line' id='line_1_90' title="bbox 553 5479 1926 5562; baseline 0.009 -30"><span class='ocrx_word' id='word_1_584' title='bbox 553 5479 823 5562; x_wconf 49' lang='grc' dir='ltr'><strong>ψει.</strong></span> <span class='ocrx_word' id='word_1_585' title='bbox 862 5479 1239 5562; x_wconf 37' lang='grc' dir='ltr'><strong>Εοξισε..ῌῐοω.</strong></span> <span class='ocrx_word' id='word_1_586' title='bbox 1277 5484 1381 5562; x_wconf 43' lang='grc' dir='ltr'><strong>Ιχ,</strong></span> <span class='ocrx_word' id='word_1_587' title='bbox 1399 5490 1505 5543; x_wconf 89' lang='lat' dir='ltr'><strong>art.</strong></span> <span class='ocrx_word' id='word_1_588' title='bbox 1541 5489 1628 5560; x_wconf 84' lang='grc'><strong>49,</strong></span> <span class='ocrx_word' id='word_1_589' title='bbox 1661 5505 1775 5562; x_wconf 88' lang='lat' dir='ltr'><strong>pag</strong></span> <span class='ocrx_word' id='word_1_590' title='bbox 1806 5490 1926 5545; x_wconf 88' lang='grc'>155.</span> 
     </span>
    </p>
   </div>
   <div class='ocr_carea' id='block_1_90' title="bbox 556 5551 1411 5627">
    <p class='ocr_par' dir='ltr' id='par_1_90' title="bbox 556 5551 1411 5627">
     <span class='ocr_line' id='line_1_91' title="bbox 556 5551 1411 5627; baseline 0.011 -24"><span class='ocrx_word' id='word_1_591' title='bbox 556 5551 670 5627; x_wconf 48' lang='grc'>(11)</span> <span class='ocrx_word' id='word_1_592' title='bbox 702 5551 847 5627; x_wconf 88' lang='lat' dir='ltr'><strong>I_b_i_d.</strong></span> <span class='ocrx_word' id='word_1_593' title='bbox 882 5558 994 5608; x_wconf 88' lang='lat' dir='ltr'><strong>art.</strong></span> <span class='ocrx_word' id='word_1_594' title='bbox 1039 5554 1108 5608; x_wconf 86' lang='grc'>47</span> <span class='ocrx_word' id='word_1_595' title='bbox 1138 5571 1268 5627; x_wconf 86' lang='lat' dir='ltr'><strong>pag.</strong></span> <span class='ocrx_word' id='word_1_596' title='bbox 1292 5551 1411 5612; x_wconf 86' lang='lat'><strong>150.</strong></span> 
     </span>
    </p>
   </div>
   <div class='ocr_carea' id='block_1_91' title="bbox 583 5621 1545 5768">
    <p class='ocr_par' dir='ltr' id='par_1_91' title="bbox 583 5621 1545 5768">
     <span class='ocr_line' id='line_1_92' title="bbox 583 5621 1545 5703; baseline 0.01 -26"><span class='ocrx_word' id='word_1_597' title='bbox 583 5621 670 5691; x_wconf 79' lang='lat'><strong>15)</strong></span> <span class='ocrx_word' id='word_1_598' title='bbox 704 5621 829 5679; x_wconf 90' lang='lat' dir='ltr'><strong>Lib.</strong></span> <span class='ocrx_word' id='word_1_599' title='bbox 864 5641 917 5694; x_wconf 82' lang='grc' dir='ltr'>ν,</span> <span class='ocrx_word' id='word_1_600' title='bbox 951 5641 1115 5682; x_wconf 91' lang='lat' dir='ltr'><strong>num.</strong></span> <span class='ocrx_word' id='word_1_601' title='bbox 1138 5621 1244 5696; x_wconf 67' lang='lat'><strong>&#39;16:</strong></span> <span class='ocrx_word' id='word_1_602' title='bbox 1270 5646 1400 5703; x_wconf 85' lang='lat' dir='ltr'><strong>pag.</strong></span> <span class='ocrx_word' id='word_1_603' title='bbox 1423 5631 1545 5687; x_wconf 70' lang='lat' dir='ltr'><strong>1M.</strong></span> 
     </span>
     <span class='ocr_line' id='line_1_93' title="bbox 584 5693 837 5768; baseline 0 -16"><span class='ocrx_word' id='word_1_604' title='bbox 584 5693 668 5768; x_wconf 80' lang='grc' dir='ltr'><strong>ιδ)</strong></span> <span class='ocrx_word' id='word_1_605' title='bbox 691 5693 837 5752; x_wconf 89' lang='lat' dir='ltr'><strong>Ibid.</strong></span> 
     </span>
    </p>
   </div>
   <div class='ocr_carea' id='block_1_92' title="bbox 2226 3323 3815 3398">
    <p class='ocr_par' dir='ltr' id='par_1_92' title="bbox 2226 3323 3815 3398">
     <span class='ocr_line' id='line_1_94' title="bbox 2226 3323 3815 3398; baseline -0.008 -17"><span class='ocrx_word' id='word_1_606' title='bbox 2226 3325 2475 3398; x_wconf 89' lang='lat' dir='ltr'><strong>epistola</strong></span> <span class='ocrx_word' id='word_1_607' title='bbox 2522 3325 2760 3394; x_wconf 89' lang='lat' dir='ltr'><strong>notavit,</strong></span> <span class='ocrx_word' id='word_1_608' title='bbox 2795 3325 2952 3397; x_wconf 91' lang='lat' dir='ltr'><strong>quod</strong></span> <span class='ocrx_word' id='word_1_609' title='bbox 3014 3323 3410 3380; x_wconf 88' lang='lat' dir='ltr'><strong>moderationi</strong></span> <span class='ocrx_word' id='word_1_610' title='bbox 3443 3323 3624 3377; x_wconf 88' lang='lat' dir='ltr'><strong>minus</strong></span> <span class='ocrx_word' id='word_1_611' title='bbox 3664 3331 3815 3374; x_wconf 90' lang='lat' dir='ltr'><strong>conso-</strong></span> 
     </span>
    </p>
   </div>
   <div class='ocr_carea' id='block_1_93' title="bbox 2229 3402 3816 3485">
    <p class='ocr_par' dir='ltr' id='par_1_93' title="bbox 2229 3402 3816 3485">
     <span class='ocr_line' id='line_1_95' title="bbox 2229 3402 3816 3485; baseline -0.008 -15"><span class='ocrx_word' id='word_1_612' title='bbox 2229 3430 2371 3470; x_wconf 91' lang='lat' dir='ltr'><strong>num</strong></span> <span class='ocrx_word' id='word_1_613' title='bbox 2408 3413 2696 3470; x_wconf 79' lang='lat' dir='ltr'><strong>videretur</strong></span> <span class='ocrx_word' id='word_1_614' title='bbox 2723 3413 2857 3485; x_wconf 87' lang='lat'><strong>(20),</strong></span> <span class='ocrx_word' id='word_1_615' title='bbox 2889 3413 2948 3468; x_wconf 95' lang='lat' dir='ltr'><strong>in</strong></span> <span class='ocrx_word' id='word_1_616' title='bbox 3004 3429 3116 3484; x_wconf 88' lang='lat' dir='ltr'><strong>quo</strong></span> <span class='ocrx_word' id='word_1_617' title='bbox 3178 3412 3414 3470; x_wconf 88' lang='lat' dir='ltr'><strong>socium</strong></span> <span class='ocrx_word' id='word_1_618' title='bbox 3462 3410 3626 3467; x_wconf 88' lang='lat' dir='ltr'><strong>habet</strong></span> <span class='ocrx_word' id='word_1_619' title='bbox 3663 3402 3816 3461; x_wconf 75' lang='lat' dir='ltr'><strong>Adria-</strong></span> 
     </span>
    </p>
   </div>
   <div class='ocr_carea' id='block_1_94' title="bbox 2230 3501 3394 3574">
    <p class='ocr_par' dir='ltr' id='par_1_94' title="bbox 2230 3501 3394 3574">
     <span class='ocr_line' id='line_1_96' title="bbox 2230 3501 3394 3574; baseline -0.003 -14"><span class='ocrx_word' id='word_1_620' title='bbox 2230 3520 2372 3560; x_wconf 92' lang='lat' dir='ltr'><strong>num</strong></span> <span class='ocrx_word' id='word_1_621' title='bbox 2396 3502 2602 3559; x_wconf 87' lang='lat' dir='ltr'><strong>Baillet</strong></span> <span class='ocrx_word' id='word_1_622' title='bbox 2625 3503 2684 3558; x_wconf 93' lang='lat' dir='ltr'><strong>in</strong></span> <span class='ocrx_word' id='word_1_623' title='bbox 2712 3503 2844 3559; x_wconf 81' lang='lat' dir='ltr'><strong>Vitis</strong></span> <span class='ocrx_word' id='word_1_624' title='bbox 2872 3501 3214 3558; x_wconf 87' lang='lat' dir='ltr'><strong>Sanctorum</strong></span> <span class='ocrx_word' id='word_1_625' title='bbox 3255 3501 3394 3574; x_wconf 75' lang='lat'><strong>(21).</strong></span> 
     </span>
    </p>
   </div>
   <div class='ocr_carea' id='block_1_95' title="bbox 2301 3581 3817 3664">
    <p class='ocr_par' dir='ltr' id='par_1_95' title="bbox 2301 3581 3817 3664">
     <span class='ocr_line' id='line_1_97' title="bbox 2301 3581 3817 3664; baseline -0.009 -16"><span class='ocrx_word' id='word_1_626' title='bbox 2301 3593 2432 3649; x_wconf 80' lang='lat' dir='ltr'><strong>Haec</strong></span> <span class='ocrx_word' id='word_1_627' title='bbox 2462 3597 2520 3647; x_wconf 91' lang='lat' dir='ltr'><strong>et</strong></span> <span class='ocrx_word' id='word_1_628' title='bbox 2544 3592 2660 3648; x_wconf 89' lang='lat' dir='ltr'><strong>alia</strong></span> <span class='ocrx_word' id='word_1_629' title='bbox 2703 3592 2890 3648; x_wconf 90' lang='lat' dir='ltr'><strong>multa</strong></span> <span class='ocrx_word' id='word_1_630' title='bbox 2917 3591 2975 3646; x_wconf 91' lang='lat' dir='ltr'><strong>id</strong></span> <span class='ocrx_word' id='word_1_631' title='bbox 2999 3607 3214 3664; x_wconf 88' lang='lat' dir='ltr'><strong>genus,</strong></span> <span class='ocrx_word' id='word_1_632' title='bbox 3248 3587 3668 3647; x_wconf 86' lang='lat' dir='ltr'><strong>novaturienses</strong></span> <span class='ocrx_word' id='word_1_633' title='bbox 3698 3581 3817 3638; x_wconf 85' lang='lat' dir='ltr'><strong>theo-</strong></span> 
     </span>
    </p>
   </div>
   <div class='ocr_carea' id='block_1_96' title="bbox 2230 3667 3819 3757">
    <p class='ocr_par' dir='ltr' id='par_1_96' title="bbox 2230 3667 3819 3757">
     <span class='ocr_line' id='line_1_98' title="bbox 2230 3667 3819 3757; baseline -0.011 -17"><span class='ocrx_word' id='word_1_634' title='bbox 2230 3683 2346 3757; x_wconf 91' lang='lat' dir='ltr'><strong>logi</strong></span> <span class='ocrx_word' id='word_1_635' title='bbox 2381 3698 2480 3754; x_wconf 85' lang='lat' dir='ltr'><strong>pro</strong></span> <span class='ocrx_word' id='word_1_636' title='bbox 2512 3681 2862 3738; x_wconf 89' lang='lat' dir='ltr'><strong>vindicanda</strong></span> <span class='ocrx_word' id='word_1_637' title='bbox 2893 3679 3164 3752; x_wconf 88' lang='lat' dir='ltr'><strong>Cypriani</strong></span> <span class='ocrx_word' id='word_1_638' title='bbox 3213 3680 3275 3735; x_wconf 91' lang='lat' dir='ltr'><strong>in</strong></span> <span class='ocrx_word' id='word_1_639' title='bbox 3299 3679 3642 3752; x_wconf 87' lang='lat' dir='ltr'><strong>Stephanum</strong></span> <span class='ocrx_word' id='word_1_640' title='bbox 3669 3667 3819 3745; x_wconf 81' lang='lat' dir='ltr'><strong>agendi</strong></span> 
     </span>
    </p>
   </div>
   <div class='ocr_carea' id='block_1_97' title="bbox 2232 3761 3823 3843">
    <p class='ocr_par' dir='ltr' id='par_1_97' title="bbox 2232 3761 3823 3843">
     <span class='ocr_line' id='line_1_99' title="bbox 2232 3761 3823 3843; baseline -0.009 -16"><span class='ocrx_word' id='word_1_641' title='bbox 2232 3771 2478 3837; x_wconf 87' lang='lat' dir='ltr'><strong>ratione,</strong></span> <span class='ocrx_word' id='word_1_642' title='bbox 2496 3787 2623 3843; x_wconf 70' lang='lat' dir='ltr'><strong>qua:</strong></span> <span class='ocrx_word' id='word_1_643' title='bbox 2656 3770 2892 3842; x_wconf 89' lang='lat' dir='ltr'><strong>quidem</strong></span> <span class='ocrx_word' id='word_1_644' title='bbox 2909 3769 2956 3825; x_wconf 90' lang='lat' dir='ltr'><strong>si</strong></span> <span class='ocrx_word' id='word_1_645' title='bbox 2981 3768 3244 3840; x_wconf 87' lang='lat' dir='ltr'><strong>cuipiam</strong></span> <span class='ocrx_word' id='word_1_646' title='bbox 3258 3769 3464 3824; x_wconf 84' lang='lat' dir='ltr'><strong>inﬂata</strong></span> <span class='ocrx_word' id='word_1_647' title='bbox 3481 3771 3534 3822; x_wconf 91' lang='lat' dir='ltr'><strong>et</strong></span> <span class='ocrx_word' id='word_1_648' title='bbox 3553 3761 3823 3836; x_wconf 76' lang='lat' dir='ltr'><strong>exaggerata</strong></span> 
     </span>
    </p>
   </div>
   <div class='ocr_carea' id='block_1_98' title="bbox 2231 3845 3823 3931">
    <p class='ocr_par' dir='ltr' id='par_1_98' title="bbox 2231 3845 3823 3931">
     <span class='ocr_line' id='line_1_100' title="bbox 2231 3845 3823 3931; baseline -0.009 -14"><span class='ocrx_word' id='word_1_649' title='bbox 2231 3861 2561 3931; x_wconf 88' lang='lat' dir='ltr'><strong>videantur,</strong></span> <span class='ocrx_word' id='word_1_650' title='bbox 2595 3876 2661 3914; x_wconf 89' lang='lat' dir='ltr'><strong>eo</strong></span> <span class='ocrx_word' id='word_1_651' title='bbox 2691 3858 2883 3914; x_wconf 90' lang='lat' dir='ltr'><strong>solum</strong></span> <span class='ocrx_word' id='word_1_652' title='bbox 2919 3858 3155 3914; x_wconf 92' lang='lat' dir='ltr'><strong>nomine</strong></span> <span class='ocrx_word' id='word_1_653' title='bbox 3176 3858 3304 3913; x_wconf 88' lang='lat' dir='ltr'><strong>sint</strong></span> <span class='ocrx_word' id='word_1_654' title='bbox 3332 3854 3697 3930; x_wconf 89' lang='lat' dir='ltr'><strong>vituperanda</strong></span> <span class='ocrx_word' id='word_1_655' title='bbox 3714 3845 3823 3921; x_wconf 85' lang='lat' dir='ltr'><strong>quod</strong></span> 
     </span>
    </p>
   </div>
   <div class='ocr_carea' id='block_1_99' title="bbox 2232 3937 3822 4020">
    <p class='ocr_par' dir='ltr' id='par_1_99' title="bbox 2232 3937 3822 4020">
     <span class='ocr_line' id='line_1_101' title="bbox 2232 3937 3822 4020; baseline -0.011 -13"><span class='ocrx_word' id='word_1_656' title='bbox 2232 3950 2536 4007; x_wconf 85' lang='lat' dir='ltr'><strong>veritatem</strong></span> <span class='ocrx_word' id='word_1_657' title='bbox 2586 3949 2902 4019; x_wconf 72' lang='lat' dir='ltr'><strong>offendant,</strong></span> <span class='ocrx_word' id='word_1_658' title='bbox 2963 3951 3269 4020; x_wconf 88' lang='lat' dir='ltr'><strong>utcunque</strong></span> <span class='ocrx_word' id='word_1_659' title='bbox 3328 3951 3523 4003; x_wconf 86' lang='lat' dir='ltr'><strong>tamen</strong></span> <span class='ocrx_word' id='word_1_660' title='bbox 3569 3937 3822 3999; x_wconf 81' lang='lat' dir='ltr'><strong>toleranda,</strong></span> 
     </span>
    </p>
   </div>
   <div class='ocr_carea' id='block_1_100' title="bbox 2233 4026 3824 4112">
    <p class='ocr_par' dir='ltr' id='par_1_100' title="bbox 2233 4026 3824 4112">
     <span class='ocr_line' id='line_1_102' title="bbox 2233 4026 3824 4112; baseline -0.013 -16"><span class='ocrx_word' id='word_1_661' title='bbox 2233 4040 2384 4112; x_wconf 88' lang='lat' dir='ltr'><strong>quod</strong></span> <span class='ocrx_word' id='word_1_662' title='bbox 2418 4037 2640 4094; x_wconf 91' lang='lat' dir='ltr'><strong>nullius</strong></span> <span class='ocrx_word' id='word_1_663' title='bbox 2698 4038 2936 4104; x_wconf 83' lang='lat' dir='ltr'><strong>famam,</strong></span> <span class='ocrx_word' id='word_1_664' title='bbox 2985 4035 3211 4092; x_wconf 90' lang='lat' dir='ltr'><strong>nullius</strong></span> <span class='ocrx_word' id='word_1_665' title='bbox 3252 4036 3611 4110; x_wconf 87' lang='lat' dir='ltr'><strong>dignitatem,</strong></span> <span class='ocrx_word' id='word_1_666' title='bbox 3662 4026 3824 4086; x_wconf 80' lang='lat' dir='ltr'><strong>nullius</strong></span> 
     </span>
    </p>
   </div>
   <div class='ocr_carea' id='block_1_101' title="bbox 2237 4118 3821 4197">
    <p class='ocr_par' dir='ltr' id='par_1_101' title="bbox 2237 4118 3821 4197">
     <span class='ocr_line' id='line_1_103' title="bbox 2237 4118 3821 4197; baseline -0.012 -12"><span class='ocrx_word' id='word_1_667' title='bbox 2237 4128 2610 4185; x_wconf 86' lang='lat' dir='ltr'><strong>sanctitatem</strong></span> <span class='ocrx_word' id='word_1_668' title='bbox 2633 4127 2857 4183; x_wconf 87' lang='lat' dir='ltr'><strong>directa</strong></span> <span class='ocrx_word' id='word_1_669' title='bbox 2887 4125 3094 4181; x_wconf 87' lang='lat' dir='ltr'><strong>saltem</strong></span> <span class='ocrx_word' id='word_1_670' title='bbox 3122 4126 3319 4182; x_wconf 87' lang='lat' dir='ltr'><strong>fronte</strong></span> <span class='ocrx_word' id='word_1_671' title='bbox 3348 4125 3641 4197; x_wconf 84' lang='lat' dir='ltr'><strong>impetant.</strong></span> <span class='ocrx_word' id='word_1_672' title='bbox 3672 4118 3821 4173; x_wconf 82' lang='lat' dir='ltr'><strong>Verum</strong></span> 
     </span>
    </p>
   </div>
   <div class='ocr_carea' id='block_1_102' title="bbox 2236 4204 3826 4288">
    <p class='ocr_par' dir='ltr' id='par_1_102' title="bbox 2236 4204 3826 4288">
     <span class='ocr_line' id='line_1_104' title="bbox 2236 4204 3826 4288; baseline -0.009 -14"><span class='ocrx_word' id='word_1_673' title='bbox 2236 4219 2343 4274; x_wconf 91' lang='lat' dir='ltr'><strong>hos</strong></span> <span class='ocrx_word' id='word_1_674' title='bbox 2365 4218 2520 4272; x_wconf 86' lang='lat' dir='ltr'><strong>intra</strong></span> <span class='ocrx_word' id='word_1_675' title='bbox 2547 4216 2764 4272; x_wconf 89' lang='lat' dir='ltr'><strong>limites</strong></span> <span class='ocrx_word' id='word_1_676' title='bbox 2797 4213 3078 4271; x_wconf 89' lang='lat' dir='ltr'><strong>contineri</strong></span> <span class='ocrx_word' id='word_1_677' title='bbox 3105 4231 3488 4288; x_wconf 87' lang='lat' dir='ltr'><strong>nequaquam</strong></span> <span class='ocrx_word' id='word_1_678' title='bbox 3519 4210 3681 4270; x_wconf 90' lang='lat' dir='ltr'><strong>valuit</strong></span> <span class='ocrx_word' id='word_1_679' title='bbox 3707 4204 3826 4263; x_wconf 75' lang='lat' dir='ltr'><strong>eﬂ‘re-</strong></span> 
     </span>
    </p>
   </div>
   <div class='ocr_carea' id='block_1_103' title="bbox 2237 4295 3826 4377">
    <p class='ocr_par' dir='ltr' id='par_1_103' title="bbox 2237 4295 3826 4377">
     <span class='ocr_line' id='line_1_105' title="bbox 2237 4295 3826 4377; baseline -0.012 -14"><span class='ocrx_word' id='word_1_680' title='bbox 2237 4307 2333 4363; x_wconf 90' lang='lat' dir='ltr'><strong>nie</strong></span> <span class='ocrx_word' id='word_1_681' title='bbox 2363 4304 2834 4363; x_wconf 89' lang='lat' dir='ltr'><strong>adversariorum</strong></span> <span class='ocrx_word' id='word_1_682' title='bbox 2865 4304 2924 4359; x_wconf 90' lang='lat' dir='ltr'><strong>in</strong></span> <span class='ocrx_word' id='word_1_683' title='bbox 2950 4303 3254 4361; x_wconf 86' lang='lat' dir='ltr'><strong>laudanda</strong></span> <span class='ocrx_word' id='word_1_684' title='bbox 3278 4303 3554 4377; x_wconf 89' lang='lat' dir='ltr'><strong>Cypriani</strong></span> <span class='ocrx_word' id='word_1_685' title='bbox 3582 4295 3750 4371; x_wconf 83' lang='lat' dir='ltr'><strong>agendi</strong></span> <span class='ocrx_word' id='word_1_686' title='bbox 3768 4306 3826 4346; x_wconf 84' lang='lat' dir='ltr'><strong>ra-</strong></span> 
     </span>
    </p>
   </div>
   <div class='ocr_carea' id='block_1_104' title="bbox 2243 4393 3012 4466">
    <p class='ocr_par' dir='ltr' id='par_1_104' title="bbox 2243 4393 3012 4466">
     <span class='ocr_line' id='line_1_106' title="bbox 2243 4393 3012 4466; baseline -0.004 -14"><span class='ocrx_word' id='word_1_687' title='bbox 2243 4396 2402 4452; x_wconf 90' lang='lat' dir='ltr'><strong>tione</strong></span> <span class='ocrx_word' id='word_1_688' title='bbox 2431 4395 2598 4451; x_wconf 85' lang='lat' dir='ltr'><strong>labor</strong></span> <span class='ocrx_word' id='word_1_689' title='bbox 2627 4399 2683 4450; x_wconf 94' lang='lat' dir='ltr'><strong>et</strong></span> <span class='ocrx_word' id='word_1_690' title='bbox 2737 4393 3012 4466; x_wconf 90' lang='lat' dir='ltr'><strong>impetus.</strong></span> 
     </span>
    </p>
   </div>
   <div class='ocr_carea' id='block_1_105' title="bbox 2311 4481 3830 4544">
    <p class='ocr_par' dir='ltr' id='par_1_105' title="bbox 2311 4481 3830 4544">
     <span class='ocr_line' id='line_1_107' title="bbox 2311 4481 3830 4544; baseline -0.007 -2"><span class='ocrx_word' id='word_1_691' title='bbox 2311 4485 2512 4542; x_wconf 75' lang='lat' dir='ltr'><strong>I28]</strong></span> <span class='ocrx_word' id='word_1_692' title='bbox 2549 4484 2710 4540; x_wconf 80' lang='lat' dir='ltr'><strong>Mitto</strong></span> <span class='ocrx_word' id='word_1_693' title='bbox 2741 4483 3044 4540; x_wconf 91' lang='lat' dir='ltr'><strong>insulman</strong></span> <span class='ocrx_word' id='word_1_694' title='bbox 3083 4481 3252 4538; x_wconf 83' lang='lat' dir='ltr'><strong>illam</strong></span> <span class='ocrx_word' id='word_1_695' title='bbox 3295 4481 3714 4544; x_wconf 84' lang='lat' dir='ltr'><strong>affectationem,</strong></span> <span class='ocrx_word' id='word_1_696' title='bbox 3752 4484 3830 4540; x_wconf 61' lang='lat' dir='ltr'><strong>qua</strong></span> 
     </span>
    </p>
   </div>
   <div class='ocr_carea' id='block_1_106' title="bbox 2166 4561 3829 4663">
    <p class='ocr_par' dir='ltr' id='par_1_106' title="bbox 2166 4561 3829 4663">
     <span class='ocr_line' id='line_1_108' title="bbox 2166 4561 3829 4663; baseline -0.005 -32"><span class='ocrx_word' id='word_1_697' title='bbox 2166 4599 2210 4663; x_wconf 69' lang='grc' dir='ltr'>Ι)</span> <span class='ocrx_word' id='word_1_698' title='bbox 2241 4574 2802 4648; x_wconf 68' lang='grc' dir='ltr'><strong>εωρὶυεὶῐιουιοθηὶ,</strong></span> <span class='ocrx_word' id='word_1_699' title='bbox 2829 4590 2895 4629; x_wconf 91' lang='lat' dir='ltr'><strong>ac</strong></span> <span class='ocrx_word' id='word_1_700' title='bbox 2917 4572 3117 4629; x_wconf 83' lang='lat' dir='ltr'><strong>fusiori</strong></span> <span class='ocrx_word' id='word_1_701' title='bbox 3164 4573 3352 4629; x_wconf 87' lang='lat' dir='ltr'><strong>etiam</strong></span> <span class='ocrx_word' id='word_1_702' title='bbox 3403 4570 3637 4645; x_wconf 87' lang='lat' dir='ltr'><strong>probare</strong></span> <span class='ocrx_word' id='word_1_703' title='bbox 3665 4561 3829 4663; x_wconf 44' lang='lat' dir='ltr'><strong>calatho</strong></span> 
     </span>
    </p>
   </div>
   <div class='ocr_carea' id='block_1_107' title="bbox 2241 4652 3832 4737">
    <p class='ocr_par' dir='ltr' id='par_1_107' title="bbox 2241 4652 3832 4737">
     <span class='ocr_line' id='line_1_109' title="bbox 2241 4652 3832 4737; baseline -0.01 -17"><span class='ocrx_word' id='word_1_704' title='bbox 2241 4665 2530 4734; x_wconf 87' lang='lat' dir='ltr'><strong>nituntur,</strong></span> <span class='ocrx_word' id='word_1_705' title='bbox 2555 4664 2888 4737; x_wconf 87' lang='lat' dir='ltr'><strong>Cypranum</strong></span> <span class='ocrx_word' id='word_1_706' title='bbox 2905 4661 3173 4718; x_wconf 90' lang='lat' dir='ltr'><strong>videlicet</strong></span> <span class='ocrx_word' id='word_1_707' title='bbox 3192 4662 3373 4736; x_wconf 88' lang='lat' dir='ltr'><strong>longe</strong></span> <span class='ocrx_word' id='word_1_708' title='bbox 3396 4660 3573 4734; x_wconf 84' lang='lat' dir='ltr'><strong>pluris</strong></span> <span class='ocrx_word' id='word_1_709' title='bbox 3589 4669 3737 4729; x_wconf 88' lang='lat' dir='ltr'><strong>quam</strong></span> <span class='ocrx_word' id='word_1_710' title='bbox 3749 4652 3832 4704; x_wconf 76' lang='lat' dir='ltr'><strong>Ste-</strong></span> 
     </span>
    </p>
   </div>
   <div class='ocr_carea' id='block_1_108' title="bbox 2242 4750 3830 4832">
    <p class='ocr_par' dir='ltr' id='par_1_108' title="bbox 2242 4750 3830 4832">
     <span class='ocr_line' id='line_1_110' title="bbox 2242 4750 3830 4832; baseline -0.008 -22"><span class='ocrx_word' id='word_1_711' title='bbox 2242 4754 2504 4827; x_wconf 91' lang='lat' dir='ltr'><strong>phanum</strong></span> <span class='ocrx_word' id='word_1_712' title='bbox 2538 4752 2597 4809; x_wconf 92' lang='lat' dir='ltr'><strong>in</strong></span> <span class='ocrx_word' id='word_1_713' title='bbox 2627 4751 2882 4808; x_wconf 86' lang='lat' dir='ltr'><strong>Ecclesia</strong></span> <span class='ocrx_word' id='word_1_714' title='bbox 2913 4751 3035 4807; x_wconf 84' lang='lat' dir='ltr'><strong>ﬁeri</strong></span> <span class='ocrx_word' id='word_1_715' title='bbox 3089 4752 3230 4823; x_wconf 87' lang='lat'><strong>(22).</strong></span> <span class='ocrx_word' id='word_1_716' title='bbox 3291 4750 3520 4807; x_wconf 83' lang='lat' dir='ltr'><strong>Dudum</strong></span> <span class='ocrx_word' id='word_1_717' title='bbox 3549 4751 3632 4804; x_wconf 90' lang='lat' dir='ltr'><strong>est</strong></span> <span class='ocrx_word' id='word_1_718' title='bbox 3665 4758 3721 4800; x_wconf 87' lang='lat' dir='ltr'><strong>ex</strong></span> <span class='ocrx_word' id='word_1_719' title='bbox 3753 4750 3830 4832; x_wconf 41' lang='lat' dir='ltr'><strong>qua</strong></span> 
     </span>
    </p>
   </div>
   <div class='ocr_carea' id='block_1_109' title="bbox 2244 4838 3830 4914">
    <p class='ocr_par' dir='ltr' id='par_1_109' title="bbox 2244 4838 3830 4914">
     <span class='ocr_line' id='line_1_111' title="bbox 2244 4838 3830 4914; baseline -0.007 -16"><span class='ocrx_word' id='word_1_720' title='bbox 2244 4843 2395 4899; x_wconf 87' lang='lat' dir='ltr'><strong>male</strong></span> <span class='ocrx_word' id='word_1_721' title='bbox 2426 4843 2602 4912; x_wconf 66' lang='lat' dir='ltr'><strong>olunt,</strong></span> <span class='ocrx_word' id='word_1_722' title='bbox 2636 4842 2844 4914; x_wconf 84' lang='lat' dir='ltr'><strong>vixque</strong></span> <span class='ocrx_word' id='word_1_723' title='bbox 2875 4857 2941 4896; x_wconf 92' lang='lat' dir='ltr'><strong>ac</strong></span> <span class='ocrx_word' id='word_1_724' title='bbox 2969 4857 3041 4896; x_wconf 91' lang='lat' dir='ltr'><strong>ne</strong></span> <span class='ocrx_word' id='word_1_725' title='bbox 3069 4839 3163 4896; x_wconf 84' lang='lat' dir='ltr'><strong>vix</strong></span> <span class='ocrx_word' id='word_1_726' title='bbox 3191 4840 3440 4912; x_wconf 88' lang='lat' dir='ltr'><strong>quidem</strong></span> <span class='ocrx_word' id='word_1_727' title='bbox 3483 4838 3540 4893; x_wconf 89' lang='lat' dir='ltr'><strong>in</strong></span> <span class='ocrx_word' id='word_1_728' title='bbox 3593 4840 3830 4914; x_wconf 55' lang='lat' dir='ltr'><strong>panegyrl‘</strong></span> 
     </span>
    </p>
   </div>
   <div class='ocr_carea' id='block_1_110' title="bbox 2244 4912 3832 4988">
    <p class='ocr_par' dir='ltr' id='par_1_110' title="bbox 2244 4912 3832 4988">
     <span class='ocr_line' id='line_1_112' title="bbox 2244 4912 3832 4988; baseline -0.01 0"><span class='ocrx_word' id='word_1_729' title='bbox 2244 4932 2332 4988; x_wconf 86' lang='lat' dir='ltr'><strong>cis</strong></span> <span class='ocrx_word' id='word_1_730' title='bbox 2362 4937 2660 4988; x_wconf 76' lang='lat' dir='ltr'><strong>oratorum</strong></span> <span class='ocrx_word' id='word_1_731' title='bbox 2692 4912 3222 4986; x_wconf 79' lang='lat' dir='ltr'><strong>declamationibus</strong></span> <span class='ocrx_word' id='word_1_732' title='bbox 3253 4929 3592 4985; x_wconf 88' lang='lat' dir='ltr'><strong>sanctorum</strong></span> <span class='ocrx_word' id='word_1_733' title='bbox 3611 4917 3708 4978; x_wconf 69' lang='lat' dir='ltr'><strong>illa</strong></span> <span class='ocrx_word' id='word_1_734' title='bbox 3724 4912 3832 4972; x_wconf 81' lang='lat' dir='ltr'><strong>viro-</strong></span> 
     </span>
    </p>
   </div>
   <div class='ocr_carea' id='block_1_111' title="bbox 2315 5125 2924 5202">
    <p class='ocr_par' dir='ltr' id='par_1_111' title="bbox 2315 5125 2924 5202">
     <span class='ocr_line' id='line_1_113' title="bbox 2315 5125 2924 5202; baseline -0.01 -16"><span class='ocrx_word' id='word_1_735' title='bbox 2315 5130 2429 5202; x_wconf 90' lang='lat'><strong>(17)</strong></span> <span class='ocrx_word' id='word_1_736' title='bbox 2455 5127 2598 5184; x_wconf 82' lang='lat' dir='ltr'><strong>Ibid.</strong></span> <span class='ocrx_word' id='word_1_737' title='bbox 2630 5142 2764 5202; x_wconf 80' lang='lat' dir='ltr'><strong>pag.</strong></span> <span class='ocrx_word' id='word_1_738' title='bbox 2799 5125 2924 5202; x_wconf 38' lang='lat' dir='ltr'><strong>7119A.</strong></span> 
     </span>
    </p>
   </div>
   <div class='ocr_carea' id='block_1_112' title="bbox 2315 5197 3056 5271">
    <p class='ocr_par' dir='ltr' id='par_1_112' title="bbox 2315 5197 3056 5271">
     <span class='ocr_line' id='line_1_114' title="bbox 2315 5197 3056 5271; baseline -0.011 -13"><span class='ocrx_word' id='word_1_739' title='bbox 2315 5197 2426 5271; x_wconf 82' lang='lat'><strong>(18)</strong></span> <span class='ocrx_word' id='word_1_740' title='bbox 2457 5197 2689 5268; x_wconf 48' lang='lat' dir='ltr'><strong>&#39;l‘omﬁl,</strong></span> <span class='ocrx_word' id='word_1_741' title='bbox 2716 5197 2856 5270; x_wconf 79' lang='lat' dir='ltr'><strong>pag.</strong></span> <span class='ocrx_word' id='word_1_742' title='bbox 2888 5197 3017 5255; x_wconf 85' lang='lat'><strong>335.</strong></span> <span class='ocrx_word' id='word_1_743' title='bbox 3037 5231 3056 5251; x_wconf 57' lang='grc' dir='ltr'><strong>κ</strong></span> 
     </span>
    </p>
   </div>
   <div class='ocr_carea' id='block_1_113' title="bbox 2341 5271 2916 5355">
    <p class='ocr_par' dir='ltr' id='par_1_113' title="bbox 2341 5271 2916 5355">
     <span class='ocr_line' id='line_1_115' title="bbox 2341 5271 2916 5355; baseline -0.009 -27"><span class='ocrx_word' id='word_1_744' title='bbox 2341 5271 2428 5355; x_wconf 68' lang='grc'><strong>1</strong></span> <span class='ocrx_word' id='word_1_745' title='bbox 2463 5271 2605 5355; x_wconf 66' lang='lat' dir='ltr'><strong>ibid,</strong></span> <span class='ocrx_word' id='word_1_746' title='bbox 2639 5285 2770 5343; x_wconf 88' lang='lat' dir='ltr'><strong>pag.</strong></span> <span class='ocrx_word' id='word_1_747' title='bbox 2786 5271 2916 5326; x_wconf 90' lang='grc'>500.</span> 
     </span>
    </p>
   </div>
   <div class='ocr_carea' id='block_1_114' title="bbox 2314 5280 3830 5498">
    <p class='ocr_par' dir='ltr' id='par_1_114' title="bbox 2314 5280 3830 5498">
     <span class='ocr_line' id='line_1_116' title="bbox 2341 5280 2916 5355; baseline -0.043 -7"><span class='ocrx_word' id='word_1_748' title='bbox 2341 5280 2428 5345; x_wconf 69' lang='lat'><strong>19)</strong></span> <span class='ocrx_word' id='word_1_749' title='bbox 2463 5280 2605 5355; x_wconf 67' lang='lat' dir='ltr'><strong>Ibid,</strong></span> <span class='ocrx_word' id='word_1_750' title='bbox 2639 5280 2916 5343; x_wconf 77' lang='lat' dir='ltr'><strong>pag.5UU.</strong></span> 
     </span>
     <span class='ocr_line' id='line_1_117' title="bbox 2314 5280 3830 5498; baseline -0.021 -15"><span class='ocrx_word' id='word_1_751' title='bbox 2877 5411 3032 5469; x_wconf 90' lang='lat' dir='ltr'><strong>diem</strong></span> <span class='ocrx_word' id='word_1_752' title='bbox 3089 5411 3152 5466; x_wconf 86' lang='lat'><strong>16</strong></span> <span class='ocrx_word' id='word_1_753' title='bbox 3209 5405 3571 5482; x_wconf 88' lang='lat' dir='ltr'><strong>Septembris</strong></span> <span class='ocrx_word' id='word_1_754' title='bbox 3609 5413 3721 5472; x_wconf 84' lang='lat' dir='ltr'><strong>pag.</strong></span> <span class='ocrx_word' id='word_1_755' title='bbox 3742 5390 3830 5451; x_wconf 71' lang='grc'>190,</span> 
     </span>
    </p>
   </div>
   <div class='ocr_carea' id='block_1_115' title="bbox 2242 5487 2779 5553">
    <p class='ocr_par' dir='ltr' id='par_1_115' title="bbox 2242 5487 2779 5553">
     <span class='ocr_line' id='line_1_118' title="bbox 2242 5487 2779 5553; baseline -0.011 -6"><span class='ocrx_word' id='word_1_756' title='bbox 2242 5487 2381 5547; x_wconf 82' lang='lat' dir='ltr'><strong>edit.</strong></span> <span class='ocrx_word' id='word_1_757' title='bbox 2409 5487 2588 5553; x_wconf 90' lang='lat' dir='ltr'><strong>Paris,</strong></span> <span class='ocrx_word' id='word_1_758' title='bbox 2623 5487 2779 5541; x_wconf 88' lang='lat'><strong>1701.</strong></span> 
     </span>
    </p>
   </div>
   <div class='ocr_carea' id='block_1_116' title="bbox 2316 5541 3830 5632">
    <p class='ocr_par' dir='ltr' id='par_1_116' title="bbox 2316 5541 3830 5632">
     <span class='ocr_line' id='line_1_119' title="bbox 2316 5541 3830 5632; baseline -0.013 -17"><span class='ocrx_word' id='word_1_759' title='bbox 2316 5541 2432 5632; x_wconf 78' lang='lat'><strong>(22)</strong></span> <span class='ocrx_word' id='word_1_760' title='bbox 2462 5541 2896 5632; x_wconf 55' lang='lat' dir='ltr'><strong>bau&#39;moniusin</strong></span> <span class='ocrx_word' id='word_1_761' title='bbox 2920 5555 3089 5632; x_wconf 71' lang='lat' dir='ltr'><strong>epist.</strong></span> <span class='ocrx_word' id='word_1_762' title='bbox 3114 5554 3176 5608; x_wconf 90' lang='grc'><strong>15</strong></span> <span class='ocrx_word' id='word_1_763' title='bbox 3197 5552 3272 5632; x_wconf 83' lang='lat' dir='ltr'><strong>a_d</strong></span> <span class='ocrx_word' id='word_1_764' title='bbox 3295 5553 3535 5632; x_wconf 60' lang='grc' dir='ltr'><strong>Βαρέως.</strong></span> <span class='ocrx_word' id='word_1_765' title='bbox 3671 5541 3830 5632; x_wconf 47' lang='grc' dir='ltr'><strong>(ἱεῖς-ἵξ-</strong></span> 
     </span>
    </p>
   </div>
   <div class='ocr_carea' id='block_1_117' title="bbox 2245 5602 3826 5773">
    <p class='ocr_par' dir='ltr' id='par_1_117' title="bbox 2245 5602 3826 5773">
     <span class='ocr_line' id='line_1_120' title="bbox 2245 5602 3826 5773; baseline -0.011 -85"><span class='ocrx_word' id='word_1_766' title='bbox 2918 5602 3578 5773; x_wconf 47' lang='grc' dir='ltr'><strong>ἓξέἐξξῖξίοᾶὗέίῖυέ</strong></span> <span class='ocrx_word' id='word_1_767' title='bbox 3614 5617 3666 5673; x_wconf 91' lang='lat' dir='ltr'><strong>in</strong></span> <span class='ocrx_word' id='word_1_768' title='bbox 3708 5602 3826 5666; x_wconf 73' lang='lat' dir='ltr'><strong>laud~</strong></span> 
     </span>
     <span class='ocr_line' id='line_1_121' title="bbox 2291 5717 3207 5773; baseline -0.01 -12"><span class='ocrx_word' id='word_1_769' title='bbox 2291 5721 2365 5761; x_wconf 66' lang='lat' dir='ltr'><strong>rae</strong></span> <span class='ocrx_word' id='word_1_770' title='bbox 2398 5719 2470 5762; x_wconf 86' lang='lat' dir='ltr'><strong>a.</strong></span> <span class='ocrx_word' id='word_1_771' title='bbox 2508 5719 2542 5761; x_wconf 91' lang='lat' dir='ltr'><strong>a</strong></span> <span class='ocrx_word' id='word_1_772' title='bbox 2611 5717 2788 5773; x_wconf 85' lang='lat' dir='ltr'><strong>opera</strong></span> <span class='ocrx_word' id='word_1_773' title='bbox 2872 5743 2884 5758; x_wconf 94' lang='lat'><strong>.</strong></span> <span class='ocrx_word' id='word_1_774' title='bbox 3192 5737 3207 5752; x_wconf 92' lang='lat'><strong>.</strong></span> 
     </span>
    </p>
   </div>
   <div class='ocr_carea' id='block_1_118' title="bbox 2291 5718 3207 5776">
    <p class='ocr_par' dir='ltr' id='par_1_118' title="bbox 2291 5718 3207 5776">
     <span class='ocr_line' id='line_1_122' title="bbox 2291 5718 3207 5776; baseline -0.01 -15"><span class='ocrx_word' id='word_1_775' title='bbox 2291 5718 2470 5762; x_wconf 75' lang='lat' dir='ltr'><strong>restat.</strong></span> <span class='ocrx_word' id='word_1_776' title='bbox 2508 5718 2582 5761; x_wconf 88' lang='lat' dir='ltr'><strong>ao</strong></span> <span class='ocrx_word' id='word_1_777' title='bbox 2611 5718 2788 5776; x_wconf 88' lang='lat' dir='ltr'><strong>opera</strong></span> <span class='ocrx_word' id='word_1_778' title='bbox 2826 5718 2884 5760; x_wconf 68' lang='grc' dir='ltr'>δ.</span> <span class='ocrx_word' id='word_1_779' title='bbox 2918 5718 3207 5773; x_wconf 63' lang='grc' dir='ltr'><strong>υδνρτιιωι.</strong></span> 
     </span>
    </p>
   </div>
  </div>
