4088 6174
467 314 622 377 1335

1512 314 1615 374 DE
1661 308 2248 374 HERETIGORUM
2298 310 2823 374 BAPTlSMATE.

3639 329 3754 392 1336

467 448 697 503 hortum
721 445 936 518 expiari
952 445 1709 518 poterant,nisiStephanus
1724 448 2113 502 antemortem
2145 444 2200 511 Α
2230 442 2465 515 scriptis
2525 461 2638 500 non
2698 446 2840 502 satis
2885 446 3096 502 versati
3125 449 3409 507 neotericis
3435 452 3525 510 hac
3549 456 3597 511 in
3624 475 3674 514 re
3695 461 3759 518 fa-

467 549 674 609 pacem
721 550 856 590 cum
905 534 1208 607 Cypriane,
1261 534 1510 607 aliisque
1539 535 1830 608 episcopis
1863 535 2113 603 fecisset,

471 640 538 681 ac
585 623 886 680 charitatis
937 627 994 680 et
1043 623 1285 680 unitatis
1342 641 1546 692 nexus,
1578 642 1724 696 quos
1763 625 1889 698 ipse
1917 623 2115 679 disru-

470 716 635 786 perat
665 729 796 769 cum
827 712 970 785 ipsis
1002 714 1372 771 astrinxisset
1421 713 1554 787 (49).
1606 715 1688 770 En
1723 715 1902 788 igitur
1929 717 2118 770 totum

471 801 751 874 Stephani
800 801 1130 858 sanctitatis
1190 803 1636 860 fundamentum
1673 804 1732 858 in
1765 804 1952 875 ipsius
1984 819 2120 858 cum

471 891 754 966 Cypriane
794 891 1260 948 reconciliatione
1312 893 1718 965 constitutum,
1768 893 1828 948 in
1870 893 1999 961 hac,
2032 892 2119 947 in-

474 996 654 1054 quam
686 979 1178 1048 reconciliatione,
1211 981 1381 1050 cujus
1415 998 1519 1038 nec
1551 983 1705 1054 apud
1745 986 1970 1038 veteres
2018 999 2123 1038 nec

477 1070 635 1144 apud
667 1071 924 1126 recentes
971 1068 1207 1142 aliquod
1257 1075 1445 1126 exstat
1495 1071 1828 1144 vestigium,
1878 1071 2126 1144 ideoque

481 1156 736 1215 maxime
768 1157 1046 1228 dubia,ne
1073 1159 1207 1230 plus
1238 1159 1427 1215 dicam
1447 1159 1764 1228 etincerta;
1797 1165 1915 1216 tam
1948 1159 2128 1232 igitur

479 1251 772 1320 suspecta,
821 1245 1117 1318 dubiaque
1163 1248 1332 1304 nobis
1369 1249 1478 1305 erit
1506 1249 1784 1321 Stephani
1825 1249 2126 1316 sanctitas,

480 1351 660 1408 quam
691 1334 1030 1405 hujusmodi
1064 1352 1096 1391 a
1126 1335 1430 1393 Lomberto
1462 1337 1827 1409 praeformata
1847 1336 2129 1410 Stephani

481 1441 617 1482 cum
664 1423 950 1496 Cypriane
1008 1425 1346 1498 caeterisque
1377 1426 1788 1494 reconciliatio,
1823 1445 1857 1482 a
1887 1444 2002 1498 qua
2043 1426 2130 1481 ni-

483 1514 702 1570 mirum
736 1517 855 1570 tota
885 1515 1101 1586 pendet
1128 1514 1406 1586 Stephani
1437 1515 1738 1584 sanctitas,
1773 1520 1830 1572 et
1860 1516 1988 1572 sine
2018 1533 2135 1588 qua

484 1619 592 1661 nec
621 1601 812 1675 ipsum
847 1603 1142 1676 Stephano
1171 1605 1487 1676 profuisset
1517 1604 1883 1678 martyrium.

560 1692 662 1750 His
685 1692 892 1749 mediis
906 1697 1026 1749 tam
1041 1695 1395 1766 portentosis
1417 1711 1624 1751 novam
1642 1695 1781 1752 huic
1797 1699 2136 1769 argumento

487 1783 628 1850 vim,
688 1799 1020 1855 novumque
1067 1781 1436 1856 splendorem
1499 1783 1698 1840 indere
1729 1790 2116 1858 susceperunt

493 1871 709 1945 quibus
741 1871 1097 1944 rohoratum,
1130 1872 1411 1929 invictum
1443 1889 1509 1930 ac
1538 1873 1771 1930 evidens
1802 1872 1946 1929 illud
1978 1891 2135 1930 asse-

489 1976 616 2018 rere
648 1977 714 2017 ac
754 1960 968 2032 ubique
1000 1962 1313 2033 praedicare
1349 1980 1464 2018 non
1495 1963 1783 2020 dubitant.
1818 1963 1974 2020 Utris
2009 1980 2138 2019 vero

494 2050 806 2124 gloriosius
855 2050 1157 2123 exstiterit,
1207 2069 1280 2106 an
1321 2051 1674 2108 Lutheranis
1703 2058 1759 2109 et
1787 2051 2140 2109 Calvinianis

491 2139 634 2196 illud
668 2143 1083 2213 argumentum
1113 2141 1572 2212 excogitasse,an
1597 2141 1902 2198 neotericis
1926 2143 2141 2199 nostris

489 2230 752 2286 dirutum
785 2227 927 2284 illud
962 2232 1081 2284 tam
1113 2229 1388 2301 praeclare
1419 2234 1799 2300 restaurasse,
1825 2231 2011 2302 judex
2042 2230 2140 2288 ille

486 2318 584 2388 sit,
616 2318 716 2390 qui
760 2317 1030 2373 neutrius
1078 2317 1272 2390 gloria
1322 2318 1614 2386 invideat;
1668 2335 2007 2391 quanquam
2057 2320 2136 2375 fa-

481 2409 726 2465 tendum
759 2407 1010 2480 ingenue
1041 2406 1117 2462 sit
1149 2407 1206 2463 S.
1241 2407 1605 2480 Stephanum
1641 2408 1972 2465 Romanum
1993 2426 2136 2482 pon-

484 2499 701 2555 tificem
750 2515 783 2554 a
834 2497 1296 2553 Lutheranorum
1333 2501 1390 2553 et
1421 2497 1873 2555 Calvinistarum
1905 2499 2140 2554 nemine

482 2591 607 2645 tam
655 2585 807 2643 male
857 2589 1169 2644 tractatum
1214 2587 1418 2660 fuisse,
1469 2604 1647 2660 quam
1689 2605 1723 2644 a
1755 2587 2052 2644 nonnullis
2081 2592 2139 2646 et

485 2675 795 2734 neotericis
825 2675 1226 2749 scriptoribus.

556 2766 773 2822 Verum
793 2764 946 2821 ultra
961 2769 1146 2821 motas
1159 2765 1451 2839 progressi
1465 2769 1625 2830 sunt,
1653 2766 1749 2837 qui
1772 2766 2140 2825 nobilissimo

486 2858 544 2914 et
581 2854 820 2928 quidem
868 2853 1155 2928 primaeva
1198 2854 1562 2928 antiquitatis
1593 2854 1866 2912 Ecclesiae
1894 2857 2138 2923 doctori,

486 2944 678 3018 qualis
711 2943 821 3000 fuit
847 2943 1195 3017 Cyprianus,
1228 2944 1498 3017 ignotum
1523 2945 1755 3018 penitus
1779 2945 1960 3001 fuisse
1981 2945 2139 3018 quod

487 3034 636 3093 Petri
661 3033 1103 3091 successoribus
1128 3034 1416 3091 asseritur
1445 3035 1576 3092 fidei
1600 3034 1986 3092 indeﬂcientis
2015 3033 2139 3107 pri-

481 3123 764 3197 vilegium
811 3123 1124 3180 Catholicis
1153 3125 1398 3182 suadere
1433 3140 1534 3197 per
1559 3125 1646 3181 fas
1676 3125 1853 3180 etiam
1886 3128 1942 3180 et
1967 3124 2132 3181 nefas

2223 531 2454 588 oiliores
2484 550 2652 590 aures
2683 535 2897 607 pariter
2937 538 3448 613 accommodarunt,
3474 545 3602 602 unde
3643 553 3766 606 tanta

2227 622 2644 695 magistrorum
2677 641 2942 692 suorum,
2976 643 3011 682 a
3039 626 3248 698 quibus
3275 632 3511 688 recedere
3537 636 3668 690 nefas
3693 639 3769 694 dn-

2227 710 2397 780 citur,
2445 713 2789 770 auctoritate
2832 715 3078 788 abrepti,
3129 716 3278 772 istud
3330 729 3680 792 argumentum
3719 729 3769 782 ad

2230 799 2624 872 impetendam
2685 803 3064 860 inerrantiam
3115 805 3454 864 Pontiﬁciam
3513 813 3772 871 efficacissi

2232 907 2396 946 mum
2429 896 2486 948 et
2517 892 2626 965 ipsi
2659 892 2783 949 sine
2814 893 3072 950 ulteriori
3108 895 3462 967 inquisitione
3489 900 3667 970 dixere,
3711 910 3775 959 at-

2233 995 2347 1051 que
2376 983 2723 1039 contendere
2753 983 2967 1055 saepius
2997 984 3330 1041 audiuntur.

2307 1115 2670 1172 Novissimus
2713 1119 2826 1173 iste
2875 1118 2983 1172 fuit
3012 1120 3343 1192 creterisque
3374 1121 3568 1178 felicior
3593 1126 3780 1181 neoteri-

2237 1219 2437 1258 corum
2462 1210 3090 1278 ausus,utargumento
3115 1207 3429 1280 praedilecto
3445 1211 3577 1266 vires
3596 1212 3783 1284 aliquas,

2239 1309 2389 1363 quas
2424 1309 2526 1365 per
2556 1311 2683 1350 sese
2729 1295 2924 1363 ipsum
2975 1313 3088 1352 non
3132 1297 3377 1352 habebat
3412 1300 3787 1372 impcrtirentnr.

2239 1382 2636 1438 Temerarium
2682 1385 2824 1440 adeo
2871 1384 3191 1457 inemptum
3243 1388 3383 1443 ferre
3412 1405 3515 1443 non
3543 1391 3793 1460 potuimus,

2242 1487 2451 1543 nempe
2465 1489 2578 1544 quo
2595 1489 2868 1545 germana
2883 1474 3390 1531 celeberrimorum
3413 1477 3711 1548 scriptorum
3729 1479 3796 1534 do-

2244 1561 2434 1615 ctrina
2463 1563 2605 1617 adeo
2637 1563 3071 1634 depravaretur,
3108 1569 3172 1619 ut
3215 1566 3448 1622 adversa
3475 1565 3672 1637 penitus
3696 1567 3798 1638 ipsis

2245 1650 2643 1721 afﬁngeretur.
2695 1653 3001 1724 Periniquo
3045 1671 3253 1724 passus
3301 1671 3427 1709 sum
3473 1655 3643 1710 animo
3682 1655 3798 1710 Pari-

2248 1739 2472 1795 sienses
2520 1740 2786 1796 doctores
2837 1757 2904 1796 eo
2954 1759 3142 1814 usque
3172 1743 3526 1816 denigratum
3555 1743 3634 1810 iri,
3663 1749 3798 1798 utve-

2125 1827 2138 1851 ’
2169 1820 2217 1884 B
2247 1827 2430 1883 tulam
2465 1829 2930 1886 Lutheranorum
2961 1831 3312 1887 cantilenam
3364 1848 3396 1887 a
3430 1831 3699 1888 Catholicis
3717 1848 3801 1887 om-

2248 1917 2423 1972 nibus
2468 1917 2700 1973 irrisam
2751 1935 2817 1974 ac
2857 1920 3420 1992 contemptissimam
3464 1920 3663 1992 placere
3687 1921 3804 1992 ipsis,

2247 2007 2480 2079 probari
2496 2024 2562 2062 ac
2577 2007 2860 2064 recantari
2876 2009 3533 2065 diceretur.Dolebamus
3545 2026 3654 2065 eam
3665 2009 3804 2065 Gallis

2246 2095 2532 2168 theologis
2583 2097 2860 2153 invidiam
2911 2099 3172 2163 conflari,
3225 2115 3352 2170 quae
3403 2099 3555 2171 ipsos
3596 2103 3806 2170 tanquam

2248 2184 2402 2241 filios
2459 2203 2492 2241 a
2541 2186 2805 2258 patribus
2852 2187 3189 2258 degeneres,
3241 2187 3472 2242 Patrum
3504 2188 3743 2259 sapientia
3765 2203 3806 2240 ac

2240 2274 2453 2346 judicii
2501 2275 2838 2330 maturitate
2891 2277 3208 2331 destitutos
3249 2276 3454 2330 exteris
3481 2276 3746 2343 exhiberet,
3769 2291 3810 2330 ac

2249 2363 2493 2434 proinde
2525 2363 2923 2435 querimonias
2971 2368 3302 2419 exterorum
3343 2369 3398 2420 et
3425 2363 3812 2433 exprobratione:

2247 2451 2306 2507 in
2338 2452 2500 2523 ipsos
2529 2453 2863 2508 concitaret.
2900 2453 3251 2510 Permoleste
3281 2454 3635 2508 cernebamus
3663 2455 3730 2505 tot
3747 2452 3811 2522 jn-

2249 2542 2442 2597 niores
2463 2542 2683 2596 Sorbon
2695 2559 2778 2596 nae
2795 2541 3500 2610 baccalaureos,ementita
3516 2557 3720 2598 suorum
3733 2556 3812 2594 ma-

2247 2630 2566 2702 gistrorum
2596 2631 2942 2687 auctoritate
2989 2631 3290 2703 deceptos,
3322 2632 3472 2686 bona
3500 2631 3601 2685 {ide
3626 2629 3813 2692 credere,

2248 2720 2603 2792 Cyprianum
2655 2720 2968 2776 Pontiﬁciie
3034 2720 3460 2776 infaillibilitati
3515 2731 3812 2791 repugnasse,

2249 2810 2405 2880 quod
2438 2810 2656 2865 avitum
2688 2813 2746 2865 et
2775 2810 3046 2866 innatum
3077 2812 3147 2865 ad
3182 2809 3407 2864 tuenda
3432 2809 3584 2864 Sedis
3603 2802 3816 2878 Apostoli-

2249 2915 2325 2956 cae
2351 2899 2489 2969 jura
2514 2898 2774 2970 ipsorum
2807 2898 3415 2956 ardorem.minuebat
3446 2914 3554 2952 non
3588 2910 3754 2969 parum
3775 2909 3816 2946 ac

2249 2989 2602 3043 remittebat.

2321 3122 2394 3179 Ut
2444 3121 2640 3195 itaque
2689 3125 2887 3178 nostro
2941 3139 3046 3194 pro
3095 3122 3434 3179 asserendis
3470 3138 3532 3176 ac
3561 3118 3716 3188 magis
3739 3131 3820 3172 ma-

480 3189 881 3286 susceperant.
915 3211 1063 3278 Quid
1097 3211 1355 3286 amplius
1386 3189 1566 3286 igitur
1596 3213 1964 3282 neoterici,ut
1985 3231 2126 3270 non-
2159 3189 2201 3258 (ἶ
2239 3211 2448 3284 gisque
2491 3189 2796 3267 ﬁrmandis
2844 3189 3026 3267 sacris
3073 3211 3419 3284 Apostolicae
3467 3209 3623 3266 Sedis
3643 3206 3816 3280 juribns

479 3301 674 3360 nullos
721 3301 830 3359 hac
862 3301 921 3357 in
952 3317 1012 3358 re
1063 3299 1328 3358 fallerent
1357 3301 1622 3357 incautos
1643 3299 1671 3356 ?
1707 3301 1884 3358 Probe
1914 3300 2131 3358 conscii

480 3395 699 3466 quanto
728 3390 885 3464 apud
915 3390 1242 3448 Catholicos
1275 3390 1333 3447 in
1375 3391 1560 3464 pretio
1613 3389 1969 3447 haberentur
1998 3389 2130 3446 Gal-

479 3480 673 3540 lorum
699 3480 1106 3553 theologorum
1139 3497 1204 3537 ac
1233 3479 1652 3537 Parisiensium
1687 3480 1988 3537 doctorum
2013 3479 2134 3552 opi-

482 3569 709 3638 niones,
741 3570 857 3626 huc
886 3573 943 3626 et
970 3568 1110 3625 illuc
1142 3587 1416 3643 spargere
1463 3574 1764 3642 coeperunt
1794 3569 2132 3642 hujusmodi

487 3663 903 3734 argumentum
953 3658 1407 3731 sapientissimis
1459 3658 1576 3714 illis
1621 3675 1798 3716 sacrae
1835 3657 2134 3731 theologia)

487 3748 790 3821 magistris
801 3747 1230 3806 validissimum
1243 3749 1316 3805 ad
1331 3748 1724 3822 impetendam
1739 3747 1981 3805 Romani
1999 3748 2140 3804 Pon-

491 3838 666 3895 tiﬁcis
697 3838 1077 3896 inerrantiam
1107 3837 1296 3894 visum
1329 3838 1632 3894 fuisse.Sic
1662 3839 1818 3911 quod
1838 3837 1918 3892 rei
1941 3837 2138 3894 deerat

491 3933 654 3986 tanto
685 3928 922 3984 nomine
971 3944 1038 3984 ac
1086 3926 1256 3983 titulo
1287 3927 1790 4000 compensandum
1819 3943 1946 3983 esse
1971 3925 2135 3998 judi-

491 4023 720 4076 carunt.
754 4017 1012 4073 Fatenda
1057 4033 1150 4073 res
1198 4020 1306 4084 est,
1358 4016 1792 4073 Neotericorum
1843 4015 1992 4072 votis
2023 4031 2138 4071 non

491 4124 700 4181 parum
749 4106 1036 4164 successit
1085 4105 1421 4163 artificium.
1480 4105 1670 4162 Exteri
1734 4105 2136 4177 quamplures,

488 4197 701 4271 quibus
733 4213 884 4269 saepe
916 4213 1027 4252 non
1062 4199 1226 4252 vacat
1257 4213 1322 4252 ac
1355 4195 1716 4268 frequentius
1741 4193 1993 4252 liberum
2023 4211 2138 4250 non

489 4289 577 4344 est
598 4289 683 4343 tot
703 4283 898 4342 Galliis
917 4284 1220 4340 doctorum
1246 4283 1544 4340 volumina
1567 4283 2138 4357 perlegere,aliorum

490 4391 560 4433 ex
589 4392 696 4431 suo
725 4374 1038 4430 candorem
1069 4373 1466 4439 dimetientes,
1500 4390 1623 4430 rem
1657 4390 1871 4446 magna
1901 4373 2142 4429 ﬁdentia

489 4464 846 4522 testantibus
899 4463 1051 4520 bona
1099 4463 1212 4518 {ide
1269 4462 1668 4532 crediderunt,
1729 4466 1902 4534 atque
1935 4462 2141 4518 exinde

2240 3317 2306 3357 ac
2338 3299 2552 3356 divinis
2583 3300 2900 3374 privilegiis
2939 3299 3131 3357 studio
3183 3305 3516 3371 nostraeque
3562 3299 3625 3353 de
3673 3294 3814 3351 Gallia

2240 3389 2674 3464 theologis,quo
2697 3389 2918 3446 meliori
2945 3391 3114 3446 modo
3133 3383 3817 3462 possumus,benemerendi

2240 3479 2526 3536 voluntati
2576 3481 2897 3536 faceremus
2929 3480 3096 3545 satis,
3129 3495 3476 3550 germanam
3505 3475 3682 3532 Gallia:
3705 3473 3819 3527 theo-

2243 3569 2512 3642 logorum
2543 3569 2652 3626 hac
2682 3569 2741 3625 in
2787 3573 2947 3642 parte
2993 3569 3352 3625 sententiam
3386 3566 3622 3639 pendere
3645 3567 3824 3635 atque:

2249 3658 2570 3714 novissima
2617 3657 2944 3730 impostura
2991 3657 3293 3714 vindicare
3332 3655 3696 3728 suscepimus.
3720 3647 3822 3715 Quid

2246 3763 2383 3820 ergo
2403 3748 2430 3803 7
2462 3747 2542 3802 An
2575 3764 2688 3804 non
2741 3746 2940 3803 Galliae
2980 3747 3250 3803 doctores
3282 3745 3550 3819 Cypriani
3573 3743 3756 3798 factum
3777 3737 3826 3791 ad

2247 3837 2327 3892 im
2336 3841 2460 3910 pete
2470 3837 2644 3892 ndam
2658 3837 2902 3892 Romani
2918 3835 3215 3892 Pontificis
3229 3834 3608 3892 inerrantiam
3621 3831 3832 3886 idoneum

2249 3931 2572 3999 aptumque
2619 3925 2988 3997 diiudicant?
3046 3926 3165 3980 lmo
3220 3923 3650 3997 ineptissimum
3691 3933 3742 3972 ac
3774 3914 3832 3968 fu-

2248 4015 2589 4072 tilissimum
2617 4015 2764 4071 illud
2794 4031 2921 4071 esse
2951 4016 3389 4071 demonstrant.
3424 4013 3655 4070 Easdem
3673 4003 3832 4063 doctis-

2249 4105 2384 4160 simi
2415 4104 2612 4161 Gallire
2641 4103 2914 4176 theologi,
2949 4121 3096 4176 quas
3117 4104 3315 4159 caeteri
3348 4100 3612 4159 catholici
3632 4100 3830 4153 doctores

2249 4195 2320 4251 ad
2353 4195 2780 4251 exsufﬂandum
2813 4199 2869 4249 et
2899 4193 3362 4267 proﬂigandum,
3397 4209 3511 4265 quo
3537 4208 3600 4247 ex
3621 4185 3836 4260 Cypriano

2253 4285 2565 4342 Luthcrani
2599 4286 2852 4358 primum
2877 4289 2933 4340 et
2956 4284 3302 4350 Calviniani,
3319 4283 3531 4340 deinde
3557 4274 3786 4336 neoterici
3802 4272 3838 4324 in

2249 4391 2586 4448 supremam
2618 4379 2675 4430 et
2705 4379 3010 4430 immotam
3041 4374 3291 4430 Romani
3327 4371 3621 4429 Pontificis
3655 4360 3844 4423 auctori-

2249 4469 2428 4520 tatem
2461 4466 2708 4520 arietant
2737 4467 3172 4536 argumentum,
3209 4462 3622 4534 responsiones
3652 4453 3843 4511 afferunt

493 4553 692 4612 Gallias
740 4553 1040 4626 theologos
1082 4558 1366 4624 tanquam
1402 4552 1644 4624 hujusce
1675 4551 2006 4625 argumenti
2040 4569 2138 4625 pa-
2176 4567 2218 4631 D
2249 4559 2423 4627 atque
2447 4556 2858 4627 suppeditant:
2885 4553 2971 4608 hae
3005 4570 3137 4609 vero
3167 4557 3293 4608 tam
3324 4551 3546 4620 εοὶὶίὶω,
3573 4553 3682 4603 tam
3711 4543 3846 4631 decref

494 4646 697 4699 tronos
746 4642 1024 4698 habentes
1054 4643 1425 4698 obscuratam
1458 4658 1523 4698 ac
1552 4641 1928 4697 imminutam
1962 4641 2021 4696 in
2053 4657 2140 4696 re-

498 4732 878 4799 centioribus,
907 4749 1034 4804 quis
1081 4738 1297 4788 veteres
1329 4731 1528 4789 Gallia:
1559 4731 1824 4787 doctores
1854 4747 2146 4786 commen-

498 4823 678 4879 dabat
689 4821 900 4893 judicii
928 4820 1271 4894 gravitatem
1299 4838 1363 4878 ac
1394 4820 1795 4878 maturitatem
1829 4820 2036 4877 1284
2057 4820 2152 4875 do-

508 4912 626 4969 lere
655 4915 832 4984 atque
861 4911 1163 4984 deplorare
1193 4911 1300 4967 visi
1334 4915 1493 4978 sunt,
1528 4915 1702 4982 atque
1758 4911 2050 4966 videntur.
2109 4909 2150 4964 E

501 5001 689 5062 Gallia
719 5001 896 5059 etiam
928 5018 1045 5059 non
1075 5002 1244 5074 pauci
1280 5001 1340 5057 in
1389 5000 1812 5058 Parisiensium
1845 5001 2150 5058 doctorum

507 5183 678 5273 '7“)
701 5199 902 5258 Lomb.
935 5197 996 5256 in
1028 5197 1186 5255 laud.
1221 5195 1442 5252 Praefat.
1476 5210 1610 5270 pag.
1641 5196 1732 5251 78.

2252 4645 2412 4699 toria:
2444 4652 2578 4699 sunt
2607 4648 2670 4698 ut
2701 4643 2888 4715 magis
2911 4659 3039 4698 esse
3058 4658 3170 4696 non
3197 4640 3453 4712 possint.
3488 4640 3570 4694 Ita
3597 4652 3653 4691 se
3683 4629 3846 4686 habent

2259 4731 2588 4805 gravissimi
2620 4732 2746 4802 viri,
2781 4731 3067 4804 quidquid
3122 4730 3180 4784 in
3221 4727 3589 4784 contrarium
3620 4721 3849 4779 adducant

2261 4837 2326 4877 ac
2358 4821 2692 4878 fabulentur
2723 4820 3015 4889 neoterici,
3047 4822 3224 4889 atque
3253 4817 3407 4873 illud
3443 4820 3534 4872 est
3583 4810 3722 4885 quod
3759 4819 3849 4878 pro-

2261 4909 2517 4966 bandum
2554 4910 2929 4984 aggredimur
2971 4924 3035 4964 ac
3075 4905 3399 4963 difficiliori
3435 4904 3741 4974 cuicunque
3764 4908 3851 4950 sua-

2261 5000 2396 5057 dere
2428 5017 2532 5056 con
2544 5001 2802 5057 ﬁdimus.
