4088 6174
548 320 704 381 1339
1593 320 1693 379 DE
1737 318 2153 380 HIEBE'l‘lCO

2215 317 2329 380 UM
2374 318 2903 380 BAPTISMATE.
3710 329 3823 392 1340

549 449 833 521 inaudita,
869 449 974 506 hoc
1004 453 1093 506 est
1123 467 1190 506 ex
1220 450 1342 506 sola
1399 449 1679 508 relatione
1733 450 2058 525 legatorum
2090 450 2188 523 qui
2219 453 2274 519 Α
2306 466 2429 506 rem
2459 450 2702 518 faciunt,
2735 455 2793 507 et
2817 451 3228 507 commendata
3254 451 3502 524 Stephani
3544 475 3567 505 α
3593 458 3823 530 gravitate,

551 542 721 596 erant
750 538 1040 611 episcOpis
1078 539 1360 612 depositis
1383 539 1645 613 (Basilidi
1677 545 1732 596 et
1763 539 2196 612 Martiali)sub-
2309 540 2598 613 sapientia
2629 557 2733 596 nec
2767 557 2883 596 non
2915 557 3033 596 sua:
3063 539 3350 612 religionis
3373 558 3432 596 ac
3460 542 3572 597 fidei
3596 545 3823 604 veritate»

549 628 762 697 stituti,
795 632 850 684 et
878 646 947 684 ex
975 628 1185 685 litteris
1216 645 1418 686 eorum
1469 630 1569 702 qui
1617 630 1726 687 hos
1774 630 2189 702 deposuerant,
2306 628 2421 701 ipsi
2448 629 2781 700 signiﬁcant
2809 646 2872 686 se
2903 629 3234 685 nullatenus
3253 629 3829 701 dubitare,sed«credere

548 718 684 774 illos
717 718 1145 774 substituerent
1171 737 1183 786 ;
1211 723 1271 774 at
1293 719 1350 774 lii
1384 721 1636 792 profecto
1668 720 1726 775 in
1759 736 1936 775 causa
1968 719 2202 791 propria
2309 718 2421 791 ipsi
2454 718 2740 791 placitura
2767 736 2892 790 quae
2924 724 2982 775 et
3012 718 3278 791 religiosa
3306 721 3502 792 pariter
3548 727 3597 778 et
3637 740 3746 779 vera
3772 727 3828 782 fe-

550 809 732 862 testes
767 821 882 862 non
915 809 1082 862 erant
1107 805 1322 874 idonei,
1345 810 1399 862 et
1419 824 1582 878 aeque
1604 807 1900 880 imponere
1919 807 2200 880 Cypriane
2309 812 2439 864 rent
2469 809 2580 880 (69)
2605 795 2623 876 ;¹
2657 830 2684 858 ››
2717 808 2915 880 qualia
2943 825 3154 882 nempe
3183 824 3304 864 esse
3355 810 3623 880 putabant,
3651 830 3749 884 quae
3789 817 3829 872 in

549 898 842 967 poterant,
873 911 940 950 ac
971 895 1266 968 Stephano
1299 895 1607 952 Basilides.
1629 898 1712 952 Ab
1737 897 2014 966 Hispania
2045 897 2203 968 longe
2309 913 2487 953 causa
2516 897 2795 970 baptismi
2827 897 3226 954 haereticorum
3258 902 3570 955 statuerant.

551 983 788 1056 quidem
817 986 1029 1056 positus
1081 988 1202 1040 erat
1255 985 1598 1058 Stephanus;
1655 991 1716 1041 at
1764 986 2035 1058 Hispanis
2083 1002 2199 1040 non
2382 987 2911 1042 SanctusPontifex
2933 988 3033 1042 ubi
3058 992 3249 1043 tantos
3269 1004 3378 1043 non
3399 987 3831 1058 seluminOriente,

559 1073 702 1129 adeo
734 1073 970 1146 propior
1012 1075 1432 1146 Cyprianus,ut
1455 1093 1582 1147 qua:
1598 1075 1840 1130 Romam
1875 1076 2008 1130 inde
2027 1091 2200 1147 pene-
2311 1077 2464 1147 quod
2486 1076 2613 1146 jam
2643 1076 2970 1141 resciverat,
2997 1078 3093 1132 sed
3119 1081 3176 1131 et
3197 1075 3254 1131 in
3279 1075 3475 1142 Africa,
3496 1082 3691 1149 tamque
3733 1081 3834 1134 cita~

549 1165 704 1219 trare
736 1167 962 1234 poterat
993 1163 1236 1235 fallacia,
1271 1181 1387 1220 non
1437 1165 1726 1237 potuisset
1765 1163 1938 1218 etiam
1964 1164 2200 1220 Cartha-
2309 1167 2399 1220 tos
2452 1166 2524 1220 ad
2583 1165 3064 1237 proseribendam
3123 1164 3486 1237 apostolicam
3552 1167 3838 1225 traditionem

551 1250 746 1324 ginem
793 1269 806 1307 :
861 1269 994 1308 cum
1054 1253 1306 1309 maxime
1354 1257 1472 1309 tam
1533 1271 1664 1308 rara
1710 1252 2201 1324 Carthaginenses
2310 1254 2518 1326 agitari
2550 1258 2747 1310 motus
2773 1255 3061 1327 cognovit,
3086 1254 3262 1326 idque
3290 1272 3322 1310 a
3351 1254 3660 1327 praesulibus
3690 1257 3841 1313 eximia

551 1340 704 1396 inter
734 1348 787 1397 et
805 1341 1091 1414 Hispanos
1123 1343 1284 1399 nullo
1310 1343 1743 1413 jurisdictionis
1772 1342 2003 1398 vinculo
2031 1341 2200 1397 colli—
2310 1343 2641 1400 sanctitatis
2671 1344 3066 1416 doctrinaeque
3089 1344 3244 1400 fama
3265 1343 3608 1416 pollentibus,
3629 1348 3842 1419 perspexit

549 1433 736 1502 gates,
771 1446 947 1502 quam
981 1431 1718 1504 frequentiaHispanorum
1744 1447 1874 1487 cum
1898 1431 2199 1499 Romanis,
2310 1432 2589 1487 continuo
2644 1448 2760 1503 quo
2829 1429 3269 1504 spectabiliores
3323 1436 3478 1486 erant
3525 1432 3734 1504 episcOpi
3777 1436 3844 1504 qui

550 1519 764 1592 quibus
794 1526 851 1574 et
880 1519 1033 1574 civili
1066 1525 1123 1576 et
1151 1520 1548 1577 ecclesiastica
1579 1525 1863 1594 potestate
1895 1521 2197 1588 suberant,
2309 1519 2573 1576 Ecclesia
2626 1521 3003 1576 traditionem
3089 1519 3408 1577 convellere
3466 1521 3764 1587 nitebantur,
3800 1539 3841 1578 eo

547 1607 907 1664 haberentur
927 1609 1316 1678 commercia;
1349 1611 1699 1666 crediderim
1731 1611 1926 1681 potius
1959 1610 2198 1682 quodin
2308 1610 2544 1681 gravius
2592 1608 2862 1666 Ecclesia».
2917 1610 3229 1665 imminere
3285 1609 3606 1682 periculum,
3654 1612 3842 1682 tantique

546 1697 825 1769 Hispania
842 1699 1122 1770 agebatur
1145 1699 1348 1756 I287
1375 1699 1561 1754 multo
1595 1699 1802 1755 melius
1827 1700 2022 1755 Romae
2061 1698 2195 1755 sciri
2309 1697 2449 1754 mali
2483 1697 2699 1767 labem,
2734 1715 2852 1770 qua
2882 1715 3160 1771 magnam
3191 1699 3407 1766 Africae,
3439 1716 3534 1755 nec
3561 1715 3659 1755 non
3683 1699 3842 1767 Cilicis,

544 1803 610 1842 ac
640 1788 956 1843 examinari
991 1789 1252 1860 potuisse
1282 1806 1316 1844 a
1364 1788 1687 1860 Stephano,
1739 1805 1916 1861 quam
1966 1787 2198 1844 Cartha—
2226 1827 2274 1891 B
2309 1793 2482 1860 atque
2513 1787 2888 1862 Cappadocia
2946 1793 3169 1860 partem
3230 1788 3428 1846 1288
3464 1790 3574 1859 jam
3627 1789 3840 1855 infecerat,

543 1877 677 1949 gine
709 1894 742 1932 a
771 1876 1080 1950 Cypriane.
2226 1876 2273 1891 "
2306 1895 2505 1951 quaeve
2536 1878 2594 1933 in
2626 1878 2910 1934 finitimas
2941 1879 3254 1951 pervadere
3285 1895 3396 1933 non
3451 1877 3723 1933 desistebat
3751 1892 3840 1948 pro-

615 1967 687 2020 At
716 1966 954 2037 fuerint,
987 1967 1033 2022 si
1070 1966 1278 2040 placet,
1303 1967 1576 2023 Basilidis
1603 1966 1852 2023 crimina
1907 1965 2192 2039 Cypriane
2301 1967 2546 2033 vincies,
2579 1968 2735 2024 brevi
2771 1968 3024 2024 Africam
3053 1972 3260 2038 totam,
3295 1972 3584 2039 totumque
3624 1967 3834 2023 Orientem

547 2054 754 2126 magis,
789 2071 966 2126 quam
997 2055 1286 2128 Stephano
1321 2055 1587 2126 probata,
1636 2055 1842 2111 ideone
1893 2055 2191 2126 deceptus,
2303 2057 2423 2113 fore
2447 2057 3082 2130 perdituram,ideoquc
3103 2057 3488 2114 necessarium
3510 2072 3623 2113 esse
3641 2055 3836 2129 providus

543 2142 630 2199 vel
663 2143 933 2199 incautus
963 2144 1319 2217 Stephanus,
1355 2144 1495 2216 quia
1527 2143 1694 2198 illum
1723 2144 1845 2200 sedi
1878 2161 1994 2199 suae
2029 2143 2196 2198 resti-
2304 2146 2587 2202 intellexit
2645 2163 2761 2202 non
2849 2146 3284 2220 qualecunque,
3342 2147 3440 2203 sed
3511 2147 3687 2202 efﬁcax
3730 2146 3840 2217 juxta

543 2232 662 2288 tuit
685 2232 712 2288 ?
744 2231 914 2290 Nullo
947 2235 1138 2290 modo.
1172 2238 1313 2288 Cum
1377 2232 1534 2289 enim
1583 2231 1855 2289 Basilidis
1909 2231 2193 2305 depositio
2306 2236 2936 2309 promptissimumque
2957 2240 3125 2292 tanto
3151 2236 3303 2292 male
3320 2235 3839 2307 remedium;quaita-

546 2322 618 2377 ab
649 2321 926 2394 Hispanis
959 2323 1110 2379 facta
1139 2323 1366 2392 fuisset,
1427 2339 1542 2378 non
1601 2321 1867 2379 consulta
1911 2323 2047 2378 sede
2082 2322 2194 2377 Ro-
2305 2343 2418 2399 que
2448 2325 2508 2380 in
2539 2325 2914 2398 Cyprianum,
2950 2325 3215 2398 aliosque
3258 2325 3548 2399 episcopos
3591 2324 3843 2382 auctoritate

549 2427 745 2477 mana,
777 2412 848 2466 ad
881 2428 1056 2484 quam
1089 2411 1432 2482 hujusmodi
1465 2429 1652 2468 cause
1686 2412 1998 2467 referenda
2028 2415 2198 2467 erant
2310 2414 2563 2488 pollebat
2591 2419 2922 2488 opportune
2953 2415 3142 2471 utitur
3171 2415 3337 2471 nulla
3357 2415 3737 2470 contradicendi
3759 2413 3842 2467 libi-

546 2503 695 2556 teste
727 2500 854 2572 ipso
887 2501 1171 2574 Cypriane
1203 2502 1337 2573 (63),
1371 2501 1546 2574 idque
1605 2501 1876 2574 ignorare
1933 2517 2049 2557 non
2089 2518 2197 2574 po-
2308 2505 2462 2574 dine,
2497 2505 2599 2560 sed
2632 2521 2747 2560 uno
2776 2504 3112 2563 traditionis
3170 2505 3464 2561 servandae
3517 2504 3712 2560 studio:
3748 2525 3767 2552 α
3791 2500 3841 2556 di-

550 2589 731 2645 tuerit
759 2591 814 2646 S.
844 2589 1198 2664 Stephanus,
1231 2591 1620 2664 Hispanorum
1682 2594 1810 2646 acta
1865 2590 2197 2646 rescindere
2305 2609 2487 2667 gnum
2522 2593 2797 2650 nimirum
2830 2594 3178 2651 existimans
3211 2594 3261 2650 si
3293 2593 3537 2667 reliquos
3565 2608 3730 2650 omnes
3758 2595 3842 2644 tau-

553 2679 777 2748 debuit,
809 2679 1015 2736 saltem
1049 2681 1238 2753 quoad
1269 2681 1352 2736 illi
1384 2698 1622 2737 causam
1660 2681 1862 2736 ordine
1913 2679 2196 2753 legitimo,
2306 2686 2433 2738 tum
2465 2683 2600 2738 fidei
2630 2683 2933 2739 devotione
2963 2683 3243 2750 vinceret,
3279 2687 3550 2755 quantum
3587 2679 3682 2737 loci
3719 2681 3843 2734 aucte

553 2767 660 2824 hoc
690 2773 779 2825 est
806 2769 1040 2826 conscia
1069 2775 1126 2826 et
1159 2771 1441 2841 probante
1469 2771 1614 2826 Sede
1641 2769 1974 2842 Apostolica
2004 2770 2197 2825 denuo
2306 2771 2475 2828 ritate
2506 2773 2822 2844 superabat
2851 2772 2986 2845 (70),
3017 2791 3043 2823 ι
3084 2772 3320 2845 ipsique
3351 2789 3448 2845 per
3479 2769 3736 2844 epistolam
3771 2767 3841 2837 (71)

550 2858 1092 2926 instaurarent.Qui
1123 2859 1292 2932 plura
1322 2861 1392 2915 de
1423 2859 1531 2916 hac
1564 2877 1624 2916 re
1645 2859 1958 2930 desiderat,
1984 2876 2196 2915 consu-
2307 2862 2569 2934 praecipit
2600 2862 2713 2934 (72)
2743 2861 2825 2918 nil
2857 2878 2986 2918 esse
3016 2861 3076 2917 in
3109 2862 3219 2918 hoc
3249 2861 3474 2935 negotio
3520 2857 3841 2922 innovandum,

555 2947 636 3003 lat
667 2948 1206 3006 eminentissimum
1237 2949 1573 3023 Aguirrium
1598 2950 1730 3021 (64).
2307 2951 2588 3023 praecipit,
2614 2951 2877 3024 inquam,
2903 2955 2966 3006 ut
2989 2952 3179 3007 bonus
3203 2955 3389 3024 pater,
3413 2950 3508 3024 qui
3548 2949 3620 3004 nil
3648 2946 3765 3017 filiis,
3781 2943 3843 2998 ubi

623 3037 1016 3110 Hispanorum
1045 3038 1138 3094 vix
1160 3040 1481 3107 sedaverat,
1504 3045 1604 3095 aut
1624 3039 1829 3095 sedare
1877 3041 2200 3094 tentaverat
2307 3039 2482 3096 etiam
2513 3044 2758 3112 oportet,
2813 3040 3123 3112 praecipere
3181 3039 3331 3109 vult,
3377 3040 3514 3112 quin
3565 3043 3615 3094 et
3656 3031 3844 3109 pracepti

554 3127 759 3184 turbas
783 3127 1092 3200 religiosus
1115 3129 1397 3196 Pontifex,
1421 3146 1553 3185 cum
1577 3129 1871 3202 graviores
1892 3130 2197 3185 Africano-
2244 3200 2256 3202 Α
2306 3129 2638 3201 equitatem
2669 3129 2891 3198 afferat,
2926 3129 3309 3201 modesteque
3364 3131 3614 3200 exponat.
3646 3123 3845 3197 Cypriane

555 3233 686 3273 rum
711 3221 766 3272 et
785 3217 1169 3274 Orientalium
1213 3200 1600 3292 compescere
1621 3218 1846 3291 cogitur
1876 3223 1934 3274 et
1963 3236 2065 3291 pro
2090 3236 2198 3275 sua
2229 3200 2272 3268 Ο
2308 3200 2465 3274 enim
2497 3217 2791 3290 significat
2823 3235 2939 3273 suae
2967 3217 3236 3290 opinioni
3267 3215 3601 3273 contrariam
3626 3228 3727 3269 esse
3755 3209 3844 3265 anti-

560 3323 686 3379 quae
719 3306 933 3364 limites
965 3326 1078 3364 non
1113 3309 1486 3382 agnoscebat,
1513 3307 1790 3380 pastorali
1815 3307 2208 3364 sollicitudine
2311 3325 2512 3380 quam,
2547 3325 2672 3380 quae
2702 3307 2952 3379 vigebat,
2986 3311 3044 3362 et
3069 3323 3252 3378 quam
3284 3306 3591 3378 Cyprianus
3611 3303 3712 3376 ipse
3731 3325 3751 3350 (ι
3771 3296 3850 3351 ubi-

560 3395 694 3453 illos
727 3397 797 3453 ab
829 3414 1022 3454 errore
1044 3414 1313 3454 revocare
1345 3398 1572 3454 nititur.
1599 3397 1742 3453 Cum
1767 3397 1922 3454 enim
1969 3397 2204 3471 Cypria-
2313 3415 2425 3470 que
2453 3397 2815 3453 intuebatur.
2834 3418 2862 3446 »
2887 3395 3156 3452 Ecclesia
3191 3395 3558 3452 traditionem
3577 3409 3665 3449 seu
3689 3401 3850 3446 censue

559 3503 672 3543 nus
703 3487 1027 3560 postposita
1056 3488 1298 3561 antiqua
1327 3493 1385 3544 et
1415 3488 1753 3554 universali,
1777 3504 1953 3560 quam
1987 3488 2208 3559 ubique
2313 3486 2578 3542 tudinem
2611 3486 2723 3560 (73)
2749 3505 2761 3543 :
2792 3503 2907 3559 quo
2941 3503 3082 3542 sane
3115 3489 3463 3558 argumento
3483 3475 3851 3570 humanas,(7i_3jl

559 3575 899 3632 intuebatur
928 3577 1198 3633 Ecclesiae
1250 3577 1670 3634 consuetudine
1724 3577 1857 3649 (65),
1909 3578 2206 3633 subintro-
2313 3574 2529 3648 quibus
2551 3574 2894 3647 Cyprianus,
2915 3573 3132 3646 aliique
3155 3573 3511 3640 nitebantur,
3534 3571 3744 3627 rationes
3763 3563 3850 3620 soli-

559 3664 794 3720 ductam
828 3667 900 3720 ab
915 3667 1232 3740 Agrippino
1256 3668 1681 3740 praedecessore
1710 3684 1816 3722 suo
1839 3667 1910 3723 de
1953 3666 2205 3739 rebapti-
2313 3665 2382 3720 de
2413 3664 2724 3720 evertebat.
2753 3663 2894 3730 Quis
2924 3664 3082 3719 enim
3116 3664 3348 3719 nesciat
3404 3663 3659 3718 rationem
3692 3668 3852 3713 omnem

560 3753 763 3810 zandis
795 3756 865 3810 ab
899 3755 1185 3812 haereticis
1217 3757 1528 3829 baptizatis
1586 3756 1902 3811 novitatem
1954 3755 2116 3826 sequi
2148 3759 2207 3812 et
2314 3754 2634 3809 humanam
2666 3752 2930 3810 Ecclesiae
2962 3752 3269 3808 traditioni
3301 3751 3600 3809 concedere
3627 3748 3851 3813 debere,“

563 3843 836 3916 amplecti
868 3845 1177 3902 maluisset
1204 3846 1338 3918 (66),
1371 3846 1442 3900 ad
1501 3845 1650 3900 hanc
1700 3843 2110 3900 stabiliendam
2140 3860 2206 3900 ac
2313 3846 2754 3916 suspectain,ut
2777 3842 2978 3898 mitius
3001 3841 3232 3914 loquar,
3260 3841 3582 3898 habendam
3609 3853 3712 3894 esse
3746 3831 3854 3888 uti“

563 3931 923 3990 dilatandam
958 3936 1105 3991 duas
1159 3934 1508 4007 Carthagine
1565 3934 1753 4006 coegit
1808 3933 2081 4008 synodos,
2144 3933 2204 3989 in
2313 3949 2472 4000 nem,
2503 3948 2630 4004 quas
2656 3936 2834 3987 tantas
2866 3931 3203 3988 auctoritati
3265 3932 3612 3987 adversatur.
3642 3927 3764 3981 Haec
3798 3921 3852 3975 in-

565 4023 780 4094 quibus
811 4025 1016 4080 statuit
1041 4041 1158 4080 una
1177 4041 1311 4080 cum
1335 4023 1553 4080 caeteris
1575 4023 1934 4096 coepiscopis
1965 4038 2206 4096 congre-
2313 4039 2491 4096 super
2543 4020 2920 4076 traditionem
2979 4021 3297 4076 confirmat
3351 4021 3475 4092 ipso
3552 4014 3855 4074 haereticorum

563 4113 716 4184 gatis
747 4113 1108 4184 baptismum
1142 4118 1303 4170 extra
1323 4113 1637 4170 Ecclesiam
1667 4117 2007 4185 susceptum
2049 4112 2108 4167 in
2139 4128 2208 4168 ea
2316 4110 2600 4184 exemplo,
2619 4109 2716 4182 qui
2741 4110 2811 4166 ad
2837 4126 2898 4166 se
2919 4109 3218 4166 venientes
3242 4127 3360 4166 non
3381 4098 3854 4180 rebaptizabantflllo

561 4203 942 4274 repetendum
976 4219 1104 4260 esse
1163 4204 1296 4275 (67).
1358 4203 1470 4259 Res
1529 4203 1646 4258 haec
1703 4201 1898 4276 magni
1932 4202 2205 4274 ponderis
2315 4199 2644 4256 Absurdam
2669 4198 2902 4272 quidem
2927 4199 3076 4254 hanc
3089 4199 3372 4271 Stephani
3393 4197 3657 4254 rationem
3673 4188 3858 4248 censebat

562 4296 704 4364 erat,
721 4296 778 4347 et
796 4293 866 4348 ad
890 4291 1314 4348 sacerdotalem
1330 4292 1735 4348 auctoritatem
1748 4295 1806 4348 et
1827 4291 1898 4346 ad
1937 4290 2204 4347 Ecclesiae
2317 4287 2638 4361 Cyprianus
2663 4304 2676 4357 ;
2709 4304 2932 4356 verum,
2965 4292 3031 4344 ut
3061 4287 3414 4346 observabat
3443 4303 3550 4342 non
3580 4288 3682 4340 tam
3706 4278 3857 4364 prideni
3968 4343 3969 4361 ἦ

560 4361 860 4438 catholica:
893 4382 1174 4438 unitatem
1194 4398 1259 4437 ac
1281 4380 1936 4455 dignitatem,proprius
1957 4380 2206 4452 pertine-
2316 4377 2403 4433 vir
2431 4377 2718 4447 eruditus,
2752 4377 2822 4433 de
2852 4376 2955 4432 illa
2983 4377 3154 4450 longe
3213 4377 3388 4435 aliter
3439 4361 3858 4460 judicabunttql-Ii

559 4469 680 4540 bat,
710 4487 888 4543 quam
923 4477 986 4527 ut
1035 4454 1366 4528 inconsulto
1423 4471 1591 4527 Rom.
1640 4469 1918 4526 Pontiﬁce
1963 4484 2202 4526 exsecu-
2317 4481 2447 4522 eam
2478 4465 2760 4522 attentius
2790 4466 3212 4538 expenderint;
3248 4483 3386 4523 cum
3416 4465 3566 4522 enim
3595 4463 3658 4516 ab
3683 4454 3856 4543 Ecclesil

559 4559 704 4615 tioni
729 4541 1210 4627 demandaretur,
1236 4561 1483 4632 ideoque
1512 4559 1583 4614 de
1614 4558 1722 4614 hoc
1757 4557 1986 4629 negotio
2017 4581 2045 4609 «
2078 4559 2202 4614 Ste-
2234 4575 2280 4640 Ι)
2316 4553 2662 4612 recesserint
2691 4571 2895 4611 omnes
2926 4554 3204 4628 haeretici,
3239 4555 3457 4612 mirum
3489 4569 3596 4610 non
3621 4552 3695 4606 est
3725 4561 3797 4643 eos
3817 4541 3854 4595 ἀὲ

560 4649 756 4721 phano
790 4649 1040 4706 maxime
1070 4650 1445 4706 scribendum
1476 4664 1606 4704 esse
1641 4664 1707 4704 ac
1735 4664 1869 4703 cum
1901 4647 2028 4720 ipso
2059 4664 2200 4703 con-
2235 4639 2265 4640 ί
2313 4643 2578 4700 doctrina
2598 4643 2754 4699 illius
2779 4661 2894 4700 non
2922 4643 3068 4700 nihil
3095 4644 3500 4711 retinere,imo
3531 4639 3856 4721 nullusrei-psa

560 4719 868 4795 terendum
931 4762 959 4790 »
1019 4739 1223 4796 merito
1274 4739 1618 4812 judicarunt
1673 4719 2204 4810 episcepiconeilii
2315 4737 2423 4802 est,
2455 4733 2557 4804 qui
2589 4749 2706 4790 non
2739 4731 2964 4805 aliquid
3023 4749 3092 4790 ex
3148 4750 3218 4791 ea
3277 4733 3700 4798 retineat;cum
3745 4719 3856 4792 igitur
3966 4787 3967 4792 η

556 4827 1820 4902 Carthagineesis(68).Synodicamigiturad
1840 4827 2200 4900 Stephanum
2315 4822 2692 4896 quantumvis
2725 4822 2876 4878 inter
2940 4839 3002 4878 se
3059 4821 3440 4890 dissidentes,
3473 4821 3528 4874 in
3577 4816 3854 4906 aliquafum

554 4901 818 4992 dirigunt
840 4917 1171 4992 epistolam,
1205 4901 1264 4973 in
1296 4935 1414 4990 qua
1444 4917 1638 4988 ipsum
1670 4915 1750 4972 rei
1792 4920 1967 4989 gestis
1997 4917 2204 4972 certio-
2316 4913 2570 4970 Ecclesia
2597 4911 2992 4984 consentiunt,
3013 4911 3123 4968 hoc
3153 4912 3228 4968 ab
3257 4909 3511 4970 Ecclesia
3536 4906 3636 4965 sibi
3663 4901 3854 4960 traditum

630 5029 746 5097 (63)
776 5032 840 5084 In
873 5027 1044 5100 epist.
1074 5026 1166 5096 55,
1199 5025 1271 5082 ad
1303 5022 1619 5080 Cornelium
1666 5027 1723 5079 et
1770 5025 1840 5080 68
1871 5023 1946 5080 ad
1974 5022 2206 5096 Stepha-

557 5078 1044 5173 nu‘ﬁ.’§d5riff"
1079 5078 1166 5173 ﬁ"
1413 5078 1514 5173 id;
1677 5078 1686 5079 ί
1751 5169 1758 5173 _
2538 5090 2923 5173 Yincentinus
2954 5091 3131 5148 Lirin.
3165 5091 3227 5147 in
3263 5089 3578 5148 Commonit.
3604 5099 3714 5156 cap.
3736 5078 3776 5134 9.

629 5173 742 5252 (64)
776 5157 982 5252 ςοηᾳὶι.
1017 5171 1280 5252 Hieme,
1308 5172 1451 5252 tom“.
1483 5165 1786 5252 I,_dissert.
1817 5167 1938 5252 7net
1965 5167 2053 5252 l4.

2394 5157 2506 5252 i712
2538 5162 2777 5252 ibibr"
2832 5251 2835 5252 ,
2971 5234 3011 5252 ,ί
3079 5237 3111 5252 η
3193 5242 3208 5252 ,
3522 5233 3676 5252 ..-μή
3737 5157 3845 5252 κζ.

634 5221 747 5317 (65)
779 5221 1374 5325 s;"i'e_'g_h's'g’desld§,
1407 5221 1563 5325 Rapit.
1590 5239 2070 5325 .confr’eMDonat”
2102 5237 2206 5295 lib.
2331 5324 2340 5325 ί
2390 5221 2504 5325 (Ἰ
2534 5234 2898 5309 Augustinus
2950 5234 3015 5291 de
3069 5237 3225 5309 Bapt.
3287 5237 3474 5291 contra
3514 5233 3710 5294 Donat,
3736 5221 3807 5277 lib.
3825 5230 3854 5277 ι’,

564 5309 876 5433 ιιῄἓβξλὸ,
910 5309 1050 5433 δόξῃ.
1085 5310 1440 5433 Benlpdiiclin.
1475 5309 1680 5378 Paris.,
1716 5311 1872 5365 1679.

705 5407 728 5433 ’δ
830 5403 980 5433 nona
1009 5401 1184 5433 Inus}
1234 5403 1248 5433 Ι
1299 5425 1312 5433 .
1489 5405 1506 5420 ⁸

2319 5324 2368 5363 c'
2535 5377 2878 5433 Cvnrianus.
2909 5378 3080 5433 epist.
3110 5380 3201 5433 74.
3235 5378 3307 5433 ad
3351 5375 3671 5433 Pompeium,
3698 5372 3741 5422 et
3774 5375 3837 5433 39$

635 5380 749 5458 (66)
779 5380 1142 5459 Augustinus
1171 5384 1312 5440 ibid.
1489 5405 1506 5420 ι

637 5463 748 5535 (67)
779 5461 1105 5535 Cyprianus
1135 5457 1300 5528 epist.
1333 5456 1423 5522 70,
1465 5455 1536 5508 ad
1581 5454 1853 5525 episcopos
1906 5451 2207 5514 Numidiae,

2391 5380 2504 5451 (73)
2535 5380 2878 5451 Cyprianus,
2909 5380 3080 5451 epist.
3110 5380 3201 5446 74,
3235 5380 3307 5433 ad
3351 5380 3671 5444 Pompeium,
3697 5380 3741 5450 et
3774 5380 3848 5427 ευρ

2877 5451 3298 5535 serasera».
3317 5431 3848 5535 «ie/maps

564 5507 746 5595 et72,l
770 5507 845 5586 (ἷᾶ
863 5507 1457 5602 Eiéiﬁiu'qu'éiiprai_
1486 5507 1489 5508 ν
1524 5507 1530 5508 ί
1734 5507 1772 5525 Ἰ
1804 5507 1841 5508 ﬂ
1910 5507 1954 5602 7_
2193 5507 2207 5514 ’
2315 5507 2494 5602 ρίιῖιέι.
2516 5521 2616 5602 lib.
2648 5539 2706 5602 x,
2739 5539 2865 5594 cap.
2899 5524 2952 5593 3,
2979 5507 3537 5602 edit;_l".,S_ir£nondi
3563 5513 3715 5580 Paris,
3750 5507 3846 5563 1695-

635 5591 748 5675 (68)
779 5591 971 5676 Epist:
995 5601 1198 5675 synod.
1219 5591 1404 5669 72,ἀά
1425 5599 1779 5672 Stephanum,
1805 5597 1958 5670 apud
1973 5594 2206 5670 Cypria-
2315 5591 2331 5595 ⁷
2391 5597 2504 5670 (74)
2534 5591 2874 5669 Cyprianus,
2901 5591 3070 5668 epist.
3096 5595 3187 5665 74,
3219 5593 3292 5651 ad
3319 5591 3639 5664 Pompeium.

565 5685 731 5734 num.
