4088 6174
171 225 302 282 1345

1095 220 1296 280 PARS
1345 220 1421 279 lI.
1456 252 1532 266 —-
1568 219 2125 284 RECEN'llOBUM
2172 219 2599 295 EXCURSUS.

3396 226 3548 285 1346

164 356 356 411 hortari
380 371 492 410 non
515 353 1059 421 desinebat,l‘293
1080 357 1259 424 utpro
1277 353 1500 409 Christo
1524 353 1786 426 martyrii
1816 356 1870 421 Α
1902 355 2103 426 Roma,
2137 358 2223 409 tot
2252 354 2495 409 celebret
2530 352 2782 409 Ecclesia
2811 369 3123 425 generosos
3162 353 3371 410 Christi
3406 357 3547 412 atle-

165 462 408 501 coronam
430 443 697 499 alacriter
721 443 1085 514 suspicerent
1111 462 1123 500 :
1151 470 1176 496 u
1206 443 1785 515 Fratres,inquiebat,

163 539 214 590 et
253 533 670 590 commilitones
701 532 833 597 mei,
865 533 1122 606 respuite
1155 534 1462 590 facultates
1501 537 1784 600 terrenas,

164 629 222 680 ut
252 640 480 697 regnum
513 622 743 678 caeleste
775 623 1147 695 percipiatis;
1185 623 1364 679 nolite
1395 626 1601 678 timere
1635 623 1789 695 prin-

162 713 300 786 cipes
326 710 544 780 seaculi,
570 713 669 768 sed
703 716 862 767 orate
897 711 1203 768 Dominum
1236 712 1416 768 Deum
1452 711 1588 767 lei
1621 716 1676 767 et
1705 714 1791 767 Je-

160 819 280 858 sum
308 800 599 858 Christum
628 800 840 856 Filium
873 802 1000 871 ejus
1022 801 1121 873 qui
1145 807 1351 874 potens
1372 805 1428 857 et
1450 817 1554 856 nos
1585 817 1789 857 omnes

157 891 356 964 eripere
383 909 414 947 a
447 890 721 946 manibus
753 889 1126 946 inimicorum
1151 893 1238 946 est
1255 890 1468 946 diaboli
1492 889 1712 946 saevitia
1732 892 1790 945 et

160 997 268 1037 suae
293 981 486 1052 gratiae
518 978 742 1036 sociare
777 995 790 1034 :
816 1001 843 1029 »
883 983 1044 1035 tanta
1071 995 1202 1034 vero
1235 979 1565 1050 Stephanus
1595 978 1654 1033 in
1687 979 1790 1034 do-

155 1070 319 1126 cendo
339 1073 396 1124 et
421 1069 480 1124 in
505 1069 866 1124 exhortando
897 1067 1086 1140 gratia
1117 1085 1182 1124 ac
1205 1068 1494 1140 sapientia
1514 1067 1787 1140 pollebat,

155 1163 218 1215 ut
245 1183 268 1209 α
298 1175 359 1214 ex
389 1158 634 1230 paganis
665 1157 813 1230 ipsis
845 1157 1015 1212 multi
1068 1161 1481 1214 concurrerent
1512 1161 1576 1212 ut
1623 1157 1788 1211 audi-

153 1252 272 1304 rent
299 1249 535 1304 verbum
565 1249 713 1319 ejus.
749 1269 776 1298 »
808 1250 945 1312 Quae
987 1264 1118 1303 vero
1149 1247 1322 1303 fuerit
1352 1247 1634 1319 Stephani
1667 1263 1787 1302 ser-

154 1355 377 1394 menum
409 1337 686 1406 efﬁcacia,
723 1338 928 1409 probat
948 1353 1260 1393 numerosa
1292 1335 1392 1392 illa
1423 1353 1786 1410 paganorum

153 1427 473 1498 multitudo,
505 1444 634 1499 qua:
664 1426 956 1499 Stephano
992 1426 1191 1482 audito
1224 1425 1491 1498 religioni
1522 1425 1788 1481 christia-

153 1535 235 1573 na:
264 1517 380 1574 sine
412 1534 574 1573 mora
603 1533 814 1572 nomen
847 1517 1043 1586 dabat,
1085 1533 1351 1588 quosque
1385 1531 1586 1571 omnes
1621 1516 1787 1571 inde-

151 1607 332 1663 fessus
362 1605 620 1678 pontifex
670 1621 787 1660 non
817 1604 1044 1672 alienis,
1079 1605 1179 1661 sed
1229 1605 1476 1677 propriis
1515 1604 1788 1661 manibus

157 1720 180 1747 α
213 1695 348 1751 sacri
385 1694 754 1766 baptismatis
807 1693 1098 1766 mysteriis
1149 1696 1556 1763 consecrabat;
1595 1716 1622 1743 »
1654 1711 1784 1766 pro-

153 1785 288 1840 bant
314 1789 368 1840 et
398 1783 508 1839 illis
539 1783 1003 1839 Christianorum
1035 1799 1328 1856 generosae
1357 1801 1546 1852 voces,
1573 1784 1788 1859 quibus

149 1873 432 1945 Stephano
459 1871 593 1928 ﬁdei
624 1871 1056 1939 necessitatem,
1086 1872 1349 1944 aliasque
1377 1872 1619 1930 virtutes
1651 1891 1788 1930 con-

149 1963 435 2018 mendanti
458 1961 857 2017 succinehant:
878 1963 1028 2018 «Nos
1048 1963 1452 2018 desideramus
1474 1967 1530 2018 et
1552 1964 1792 2019 faculta-

147 2057 232 2108 tes
287 2056 542 2107 terrenas
600 2051 1024 2122 derelinquere,
1085 2052 1260 2108 etiam
1329 2057 1388 2108 et
1443 2054 1787 2125 sanguinem

145 2145 370 2212 propter
403 2156 612 2195 nomen
645 2139 878 2194 Domini
901 2141 1085 2195 nostri
1118 2141 1256 2197 Jesu
1277 2140 1487 2196 Christi
1521 2143 1784 2214 fundere,

143 2229 195 2285 si
227 2233 411 2285 tamen
441 2228 568 2300 ejus
602 2244 896 2284 meremur
924 2229 1171 2302 gratiam
1198 2229 1462 2303 adipisci.
1493 2253 1522 2282 »

217 2319 279 2376 Ut
307 2322 500 2375 autem
537 2319 712 2374 fortes
744 2335 810 2374 ac
840 2323 1134 2374 ecstantes
1166 2319 1433 2375 redderet
1463 2319 1788 2376 S.Pontifex

137 2407 268 2464 illos
297 2408 530 2480 pietatis
562 2424 796 2473 sensus,
819 2425 967 2480 quos
999 2408 1250 2465 screbris
1283 2409 1786 2466 exhortationibus

133 2499 197 2553 in
229 2496 485 2553 ﬁdelium
518 2498 692 2553 corda
725 2498 1033 2565 excitabat,
1085 2515 1152 2554 ac
1202 2497 1521 2572 ingerebat,
1572 2499 1786 2572 saepius

135 2610 166 2638 ‹‹
214 2604 313 2660 pro
344 2586 460 2643 illis
490 2586 843 2643 sacriﬁcium
894 2587 1009 2643 Deo
1031 2604 1062 2643 ο
1084 2587 1325 2643 {ferebat
1344 2606 1370 2638 ι
1428 2588 1786 2659 curabatque

133 2681 204 2732 ut
237 2698 263 2728 «
293 2692 493 2732 omnes
523 2692 762 2748 corpore
794 2679 851 2732 et
882 2676 1169 2748 sanguine
1217 2675 1431 2732 Christi
1471 2677 1784 2748 participa-

130 2769 282 2822 rent.
308 2787 335 2815 »
358 2766 656 2837 Tantaque
687 2764 831 2837 ipsis
887 2765 1170 2820 virtutum
1225 2765 1488 2821 omnium
1519 2765 1786 2837 exempla

132 2855 444 2928 prebebat,
496 2859 561 2909 ut
616 2853 916 2922 Romanis,
979 2854 1223 2909 oculatis
1268 2871 1477 2926 nempe
1534 2856 1784 2912 testibus

137 2968 167 2992 ι(
201 2942 426 3015 Spritus
457 2943 643 2999 sancti
675 2943 861 3015 gratia
891 2942 1166 3015 repletus,
1203 2967 1225 2994 ι
1263 2942 1438 2998 veluti
1481 2943 1624 3000 alter
1655 2945 1784 2999 Ste-

133 3033 364 3104 phanus
412 3036 805 3105 protomartyr
849 3032 1161 3097 videretur,
1213 3049 1279 3087 ac
1329 3033 1637 3088 diceretur.
1690 3032 1784 3088 Sic

1821 1738 1866 1803 B

1901 448 2009 509 tas,
2045 445 2144 515 qui
2179 446 2248 499 ad
2283 461 2527 515 agonem
2556 460 2743 514 usque
2777 460 2876 514 pro
2919 442 3146 498 Christo
3179 445 3545 515 certaverint,

1899 533 1999 606 qui
2033 534 2245 605 spretis
2279 533 2458 589 minis
2489 533 2642 589 sicut
2673 532 2997 605 promissis,
3020 532 3340 606 blanditiis,
3372 533 3551 590 hono-

1899 623 2086 691 ribus,
2119 623 2336 678 divitiis
2377 640 2540 695 reque
2587 640 2651 678 ac
2703 622 3008 678 tormentis
3041 624 3352 694 superatis,
3386 641 3547 679 mar-

1899 711 2027 782 tyrii
2092 710 2348 783 palmam
2423 716 2562 766 tunc
2636 711 2850 766 fuerint
2914 713 3232 779 consecuti,
3294 730 3544 784 quorum

1903 819 1930 848 ‹‹
1961 815 2233 872 corporas
2267 824 2287 851 ι
2336 799 2490 855 sicut
2522 799 2735 871 ubique
2795 820 2815 846 α
2849 799 3065 871 requiri
3098 801 3359 870 curabat,
3398 825 3424 852 »
3466 802 3548 859 ita

1898 888 2141 961 sepelire
2172 889 2345 960 ipse»
2376 889 2635 961 pontifex
2666 887 2908 944 humilis
2940 905 3004 944 ac
3035 890 3344 962 religiosus
3375 914 3403 941 ‹‹
3430 909 3544 948 non

1899 978 2344 1049 dedignabatur.
2380 1000 2410 1028 »

1969 1068 2076 1123 Tot
2107 1085 2210 1140 pro
2241 1067 2526 1123 servanda
2555 1084 2618 1122 ac
2667 1068 3043 1140 propaganda
3074 1067 3348 1139 religione
3378 1070 3546 1126 Chri-

1899 1156 2090 1213 stiana
2117 1156 2426 1213 exantlatis
2454 1157 2774 1227 laboribus,
2808 1161 2892 1212 tot
2921 1157 3204 1213 sustentis
3235 1159 3544 1232 angustiis,

1898 1244 2283 1318 pluribusque
2339 1245 2630 1302 institutis
2694 1246 3003 1319 episcopis,
3060 1248 3415 1320 presbyteris
3481 1267 3547 1306 ac

1898 1335 2243 1391 diaconibus
2293 1335 2440 1407 (94);
2495 1353 2558 1391 ac
2615 1340 2886 1408 superato
2937 1338 3060 1407 jam
3119 1337 3342 1406 exsilio,
3402 1343 3549 1394 teste

1899 1425 2202 1480 Anastasio
2227 1425 2363 1497 (95),
2397 1425 2693 1496 Stephano
2726 1426 2841 1497 jam
2873 1424 3018 1480 nihil
3043 1431 3547 1500 supererat,quam

1897 1514 2136 1568 tandem
2170 1513 2332 1568 illam
2375 1532 2476 1586 pro
2525 1515 2728 1570 ovibus
2778 1514 3032 1570 animam
3085 1532 3318 1587 ponere,
3367 1534 3546 1589 quam

1897 1603 2137 1674 perdere
2158 1620 2262 1675 pro
2283 1602 2400 1659 illis
2428 1620 2730 1676 nunquam
2751 1604 3263 1671 timuerat,l294
3285 1611 3548 1662 cruento-

1899 1709 2012 1764 que
2044 1693 2330 1748 sacriﬁcio
2353 1710 2477 1749 sese
2507 1694 2805 1750 victimam
2828 1699 2937 1749 Deo
2959 1693 3285 1766 placentem
3319 1696 3543 1766 oﬁ'erre,

1899 1781 2000 1853 qui
2031 1781 2355 1838 incruentis
2381 1782 2550 1838 toties
2583 1799 2712 1838 sese
2742 1781 3145 1838 immolaverat
3172 1800 3185 1839 :
3215 1783 3322 1840 hoc
3358 1801 3542 1840 unum

1897 1871 2190 1943 Stephano
2225 1872 2480 1927 restabat
2511 1872 2935 1927 ardentissimae
2976 1890 3114 1945 erga
3147 1878 3322 1929 Deum
3355 1878 3410 1930 et
3440 1874 3543 1931 he-

1899 1959 2087 2017 mines
2133 1978 2254 2017 suae
2302 1962 2604 2017 eharitatis
2637 1962 3015 2033 praebendum
3058 1964 3352 2035 specinsm
3390 1980 3402 2019 :
3436 1964 3546 2020 hoc

1897 2067 2079 2105 unum
2113 2049 2572 2121 pulcherrimum
2626 2051 2761 2120 Deo,
2808 2055 2863 2106 et
2911 2051 3244 2106 hominibus
3286 2053 3546 2109 dandum

1895 2156 1929 2195 a
1948 2139 2216 2211 pontiﬁce
2239 2141 2492 2195 maxime
2514 2139 2909 2212 spectaculum
2928 2158 2940 2208 ;
2957 2141 3246 2213 Stephano
3270 2143 3442 2198 datur
3461 2160 3552 2199 oc-

1897 2230 2072 2298 casio,
2106 2232 2392 2288 occasioni
2419 2232 2751 2304 Stephanus
2785 2249 2895 2286 non
2921 2233 3132 2301 defuit;
3167 2250 3269 2305 pro
3292 2233 3546 2307 Christo,

1895 2340 1997 2394 pro
2027 2339 2202 2396 grege
2226 2324 2473 2378 moritur
2493 2322 2589 2394 qui
2621 2341 2721 2396 pro
2741 2323 3102 2397 Christo,pro
3123 2341 3294 2397 grege
3318 2343 3551 2398 semper

1894 2413 2113 2468 vixerat
2162 2430 2176 2480 ;
2229 2429 2520 2484 quemque
2579 2416 2664 2469 tot
2722 2413 3037 2469 sudoribus
3087 2413 3196 2468 sibi
3257 2415 3546 2470 creditum

1893 2519 2099 2576 agrum
2133 2501 2496 2574 irrigaverat,
2539 2518 2645 2557 suo
2699 2502 2872 2557 etiam
2919 2503 3204 2574 sanguine
3238 2503 3549 2560 fecundare

1894 2606 2008 2645 non
2044 2595 2295 2657 recusat,
2329 2589 2700 2662 gloriosoque
2745 2591 3021 2663 martyrio
3052 2592 3438 2648 sanctissimas
3481 2609 3547 2650 ac

1893 2676 2369 2734 laboriosissimae
2402 2679 2528 2734 vitae
2559 2679 2736 2734 finem
2767 2679 3033 2751 imponit.

1963 2770 2105 2821 Cum
2155 2769 2310 2823 enim
2345 2767 2678 2824 Valerianus
2726 2769 3043 2840 imperator
3065 2770 3383 2842 accepisset
3412 2771 3541 2826 Ste-

1893 2854 2155 2926 phanum
2206 2879 2232 2906 ‹‹
2286 2856 2412 2912 suis
2459 2857 2941 2928 persuasionibus
2987 2867 3157 2929 atque
3187 2859 3543 2915 adhortatio-

1893 2944 2066 2999 nibus
2100 2967 2125 2994 »
2161 2944 2372 3016 populo
2398 2948 2468 3001 ab
2494 2944 2820 3001 idololatria
2841 2947 3160 3001 revocando
3184 2947 3544 3014 incumbere,

1893 3032 2092 3088 missis
2132 3033 2423 3088 militibus
2456 3034 2618 3089 illum
2653 3035 3132 3106 comprehendit;
3166 3037 3546 3108 comprehen-

132 3121 328 3188 verbo,
359 3138 530 3194 opere
562 3126 616 3177 et
647 3121 910 3193 exemplo
945 3120 1186 3191 gentiles
1218 3122 1288 3176 ad
1341 3122 1513 3178 ﬁdem
1547 3139 1783 3177 conver-
1813 3107 1856 3173 C
1895 3139 2025 3178 sum
2047 3128 2378 3194 pastoremii
2397 3122 2863 3178 Christianorum
2891 3123 3126 3196 plurimi
3152 3107 3550 3196 sequebantur

131 3217 276 3277 tere,
310 3210 508 3266 ﬁdeles
539 3211 596 3264 in
633 3210 744 3265 ﬁde
781 3210 1180 3277 corroborare,
1226 3227 1290 3266 ac
1325 3211 1396 3265 ad
1441 3211 1786 3283 martyrium

127 3299 358 3355 fortiter
387 3299 726 3355 obeundum
751 3300 1061 3372 disponere
1082 3299 1416 3373 Stephanus
1442 3301 1505 3355 R.
1531 3301 1789 3372 pontifex

122 3388 478 3445 enitebatur.
513 3391 622 3444 Tot
679 3393 954 3444 ornatum
1003 3388 1321 3445 virtutibus
1366 3391 1698 3462 pontiﬁcem
1733 3393 1790 3445 et

123 3478 434 3535 miraculis
461 3478 779 3534 clarescere
813 3483 964 3534 Deus
992 3477 1217 3544 voluit;
1265 3495 1437 3549 quam
1473 3479 1626 3534 enim
1664 3478 1788 3534 suis

125 3567 640 3625 exhortationibus
691 3568 916 3623 Christo
966 3584 1069 3639 per
1129 3567 1492 3640 Baptismum
1549 3573 1790 3641 generat

123 3657 414 3713 Lucillum
445 3657 696 3713 Nemesii
727 3656 968 3712 Tribuni
999 3679 1028 3706 «
1052 3655 1230 3712 ﬁliam
1261 3656 1314 3712 vi
1369 3675 1612 3712 suarum
1659 3674 1788 3713 ora-

122 3748 366 3802 tionum
400 3763 434 3802 a
465 3747 766 3802 nativitate
811 3763 1022 3802 eaeam
1056 3768 1084 3797 »
1118 3746 1292 3801 etiam
1346 3769 1372 3796 ‹‹
1406 3745 1722 3802 illuminat.
1759 3769 1787 3797 »

120 3837 261 3892 Non
294 3838 509 3892 mirum
544 3837 724 3908 igitur
744 3835 792 3891 si
824 3836 935 3892 sub
969 3839 1131 3891 tanto
1163 3837 1434 3906 pontiﬁce
1467 3841 1551 3892 tot
1579 3835 1791 3893 viderit

117 3942 607 4014 Martyrologium
627 3947 956 3998 Romanum
989 3947 1152 3997 vetus
1173 3947 1383 4014 octavo
1413 3943 1624 3998 saeculo
1647 3960 1790 3999 con-

116 4012 421 4084 scriptum
456 4012 524 4069 ea
539 4014 814 4085 Stephani
850 4019 990 4068 Acta
1022 4012 1288 4085 sequitur
1319 4013 1377 4068 in
1407 4015 1788 4071 describendo

113 4085 324 4156 ipsius
349 4086 617 4158 martyrio
642 4084 696 4140 et
724 4084 996 4158 altiorum
1020 4084 1118 4155 qui
1149 4086 1206 4158 in
1234 4085 1320 4140 his
1347 4086 1492 4141 actis
1526 4089 1679 4158 passi
1708 4105 1790 4141 re-

116 4161 427 4212 feruntur.
463 4157 589 4212 Haec
620 4157 899 4228 Stephani
930 4157 988 4210 in
1021 4161 1149 4212 acta
1176 4157 1238 4228 in
1270 4157 1544 4212 omnibus
1574 4162 1788 4215 Manno-

111 4229 396 4300 logiiset
426 4228 673 4284 Maenaais
695 4228 1049 4300 Graecorum,
1082 4229 1139 4300 in
1173 4227 1580 4300 Martyrologio
1613 4230 1790 4286 etiam

111 4299 337 4356 Basilii
372 4300 759 4372 imperatoris,
794 4299 851 4372 in
879 4299 1254 4372 Martylogiis
1288 4299 1534 4372 Usuardi
1568 4308 1623 4356 et
1653 4303 1790 4357 Not-

109 4371 283 4427 kerii
316 4371 729 4443 compendiose
759 4371 1546 4443 exhibentdr.HrecS.Petrus
1562 4374 1793 4430 Damia-

112 4460 272 4509 nus,
305 4441 483 4498 serm.
517 4444 606 4513 30,
640 4445 710 4498 de
759 4441 1074 4515 Stephano,
1110 4443 1489 4498 Aulhentz'cam
1517 4447 1792 4515 passionis

105 4516 251 4586 ejus
302 4516 597 4570 historiam
655 4513 926 4585 appellat.
961 4514 1385 4586 Metaphrastes
1415 4533 1444 4570 e
1479 4513 1696 4571 Latinis
1728 4535 1795 4572 ea

106 4589 336 4643 Graeca
367 4587 501 4642 fecit
535 4593 598 4642 ut
623 4588 818 4642 videre
850 4593 934 4641 est
962 4587 1117 4656 apud
1152 4586 1537 4656 Lipomanum
1570 4595 1658 4642 est
1690 4589 1794 4643 Su-

107 4659 316 4714 rium.
352 4658 600 4714 Demum
633 4663 698 4714 ut
726 4657 924 4730 omnia
951 4658 1126 4713 verbo
1157 4658 1345 4712 dicam
1387 4659 1795 4730 Martyrologia

104 4729 362 4795 omnia,
396 4731 677 4785 breviaria
709 4729 906 4784 omnia
934 4731 1176 4800 antiqua
1219 4747 1333 4784 non
1367 4729 1627 4785 Romana
1658 4734 1792 4785 tan-

106 4810 286 4868 tum,
323 4802 424 4857 sed
460 4807 515 4857 et
545 4801 932 4872 plurimarum
963 4817 1062 4872 per
1093 4800 1462 4872 Occidentem
1511 4802 1792 4857 Ecclesia-

105 4890 293 4939 rum,
326 4873 526 4929 omnia
546 4871 874 4930 Graecorum
899 4871 1324 4943 et'Maanologia
1346 4879 1402 4927 et
1430 4891 1648 4929 mrenea
1672 4875 1795 4929 Ste-

101 4944 318 5018 phani
353 4945 536 5018 nostri
570 4945 910 5018 martyrium
946 4961 1057 4999 non
1091 4943 1328 5000 aliunde
1375 4962 1548 5016 quam
1594 4962 1662 5001 ex
1702 4946 1794 5001 his

95 5015 296 5072 Actis
330 5017 675 5072 eduxerunt.
726 5015 739 5018 ⁷
1192 5029 1201 5035 “

190 5088 262 5141 3°
296 5087 478 5143 Sicuti
512 5093 766 5144 veterum
802 5103 973 5142 nemo
1003 5087 1074 5141 de
1104 5085 1349 5141 istorum
1384 5091 1657 5143 Actorum
1691 5105 1793 5144 au-

97 5158 709 5233 ctoritateunquam
771 5159 1074 5233 dubitavit,
1101 5157 1201 5233 _it_a
1248 5160 1561 5233 postremis
1613 5161 1790 5233 etiam

94 5229 372 5303 aesculis
401 5229 638 5303 elapsis,
657 5234 1013 5303 germanaet
1044 5229 1386 5303 ﬁdelissima
1407 5232 1531 5287 visa
1563 5237 1700 5287 sunt
1719 5232 1794 5288 iis

1830 4480 1871 4543 D

1897 3229 1929 3266 a
1961 3211 2130 3284 longe
2177 3228 2308 3266 cum
2358 3211 2672 3284 lacrymis;
2708 3235 2736 3262 »
2769 3215 2837 3267 ad
2874 3213 3106 3286 tyranni
3153 3213 3404 3269 tribunal
3447 3215 3548 3270 ad-

1897 3301 2108 3356 ductus
2139 3300 2333 3373 palam
2365 3303 2674 3358 conﬁtetur
2704 3326 2730 3351 «
2774 3302 3069 3358 Christum
3101 3302 3304 3357 Jesum
3338 3302 3548 3357 Filium

1898 3389 1997 3444 Dei
2030 3395 2210 3446 Deum
2243 3407 2371 3446 esse
2403 3408 2535 3446 cum
2572 3391 2734 3448 Patre
2763 3396 2819 3447 et
2848 3391 3064 3462 Spiritu
3097 3395 3335 3458 saneto;
3374 3414 3402 3440 ››
3431 3391 3550 3446 Va-

1897 3477 2115 3534 leriano
2166 3479 2344 3534 libere
2390 3479 2645 3535 declarat
2695 3504 2714 3529 α
2770 3479 3111 3535 daemonia»
3160 3497 3287 3536 esse
3334 3497 3461 3552 quae
3519 3497 3554 3536 a

1898 3568 2143 3640 paganis
2186 3591 2213 3617 ‹‹
2266 3569 2662 3624 adorabantur
2715 3569 2890 3634 idola,
2945 3591 2971 3617 ››
3023 3585 3201 3640 seque
3259 3569 3554 3626 Romanos

1900 3680 1926 3707 ‹‹
1965 3672 2198 3712 monere
2229 3664 2403 3727 atque
2436 3657 2676 3727 hortari,
2705 3662 2785 3725 ut,
2805 3657 2918 3712 illis
2941 3656 3234 3713 derelictis
3264 3657 3334 3712 ad
3370 3659 3551 3714 Deum

1897 3747 2090 3800 vivum
2120 3750 2176 3799 et
2204 3761 2404 3800 verum
2436 3745 2765 3802 Creatorem
2800 3745 2920 3800 cmli
2953 3749 3010 3802 et
3041 3750 3206 3802 terrae
3237 3747 3551 3803 redirent.»

1899 3834 2178 3890 Auditum
2234 3827 2592 3906 Stephanum
2638 3835 2808 3905 jubet
2865 3835 3184 3906 imperator
3240 3834 3300 3889 in
3349 3836 3550 3891 fanum

1900 3941 2062 4013 bium
2118 3957 2404 4008 revocare,
2457 3941 2606 3996 inter
2655 3958 2803 4012 quos
2864 3942 3080 3996 eminet
3114 3940 3548 4013 Tillemontius,

1900 4012 2069 4095 plura
2099 4029 2415 4095 congercns
2450 4013 2502 4066 in
2539 4014 2729 4095 nota
2778 4015 2851 4095 ad
2891 4014 2946 4067 S.
2981 4013 3344 4095 Stephanum
3379 4030 3550 4095 argu-

1901 4089 2095 4138 menta
2118 4086 2186 4138 ad
2222 4084 2452 4156 illorum
2484 4085 2888 4140 auctoritatem
2924 4100 3164 4156 prorsus
3196 4084 3550 4150 elidendam,

1901 4172 2148 4224 quorum
2176 4155 2383 4227 Aliqua
2400 4157 2468 4210 ad
2491 4172 2790 4210 summum
2811 4155 3084 4212 evincunt
3105 4156 3384 4210 mendosa
3403 4173 3553 4226 quae-

1902 4229 2034 4282 dam
2070 4228 2126 4280 in
2160 4227 2252 4282 his
2301 4231 2460 4282 Actis
2491 4229 2817 4297 irrepsisse,
2851 4245 2976 4298 quis
3019 4227 3290 4298 Stephani
3326 4227 3554 4284 labores

1905 4298 2255 4371 apostolicos
2285 4301 2777 4371 _autmartyrium
2814 4317 2927 4354 non
2959 4304 3244 4370 spectant,
3277 4298 3393 4371 alia
3421 4317 3552 4355 vero

1904 4387 2027 4451 quae
2051 4370 2108 4423 in
2127 4369 2418 4451 Stephani
2451 4369 2624 4451 gesta.
2646 4371 2821 4451 etiam
2846 4369 3431 4451 intor’qu‘enturnullo
3453 4388 3552 4451 ve-

1902 4440 2088 4495 terum
2125 4440 2476 4513 testimonio,
2529 4443 2628 4498 sed
2678 4443 2856 4498 meris
2900 4440 3170 4496 nituntur
3200 4443 3550 4513 eonjecturis

1905 4529 2030 4583 qua}
2061 4513 2176 4566 sint
2209 4512 2533 4576 levissimas,
2573 4531 2621 4569 e.
2656 4531 2710 4584 g.
2743 4517 2905 4584 iuxta
2946 4512 3382 4585 TillemontiUm
3415 4517 3549 4585 reji-

1903 4585 2109 4658 cienda
2159 4590 2296 4638 sunt
2328 4591 2488 4658 Acta
2525 4586 2824 4658 Stephani,
2871 4586 3009 4656 quia
3056 4584 3115 4639 in
3167 4587 3260 4640 his
3291 4584 3485 4658 aliqua
3518 4603 3552 4642 a

1903 4655 2196 4724 Stephano
2239 4657 2461 4723 patrata
2507 4655 2790 4711 miracula
2825 4655 3155 4712 referuntur
3189 4675 3202 4724 ;
3235 4655 3549 4721 quia'non-

1909 4725 2052 4801 nulli
2103 4727 2180 4780 ibi
2229 4743 2363 4801 eum
2414 4728 2691 4801 dicuntur
2733 4734 2864 4801 ante
2915 4727 3367 4801 Stephunzi'ipedes
3417 4746 3553 4801 pro.

1901 4800 2164 4881 attigisse;
2198 4798 2364 4867 quasi
2399 4815 2529 4854 vero
2559 4799 2722 4881 paria
2748 4800 2813 4881 in
2855 4801 3100 4881 sinceris
3131 4800 3263 4881 aliis
3297 4798 3553 4881 veterum

1905 4869 2056 4925 Actis
2102 4886 2406 4939 nunquam
2460 4869 2859 4928 recitarentur.
2911 4872 3192 4926 Caeterum
3227 4871 3345 4925 hz‘ec
3377 4871 3556 4926 Tilie-

1903 4940 2110 4996 montii
2145 4945 2488 5013 argumenta
2515 4941 2697 4998 solide
2729 4948 2783 4998 et
2811 4943 3043 4998 abunde
3068 4945 3188 4997 retu
3204 4946 3321 4996 tata
3352 4943 3555 5013 legun-

1903 5019 1997 5068 tur
2028 5013 2180 5082 apud
2228 5011 2549 5068 llbachium
2584 5019 2642 5070 et
2687 5014 3077 5070 Bollandistas
3108 5013 3165 5067 in
3201 5013 3339 5067 locis
3372 5011 3553 5084 supra

1902 5084 2139 5140 citatis:
2196 5089 2251 5138 et
2296 5085 2621 5142 certissime
2670 5102 2972 5154 nunquam
3021 5084 3294 5154 efﬁcient,
3340 5091 3404 5137 ut
3450 5084 3550 5139 illa

1901 5155 2176 5228 Stephani
2201 5156 2348 5228 Acta
2376 5159 2763 5228 venerandam
2799 5155 3063 5212 Ecclesiae
3095 5155 3437 5211 universalis
3457 5173 3555 5228 ap-

1902 5225 2304 5300 probationem
2335 5225 2392 5301 iu
2423 5227 2514 5282 his
2532 5246 2658 5301 quae
2687 5230 2757 5283 ad
2781 5230 3141 5301 Stephanum
3173 5225 3552 5299 attinent,per

1905 5297 1985 5356 tot
2014 5304 2168 5354 retro
2202 5297 2414 5353 saecula
2445 5297 2563 5354 non
2594 5297 2925 5356 habuerint.

1972 5371 2084 5442 (94)
2117 5370 2403 5438 Catalogus
2435 5372 2495 5425 Ii.
2544 5372 2748 5436 Pontif.
2798 5373 2833 5425 6
2881 5369 3075 5428 saeculi
3108 5372 3167 5425 et
3203 5369 3548 5426 Anastasius

1903 5441 2128 5499 bibliOt.
2159 5442 2230 5496 ad
2269 5443 2446 5498 Vitam
2476 5441 2529 5497 S.
2563 5443 2847 5513 Stephani.

1974 5515 2090 5585 (es)
2123 5513 2268 5569 Ibid.

90 5302 226 5374 qui
262 5300 606 5374 antiquitati
645 5300 1004 5374 illustrandae
1037 5300 1240 5374 sedulo
1270 5308 1794 5360 vacarunt.Consu‘

89 5372 194 5440 Ie,
229 5373 288 5447 si
325 5372 1016 5447 placet,Schelestratium
1041 5372 1332 5444 insignem
1367 5375 1792 5447 antiquarium,

95 5445 400 5516 Antiquit
426 5449 638 5515 eccles.,
671 5451 810 5502 tom.
849 5445 1128 5516 l,dissert.
1161 5447 1384 5517 A2,7cap.
1416 5449 1470 5502 7.
1504 5445 1669 5503 Nunc
1699 5445 1795 5503 ve-

88 5533 179 5573 ro
218 5515 441 5588 paucis
471 5519 787 5576 Neotericis
829 5515 1208 5574 a’Pearsonio
1240 5515 1590 5574 het'erodoxo
1620 5521 1793 5575 edoc-

88 5587 475 5664 tis’placuit
502 5591 752 5654 istorum
796 5592 1075 5648 Actorum
1117 5589 1526 5647 auctoritatem
1576 5591 1634 5647 in
1685 5592 1792 5649 du-
