4088 6174
290 262 452 321 1349

1250 270 1450 332 PARS
1496 273 1573 332 II.
1607 305 1684 318 —
1715 264 2284 338 RECENTIORUM
2332 277 2758 340 EXCURSUS.

3545 287 3700 348 i350

299 411 435 449 rum
454 394 600 450 actis
630 395 1032 468 vituperandis
1063 416 1128 456 ac
1159 401 1532 459 diii‘amandis
1565 404 1934 477 potissimum
1966 407 2020 473 Α
2051 407 2291 475 cissent,
2326 410 2383 466 in
2417 428 2530 483 quo
2579 416 2768 468 tameo
2825 413 3004 469 fuisse
3050 414 3269 486 aliquid
3318 417 3695 493 culpandum,

298 483 643 540 incumbere
674 485 965 555 videntur,
997 491 1271 547 neoterici
1317 493 1620 563 nimirum,
1653 513 1802 568 quos
1831 498 1942 554 im-

288 589 650 646 pugnamus,
698 574 852 633 hanc
908 578 1187 651 Stephani
1237 587 1439 638 contra
1514 586 1944 658 rebaptizantes

290 662 504 734 agendi
536 663 820 721 rationem
858 666 1150 737 vellicare,
1209 675 1267 727 et
1315 689 1432 745 quo
1478 682 1727 746 possunt
1773 679 1943 736 dente

287 767 530 823 carpere
559 769 676 810 non
708 763 971 813 cessant:
1006 759 1237 832 duram,
1271 761 1767 836 intempestivam,
1798 785 1943 840 prae-

289 840 532 914 cipitem
563 847 620 898 et
649 843 913 916 iniquam
960 864 1090 904 esse
1117 850 1526 911 vociferantur.
1579 857 1941 929 Stephanum

286 931 682 1004 praecipiendo
715 951 782 990 ac
835 938 1457 998 excommunicationis
1509 945 1700 1002 minas
1753 947 1941 1004 inten-

287 1021 476 1076 tando
527 1026 584 1078 et
632 1040 750 1079 suae
819 1027 1125 1097 potestatis
1192 1027 1409 1088 limites
1464 1039 1943 1109 prmtergressum

292 1110 502 1178 fuisse,
535 1117 593 1168 et
625 1112 1023 1171 immoderatis
1054 1135 1119 1173 ac
1150 1117 1366 1192 iniquae
1399 1125 1726 1182 severitatis
1758 1129 1942 1199 speci-

292 1198 461 1255 mina
480 1199 712 1258 dedisse
733 1205 1114 1279 contendunt,
1137 1209 1414 1280 Stephani
1435 1211 1624 1270 zelum
1658 1198 1944 1275 damnant

284 1292 576 1360 tanquam
598 1291 668 1346 ad
693 1293 892 1349 omnia
912 1294 1270 1354 devastanda
1291 1300 1459 1357 unice
1477 1304 1941 1378 conducibilem;

280 1379 464 1434 verbo
495 1378 709 1449 dicam,
764 1384 1211 1442 sanctissimum
1263 1389 1603 1460 pontificem
1654 1393 1942 1468 impoten-

277 1466 458 1523 tioris
489 1468 827 1526 dominatus
855 1473 1187 1546 tumidique
1217 1477 1426 1545 fastus,
1461 1481 1578 1536 imo
1609 1466 1942 1553 tyrannidis

281 1560 350 1612 et
377 1556 756 1615 ecclesiarum
787 1563 1184 1634 oppressionis
1233 1567 1582 1628 insimulare
1633 1590 1748 1630 non
1803 1593 1941 1633 eru-

283 1646 558 1703 bescunt.

366 1735 575 1792 Verum
609 1754 786 1808 quam
818 1757 958 1796 sane
988 1741 1282 1802 diversum
1314 1748 1411 1804 SS.
1445 1755 1684 1814 Patrum
1726 1777 1790 1814 ac
1840 1779 1939 1819 ve—
1972 1783 2021 1848 Β

285 1826 486 1879 terum
517 1826 783 1882 omnium
814 1829 885 1885 de
914 1831 1208 1904 Stephano
1232 1837 1548 1912 judicium,
1577 1862 1755 1917 quam
1802 1857 1944 1915 vali-

290 1913 440 1968 dum
467 1914 539 1968 ad
569 1916 986 1976 vindicandum
1017 1922 1088 1977 ab
1123 1923 1199 1980 iis
1245 1927 1558 1990 calumniis
1592 1913 1836 2014 aequam
1891 1913 1948 2010 et

292 2003 622 2110 sapientem
673 2005 952 2080 Stephani
1008 2016 1214 2070 contra
1265 2003 1692 2092 rebaptizantes
1734 2003 1945 2110 agendi

294 2092 610 2149 rationem.

367 2181 648 2240 I.Erenim
672 2185 1048 2260 perlegantur
1073 2197 1330 2253 veterum
1344 2203 1610 2265 omnium
1627 2227 1762 2270 cum
1786 2216 1942 2276 Gras-

290 2285 522 2340 corum,
553 2277 685 2331 tum
717 2277 1077 2350 Latinorum,
1111 2283 1212 2354 qui
1239 2303 1334 2344 res
1366 2299 1569 2362 pacata
1623 2317 1688 2357 ac
1735 2322 1943 2366 serena

285 2364 964 2461 menteucon-siderabant
993 2382 1394 2435 monumenta.
1428 2381 1770 2461 Perlegatur
1788 2364 1941 2455 stre:

291 2466 453 2507 nuus
483 2451 578 2508 ille
623 2453 886 2512 Ecclesia:
933 2459 1318 2523 traditionum
1370 2470 1578 2531 vindex
1595 2451 1940 2559 “episcopus

291 2539 394 2559 ηυγ
416 2558 426 2559 κ
449 2541 459 2559 ν
974 2549 986 2559 ⁵
1213 2555 1227 2559 “
1332 2557 1341 2559 “

285 2539 580 2612 Cypriane
609 2559 858 2616 coaevus,
893 2549 1064 2620 cujus
1097 2555 1383 2614 modestia
1412 2565 1470 2617 et
1490 2539 1940 2631 humilitas—he:

289 2645 430 2686 men
463 2631 629 2688 nobis
650 2631 879 2704 invidit,
905 2636 962 2692 in
988 2656 1094 2696 suo
1115 2643 1477 2719 quiincipit:
1521 2676 1549 2704 ‹‹
1573 2655 1697 2714 Non
1732 2660 1942 2720 debere

290 2718 489 2810 denuo
520 2720 823 2793 baptizari,
856 2730 965 2782 etc.
995 2750 1023 2777 »
1055 2733 1301 2789 tractatu
1335 2718 1446 2810 (97)
1473 2757 1486 2808 ;
1537 2746 1776 2802 consule
1818 2718 1942 2808 Die-

291 2807 528 2879 nysium
559 2810 1037 2886 Alexandrinum,
1071 2821 1273 2877 I297
1301 2807 1613 2887 Eusebium
1633 2834 1941 2895 Caesarien-

289 2913 440 2963 sem,
472 2898 912 2972 Hieronymum,
944 2910 1362 2984 Augustinum,
1395 2916 1761 2980 Vincentium
1795 2927 1939 2984 Liri-

295 3002 562 3057 nensem,
614 2989 950 3048 Facundum
1002 2995 1500 3077 Hermianensem,
1565 3013 1633 3066 V.
1699 3013 1937 3086 Bedam,

291 3073 689 3173 Nicephorum
721 3079 1057 3173 Callistum,
1092 3086 1400 3162 Georgium
1426 3073 1760 3169 syncellum
1787 3123 1798 3173 ;
1823 3073 1939 3162 vel:

2054 497 2278 569 aliquid
2303 500 2736 572 corrigendum,
2772 502 3154 560 manifestare
3183 505 3351 562 veriti
3393 523 3509 564 non
3563 515 3703 566 sunt

2053 586 2283 650 Quanta
2332 591 2484 660 apud
2534 595 2756 647 veteres
2804 593 3074 664 Cypriani
3125 594 3510 653 existimatio!
3553 599 3702 664 Quot

2052 675 2322 749 Cypriani
2355 680 2771 753 panegyrista!
2808 684 2956 748 Quot
3002 683 3273 756 Cypriani
3328 686 3697 746 defensores!

2052 765 2398 823 innumeros
2430 770 2547 825 fere
2579 772 2881 843 congessit
2924 773 3216 829 Launeius
3265 775 3414 847 (98);
3463 776 3701 833 illorum

2051 859 2248 912 tamen
2279 873 2384 912 nec
2417 875 2573 914 unus
2603 860 2885 931 Cypriane
2917 861 3382 933 intempestivam
3415 870 3473 921 et
3502 867 3699 924 minus

2059 949 2277 1001 rectam
2338 947 2740 1018 pronuntianti
2793 949 3076 1020 Stephani
3140 954 3350 1024 agendi
3409 955 3694 1014 rationem

2058 1035 2436 1106 suffragatur,
2461 1035 2658 1092 nullus
2690 1037 2973 1110 Cypriane
3005 1039 3112 1094 hac
3143 1041 3203 1095 in
3226 1046 3386 1113 parte
3426 1045 3704 1117 astipula-

2051 1127 2188 1190 tur;
2223 1123 2420 1179 nullus
2449 1126 2717 1197 Cypriani
2741 1128 3344 1200 sequiturjudicium,
3380 1133 3578 1191 nullus
3595 1136 3699 1208 Cy-

2052 1211 2324 1283 prianum
2357 1228 2487 1269 eam
2520 1215 2590 1270 ob
2622 1231 2862 1272 causam
2896 1222 3155 1284 excusat,
3186 1221 3344 1291 quod
3367 1223 3700 1293 Stephanus

2050 1301 2112 1355 in
2133 1300 2329 1374 ipsum
2353 1303 2612 1360 severius
2634 1321 2762 1360 sese
2783 1306 3050 1378 gesserit.
3074 1308 3367 1372 Quantum
3389 1312 3703 1384 Augustini

2053 1391 2110 1446 in
2136 1392 2432 1450 elevandis
2454 1411 2520 1450 ac
2544 1395 2878 1453 minuendis
2901 1397 3174 1470 Cypriani
3193 1402 3400 1457 erratis
3414 1403 3695 1461 studium!

2051 1481 2320 1546 Quantus
2351 1485 2556 1540 ardor!
2597 1490 2815 1558 quanta
2846 1488 3195 1560 propensio!
3231 1489 3449 1547 Nullibi
3502 1497 3698 1551 tamen

2051 1572 2292 1644 adoptat
2323 1590 2449 1645 qua:
2482 1575 2802 1647 Cyprianus
2832 1593 2936 1648 pro
2977 1579 3069 1634 sui
3118 1579 3455 1636 defensione
3498 1587 3701 1640 contra

2051 1660 2415 1733 Stephanum
2445 1664 2747 1732 eﬂ‘uderat,
2784 1665 2993 1720 nullibi
3026 1667 3503 1740 intempestivum
3551 1673 3698 1729 sub-

2049 1749 2271 1805 indicat
2326 1751 2603 1824 Stephani
2664 1753 2874 1823 zelum,
2933 1759 3000 1810 ut
3059 1756 3257 1812 nimiae
3326 1761 3591 1832 Cypriani
3642 1761 3702 1817 in

2058 1838 2253 1910 ipsum
2286 1841 2696 1898 commotionis
2727 1843 2961 1916 culpam
2991 1844 3328 1904 imminuat.
3382 1849 3503 1905 Uno
3530 1851 3703 1907 verbo

2055 1933 2317 1985 veterum
2361 1947 2531 1987 nemo
2589 1931 3061 2004 intempestivam
3115 1940 3217 1991 aut
3265 1953 3546 2009 severam,
3601 1945 3705 1996 aut

2055 2017 2254 2074 minus
2281 2020 2605 2091 sapientem
2637 2021 2781 2076 dixit
2807 2023 3084 2095 Stephani
3116 2025 3396 2083 adversus
3441 2029 3702 2101 rebapti-

2052 2112 2251 2163 zantes
2281 2109 2487 2180 agendi
2519 2109 2827 2182 rationem,
2863 2111 3061 2168 nullus
3085 2112 3143 2168 in
3165 2115 3455 2187 Stephano
3475 2116 3697 2190 aliquid

2052 2195 2603 2268 reprehendendum
2685 2199 2925 2255 invenit.
2985 2200 3091 2266 Qui
3151 2209 3344 2260 autem
3412 2205 3696 2278 Stephani

2051 2285 2257 2357 agendi
2291 2286 2575 2342 rationem
2610 2286 2982 2344 vellicassent
3011 2293 3111 2345 aut
3141 2290 3574 2364 improbassent
3611 2295 3698 2351 illi

2051 2374 2152 2446 qui
2182 2374 2394 2447 ipsam,
2428 2377 2661 2448 quando
2691 2394 2838 2449 opus
2891 2377 3025 2447 fuit,
3073 2378 3363 2437 celebrare
3420 2399 3488 2438 ac
3538 2401 3698 2441 com-

2051 2465 2327 2520 mendare
2359 2482 2474 2521 non
2505 2465 2850 2532 omiserunt,
2884 2472 2950 2524 ut
2981 2469 3154 2524 modo
3184 2469 3514 2527 videbimus
3541 2473 3569 2527 ?

2120 2555 2190 2609 II.
2216 2577 2244 2605 «
2267 2554 2530 2610 Graviter
2549 2572 2747 2611 revera
2782 2557 3069 2628 Cypriane
3113 2560 3546 2617 succensebat»
3577 2566 3700 2619 Ste-

2049 2642 2280 2713 phanus
2310 2644 2443 2715 (99),
2478 2644 2716 2715 quando
2743 2643 2855 2716 ipsi
2906 2646 3177 2718 praecepit
3223 2663 3290 2704 ac
3341 2649 3704 2707 denuntiavit

2050 2747 2112 2786 se
2142 2731 2214 2787 ab
2244 2731 2404 2787 illius
2452 2734 2866 2790 communione
2922 2735 3323 2791 discessurum
3380 2738 3429 2792 si
3480 2737 3538 2792 in
3591 2756 3699 2796 sua

2051 2821 2339 2876 sententia
2371 2822 2742 2893 persisteret;
2807 2827 2864 2879 at
2916 2824 2986 2880 de
3039 2825 3146 2880 hac
3203 2825 3363 2893 gravi
3415 2827 3693 2900 Stephani

2050 2909 2431 2966 succensione
2462 2911 2602 2982 quid
2637 2915 2915 2982 putarunt
2947 2918 3031 2968 tot
3059 2930 3162 2984 per
3203 2915 3403 2970 orbem
3453 2917 3690 2973 univer-

2051 3015 2183 3054 sum
2206 2998 2483 3070 episcopi,
2516 2999 2616 3071 qui
2651 3017 2752 3070 pro
2782 3019 2926 3056 sana
2959 3003 3218 3057 Ecclesiae
3250 3003 3516 3061 doctrina
3555 3023 3689 3063 cum

2051 3087 2178 3160 ipso
2209 3093 2412 3144 contra
2433 3088 2858 3160 rebaptizantes
2891 3089 3270 3147 militabant?
3293 3091 3535 3151 Illamne
3565 3112 3688 3152 cre-

290 3169 507 3219 vantur
537 3170 593 3221 et
622 3166 884 3238 ipsorum
917 3155 1354 3235 Donatistarum
1389 3155 1626 3260 scripta,
1837 3155 1938 3268 qui
1970 3155 2012 3221 Ο
2052 3155 2269 3234 δεδειοι
2298 3155 2678 3251 ίηοοηὲτυ-δω
2712 3183 2812 3268 μυί
2843 3179 3356 3251 intempestivam?
3386 3183 3685 3258 Νυωειυὶά

290 3257 435 3308 sunt
454 3254 573 3354 alii,
601 3257 702 3354 qui
735 3259 806 3314 de
827 3260 1046 3332 agitata
1062 3264 1425 3338 Stephanum
1450 3254 1679 3334 inter'et
1699 3254 1939 3354 Cypria-

288 3357 435 3397 num
465 3344 620 3401 circa
647 3346 1052 3408 haereticorum
1087 3353 1380 3426 baptisma
1412 3344 1940 3434 quaestione-verba

285 3431 567 3520 fecerint;
601 3435 661 3491 hi
693 3438 947 3508 profecto
979 3443 1118 3512 quid
1151 3444 1288 3502 hinc
1318 3454 1374 3505 et
1403 3431 1538 3510 inde
1569 3455 1628 3512 in
1651 3457 1940 3520 hocdissi-

287 3519 388 3576 die
418 3526 648 3593 gestum
697 3525 873 3583 fuerit
919 3546 1035 3585 non
1083 3531 1454 3609 ignorabant,
1509 3545 1683 3602 sicuti
1732 3519 1934 3610 notum

285 3610 566 3667 omnibus
595 3620 718 3669 erat
747 3615 1110 3690 Stephanum
1150 3623 1209 3680 in
1243 3627 1350 3683 hac
1381 3647 1559 3690 causa
1591 3641 1938 3713 praecepisse

281 3715 354 3754 ac
367 3700 556 3757 minas
569 3709 1197 3770 excommunicationis
1218 3700 1722 3792 rebaptizantibus
1741 3700 1935 3788 ititen-

278 3789 463 3890 tasse,
488 3788 654 3845 itaex
679 3789 794 3848 illis
819 3797 1200 3869 quamplures
1231 3803 1288 3858 id
1324 3788 1550 3878 passim
1604 3818 1932 3890 testantur;

276 3878 540 3932 attamen
571 3895 739 3935 nemo
769 3884 1129 3956 Stephanum
1162 3909 1278 3948 non
1319 3897 1449 3954 dico
1475 3878 1933 3967 inhumanitatis

276 3969 386 4019 aut
431 3968 780 4038 tyrannidis,
837 3975 937 4028 sed
986 3976 1075 4032 vel
1125 3981 1381 4039 minimae
1421 3991 1747 4050 severitatis
1796 4014 1933 4070 erga

274 4052 656 4156 Cyprianum,
701 4065 778 4156 et_
805 4060 948 4118 alios
996 4063 1324 4138 insimulat,
1378 4092 1546 4132 nemo
1603 4052 1931 4156 aliquid

277 4142 563 4246 stephani
595 4148 802 4246 agendi
839 4151 1061 4246 ratione
1095 4157 1527 4229 deprehendere
1549 4142 1748 4239 valuit,
1775 4179 1930 4246 quod

278 4229 406 4287 ulla
427 4248 680 4291 censura
707 4239 796 4293 vel
828 4240 1336 4306 animadversione
1367 4252 1611 4326 dignum
1643 4229 1757 4316 sibi
1778 4229 1932 4321 vide-

277 4323 459 4410 retur.
493 4323 561 4377 Et
588 4329 744 4382 certe
773 4328 823 4383 si
857 4331 970 4386 tale
1001 4333 1223 4408 aliquid
1270 4323 1679 4404 observassent
1709 4369 1929 4410 memo-

273 4408 755 4512 rati-scriptores,
791 4417 937 4476 illud
967 4425 1225 4494 profecto
1258 4431 1502 4489 minime
1561 4443 1930 4512 suppressis-

2049 3267 2108 3322 in
2165 3282 2232 3323 eo
2288 3272 2519 3323 tantum
2575 3267 2870 3339 Stephano
2927 3269 3134 3325 1298
3189 3270 3686 3346 suti'ragabautur,

2051 3357 2198 3427 quod
2233 3356 2534 3428 antiquam
2567 3355 2834 3412 Ecclesia
2873 3357 3246 3414 traditionem
3279 3363 3521 3428 teneret,
3571 3379 3687 3419 non

2049 3463 2181 3502 vero
2204 3445 2261 3500 in
2285 3462 2352 3501 eo
2373 3446 2528 3517 quod
2551 3445 2784 3517 gravius
2834 3446 3118 3519 Cypriane
3141 3447 3388 3520 aliisque
3430 3451 3688 3522 rebapti-

2044 3534 2316 3589 zantibus
2345 3539 2759 3590 succcnscrct?
2790 3535 2851 3590 Id
2900 3536 3136 3608 quidem
3159 3537 3562 3610 cxcogitarunt
3598 3557 3688 3597 re-

2044 3622 2330 3680 centiores
2361 3623 2667 3691 nonnulli;
2699 3628 2759 3679 at
2787 3625 3019 3681 nemine
3077 3626 3453 3698 antiquorum
3505 3630 3684 3687 refra-

2045 3716 2216 3786 gante
2237 3716 2485 3789 testatur
2502 3713 2868 3785 Augustinus
2890 3718 3073 3769 totam
3091 3714 3254 3770 illam
3278 3716 3685 3790 episcoporum

2045 3801 2485 3857 multitudinem
2500 3802 2933 3874 cumStephano
2952 3820 3065 3859 non
3082 3808 3308 3859 tantum
3323 3805 3684 3876 baptismum

2044 3890 2259 3946 Christi
2290 3891 2349 3945 in
2376 3889 2537 3946 nullo
2569 3890 2899 3946 iterandum
2930 3901 3058 3948 esse
3088 3897 3386 3961 censente,
3436 3896 3536 3950 sed
3571 3918 3600 3946 «
3631 3900 3688 3952 et

2043 3980 2152 4036 hoc
2199 3980 2545 4036 facientibus
2603 3979 2856 4053 graviter
2910 3986 3292 4038 succensente
3330 3983 3620 4041 sensisse:
3654 4008 3684 4036 ››

2043 4069 2189 4126 libro
2239 4069 2393 4125 enim
2447 4069 2512 4124 de
2561 4086 2670 4125 uno
2719 4070 3012 4139 baptismo,
3055 4075 3256 4126 contra
3312 4071 3680 4146 Petilianum,

2043 4175 2168 4230 cap.
2203 4159 2306 4213 15:
2345 4180 2373 4209 ‹‹
2401 4158 2753 4230 Stephanus,
2798 4159 3010 4230 inquit,
3056 4160 3421 4232 baptismum
3472 4162 3684 4220 Christi

2041 4249 2098 4302 in
2134 4247 2291 4304 nullo
2323 4247 2654 4304 iterandum
2687 4264 2812 4304 esse
2841 4249 3114 4304 censebat
3159 4254 3216 4305 et
3261 4250 3372 4306 hoc
3421 4250 3683 4308 facienti-

2041 4338 2151 4393 bus
2181 4338 2431 4409 graviter
2459 4339 2878 4408 succensebat;
2911 4337 3236 4411 Cyprianus
3259 4344 3453 4397 autem
3483 4340 3543 4396 in
3565 4341 3682 4398 has-

2040 4427 2152 4482 resi
2184 4426 2270 4481 vel
2303 4426 2619 4482 schismate
2640 4429 2965 4498 baptizatos
2999 4434 3280 4502 tanquam
3314 4446 3429 4486 non
3472 4429 3685 4488 haben-

275 4501 434 4568 Eent,
466 4516 573 4556 nec
602 4504 899 4577 Stephano
929 4513 1117 4584 magis
1172 4533 1350 4588 quam
1402 4501 1707 4594 αγρτίατίδ,
1758 4531 1928 4601 cujus
1957 4533 2003 4596 D
2039 4519 2127 4570 tes
2160 4514 2518 4587 baptismum
2553 4515 2768 4572 Christi
2799 4501 3181 4589 baptizandes
3210 4519 3269 4575 in
3299 4518 3557 4577 Ecclesia
3586 4538 3680 4576 ca-

273 4592 441 4646 tanta
469 4597 868 4664 agnoscebant
895 4604 952 4656 et
994 4605 1392 4674 praedicabant
1436 4592 1662 4684 merita,
1694 4592 1928 4691 ipep'er-

350 4770 463 4845 (97)
492 4775 806 4858 Tractatus
827 4781 927 4858 qui
950 4781 1156 4858 incipit
1178 4787 1271 4845 his
1291 4791 1487 4848 verbis
1513 4810 1524 4848 :
1559 4795 1682 4849 Non
1733 4799 1930 4856 debere

274 4842 452 4930 {lenae
485 4847 759 4918 baptizari
780 4842 875 4930 qui
892 4858 1059 4930 semel
1073 4842 1136 4912 in
1154 4842 1380 4918 nomine
1396 4842 1546 4920 Visa
1559 4842 1930 4930 ’61ιῆξῆ

486 4918 968 5010 ῥξροιξᾳβὲεἱρῃε
1024 4929 1243 5010 Jacobi
1264 4918 1555 5010 Sirmeindi

273 4985 516 5084 liipglae
531 4990 807 5084 Eigaltie‘
824 4999 1027 5084 editus.
1041 5009 1179 5084 “post
1587 5082 1592 5084 Α

273 5059 902 5149 ᾳρξξροιειῳξάείῃρρρ
927 5059 1074 5149 Phili
1080 5091 1115 5149 ρ
1121 5091 1194 5146 po
1217 5059 1480 5149 Latina,
1504 5059 1924 5144 {grassata}:

277 5135 481 5198 postea
510 5134 818 5217 .abAAnglis
847 5134 1393 5217 Cypriani‘operum
1424 5134 1928 5215 edito‘rib'us'int'er

274 5204 564 5296 pppscul‘a
575 5204 858 5296 Cypriane
879 5204 1052 5286 vulgo
1073 5204 1387 5290 adscripta,

273 5273 492 5364 habeat
516 5273 835 5364 auctorem,
859 5273 1131 5364 magnam
1155 5273 1925 5364 tam‘eniapudedre-ditest

274 5349 871 5438 t‘ipetpucteritatern.
905 5349 1146 5438 Sivenim
1179 5349 1434 5438 auctoris
1465 5349 1926 5438 scopum—atten-

273 5416 404 5484 das,
427 5418 487 5473 in
505 5428 896 5502 controversia
918 5416 1286 5502 baptismatis
1311 5416 1640 5494 haereticerr:
1656 5416 1922 5499 Eccl-esi;

273 5503 517 5576 causam
549 5502 753 5576 contra
778 5499 1136 5576 Cyprianum
1170 5507 1410 5576 ejusque
1441 5509 1694 5568 asseclas
1741 5514 1924 5570 virili-

269 5563 900 5656 ter‘prepugnabat‘fsi
917 5575 1046 5655 ejus
1067 5563 1380 5648 persbnain
1403 5563 1920 5656 etian'tiqﬂuita-teni,

268 5636 401 5720 erat
426 5636 744 5720 episcopus
765 5636 1310 5720 Cyprgno‘coaevus
1339 5636 1424 5708 uti
1447 5636 1921 5716 ‘meiit‘o‘tﬁéé’él

267 5706 409 5764 vant
430 5706 500 5765 e'x
519 5706 664 5785 ipsis
704 5706 887 5774 Gallis
917 5717 1278 5796 Tillemont,
1325 5706 1921 5805 Hialfccc—lcisqvtriv,

2039 4605 2251 4661 thelica
2279 4604 2691 4663 existimabat:
2723 4606 2893 4663 multi
2925 4623 3060 4662 cum
3100 4608 3220 4677 illo,
3256 4609 3497 4681 quidam
3545 4627 3678 4667 cum

2038 4799 2170 4854 pag.
2205 4783 2308 4837 152
2331 4785 2400 4856 iet
2434 4783 2579 4846 620;
2615 4782 2969 4856 Fleuriacus,
3004 4787 3148 4840 Ilisl.
3179 4785 3394 4854 coclea,
3431 4791 3570 4842 tem.
3605 4787 3674 4842 ll.

2038 4855 2288 4930 l._vn,_c.
2323 4855 2410 4930 3i,
2444 4857 2672 4930 p._278;
2705 4857 2939 4930 ADupin.
2990 4857 3133 4912 Bibl.
3186 4859 3402 4926 ecclcs.,
3443 4863 3484 4912 t.
3543 4857 3583 4922 l,
3619 4875 3672 4930 p.

2036 4927 2138 4981 531
2168 4944 2180 4994 ;
2215 4925 2744 4984 ΝειῐξιιίείΑΙθχθηά.
2779 4925 2917 4984 Hist.
2953 4929 3166 4998 coclea,
3205 4935 3242 4983 t.
3279 4925 3395 4998 lII,
3427 4947 3480 4999 p.
3532 4925 3676 4997 69f;

2038 5005 2113 5064 et,
2147 4999 2513 5078 invto-488
2544 5004 2598 5078 et
2760 5025 2774 5063 ;
2800 4999 3130 5055 Turnelius.
3173 5001 3260 5078 ([6_
3288 5002 3678 5078 Sacrlmienlis,

2038 5088 2094 5141 p.
2125 5070 2263 5124 375:
2302 5070 2525 5139 Baillet,
2562 5072 2618 5125 in
2646 5072 2778 5127 Villa
2832 5080 3149 5127 sanctorum
3192 5073 3264 5126 ad
3317 5073 3467 5125 diem
3500 5072 3534 5123 1’,
3568 5079 3677 5126 Au-

2035 5141 2214 5213 gusti,
2267 5158 2320 5211 p.
2372 5143 2479 5206 20;
2533 5144 2791 5212 Defensor
2831 5145 3033 5198 declar.
3069 5143 3220 5198 Cleri
3269 5142 3461 5196 Gallic.
3519 5145 3674 5209 1682,

2034 5219 2077 5267 t.
2108 5217 2162 5280 2,
2199 5231 2253 5283 p.
2285 5213 2412 5266 266.
2446 5213 2503 5266 P.
2540 5215 2868 5277 Gcrvasius,
2903 5215 2961 5286 in
3001 5218 3122 5271 Vita
3151 5215 3207 5271 S.
3271 5213 3564 5286 Cypriani,
3618 5233 3673 5286 p.

2033 5286 2140 5340 422
2170 5290 2227 5339 et
2248 5300 2374 5358 seq.
2414 5288 2472 5338 D.
2515 5286 2712 5340 Maran
2750 5287 2803 5340 in
2857 5285 3162 5341 Baluziana
3211 5285 3482 5358 Cypriani
3539 5285 3678 5356 Ope-

2034 5373 2164 5412 rum
2197 5355 2448 5411 editione
2483 5359 2728 5427 praefat,
2753 5375 2807 5427 p.
2842 5358 2972 5424 l26;
3003 5359 3063 5412 υ.
3107 5355 3354 5413 Ceillier.
3385 5355 3674 5413 Benedi’ct.

2033 5430 2222 5484 Hister
2256 5427 2571 5500 ‘Sacrorum
2628 5434 2864 5496 auctor.,
2919 5434 2960 5484 t.
3021 5445 3104 5496 ιιι,
3166 5445 3223 5499 p.
3287 5430 3405 5500 134,
3465 5433 3522 5486 et
3578 5430 3677 5485 alii

2034 5515 2206 5570 quam
2217 5497 2437 5569 plures,

2100 5568 2393 5642 (98)"Epist
2421 5568 2494 5625 ad
2522 5570 2881 5642 Beuilaquam
2915 5571 3004 5626 15.

2103 5639 2217 5716 (99)
2245 5643 2578 5720 Augustin.,
2613 5639 2854 5702 liqun.
2886 5651 3076 5702 contra
3104 5643 3394 5704 Petiliam.
3429 5659 3480 5700 c.
3521 5642 3610 5699 14.
