4088 6174
541 318 689 380 1351

1583 315 1682 374 DE
1728 312 2317 374 ILERETICORUM
2369 313 2893 374 BAPTISMATE.

3695 327 3809 385 1352

537 453 649 508 isto
676 449 850 504 etiam
881 447 1231 504 sentiebant.
1254 469 1281 498 »
1304 449 1452 512 Quot
1472 452 1667 503 autem
1717 464 1851 502 cum
1883 445 2176 517 Stephano
2208 453 2261 520 Α
2294 446 2580 517 ptizantes
2613 463 2725 502 non
2758 463 2888 502 esse
2907 446 3175 501 ferendos
3190 447 3810 520 censuit;gravioriabsol-

537 538 754 595 fuerint
787 537 886 611 qui
914 536 1085 592 multi
1116 537 1213 592 hic
1242 539 1312 592 ab
1344 537 1672 609 Angustino
1689 538 1982 606 dicuntur,
2007 535 2184 607 signi-

534 628 673 684 llcat
704 627 827 700 ipse
850 627 1115 684 scribens
1147 633 1348 682 contra
1372 627 1768 698 Cresconium,
1794 626 1894 682 lib.
1934 642 2018 696 ω,
2051 641 2178 696 cap.

535 716 608 774 3:
645 740 670 767 ι(
704 717 974 782 Proinde,
1009 715 1219 789 inquit,
1261 715 1310 772 si
1361 717 1598 772 omnino
1647 717 1773 788 jam
1822 715 2179 770 credendum

536 806 616 863 sit
646 805 1076 882 quinquaginta
1113 807 1402 879 episcopis
1453 805 1833 862 Orientalium
1876 804 1935 858 id
1983 803 2177 859 visum

539 913 687 967 esse,
722 896 876 967 quod
909 895 1283 967 septuaginta
1313 896 1469 951 Al'ris
1518 895 1604 951 vel
1653 894 1952 966 aliquanto
2002 891 2176 948 etiam

437 1045 442 1054 ι
530 985 800 1058 pluribus
831 992 1033 1042 contra
1064 992 1145 1041 tot
1172 985 1358 1040 millia
1383 985 1792 1057 episcoporum
1833 984 2049 1055 quibus
2082 981 2177 1036 hic

529 1091 690 1132 error
719 1074 776 1130 in
811 1079 931 1130 toto
964 1075 1101 1130 orbe
1131 1074 1451 1146 displicuit.
1476 1095 1503 1124 »

596 1177 747 1227 Ante
768 1171 1164 1244 Augustinum
1189 1172 1506 1227 tradiderat
1526 1177 1581 1226 S.
1601 1171 1914 1244 Dionysius
1934 1169 2176 1224 Alexan-

530 1261 740 1318 drinus
771 1261 1052 1332 Stephani
1075 1261 1392 1329 judicium,
1425 1279 1538 1332 quo
1566 1261 1793 1316 volebat
1816 1259 2174 1331 rebaptizan-

525 1354 617 1406 tes
647 1351 748 1422 qui
772 1349 830 1404 in
862 1366 970 1404 sua
1001 1349 1293 1404 sententia
1322 1351 1719 1421 persisterent,
1770 1346 2174 1405 excommuni-

522 1439 745 1495 candos
777 1455 926 1506 esse,
959 1438 1135 1494 fuisse
1167 1437 1342 1493 simul
1367 1438 1660 1509 judicium
1716 1444 1772 1493 et
1821 1437 2171 1493 sententiam

527 1528 885 1598 reliquorum
943 1528 1373 1599 episcoporum,
1425 1531 1572 1582 teste
1625 1527 1896 1592 Eusebio,
1947 1525 2048 1580 lib.
2097 1541 2174 1579 vu

523 1618 750 1683 Histor.,
781 1634 829 1672 c.
853 1618 908 1684 5,
943 1617 1096 1688 apud
1129 1616 1424 1671 Valesium
1453 1634 1464 1671 :
1509 1639 1537 1665 ‹‹
1571 1617 1640 1670 ad
1693 1617 1849 1670 hunc
1899 1616 2170 1686 (Xystum

526 1707 584 1762 B.
633 1707 986 1778 pontiﬁcem)
1037 1706 1350 1778 Dionysius
1399 1706 1717 1761 secundam
1761 1706 1833 1760 de
1876 1703 2170 1775 baptismo

522 1793 759 1867 scripsit
781 1794 1182 1867 epistolam,iu
1209 1811 1325 1864 qua
1343 1794 1624 1866 Stephani
1644 1794 1822 1849 simul
1845 1800 1902 1849 et
1923 1793 2171 1865 reliquo-

521 1900 648 1940 rum
664 1884 1068 1956 episCOporum
1091 1884 1440 1939 sententiam
1463 1901 1527 1939 ac
1543 1883 1833 1955 judicium
1852 1882 2112 1954 exponit;
2138 1904 2168 1932 »

519 1973 691 2045 quale
721 1978 917 2028 autem
950 1973 1125 2028 fuerit
1158 1973 1462 2045 Stephani,
1495 1974 1650 2044 quod
1689 1972 1866 2028 simul
1912 1970 2161 2042 reliquo-

521 2080 654 2119 rum
684 2068 807 2119 erat
835 2062 1241 2134 episcoporum
1293 2062 1606 2132 judicium,
1661 2079 1786 2133 quas
1835 2060 2173 2116 immediate

523 2157 854 2224 sequuntur
884 2153 1004 2208 haec
1029 2152 1410 2207 manit'estant
1442 2153 1652 2208 verba:
1689 2173 1716 2201 «
1753 2151 1832 2206 De
1876 2150 2175 2221 Stephano

528 2243 610 2298 ita
665 2242 968 2310 scribens;
1015 2247 1147 2297 ante
1196 2241 1431 2312 quidem
1480 2241 1702 2296 litteras
1747 2240 2062 2312 scripserat
2103 2241 2173 2295 de

529 2330 743 2387 Heleno
773 2336 830 2388 et
859 2330 1218 2401 Firmiliano,
1253 2329 1323 2386 de
1353 2329 1630 2386 omnibus
1678 2328 1932 2401 denique
1981 2345 2171 2384 sacer-

527 2420 766 2475 dotibus
826 2437 926 2491 per
983 2419 1271 2486 Ciliciam,
1323 2419 1768 2490 Cappadociam,
1819 2422 2172 2488 cunctasque

523 2509 804 2564 ﬁnitimas
821 2508 1148 2580 provincias
1172 2509 1663 2574 constitutis,sese
1679 2508 1751 2563 ob
1773 2525 1904 2563 eam
1928 2522 2167 2562 causam

523 2600 594 2652 ab
619 2597 854 2653 illorum
887 2597 1303 2654 communione
1331 2597 1733 2653 discessurum
1765 2597 1920 2667 quod
1940 2595 2167 2650 haereti-

529 2703 628 2743 cos
657 2687 1038 2758 baptizarent.
1063 2709 1092 2738 ››

594 2785 752 2841 Idem
780 2789 1028 2841 testatur
1047 2790 1104 2840 et
1133 2784 1496 2855 Nicephorus
1521 2783 1799 2840 Callistus
1819 2785 1915 2839 his
1945 2782 2166 2838 verbis:

530 2896 556 2929 ι
579 2875 658 2930 Ad
683 2879 931 2947 Xystum
963 2875 1283 2930 secundam
1310 2875 1382 2928 de
1401 2874 1691 2943 baptismo
1713 2873 2022 2946 epistolam
2049 2872 2170 2928 Dio-

530 2963 732 3037 nysius
747 2963 923 3031 dedit,
951 2962 1230 3034 Stephani
1251 2966 1307 3017 et
1330 2961 1687 3032 reliquorum
1706 2961 2000 3031 judicium
2022 2962 2078 3016 in
2103 2978 2171 3017 ea

528 3053 882 3110 ostendens:
915 3051 1229 3124 scripserat
1254 3067 1507 3122 namque
1539 3051 1701 3122 prius
1735 3052 1804 3106 de
1853 3051 2067 3106 Heleno
2114 3055 2171 3105 et

529 3142 866 3198 Firmiliano
895 3157 957 3197 se
988 3157 1120 3196 cum
1158 3140 1274 3197 illis
1305 3158 1420 3196 non
1444 3141 2016 3196 communicaturum
2039 3156 2165 3196 eam

2200 1841 2247 1906 B

2291 540 2457 590 vetur
2477 536 2728 607 judicio,
2761 537 2833 592 ab
2866 535 2997 608 ipsa
3040 533 3288 590 Ecclesia
3334 535 3679 607 vindicabitur,
3722 560 3815 613 quae

2291 624 2449 680 illius
2482 627 2835 682 sententiam
2867 655 2896 678 ιι
2927 625 3099 681 etiam
3150 626 3217 680 de
3263 625 3691 698 rebaptizantibus
3731 649 3814 688 non

2290 714 2545 770 ferendis
2564 737 2592 764 »
2625 716 2813 770 tenuit
2842 721 2900 770 et
2931 712 3211 785 probavit.

2362 804 2451 859 1V.
2483 804 2760 876 Stephani
2792 806 2865 859 ad
2895 804 3243 874 Cyprianum
3282 803 3610 875 rescriptum,
3650 806 3698 860 in
3734 825 3814 879 quo

2287 893 2658 965 praecipiebat
2686 894 2994 964 antiquam
3028 892 3240 946 servari
3288 892 3721 962 consuetudinem,
3745 913 3815 950 su-

2287 983 2532 1054 perbum
2547 982 2826 1055 profecto,
2842 980 2928 1037 vel
2941 981 3020 1052 inj
3032 980 3284 1036 uriarum
3301 979 3538 1052 plenum,
3550 985 3817 1054 autCypria-

2287 1088 2359 1127 no
2381 1071 2870 1128 contumeliosum
2889 1086 2995 1126 nec
3018 1070 3244 1126 censuit
3261 1070 3504 1125 omnium
3522 1069 3817 1127 ecclesiarum

2286 1166 2474 1216 mater
2521 1165 2578 1216 et
2633 1161 2916 1232 magistra
2963 1160 3224 1215 Romana
3270 1158 3525 1222 Ecclesia,
3569 1175 3677 1230 quis
3707 1160 3820 1216 illius

2283 1250 2551 1322 rescripti
2583 1249 2924 1306 memoriam
2955 1253 3236 1321 tanquam
3265 1248 3322 1303 S.
3353 1247 3615 1319 Stephano
3660 1249 3820 1318 glorio-

2283 1340 2580 1395 sissimam
2603 1340 2922 1410 quotannis
2941 1339 3035 1394 die
3054 1339 3088 1391 2
3117 1337 3360 1409 Augusti
3390 1337 3632 1409 proponit
3651 1337 3699 1391 in
3723 1339 3824 1394 Bre-

2283 1427 2460 1484 viario
2493 1432 2751 1483 Romano
2784 1428 2876 1483 his
2905 1428 3132 1482 verbis:
3169 1450 3190 1476 ι
3229 1427 3537 1497 Baptizatos
3563 1427 3626 1480 ab
3653 1426 3824 1480 haereti-

2282 1519 2366 1574 cis
2394 1519 2603 1572 iterum
2631 1518 2912 1590 baptizari
2929 1516 3112 1572 vetuit
3133 1517 3210 1588 (S.
3225 1514 3555 1586 Stephanus)
3576 1515 3823 1571 rescribens

2282 1606 2339 1662 S.
2375 1607 2658 1679 Cypriano
2687 1607 2881 1662 verbis
2910 1605 3062 1661 illis:
3088 1605 3245 1660 Nihil
3279 1605 3563 1659 iunovelur
3587 1604 3682 1659 nisi
3715 1604 3821 1674 quod

2280 1697 2563 1751 traditum
2595 1701 2702 1752 est.
2728 1718 2754 1746 υ

2350 1785 2416 1840 ν.
2445 1791 2522 1840 De
2542 1785 2819 1856 Stephani
2852 1784 3136 1853 rescripto
3167 1783 3309 1856 quid
3365 1781 3630 1838 censuerit
3664 1783 3822 1853 episco-

2282 1892 2392 1946 pus
2414 1891 2742 1946 anonymus
2773 1874 2874 1945 qui
2905 1873 3175 1944 Cypriani
3206 1872 3510 1927 novitatem
3537 1877 3657 1925 tunc
3671 1877 3824 1942 tempo-

2281 1963 2362 2019 ris
2392 1964 2774 2035 impugnavit,
2809 1963 2933 2034 ipse
2964 1964 3133 2017 nobis
3162 1961 3349 2033 aperit
3401 1960 3488 2016 his
3533 1961 3722 2014 verbis:
3747 1965 3824 2014 «1n

2283 2070 2399 2125 quo
2430 2070 2640 2125 genere
2671 2052 3010 2123 quaestionis
3042 2052 3133 2119 (de
3165 2050 3452 2122 baptismo
3474 2049 3825 2117 haereticorum),

2283 2149 2349 2198 ut
2381 2143 2523 2197 mihi
2556 2143 2803 2208 videtur,
2837 2140 2998 2196 nulla
3028 2140 3266 2196 omnino
3299 2140 3567 2210 potuisset
3584 2142 3826 2191 controver-

2282 2232 2372 2288 sia
2400 2237 2503 2287 aut
2532 2231 2878 2302 disceptatio
2909 2246 3228 2300 emergere,
3259 2229 3311 2282 si
3366 2226 3726 2297 unusquisque
3760 2241 3825 2277 n0-

2282 2328 2470 2377 strum
2521 2326 2832 2376 contentus
2857 2318 3198 2389 Lvenerabili
3243 2317 3598 2372 ecclesiarum
3637 2319 3826 2369 omnium

2280 2411 2626 2466 auctoritate
2655 2416 2712 2464 et
2743 2408 3073 2464 necessaria
3104 2406 3434 2462 humilitate
3465 2405 3595 2459 nihil
3631 2404 3828 2456 innovare

2280 2500 2516 2571 gestiret
2549 2501 2644 2570 (4).
2675 2520 2695 2547 ι»
2726 2498 2901 2566 Cedo,
2922 2515 2995 2553 an
3023 2514 3136 2551 non
3178 2496 3324 2552 satis
3369 2500 3553 2567 aperte
3589 2491 3668 2547 hic
3692 2491 3830 2546 laudat

2279 2589 2335 2644 S.
2368 2589 2643 2660 Stephani
2686 2592 3036 2660 praeceptum
3060 2585 3241 2642 illud:
3267 2609 3294 2635 ‹‹
3327 2583 3478 2639 Nihil
3523 2579 3822 2637 innovetur'lx

2279 2679 2454 2749 idque
2485 2695 2600 2733 non
2633 2683 2694 2732 ut
2725 2695 2831 2732 suo
2863 2675 3338 2746 tantumjudicio
3363 2675 3596 2743 justum,
3646 2671 3725 2726 sed
3757 2672 3829 2722 «et

2277 2766 2592 2823 venerabili
2623 2766 3000 2822 ecclesiarum
3041 2765 3323 2821 Omnium
3375 2762 3689 2819 auctoritate
3723 2780 3745 2806 ››
3777 2757 3828 2810 ita

2279 2857 2749 2928 comprobatum,
2771 2861 2834 2911 ut
2855 2879 2881 2905 ‹‹
2908 2855 3322 2925 unusquisque
3355 2851 3659 2908 necessaria
3675 2847 3828 2921 pollens

2281 2945 2611 3001 humilitate
2631 2965 2656 2996 υ
2688 2945 2772 3000 illi
2803 2944 3174 3015 acquiescere
3207 2967 3234 2993 (ι
3259 2946 3601 2998 contentus»
3629 2955 3682 2993 ac
3700 2936 3830 2990 mode-

2280 3040 2407 3092 stus
2439 3034 2786 3090 debuisset?
2817 3034 2969 3089 Sane
2997 3032 3240 3103 (eruditi
3272 3031 3378 3087 viri
3407 3029 3584 3085 verbis
3620 3027 3739 3094 utor)
3770 3023 3830 3078 ni-

2281 3124 2362 3180 hil
2395 3125 2454 3178 in
2487 3124 2803 3179 mandante
2833 3122 3039 3193 carpit,
3068 3121 3166 3192 qui
3205 3119 3393 3176 solam
3416 3121 3473 3175 in
3496 3113 3830 3173 subditisahu-

523 3232 716 3303 ipsam
740 3231 811 3286 ob
827 3246 1067 3286 causam
1091 3231 1243 3301 quod
1265 3230 1564 3285 haereticos
1587 3230 2111 3301 rebaptizarent(l).
2139 3253 2161 3282 ι
2198 3204 2242 3270 C
2283 3213 2589 3269 mililatem
2611 3235 2639 3262 ”
2673 3212 2963 3303 άθξξάθτᾶῖ
2993 3216 3050 3266 ει
3081 3210 3328 3303 ςιυίάθω
3379 3231 3406 3258 ί(
3442 3204 3831 3303 οξξίξθεδδτίθφη

593 3328 938 3384 Vincentius
965 3328 1142 3383 etiam
1161 3327 1482 3383 Lirinensis
1499 3327 1859 3397 Stephanum
1884 3327 2171 3398 Cypriano

523 3418 816 3474 restitisse
847 3417 1046 3485 tradit,
1081 3433 1186 3472 nec
1217 3417 1525 3488 ignorabat
1554 3433 1670 3488 quo
1721 3422 1887 3488 pacto
1935 3417 2174 3488 Stepha-

532 3525 646 3563 nus
669 3507 999 3572 restitisset,
1025 3505 1414 3578 prazcipiendo
1436 3505 1719 3574 videlicet,
1745 3523 1809 3561 ac
1841 3507 2032 3561 minas
2075 3523 2172 3562 ex-

531 3595 1085 3652 communicationis
1123 3594 1486 3661 intentando,
1529 3595 2000 3666 quandoquidem
2051 3601 2173 3651 Ste-

532 3683 710 3756 phani
737 3683 805 3736 ad
841 3682 1140 3738 Africanos
1171 3683 1474 3753 epistolam
1528 3685 1694 3738 rel'ert
1749 3685 1865 3754 (2);
1912 3690 2171 3740 attamen

531 3772 670 3827 huic
701 3771 977 3844 Stephani
1008 3771 1407 3826 intercessioni
1438 3778 1672 3827 caeteros
1704 3775 1965 3844 undique
2021 3791 2175 3829 com-

530 3860 821 3933 plausisse
853 3859 1130 3915 Praesules
1179 3861 1434 3915 afﬁrmat
1464 3860 1556 3916 his
1585 3862 1775 3916 verbis
1804 3879 1816 3916 :
1867 3884 1894 3911 ‹‹
1928 3864 2174 3934 Stepha-

531 3969 645 4007 nus
671 3949 1002 4021 apostolicze
1033 3950 1200 4004 Sedis
1233 3950 1478 4005 antistes
1507 3967 1640 4004 cum
1671 3951 1893 4006 caeteris
1935 3953 2172 4021 quidem

529 4037 768 4111 collegis
798 4037 943 4106 suis,
979 4039 1081 4093 sed
1115 4043 1310 4093 tamen
1356 4054 1476 4110 pres
1506 4040 1730 4095 caeteris
1763 4040 1976 4095 restitit
2014 4041 2113 4112 (3).
2143 4064 2166 4094 ι

603 4137 694 4194 ΙΙΙ.
729 4136 968 4193 Censuit
989 4141 1045 4192 S.
1069 4136 1402 4210 Stephanus
1424 4137 1868 4209 rebaptizandos
1891 4155 2005 4194 non
2047 4153 2175 4194 esse

533 4226 854 4293 haereticos,
889 4225 1134 4298 insuper
1163 4226 1479 4282 arbitratus
1510 4231 1597 4282 est
1627 4226 1976 4299 Cyprianum
1999 4226 2172 4284 alios-

532 4315 870 4387 quel299
904 4314 1327 4387 rebaptizantes
1359 4333 1474 4371 non
1516 4330 1643 4372 esse
1682 4315 1972 4387 ferendos,
2016 4316 2175 4373 ideo-

536 4421 648 4478 que
671 4421 799 4461 sese
830 4405 900 4461 ab
933 4403 1168 4461 illorum
1199 4405 1610 4462 communione
1648 4404 2069 4475 discessurum,
2126 4407 2175 4463 si

530 4495 930 4567 persisterent,
956 4495 1210 4567 scripsit.
1235 4494 1383 4558 Quid
1403 4493 1658 4551 Ecclesia
1681 4499 1703 4550 Ρ
1725 4494 1997 4568 Stephani
2041 4513 2173 4552 sen-

530 4584 773 4638 tentiam
819 4583 874 4637 in
921 4588 1169 4655 utroque
1225 4583 1488 4655 probavit
1530 4587 1586 4639 et
1642 4583 1855 4640 tenuit:
1898 4606 1919 4635 ι
1971 4586 2176 4642 Beatus
2205 4577 2252 4642 D
2284 4569 2396 4652 ΠΟΥ

531 4672 886 4743 Stephanus,
923 4693 950 4722 ι)
985 4672 1179 4745 inquit
1217 4673 1523 4729 Facundus
1573 4672 2011 4730 Hcrmianensis
2055 4674 2180 4747 epi-

545 4778 760 4832 scopus
786 4760 887 4816 lib.
922 4770 1109 4818 contra
1150 4763 1474 4831 Marianum,
1503 4785 1531 4814 «
1573 4764 1847 4819 continuo
1895 4765 2180 4836 Cypriano

530 4849 896 4907 denuntiavit
927 4852 1080 4924 quod
1111 4851 1160 4908 si
1219 4852 1328 4909 hoc
1385 4853 1670 4910 auderent
1726 4851 2030 4909 haereticos
2094 4870 2182 4910 re-

537 4941 877 5013 baptizare),
901 4941 972 4996 ab
995 4941 1252 4998 Ecclesia
1273 4943 1655 5015 pellerentur:
1685 4947 1742 4999 et
1769 4943 2048 5014 Stephani
2080 4960 2182 5015 po-

536 5030 654 5086 tius
687 5047 864 5101 quam
887 5031 1154 5101 Cypriani
1179 5033 1527 5087 sententiam
1570 5036 1726 5086 tenet
1763 5032 2034 5098 Ecclesia,
2068 5050 2180 5088 non

538 5119 733 5174 solum
757 5119 828 5173 de
852 5134 965 5172 non
989 5119 1422 5190 rebaptizandis
1443 5118 1749 5184 hzsreticis,
1773 5136 1973 5174 verum
2005 5121 2180 5176 etiam

535 5209 604 5262 de
637 5207 1137 5279 rebaptizantibus
1160 5224 1274 5262 non
1319 5207 1649 5262 ferendis.»
1706 5207 2027 5264 Damnetur
2071 5208 2180 5281 igi-

531 5303 631 5352 tur
659 5296 990 5368 Stephanus
1027 5313 1061 5351 a
1100 5294 1424 5363 neotericis,
1470 5301 1752 5368 tyrannus
1805 5301 1863 5351 et
1906 5296 2182 5354 immanis

535 5384 917 5442 ecclesiarum
950 5401 1263 5457 oppressor
1283 5386 1357 5440 ab
1387 5385 1532 5458 ipsis
1565 5391 1820 5453 vocetur,
1873 5386 1970 5458 qui
2021 5389 2183 5442 reba-

545 5511 689 5638 16932
745 5510 942 5565 Ηιέἰον.
993 5508 1208 5578 coclea,
1268 5511 1371 5567 lib.
1431 5529 1505 5577 γι,
1564 5528 1613 5567 c.
1672 5513 1729 5579 7,
1789 5512 1928 5568 edit.
1988 5513 2181 5571 Paris.

612 5653 689 5732 (2)
722 5653 1068 5732 Commonit,
1101 5650 1149 5714 ὸ.
1182 5656 1236 5714 9.

2282 3305 2400 3359 imo
2454 3307 2683 3358 tantum
2743 3300 2902 3355 illius
2957 3300 3299 3370 aequitatem
3349 3297 3576 3361 extollit,
3625 3300 3831 3364 quantum

2281 3393 2490 3448 borum
2515 3391 2946 3446 contumaciam
2974 3390 3186 3459 carpit,
3213 3389 3358 3443 dum
3379 3388 3518 3443 istos
3538 3408 3564 3435 «
3581 3382 3738 3438 inanis
3754 3379 3834 3447 glo-

2282 3481 2693 3547 riae,audaciae,
2739 3478 3106 3544 temeritatis,
3123 3483 3310 3544 »etc.,
3347 3481 3590 3537 accusat,
3610 3470 3726 3526 utin
3752 3469 3834 3536 ipso

2284 3574 2567 3626 tractatus
2608 3568 2768 3623 aditu
2829 3566 3005 3622 videri
3065 3570 3287 3638 potest.
3338 3565 3398 3620 Si
3447 3579 3574 3634 ergo
3619 3558 3836 3629 episcopi).

2282 3659 2382 3730 qui
2416 3659 2664 3713 suismet
2713 3657 2898 3712 oculis
2955 3656 3428 3710 observabantur
3475 3647 3705 3706 referenti
3743 3644 3836 3698 lides

2281 3748 2630 3815 adhibenda,
2664 3746 2826 3801 vides
2857 3745 3140 3817 Cypriano
3175 3743 3432 3814 aliisque
3463 3731 3835 3810 rebaptizatiouis

2285 3839 2603 3894 novitatem
2645 3834 3151 3890 introducentibus
3215 3833 3518 3888 adversam
3563 3835 3681 3882 tunc
3715 3823 3838 3878 fuisse

2283 3950 2311 3978 ‹‹
2334 3925 2724 3982 venerabilem
2747 3922 3125 3978 ecclesiarum
3157 3922 3432 3977 omnium
3451 3915 3838 3973 auctoritatem.»

2283 4016 2429 4081 Quia
2460 4015 2737 4070 nimirum
2771 4012 3049 4084 Stephani
3080 4009 3484 4083 praecipientis
3525 4001 3839 4064 auctoritatem

2283 4120 2487 4161 omnes
2545 4103 2657 4158 illis
2703 4100 2963 4158 ecclesias
3006 4099 3388 4156 assentiendo
3438 4102 3496 4153 et
3547 4084 3837 4170 approbando

2284 4211 2453 4250 suam
2487 4193 2758 4249 fecerant.
2792 4191 2868 4246 Ex
2900 4205 3015 4261 quo
3047 4192 3209 4260 patet
3257 4185 3536 4260 Stephani
3575 4181 3839 4256 praceptnm

2276 4284 2531 4355 justum,
2565 4295 2915 4352 aequumque
2943 4277 3059 4334 illis
3101 4277 3386 4334 omnibus
3444 4271 3678 4332 ecclesiis
3712 4267 3839 4320 visum

2282 4371 2485 4429 fuisse.
2517 4369 2705 4434 Quare
2732 4370 2910 4425 etiam
2942 4367 3231 4440 Cypriano
3263 4370 3432 4422 tanta
3458 4367 3611 4437 juxta
3628 4360 3843 4416 auctorem

2283 4467 2554 4518 nostrum
2585 4458 2666 4514 nil
2696 4457 2756 4514 in
2788 4474 2965 4513 causo
2994 4456 3376 4528 baptismatis
3408 4453 3760 4510 haareticorum
3789 4441 3844 4534 in:

2400 4549 2536 4606 andi
2568 4571 2597 4600 «
2631 4547 2939 4603 humilitas
2973 4547 3185 4602 I300
3215 4550 3345 4602 erat
3377 4540 3696 4601 necessaria,
3723 4559 3745 4584 ι)
3776 4531 3845 4584 nisi

2292 4641 2432 4713 quia
2463 4638 2796 4711 Stephanus
2827 4640 3203 4709 praeceperat,
3239 4651 3314 4691 ne
3352 4633 3564 4706 aliquid
3595 4633 3644 4684 in
3671 4642 3726 4681 ea
3746 4633 3845 4713 que-

2291 4711 2481 4786 stions
2502 4728 2925 4784 innovaretur‘!
2949 4726 3029 4781 Ex
3057 4741 3175 4796 quo
3207 4725 3430 4781 iterum
3462 4721 3677 4795 apparet
3701 4711 3848 4786 quanta

2291 4818 2466 4874 fuerit
2493 4817 2647 4888 apud
2678 4815 2924 4872 citatum
2955 4822 3258 4871 auctorem
3291 4813 3400 4871 lati
3430 4830 3464 4868 a
3492 4808 3847 4880 Stephanoprﬁ'

2293 4908 2442 4981 cepti
2475 4908 2562 4962 vis
2592 4923 2656 4962 ac
2689 4905 2953 4977 zequitas.

2364 4998 2458 5053 Vl.
2478 4997 2593 5053 Nec
2615 4995 2979 5067 Stephanum
3000 4993 3152 5066 quod
3179 4990 3664 5065 rebaptizantibus
3696 4990 3845 5038 excom-

2293 5085 2749 5143 municationem
2784 5084 3182 5138 comminatus
3217 5074 3846 5152 fueritimproliabantno-

2291 5175 2438 5232 biles
2469 5176 2584 5229 duo
2618 5172 2892 5228 Ecclesiae
2920 5172 3198 5226 Romanis
3233 5169 3562 5244 praesbyteri
3603 5158 3848 5244 Dionysius.

2293 5270 2351 5320 et
2382 5263 2706 5333 Philemon,
2741 5260 2840 5334 qui
2874 5264 3020 5317 teste
3073 5242 3351 5334 Dionysio
3397 5254 3746 5315 Alexandrino
3785 5242 3849 5295 hoc

2292 5355 2448 5412 idem
2471 5369 2606 5410 cum
2631 5351 2927 5423 Stephano
2951 5350 3288 5406 sentiebant
3314 5369 3327 5406 :
3366 5374 3392 5401 ‹‹
3427 5353 3599 5403 Antea
3619 5339 3818 5414 quidem.
3836 5349 3848 5370 ν

2366 5519 2443 5585 (3)
2474 5514 2611 5572 Ibid.

2365 5592 2439 5663 (4)
2471 5588 2536 5644 In
2565 5587 2816 5663 tractatu
2837 5582 2936 5654 qui
2966 5581 3169 5663 incipit
3200 5582 3300 5640 his
3333 5581 3552 5641 verbis:
3581 5579 3686 5635 Non
3721 5563 3848 5623 debere

2292 5654 2488 5734 deuito,
2517 5664 2627 5718 etc.
2651 5658 2778 5735 jam
2810 5671 2991 5731 supra
3020 5654 3217 5713 citato.
