4088 6174
216 283 371 344 i353

1165 281 1368 342 PARS
1413 281 1490 342 II.
1523 312 1599 326 -—
1631 278 2196 344 RECEN'I‘IORUM
2242 281 2680 345 EXCURSUS.

3462 289 3622 350 i354

212 413 414 485 inquit
449 412 762 485 Dionysius
781 411 1058 468 Alexand.
1084 414 1238 484 apud
1260 413 1496 479 Euseb.,
1537 413 1576 468 l.
1622 430 1694 468 v11
1727 415 1864 468 Hist.
1892 416 1942 480 Α
1978 413 2256 468 munione
2276 413 2696 480 discessurum,
2723 437 2750 464 ››
2800 417 2954 471 recte
2986 415 3189 472 scribit
3212 439 3241 466 «
3273 419 3619 490 gravissime

213 520 265 560 ο.
297 505 356 573 5,
392 526 420 552 ‹‹
457 503 682 558 litteras
712 502 1027 573 scripserat
1058 503 1434 574 (Stephanus)
1467 504 1536 558 de
1568 501 1781 558 Heleno
1805 507 1862 556 et

213 594 286 649 de
320 591 658 648 Firmiliano
687 609 713 642 ι
753 591 1002 662 aliisque
1031 591 1429 647 Orientalibus
1461 614 1488 642 α
1519 608 1647 648 sese
1687 596 1758 647 ab
1791 591 1858 644 il-

210 682 404 738 lorum
456 679 870 736 communione
925 680 1346 748 discessurum,
1413 681 1568 752 quod
1629 680 1860 735 haereti-

211 788 313 828 cos
334 771 782 842 rebaptizarent.
832 771 905 824 At
933 769 1083 834 vide,
1120 786 1336 840 quaeso,
1379 772 1721 842 gravitatem
1755 786 1860 825 ne-

211 861 384 933 gotii;
408 875 607 914 revera
630 858 787 914 enim
810 859 870 912 in
894 857 1188 926 maximis,
1223 864 1288 913 ut
1327 859 1522 922 audio,
1557 859 1860 930 episcopo-

210 965 346 1005 rum
377 947 661 1015 conciliis,
694 948 991 1002 decretum
1023 951 1132 1013 est,
1187 952 1251 1002 ut
1299 946 1399 1018 qui
1450 947 1522 1002 ab
1572 946 1858 1003 haereticis

210 1040 283 1094 ad
307 1037 654 1093 catholicam
679 1035 996 1092 Ecclesiam
1011 1036 1293 1091 accedunt
1315 1037 1571 1108 primum
1587 1036 1856 1092 catechu-

212 1127 369 1183 meni
407 1127 628 1194 fierent,
661 1142 728 1180 ac
759 1126 965 1181 deinde
995 1126 1206 1180 veteris
1228 1131 1284 1180 et
1313 1125 1530 1196 impuri
1587 1125 1858 1182 t‘ermenti

210 1215 488 1272 sordibus
512 1231 614 1286 per
635 1215 992 1285 baptismum
1020 1219 1428 1286 purgarentur.
1455 1214 1636 1270 Dehis
1667 1215 1858 1270 omni-

209 1307 326 1361 bus
357 1321 462 1377 ego
492 1305 564 1360 ad
597 1303 764 1358 illum
798 1303 1104 1374 epistolam
1138 1303 1267 1359 misi
1299 1320 1508 1374 rogans
1540 1310 1716 1376 atque
1755 1305 1858 1360 ob-

209 1400 456 1460 testans,
492 1394 593 1448 sed
627 1397 685 1448 et
715 1391 1102 1458 charissimis,
1136 1393 1347 1464 inquit,
1377 1393 1656 1449 fratribus
1693 1410 1859 1449 com-

214 1481 572 1556 presbyteris
602 1481 818 1537 nostris
842 1480 1113 1554 Dionysio
1136 1487 1193 1536 et
1222 1481 1545 1538 Philemoni
1572 1484 1668 1554 qui
1695 1484 1858 1554 prius

207 1574 366 1628 idem
397 1589 530 1628 cum
561 1570 854 1642 Stephano
887 1571 1234 1641 sentiebant,
1268 1573 1454 1644 deque
1510 1572 1718 1628 iisdem
1769 1589 1857 1628 re-

208 1662 323 1716 bus
355 1661 426 1716 ad
461 1677 552 1715 me
609 1660 987 1730 scripserant,
1056 1659 1344 1732 scripsi._»
1415 1660 1751 1732 Dionysium
1801 1665 1860 1718 et

209 1749 611 1804 Philemonem
644 1748 940 1820 Stephano
973 1747 1471 1820 rebaptizantibus
1514 1765 1857 1805 excommu-

206 1839 564 1894 nicationem
597 1836 891 1893 minitanti
929 1856 951 1884 α
985 1837 1404 1909 suffragatores
1439 1859 1465 1886 ››
1487 1838 1670 1894 fuisse
1691 1838 1856 1894 testi-

207 1927 408 1983 monio
437 1925 694 1998 Dionysii
730 1925 1008 1980 Alexand.
1044 1926 1218 1981 refert
1265 1927 1437 1981 etiam
1495 1927 1856 1999 Nicephorus

204 2015 487 2072 Callistus
517 2015 630 2088 (5):
664 2015 873 2086 quanti
906 2019 1101 2069 autem
1135 2015 1408 2086 ponderis
1439 2015 1515 2071 sit
1571 2015 1858 2072 Philemo-

206 2107 304 2161 nis
336 2114 394 2161 et
437 2104 761 2177 praesertim
810 2103 1068 2172 Dionysii
1123 2104 1368 2159 Romani
1417 2121 1520 2176 pro
1566 2105 1855 2176 Stephano

206 2194 560 2265 suﬂ‘ragium
583 2193 729 2248 satis
750 2193 1086 2260 ostendunt,
1114 2209 1238 2262 quae
1259 2193 1354 2249 SS.
1397 2194 1595 2249 Patres
1616 2209 1682 2248 ac
1711 2209 1856 2264 prae-

207 2283 382 2354 cipue
415 2283 472 2339 S.
506 2282 757 2338 Basilius
789 2282 866 2353 (6)
924 2288 980 2337 et
1034 2281 1390 2338 Athanasius
1437 2284 1513 2350 (7)
1565 2299 1666 2355 pro
1715 2281 1858 2338 cele-

204 2373 438 2429 branda
471 2371 726 2444 Dionysii
768 2371 1014 2427 Romani
1072 2393 1100 2421 «
1133 2372 1266 2427 ﬁdei
1318 2371 1668 2443 integritate,
1717 2373 1855 2426 doc-

201 2462 386 2528 trina,
420 2459 772 2526 eruditione,
822 2459 1113 2531 sapientia
1169 2459 1418 2532 aliisque
1464 2459 1798 2527 virtutibus,
1828 2483 1850 2509 ι

201 2550 583 2607 cumularunt
613 2548 820 2622 elogia,
853 2549 996 2604 satis
1026 2550 1344 2605 ostendunt
1391 2567 1518 2621 quas
1569 2550 1854 2605 Eusebius

201 2644 343 2713 post
376 2637 712 2710 Dionysium
741 2638 1198 2693 Alexandrinum
1233 2639 1302 2694 de
1334 2638 1434 2692 illo
1465 2637 1634 2693 nobis
1672 2636 1853 2693 tradi-

201 2729 298 2784 dit
325 2727 429 2782 lib.
464 2744 542 2782 v11
574 2729 734 2795 Hist.,
760 2744 886 2798 cap.
917 2728 974 2791 7,
1007 2727 1100 2782 his
1130 2727 1320 2782 verbis
1349 2744 1362 2783 :
1396 2750 1423 2777 «
1457 2731 1624 2782 Hunc
1657 2729 1852 2798 ipsum

199 2817 550 2889 Dionysium
585 2816 912 2871 Romanum
945 2815 1412 2870 eruditissimum
1468 2816 1683 2886 (adhuc
1730 2830 1854 2885 pre-

200 2907 531 2979 sbyterum)
565 2905 854 2978 planeque
883 2904 1294 2959 admirandum
1322 2904 1514 2960 virum
1548 2905 1726 2959 fuisse
1764 2908 1851 2958 te-

197 2995 482 3053 stimonio
508 2995 765 3067 Dionysii
786 2993 1161 3050 Alexandrini
1185 2993 1320 3049 licet
1339 3010 1722 3067 cognoscere;
1735 3016 1762 3043 ››
1787 3011 1852 3048 ac

193 3086 441 3142 tandem
471 3101 634 3142 exeo
691 3084 951 3156 dignosci
1008 3084 1185 3138 etiam
1238 3087 1447 3154 potest,
1501 3084 1651 3154 quod
1700 3082 1850 3138 Petri

200 3175 541 3232 cathedram
573 3177 708 3246 post
736 3178 984 3245 Xystum
1016 3173 1063 3228 ΙΙ
1093 3188 1374 3244 occupare
1407 3173 1702 3229 meruerit.

279 3264 403 3318 VII.
434 3263 748 3335 Dionysius
782 3261 1200 3318 Alexandrinus
1239 3263 1311 3317 ad
1341 3262 1699 3334 Stephanum
1750 3281 1852 3337 per

197 3353 435 3409 litteras
465 3355 767 3423 sequester
799 3351 1048 3407 accessit
1076 3351 1312 3422 quidem
1355 3373 1384 3402 ‹‹
1414 3368 1628 3424 rogans
1677 3359 1853 3426 atque

200 3444 508 3498 obtestans
538 3462 566 3492 »
602 3446 668 3496 ut
699 3458 732 3496 a
763 3441 1001 3496 ferenda
1046 3441 1672 3498 excommunicationis
1721 3460 1854 3498 sen-

199 3530 392 3588 tentia
422 3529 760 3600 abstineret,
795 3530 1044 3601 ideoque
1077 3547 1148 3586 ne
1170 3531 1322 3602 quod
1346 3531 1491 3603 ipsis
1517 3531 1856 3588 intermina-

199 3626 309 3677 tus
358 3619 568 3691 fuerat,
620 3641 649 3670 «
682 3635 810 3675 sese
854 3619 1136 3674 nimirum
1183 3619 1254 3675 ab
1307 3619 1542 3676 illorum
1593 3638 1857 3677 commu-

201 3709 386 3767 nione
402 3709 866 3780 discessurum,»
890 3709 1246 3766 exsecutioni
1271 3709 1858 3768 deinandaret.Fusas

202 3818 241 3855 a
293 3799 567 3871 Dionysio
619 3815 819 3870 preces
876 3798 1156 3870 Stephani
1217 3798 1500 3854 voluntati
1571 3816 1860 3856 consonas

202 3887 398 3944 fuisse
422 3891 652 3943 constat
682 3903 751 3942 ex
807 3886 1157 3959 Augustino,
1205 3888 1303 3960 qui
1354 3888 1567 3960 saepius
1616 3893 1863 3946 testatur

1889 1792 1936 1857 B

1971 502 2164 573 ipsum
2201 502 2426 571 tulisse,
2459 526 2487 553 ››
2512 503 2736 574 aliquid
2766 522 2801 560 a
2829 504 3135 577 Cypriano,
3168 504 3417 578 aliisque
3465 508 3620 565 circa

1970 590 2374 648 haereticorum
2406 592 2768 664 baptismum
2797 593 3084 650 innovari.
3115 597 3189 650 At
3245 597 3461 652 nedum
3495 598 3622 654 Ste-

1971 679 2232 750 phanum
2251 679 2625 752 aliquatenus
2649 683 3036 754 reprehendat
3056 685 3213 756 quod
3240 685 3299 741 id
3335 706 3362 738 α
3395 687 3616 758 gravis-

1969 767 2116 824 sime
2143 768 2360 838 tulerit,
2387 794 2409 822 ι
2446 787 2576 825 eam
2606 772 2776 827 aftert
2805 770 3052 842 hujusce
3076 773 3357 845 Stephani
3405 775 3616 848 agendi

1968 857 2214 913 rationis
2257 875 2518 926 causam,
2571 875 2699 931 quae
2748 859 2909 916 illius
2959 861 3290 932 aequitatem
3349 863 3616 936 apprime

1967 946 2362 1016 demonstret;
2397 949 2731 1020 Stephanus
2762 950 2919 1005 enim
2960 952 3131 1022 juxta
3178 951 3497 1010 Eusebium
3551 955 3611 1011 id

1966 1036 2313 1108 gravissime
2360 1037 2513 1104 tulit,
2564 1038 2703 1110 quia
2752 1043 2913 1095 ratus
2963 1039 3152 1096 fuerat
3200 1041 3280 1096 nil
3331 1043 3612 1101 adversus

1967 1125 2268 1196 antiquam
2300 1126 2565 1183 Ecclesia
2596 1128 2973 1184 traditionem
3006 1145 3135 1185 esse
3178 1129 3609 1203 innovandum;

1972 1238 1992 1264 ι
2029 1215 2373 1303 Cyprianus,
2405 1216 2619 1288 inquit,
2652 1217 2692 1271 l.
2725 1235 2805 1272 vn
2835 1219 2998 1287 Hist,
3033 1235 3083 1276 c.
3116 1220 3172 1286 3,
3221 1221 3456 1278 nonnisi
3513 1239 3616 1294 per

1968 1303 2326 1376 baptismum
2350 1306 2421 1361 ab
2440 1322 2632 1362 errore
2653 1307 2818 1378 prius
2834 1308 3185 1366 emundatos
3214 1309 3613 1370 admittendos

1965 1410 2095 1450 esse
2124 1396 2371 1451 censuit.
2403 1395 2618 1451 Verum
2651 1395 2986 1468 Stephanus
3018 1397 3164 1454 nihil
3196 1400 3476 1458 adversus
3493 1405 3610 1458 tra-

1967 1482 2247 1539 ditionem
2270 1501 2398 1556 quae
2414 1485 2540 1554 jam
2564 1484 2702 1541 inde
2723 1486 2794 1542 ab
2817 1486 3044 1542 ultimis
3063 1488 3428 1560 temporibus
3466 1491 3612 1547 obti-

1967 1577 2172 1628 nuerat
2216 1573 2616 1629 innovandum
2668 1578 2852 1643 ratus,
2901 1576 3248 1648 gravissime
3289 1577 3347 1632 id
3399 1578 3552 1635 tulit.
3579 1603 3607 1630 ››

1966 1661 2114 1726 Quid
2150 1679 2320 1733 porro
2350 1662 2576 1733 aequius
2606 1679 2674 1719 ac
2712 1663 3037 1736 sapientius
3082 1666 3402 1722 novitatem
3456 1670 3609 1725 anti-

1965 1766 2090 1820 quae
2142 1750 2406 1807 Ecclesiae
2477 1750 2780 1809 traditioni
2842 1753 3194 1811 contrariam
3262 1758 3610 1828 gravissime

1968 1838 2135 1894 ferre.

2039 1927 2133 1982 IX.
2160 1927 2307 1991 Quid
2330 1929 2503 1985 etiam
2528 1930 2598 1986 de
2619 1930 2914 2003 Stephano
2936 1931 3184 1988 senserit
3222 1934 3281 1989 Β.
3327 1934 3608 2009 Hierony-

1968 2033 2101 2072 mus
2123 2017 2445 2090 percipitur
2471 2036 2538 2075 ex
2567 2036 2674 2075 suo
2706 2020 2987 2077 adversus
3026 2021 3422 2079 Luciferianos
3472 2023 3608 2080 Dia-

1966 2105 2117 2178 logo,
2152 2107 2209 2161 in
2243 2123 2356 2178 quo
2389 2124 2503 2163 non
2546 2108 2727 2165 semel
2773 2109 2843 2164 de
2891 2117 3088 2165 exorta
3132 2111 3192 2166 S.
3239 2111 3606 2185 Stephanum

1965 2194 2119 2250 inter
2134 2200 2190 2250 et
2210 2195 2267 2251 S.
2293 2195 2642 2268 Cyprianum
2675 2197 2735 2253 in
2766 2214 2944 2255 causa
2990 2199 3268 2271 baptismi
3311 2201 3608 2258 haeretico-

1966 2301 2094 2338 rum
2127 2285 2552 2342 concertatione
2575 2287 2864 2343 meminit.
2898 2287 2981 2344 Ibi
3013 2304 3149 2362 ergo
3182 2311 3210 2341 «
3242 2290 3608 2362 Stephanum

1964 2390 1996 2428 a
2025 2373 2308 2445 Cypriano
2332 2373 2651 2431 laceratum
2678 2397 2706 2426 »
2731 2375 2911 2433 fuisse
2932 2377 3157 2446 scribit,
3174 2383 3234 2435 at
3251 2379 3608 2452 Cyprianum

1965 2478 1998 2516 a
2017 2461 2312 2532 Stephano
2332 2462 2532 2520 minus
2555 2463 2706 2521 bene
2727 2465 2998 2522 habitum
3022 2467 3194 2524 sicuti
3215 2485 3330 2530 non
3354 2471 3608 2542 censuit,

1963 2551 2046 2605 ita
2093 2566 2196 2606 nec
2253 2552 2528 2620 tradidit;
2607 2552 2726 2608 imo
2789 2553 3067 2627 Stephani
3134 2558 3475 2614 constantiae
3541 2575 3611 2616 ao

1961 2637 2080 2694 zelo
2130 2639 2390 2707 ascribit,
2461 2640 2616 2712 quod
2686 2640 2836 2696 irriti
2901 2644 3119 2700 fuerint
3170 2645 3439 2717 Cypriani
3503 2664 3607 2719 pro

1963 2729 2246 2783 mutanda
2303 2729 2547 2800 antiqua
2611 2730 2876 2786 Ecclesia:
2960 2732 3274 2790 traditione
3360 2741 3607 2792 conatus

1963 2837 1991 2866 (ι
2023 2815 2278 2871 Conatus
2305 2822 2412 2882 est,
2446 2817 2657 2889 inquit,
2691 2819 2901 2874 beatus
2933 2819 3258 2893 Cyprianus
3316 2824 3606 2880 contritos

1961 2903 2123 2959 lacus
2155 2904 2355 2975 fugere
2384 2922 2450 2960 ac
2481 2905 2678 2962 bibere
2707 2907 2779 2963 de
2808 2923 2964 2980 aqua
3021 2909 3231 2978 aliena,
3279 2914 3337 2966 et
3385 2911 3602 2968 idcirco

1965 2992 2370 3048 haereticorum
2413 2994 2709 3066 baptisma
2752 2997 3072 3068 reprobans
3117 2999 3188 3054 ad
3239 2999 3606 3072 Stephanum

1963 3087 2102 3137 tunc
2131 3086 2404 3138 Romana;
2428 3083 2592 3140 urbis
2622 3085 2964 3158 episcopum
3005 3103 3182 3159 super
3211 3089 3318 3145 hac
3347 3106 3410 3146 re
3451 3090 3606 3147 Afri-

1880 3156 1923 3223 C
1965 3187 2172 3227 canam
2202 3174 2489 3243 synodum
2520 3171 2749 3238 direxit,
2782 3156 2884 3232 sed
2914 3156 3159 3233 conatus
3207 3178 3335 3249 ejus
3383 3179 3604 3237 frustra

1959 3260 2088 3314 fuit.
2111 3281 2138 3310 »

2030 3351 2218 3421 Atque
2263 3349 2407 3406 adeo
2468 3350 2686 3406 frustra
2755 3352 3186 3425 rebaptizantes
3244 3355 3607 3428 Stephanum

1963 3442 2266 3510 rogarunt,
2294 3438 2614 3510 utjuxtaS.
2639 3439 2945 3496 Doctorem
2967 3457 3144 3498 suum
3165 3458 3420 3499 errorem
3444 3445 3616 3516 depo-

1967 3526 2196 3582 suerint
2224 3530 2282 3582 et
2329 3527 2636 3600 antiquato
2675 3529 2855 3585 veteri
2901 3546 3116 3588 novum
3163 3531 3468 3589 emiserint
3517 3535 3620 3590 de-

1971 3621 2229 3682 cretum;
2293 3617 2477 3689 pergit
2533 3617 2728 3674 enim:
2790 3641 2818 3669 «
2871 3619 3126 3692 Denique
3201 3619 3287 3676 illi
3352 3622 3622 3695 episcopi

1970 3704 2272 3778 (Africani)
2328 3706 2430 3778 qui
2479 3706 2931 3779 rebaptizandos
2978 3709 3280 3767 haereticos
3353 3727 3490 3767 cum
3555 3729 3624 3768 eo

1971 3794 2300 3866 (Cypriano)
2333 3799 2660 3851 statuerant
2689 3797 2760 3852 ad
2785 3798 3091 3869 antiquam
3135 3801 3621 3857 consuetudinem

1971 3882 2217 3939 revoluti
2239 3900 2454 3939 novum
2484 3885 2732 3941 emisere
2748 3886 3068 3944 decretum.
3095 3912 3118 3942 ι
3148 3888 3232 3943 En
3253 3888 3393 3960 quid
3413 3889 3622 3945 lucrati

1973 3972 2091 4028 sint
2109 3972 2364 4028 Africani
2387 3974 2826 4046 adStephanum
2849 3976 3622 4049 confugientes.An,quaeso,

1972 4061 2250 4134 Stephani
2309 4063 2366 4117 in
2399 4062 2704 4119 Africanos
2733 4065 2950 4136 agendi
2983 4065 3266 4121 rationem
3291 4065 3623 4138 vituperare

204 3977 578 4048 Stephanum
627 3993 762 4032 cum
817 3977 1102 4048 Cypriane
1151 3993 1354 4048 pacem
1412 3985 1468 4032 et
1515 3977 1860 4034 charitatem

206 4082 611 4135 conservasse,
636 4071 693 4121 et
716 4069 1143 4137 consequenter
1165 4065 1321 4121 intra
1351 4067 1506 4123 solas
1527 4083 1862 4123 excommu-

208 4155 528 4210 nicationis
561 4155 752 4210 minas
785 4155 1018 4210 stetisse
1049 4171 1153 4210 nec
1185 4154 1428 4210 ulterius
1488 4173 1864 4229 progressum
1976 4150 2264 4222 potuisset
2293 4152 2698 4225 Hieronymus,
2729 4169 2797 4208 ex
2829 4169 2946 4226 qua
2991 4157 3220 4210 tantum
3252 4155 3508 4211 Africani
3558 4171 3627 4211 80

206 4244 400 4300 fuisse
434 4245 532 4316 (8).
591 4247 656 4298 At
710 4244 1155 4316 intempestivas
1207 4244 1388 4300 fuisse
1434 4245 1542 4301 has
1588 4245 1865 4317 Stephani
1978 4239 2251 4296 universa
2299 4241 2553 4296 Ecclesia
2600 4240 2829 4297 lucrum
2880 4242 3325 4315 percepissent?
3365 4244 3627 4300 Tandem

206 4333 410 4390 minas
443 4333 784 4390 nullatenus
814 4333 1025 4389 asserit
1057 4333 1392 4406 Dionysius,
1427 4339 1482 4390 et
1513 4336 1769 4407 profecto
1817 4334 1867 4390 si
1979 4328 2282 4385 concludit
2310 4334 2366 4385 8.
2408 4330 2620 4386 Doctor
2651 4335 2780 4401 post
2802 4331 2978 4387 verba
2998 4331 3170 4387 modo
3194 4332 3406 4388 citata:
3436 4354 3458 4385 ι
3479 4333 3630 4398 Quid

203 4421 360 4479 tales
387 4421 514 4478 illas
546 4422 965 4492 existimasset,
997 4422 1201 4478 eadem
1256 4422 1542 4490 libertate,
1595 4440 1711 4494 qua
1753 4422 1866 4495 ipsi
1980 4418 2277 4474 facimus?
2312 4420 2394 4474 Ita
2425 4423 2483 4472 et
2512 4417 2684 4474 nobis
2717 4420 2968 4491 majores
3001 4419 3208 4486 nostri,
3259 4425 3315 4477 et
3363 4421 3480 4479 illis
3539 4422 3633 4479 sui

207 4511 586 4585 significabat
608 4511 965 4568 exsecutioni
991 4528 1106 4568 non
1129 4528 1257 4567 esse
1278 4512 1870 4585 demandandas,ipsi
1902 4524 1948 4589 D
1982 4506 2274 4563 tradidere
2299 4507 2574 4578 majores.
2604 4528 2632 4556 »
2656 4508 2731 4562 Ex
2764 4507 2979 4579 quibus
3037 4507 3374 4583 Hieronymi
3420 4510 3632 4583 verbis,

208 4600 438 4674 pariter
493 4601 820 4672 aperuisset
879 4601 1228 4656 immaturas
1278 4618 1342 4655 ac
1414 4601 1613 4656 1301
1675 4601 1873 4658 minus
1986 4594 2266 4668 intelligis
2296 4597 2649 4652 imitandum
2681 4596 2753 4652 ab
2787 4596 2913 4668 ipso
2946 4596 3328 4655 Luciferianis
3387 4601 3634 4673 proponi

208 4705 414 4760 mquas
443 4688 652 4756 fuisse,
682 4689 860 4761 idque
890 4706 955 4745 eo
989 4689 1198 4762 magis,
1233 4689 1387 4761 quod
1421 4690 1470 4745 si
1523 4691 1873 4747 adversariis
1985 4683 2267 4757 Stephani
2311 4683 2502 4740 zelum
2549 4701 2615 4740 ac
2659 4685 2922 4740 studium
2982 4684 3041 4740 in
3101 4689 3518 4745 conservandis
3565 4705 3634 4745 ac

212 4777 439 4833 nostris
467 4777 784 4846 credimus,
819 4777 1321 4850 rebaptizantibus
1352 4778 1476 4850 ipse
1506 4780 1874 4852 suﬂ‘ragaba-
1983 4773 2314 4846 posteritati
2351 4773 2839 4842 tranSmittendis,
2873 4790 2998 4846 quea
3031 4775 3157 4848 ipse
3186 4793 3218 4831 a
3250 4777 3375 4834 suis
3397 4778 3633 4848 majori-

207 4873 348 4934 tur;
383 4866 498 4921 imo
532 4867 729 4937 justas
771 4884 934 4939 aeque
973 4883 1038 4922 ac
1092 4867 1362 4939 provides
1409 4868 1544 4924 illas
1591 4868 1868 4941 Stephani
1984 4863 2094 4919 bus
2143 4867 2481 4935 acceperat;
2531 4879 2599 4918 ex
2659 4879 2774 4934 quo
2825 4880 3032 4919 rursus
3101 4865 3396 4937 colligitur
3454 4883 3630 4939 quam

210 4955 417 5011 minas
443 4954 554 5010 sibi
579 4956 732 5010 visas
753 4972 880 5010 esse
903 4956 1048 5011 satis
1066 4955 1306 5025 indicat,
1329 4973 1462 5012 cum
1497 4957 1638 5013 solis
1680 4959 1873 5030 preci-

207 5047 328 5100 bus
361 5044 598 5100 illarum
631 5045 1064 5100 exsecutionem
1097 5051 1352 5101 avertere
1385 5046 1711 5102 tentaverit.

295 5134 442 5188 VIII.
466 5134 753 5190 Eusebius
775 5133 1172 5204 Cazsariensts,
1205 5134 1304 5205 qui
1331 5150 1398 5189 ex
1442 5135 1710 5208 Dionysio
1748 5151 1872 5207 per-

213 5227 459 5294 ceperat
488 5227 544 5279 et
575 5223 634 5278 in
671 5241 782 5280 sua
825 5223 1080 5280 Historia
1128 5223 1455 5280 inseruerat
1506 5225 1868 5297 Stephanum

221 5310 734 5382 rebaptizantibus
765 5312 1128 5386 significasse
1162 5333 1183 5362 α
1218 5329 1344 5370 sese
1358 5313 1429 5370 ab
1451 5312 1684 5370 illorum
1707 5331 1872 5372 com-

1985 4953 2158 5008 fuerit
2209 4952 2436 5008 alienus
2491 4953 2550 5008 S.
2611 4952 2822 5009 Doctor
2873 4953 2943 5008 ab
3011 4951 3246 5009 illorum
3318 4955 3627 5025 sententia,

1983 5043 2083 5113 qui
2107 5041 2596 5114 Stephanizelum
2648 5043 2987 5108 traducunt,
3019 5047 3087 5098 ut
3133 5042 3511 5115 praecipitem,
3561 5061 3629 5102 ac

1983 5132 2052 5187 ad
2085 5132 2283 5188 omnia
2311 5133 2670 5188 devastanda
2695 5131 2866 5186 unice
2888 5131 3184 5188 idoneum.

2050 5223 2114 5278 X.
2148 5222 2257 5278 Pro
2288 5220 2571 5292 Cypriane
2602 5220 2970 5276 defendendo
3000 5236 3067 5275 ac
3121 5221 3458 5278 excusando
3500 5238 3634 5295 pro-

1981 5311 2205 5369 niorem
2238 5310 2445 5367 1802
2476 5326 2541 5367 ac
2573 5309 2953 5366 illustriorem
2976 5311 3307 5382 Augustino
3333 5311 3633 5369 neminem

322 5468 379 5543 5)
411 5472 639 5542 Hi:tor.,
673 5471 712 5528 l.
745 5489 821 5540 v1,
871 5488 922 5544 c,
955 5473 1008 5545 7,
1064 5474 1216 5546 apud
1274 5475 1546 5530 Fronton.
1597 5479 1734 5532 Duc.
1785 5491 1866 5549 p.,
2052 5473 2107 5544 (‘7
2147 5473 2222 5555 De
2252 5471 2456 5544 Synod.
2533 5486 2625 5544 ag.
2657 5469 2787 5526 918.
3561 5543 3594 5559 η

294 5471 364 5616 ἕ..
406 5615 442 5616 ἡ
492 5613 504 5616 _
2053 5474 2131 5616 (si
2153 5544 2275 5599 Lib.
2302 5561 2355 5599 v.
2387 5543 2454 5599 de
2482 5488 2616 5616 Bap.
2674 5552 2855 5600 contr.
2905 5542 3101 5598 Donat.
3153 5559 3203 5599 c.
3249 5543 3342 5611 25,
3386 5549 3444 5602 et
3499 5548 3594 5602 atii

217 5542 374 5687 39(86)
405 5615 444 5670 Ε
491 5613 567 5672 .t
618 5616 726 5670 220
909 5542 914 5544 ⁷
994 5542 1002 5545 ’
1101 5542 1120 5546 “
1785 5542 1804 5549 ’
1848 5542 1862 5549 ⁷
1983 5617 1995 5629 ⁹
2053 5542 2355 5672 (ῗηιὶδξν.
2387 5542 2616 5676 ἀεβῶιῦ
2674 5552 2855 5600 contr.
2905 5542 3101 5598 Donat.
3153 5559 3203 5599 c.
3249 5543 3342 5611 25,
3386 5549 3444 5602 et
3499 5543 3632 5604 aliis

450 5631 540 5687 pis
572 5656 585 5671 .
727 5657 742 5675 .
1980 5634 2042 5674 in
2095 5632 2217 5674 ocis
2247 5632 2425 5687 supra
2452 5632 2501 5673 Cl
2596 5631 2669 5673 is.

1980 5617 2042 5674 in
2073 5615 2217 5674 lecis
2247 5632 2425 5688 supra
2452 5615 2669 5676 citatis.

538 5743 803 5833 PATROL.
849 5744 955 5810 ιιι.
1419 5729 1424 5732 ’

3234 5744 3313 5818 43
