4088 6174
513 297 674 358 I355

1564 295 1666 353 DE
1714 292 2302 355 li/ERETICORUM
2354 293 2873 354 BAPTISMATE.

3659 309 3770 370 1356

513 429 769 481 ostentat
797 424 1148 495 antiquitas;
1182 427 1322 494 quot
1363 424 1422 478 in
1471 440 1538 480 eo
1587 423 1803 479 fuerint
1844 423 2155 495 Augustini
2187 425 2236 490 Α
2273 427 2336 478 ut
2355 439 2422 479 ex
2439 425 2822 496 eoAugustini
2845 428 3101 480 mentem
3126 428 3777 503 certoassequipossisetde.

514 518 780 580 conatus,
814 511 912 584 qui
946 512 1128 576 zelus,
1161 512 1260 582 qui
1301 514 1493 578 ardor,
1529 529 1658 584 quae
1689 512 1964 568 facundia
1985 516 2160 583 atque

515 603 866 670 constantia,
919 602 1082 656 solus
1128 603 1357 670 ignorat
1405 601 1505 673 qui
1555 601 1613 656 in
1666 601 1855 674 ipsius
1925 601 2158 672 scriptis

515 691 730 764 hospes
757 690 994 746 omnino
1052 691 1164 757 sit;
1219 689 1484 761 apprime
1533 695 1771 746 noverat
1819 690 1876 745 S.
1930 695 2155 756 Doctor,

517 781 617 853 qui
651 785 774 852 ipse
816 781 1085 835 tradebat
1131 779 1492 851 Stephanum
1543 780 1826 851 Cypriano
1872 778 1931 833 in
1981 795 2160 834 causa

514 869 888 942 baptismatis
912 869 1310 924 haereticorum
1335 891 1364 919 «
1390 868 1737 940 praecepisse
1759 869 1835 940 (9)
1857 884 1923 924 ac
1959 868 2155 939 ipsum

515 958 933 1016 abstinendum
978 963 1219 1030 putasse
1246 957 1378 1029 (10).
1413 977 1440 1010 ιι
1496 958 1739 1029 Legerat
1780 962 1836 1012 et
1885 956 2157 1028 Cypriani

515 1048 587 1104 ad
639 1045 978 1118 Pompeium
1027 1045 1354 1117 epistolam,
1407 1046 1465 1100 in
1520 1062 1635 1117 qua
1683 1045 1963 1117 Stephani
2013 1062 2156 1117 pra:-

514 1141 750 1208 ceptum
783 1141 839 1191 et
867 1135 1491 1191 excommunicationis
1537 1135 1729 1191 minas
1772 1135 1982 1190 acriter
2028 1151 2156 1206 per-

513 1225 863 1296 stringebat,
897 1241 964 1280 ac
989 1223 1132 1280 illud
1168 1224 1404 1296 quidem
1436 1240 1538 1280 seu
1577 1223 2054 1294 intempestivum
2101 1226 2160 1279 et

512 1313 1035 1380 inconsideratum,
1053 1313 1200 1368 istas
1227 1329 1360 1368 vero
1386 1329 1489 1369 seu
1521 1313 1718 1368 minus
1741 1329 1938 1384 aequas
1964 1313 2158 1369 acrius

514 1402 865 1473 exagitabat.
897 1403 1086 1466 Quare
1115 1417 1252 1474 ergo
1281 1401 1568 1474 Cypriano
1617 1401 1895 1473 Stephani
1946 1401 2155 1473 agendi

514 1491 801 1547 rationem
856 1490 1302 1562 reprehendenti
1369 1507 1483 1546 non
1549 1490 1915 1546 assentitur?
1972 1491 2160 1555 Quare

515 1580 786 1652 Cypriani
808 1579 1105 1649 Stephano
1129 1579 1484 1652 praecipienti
1508 1579 2017 1650 inobsequentiam
2041 1595 2158 1635 non

515 1669 936 1739 excusat,quod
959 1668 1368 1739 intempestiva
1387 1685 1453 1722 ac
1480 1667 1677 1723 minus
1693 1685 1860 1738 aequa
1879 1667 1937 1722 in
1962 1668 2158 1740 ipsum

516 1757 692 1813 fuerit
719 1756 995 1827 Stephani
1028 1757 1237 1829 agendi
1273 1757 1418 1812 ratio
1438 1757 1465 1811 7
1494 1757 1675 1812 Totus
1707 1756 2043 1812 minuendis
2091 1773 2157 1810 ac

516 1846 812 1903 elevandis
833 1846 1103 1918 Cypriani
1126 1846 1333 1901 erratis
1355 1846 1593 1902 vacabat
1611 1843 2158 1916 Augustinus.Nihil

517 1935 650 1991 novi
697 1935 940 1990 dixisset
994 1934 1145 1989 hanc
1192 1935 1623 1991 excusationem
1673 1933 1984 1990 afferenda.
2028 1933 2158 1988 Jam

515 2024 819 2096 prmiverat
845 2023 971 2094 ipse
1001 2022 1350 2096 Cyprianus,
1390 2023 1491 2096 qui
1541 2023 1808 2079 eamdem
1860 2023 2156 2079 attulerat.

515 2114 704 2177 Quare
731 2128 866 2184 ergo
889 2111 1488 2184 Cyprianijudicium,
1517 2112 1672 2183 quod
1697 2112 1843 2167 tanti
1889 2111 2158 2180 faciebat,

515 2201 626 2258 hac
674 2201 735 2257 in
768 2205 930 2272 parte
961 2217 1074 2256 non
1107 2199 1412 2272 sequitur?
1441 2200 1501 2255 Si
1533 2216 1664 2255 vera
1692 2199 1855 2270 loqui
1886 2204 1943 2255 et
1961 2200 2160 2254 audire

517 2289 726 2362 placet.
750 2289 952 2345 Talem
975 2306 1091 2344 non
1116 2287 1337 2344 censuit
1360 2289 1746 2360 Augustinus,
1776 2287 2005 2360 qualem
2039 2290 2157 2343 exi-

518 2379 798 2435 stimabat
817 2378 1138 2450 Cyprianus
1161 2377 1437 2450 Stephani
1461 2377 1670 2448 agendi
1695 2377 1995 2444 rationem,
2016 2376 2160 2432 alio-

520 2467 663 2539 quin
691 2467 832 2539 quin
865 2483 968 2538 pro
990 2470 1267 2538 suscepta
1285 2466 1554 2538 Cypriani
1573 2466 2025 2526 defensionetot
2047 2464 2162 2519 alia

521 2555 794 2628 allegavit
811 2560 866 2611 et
886 2553 1401 2628 excogitavit,illud
1427 2555 1678 2626 profecto
1705 2571 1819 2610 non
1841 2554 2158 2625 omisisset,

522 2646 677 2718 quod
700 2645 1023 2718 Cyprianus
1044 2644 1170 2718 ipse
1194 2661 1295 2716 pro
1319 2661 1425 2700 suo
1446 2642 1752 2700 resistendi
1767 2645 1899 2715 jure
1930 2660 2042 2699 non
2072 2659 2163 2699 se-

522 2734 638 2790 mel
668 2735 1012 2790 adduxerat.

592 2827 844 2879 Tantum
867 2823 1032 2879 abest
1057 2826 1121 2878 ut
1138 2821 1404 2894 Cypriani
1429 2822 1488 2878 in
1515 2821 1794 2894 Stephani
1836 2822 2045 2891 agendi
2078 2838 2164 2877 ra-

527 2911 746 2968 tionem
769 2910 940 2982 quasi
963 2909 1160 2966 minus
1181 2927 1406 2982 aequam
1431 2927 1496 2966 ac
1521 2911 1877 2967 moderatam
1910 2909 2163 2983 querelis

526 2999 800 3056 assentiri
822 3017 885 3055 se
907 3015 1077 3072 posse
1098 2999 1407 3055 crediderit
1428 3001 1818 3072 Augustinus,
1842 3004 1908 3055 ut
1928 3017 2028 3057 eas
2050 3017 2164 3056 non

2269 511 2428 565 beas.
2451 511 2576 574 Qua
2594 528 2729 566 vero
2749 512 2956 579 fronte,
2979 512 3242 566 utobiter
3259 513 3443 582 dicam,
3464 523 3628 592 nuperi
3645 524 3776 597 aliqui

2267 600 2622 671 protulerint
2639 602 3035 673 Augustinum
3060 601 3780 678 praecipuamCypriauisaueti-

2268 691 2447 742 tatem
2501 688 2558 742 in
2607 690 2799 758 modo,
2850 706 2965 761 quo
3027 690 3299 746 adversus
3345 692 3640 767 Stephanum
3691 718 3782 759 sese

2266 778 2449 848 gessit
2477 777 2877 846 constituisse,
2914 779 3166 836 viderint
3195 780 3317 852 ipsi,
3348 783 3592 856 nobisque
3623 791 3784 859 patefa.

2267 863 2459 930 ciant;
2494 866 2662 936 quasi
2697 883 2828 922 vero
2858 871 2942 922 tot
2986 866 3103 924 alia
3143 867 3395 941 Cypriani
3439 873 3786 944 praeclarissima

2266 956 2428 1023 gesta
2457 954 2528 1008 ad
2560 955 2858 1022 eximiam,
2891 973 3068 1028 quam
3102 958 3254 1028 apud
3299 959 3464 1016 Deum
3503 966 3551 1017 et
3587 963 3789 1023 homines

2265 1041 2518 1096 obtinuit
2547 1044 2916 1099 sanctitatem
2953 1045 3294 1102 firmandam
3323 1064 3383 1103 ac
3423 1051 3788 1109 constituendam

2265 1128 2510 1186 minime
2532 1131 2887 1188 sufficerent.
2922 1134 2982 1187 In
3016 1135 3394 1206 expendendis
3419 1142 3698 1196 sanctorum
3719 1142 3794 1198 vir-

2264 1217 2513 1290 tutibus,
2562 1222 2966 1293 expendantur
3015 1228 3346 1279 sanctorum
3395 1227 3708 1296 testimonia;
3745 1232 3794 1286 ad

2267 1313 2502 1365 sanctos
2537 1309 2908 1380 potissimum
2942 1316 3168 1384 spectat
3188 1317 3495 1370 sanctorum
3511 1317 3796 1374 veradisoer-

2266 1411 2404 1451 nere
2437 1397 2663 1465 merita,
2695 1414 3018 1472 eorumque
3049 1401 3330 1471 praeconia
3373 1401 3656 1472 celebrare;
3700 1423 3797 1461 san-

2268 1484 2517 1540 ctissimi
2548 1485 2729 1557 igitur
2749 1489 3018 1560 Cypriani
3046 1489 3252 1545 merita
3267 1508 3332 1546 ex
3351 1491 3672 1549 sanctissimo
3690 1496 3798 1567 pari-

2267 1576 2356 1628 ter
2403 1575 2734 1646 Augustino
2782 1577 2954 1633 liceat
2991 1578 3348 1651 dignoscere,
3387 1581 3461 1636 nil
3504 1582 3715 1652 aequius:
3747 1590 3798 1653 at,

2270 1678 2396 1733 quae
2446 1663 2505 1717 in
2563 1664 2848 1736 Cypriano
2898 1684 3011 1723 non
3061 1668 3346 1740 probavit,
3393 1671 3484 1725 sed
3529 1671 3686 1743 potius
3718 1673 3800 1728 velo

2269 1751 2574 1808 cbaritatis
2591 1759 2646 1808 et
2667 1753 2882 1810 silentii
2899 1757 3260 1813 obvolvenda
3283 1760 3800 1832 censuitAugustinus,

2268 1840 2507 1896 veridici
2538 1843 2806 1898 dicamus
2827 1844 2899 1899 ab
2934 1845 3059 1916 ipso
3093 1862 3210 1902 non
3242 1847 3378 1902 adeo
3409 1848 3573 1904 fuisse
3615 1849 3801 1918 laudata,

2271 1933 2335 1984 ut
2365 1930 2422 1984 in
2453 1930 2568 1987 illis
2601 1933 2890 2005 praecipua
2909 1935 3179 2007 Cypriani
3215 1937 3525 1993 sanctitatis
3550 1939 3806 1994 fundamina

2269 2014 2563 2074 locaverit.

2343 2106 2420 2162 Ex
2451 2109 2772 2187 Augustino
2806 2129 3011 2169 rursus
3041 2113 3338 2186 percipere
3385 2114 3666 2187 Iubetque
3696 2115 3809 2170 fuerit

2269 2195 2408 2250 editi
2439 2213 2472 2251 a
2501 2197 2795 2269 Stephano
2839 2202 3110 2273 praecepti
3161 2203 3423 2275 aequitas,
3471 2209 3524 2259 et
3565 2221 3624 2260 au
3665 2204 3806 2260 merito

2270 2285 2384 2357 ipsi
2414 2286 2692 2342 restiterit
2722 2289 3064 2361 Cyprianus.
3099 2291 3223 2348 Etsi
3245 2293 3606 2364 Augustinus;
3628 2297 3679 2349 ut
3695 2293 3811 2349 modo

2269 2375 2633 2440 videbamus,
2661 2382 2973 2434 retractare
2994 2397 3057 2436 se
3079 2380 3237 2436 nolle
3275 2397 3340 2437 ac
3378 2382 3636 2453 praeterire
3667 2381 3809 2436 melius

2270 2480 2400 2520 esse
2422 2466 2783 2536 profiteatur,
2807 2483 2931 2539 qum
2955 2469 3283 2542 Cyprianus
3301 2469 3361 2525 in
3383 2471 3605 2542 Epistota
3621 2473 3681 2526 ad
3701 2471 3811 2525 Pom-

2270 2557 2454 2626 peium
2475 2576 2501 2602 ‹‹
2527 2553 2791 2611 irritatus
2814 2579 2839 2604 ››
2862 2556 2919 2610 in
2943 2557 3314 2630 Stephanum
3341 2581 3367 2610 «
3388 2559 3656 2626 effuderat,
3678 2575 3812 2628 mue

2273 2643 2408 2698 dam
2430 2647 2624 2699 tamen
2645 2643 2830 2699 exilla
2853 2646 3160 2718 decerpere
3192 2665 3260 2704 ac
3285 2648 3493 2704 referre
3531 2647 3699 2713 voluit,
3733 2664 3812 2718 qua

2274 2731 2526 2786 maxime
2547 2735 2683 2803 apta
2696 2739 2861 2789 erant
2873 2735 2944 2789 ad
2969 2735 3334 2805 probandam
3347 2737 3551 2792 conditi
3566 2737 3813 2807 aStephano

2274 2820 2544 2892 praecepti
2576 2822 2933 2892 tequitatem,
2966 2829 3024 2879 et
3053 2823 3412 2897 culpandam
3441 2825 3677 2900 Cypriani
3707 2823 3814 2879 inob-

2275 2911 2720 2980 temperantiam
2747 2929 2760 2977 ;
2794 2912 2850 2966 in
2879 2929 2993 2984 quo
3038 2914 3242 2969 mirari
3275 2915 3418 2970 satis
3447 2931 3553 2970 non
3590 2927 3818 2986 possumus

2275 2998 2686 3070 Augustiniani
2717 3001 2833 3057 vim
2865 3002 3084 3074 ingenii
3117 3020 3186 3058 ac
3236 3005 3448 3060 mentis
3478 3003 3818 3076 perspicaciam,

523 3105 695 3160 posse
726 3088 840 3144 nisi
872 3089 1188 3160 improbari
1223 3089 1656 3161 significaverit,
1717 3088 2167 3144 stcenuissimus
2277 3085 2369 3141 cui
2401 3087 2485 3142 vel
2515 3087 2645 3159 ipsa
2665 3089 2931 3161 Cypriani
2963 3092 3328 3148 documenta
3351 3093 3656 3148 suffecerint
3676 3093 3730 3147 ad
3758 3091 3822 3145 de-

519 3175 656 3233 licet
675 3177 1246 3249 Cyprianidefensor.
1268 3178 1612 3250 Expendens
1627 3178 1783 3232 enim
1806 3177 2074 3250 Cypriani
2095 3178 2165 3232 ad
2199 3161 2241 3226 C
2280 3178 2723 3232 monstrandam
2757 3178 2942 3250 ipsius
2973 3179 3328 3236 resistentia:
3359 3181 3559 3237 labem.
3586 3181 3703 3236 Cum
3719 3178 3821 3234 enim

517 3267 858 3338 Pompeium
882 3266 1273 3338 epistolam,in
1299 3284 1413 3339 qua
1432 3273 1488 3322 et
1509 3268 1745 3338 quidem
1768 3267 1893 3322 sola
1915 3265 2160 3322 Romani

514 3356 811 3428 pontificis
842 3355 1050 3428 agendi
1082 3355 1366 3411 rationem
1399 3354 1705 3411 vellicabat
1743 3355 2158 3426 Carthaginen-

513 3448 597 3503 sis
627 3446 893 3513 antistes,
925 3445 1140 3501 diserte
1171 3446 1513 3516 pronuntiat
1543 3462 1610 3500 ea
1638 3445 1835 3500 omnia
1883 3462 2010 3517 qua:
2056 3446 2158 3518 Cy-

514 3536 757 3608 prianus
788 3551 854 3590 eo
883 3533 994 3588 loci
1026 3537 1229 3589 contra
1282 3533 1644 3604 Stephanum
1676 3534 2007 3606 scripserat,
2043 3551 2155 3590 non

513 3623 770 3679 hominis
785 3621 974 3695 pacati
997 3639 1061 3677 ac
1083 3622 1292 3689 sereni,
1311 3623 1412 3678 sed
1433 3643 1460 3674 α
1478 3623 1687 3678 irritati
1706 3645 1732 3674 ››
1760 3624 1937 3679 fuisse
1958 3623 2152 3692 verba,

514 3729 641 3786 quae
662 3711 859 3767 minus
889 3712 980 3766 sui
1013 3727 1252 3783 compos
1285 3729 1399 3767 non
1429 3711 1618 3767 sobrie
1649 3729 1714 3767 ac
1739 3713 1992 3783 graviter
2024 3729 2154 3784 pro-

513 3801 733 3868 tulerit,
752 3801 853 3857 sed
877 3824 905 3851 «
929 3801 1224 3870 effuderit;
1256 3821 1284 3850 »
1316 3801 1434 3856 imo
1456 3800 1534 3856 ita
1563 3799 2154 3873 moderationi,mqui-

513 3891 617 3947 tati
652 3906 718 3946 ac
743 3889 1013 3946 charitati
1055 3906 1262 3962 parum
1294 3906 1569 3960 consona,
1626 3893 1689 3944 ut
1726 3888 1866 3944 talia
1914 3890 2152 3954 fuerint,

513 3996 673 4050 «qua:
687 3994 800 4034 non
814 3978 954 4035 levis
967 3979 1066 4035 sed
1080 3979 1416 4051 perniciosae
1430 3979 1814 4035 dissensionis
1829 3977 2153 4050 periculum

512 4069 878 4135 habuerunt;
912 4091 938 4118 »
981 4068 1228 4139 ideoque
1267 4067 1604 4123 nullatenus
1633 4084 1700 4122 ea
1729 4083 2022 4136 excusare,
2059 4083 2154 4122 ne-

511 4159 652 4214 dum
677 4158 921 4230 probare
939 4155 1160 4223 valens,
1181 4173 1248 4212 ea
1265 4179 1292 4206 ‹‹
1323 4157 1616 4228 praeterire
1635 4155 1843 4212 melius
1866 4173 1990 4212 esse
2011 4178 2038 4207 »
2066 4156 2155 4212 vir

509 4247 832 4305 christiana
859 4246 1140 4302 charitate
1173 4245 1422 4302 maxime
1454 4245 1732 4317 praeditus
1766 4245 2106 4317 pronuntiat
2133 4264 2146 4302 :

505 4354 578 4394 en
611 4336 926 4409 Augustini
956 4336 1168 4392 verba:
1204 4359 1231 4386 ‹‹
1263 4335 1395 4390 Jam
1428 4334 1528 4390 illa
1560 4352 1685 4406 qua:
1709 4334 1766 4389 in
1791 4334 2149 4406 Stephanum

501 4425 770 4482 irritatus
791 4425 996 4481 effudit
1017 4424 1387 4498 (Cyprianus)
1419 4428 1729 4480 retractare
1751 4422 1902 4493 nolo,
1926 4423 2065 4494 quia
2095 4429 2151 4480 et

2270 3264 2592 3336 Cyprianus
2609 3266 2885 3338 Stephani
2912 3273 3202 3340 praecepto
3215 3287 3270 3326 m
3295 3286 3445 3343 egre
3467 3271 3633 3326 ferens
3649 3270 3694 3324 in
3710 3269 3826 3323 citata

2269 3353 2338 3408 ad
2359 3355 2673 3425 Pompeium
2705 3355 2950 3426 epistola
2971 3357 3221 3414 dixisset
3267 3361 3642 3432 «Episcopum
3672 3355 3823 3412 docibi-

2268 3439 2384 3496 lem
2407 3459 2534 3498 esse
2558 3443 2790 3511 debere,
2812 3450 2871 3499 et
2892 3461 3006 3500 non
3031 3450 3273 3502 tantum
3297 3448 3518 3518 docere,
3541 3448 3630 3504 sed
3643 3454 3689 3502 et
3704 3447 3826 3500 disce.

2267 3547 2327 3586 re
2350 3530 2512 3585 illum
2540 3536 2822 3602 Oportere,
2850 3555 2876 3583 »
2906 3534 3023 3590 haec
3044 3534 3326 3607 Cypriani
3347 3537 3514 3593 verba
3535 3537 3681 3592 refert
3702 3538 3822 3604 atque

2265 3619 2846 3693 probatAugustinus
2867 3623 3068 3694 (42),at
3091 3623 3210 3680 alio
3233 3643 3378 3682 sane
3402 3643 3568 3698 quam
3588 3623 3826 3698 Cyprianus

2265 3708 2477 3780 spiritu
2500 3717 2558 3764 et
2579 3727 2783 3783 scopo;
2806 3711 3128 3784 Cyprianus
3151 3715 3316 3771 enim
3338 3716 3653 3787 episcopum
3672 3709 3824 3767 docibi-

2264 3795 2379 3852 lem
2411 3814 2540 3853 esse
2569 3799 2781 3854 debere
2799 3800 3047 3868 dicebat,
3073 3806 3140 3856 ut
3175 3804 3513 3860 ostenderet
3549 3801 3826 3875 Stephanum

2263 3888 2576 3959 praecipere
2597 3892 2827 3944 tantum
2857 3906 2924 3944 ac
2946 3890 3153 3946 docere
3181 3909 3302 3948 non
3327 3891 3694 3960 debuisse,sed
3707 3889 3824 3944 etiam

2263 3977 2486 4033 discere
2511 3993 2576 4032 ac
2609 3977 2856 4033 aliorum
2889 3979 3224 4037 rationibus
3257 3981 3566 4038 docibilem
3595 3994 3701 4037 sese
3730 3991 3826 4049 pre-

2263 4066 2819 4138 bere;Augustinus
2849 4073 3084 4124 econtra
3143 4069 3253 4126 illa
3302 4071 3564 4144 Cypriani
3616 4065 3825 4125 sententia

2262 4154 2465 4221 utitur,
2497 4159 2559 4210 ut
2588 4157 2857 4211 ostendat
2888 4173 3001 4213 non
3030 4159 3406 4230 Stephanum
3439 4157 3681 4232 Cypriani
3709 4169 3826 4226 argu-

2260 4244 2495 4313 mentis,
2529 4245 2628 4299 sed
2656 4244 3007 4316 Cyprianum
3039 4247 3332 4319 Stephani
3384 4252 3650 4322 praecepto
3675 4241 3827 4300 docibi-

2259 4332 2372 4389 lem
2405 4350 2535 4388 esse
2565 4333 2859 4402 debuisse,
2892 4357 2921 4384 «
2957 4335 3118 4407 quia,
3152 4337 3380 4409 inquit,
3413 4339 3638 4395 recitato
3661 4334 3741 4391 illo
3762 4334 3828 4402 Cy-

2257 4422 2446 4494 priani
2481 4422 2672 4489 effeto,
2706 4424 2861 4478 sicut
2890 4423 3076 4479 multa
3106 4431 3285 4482 erant
3313 4445 3440 4500 quas
3463 4428 3653 4483 doctus
3668 4422 3829 4496 Cypria-

504 4531 620 4569 non
643 4530 791 4586 opus
812 4518 934 4570 est:
969 4515 1168 4569 eadem
1191 4512 1406 4586 quippe
1431 4511 1561 4584 ipsa
1581 4512 1858 4567 dicuntur
1879 4528 2005 4584 quae
2021 4513 2142 4582 jam
2181 4530 2226 4595 ι)
2258 4528 2370 4567 nus
2401 4512 2650 4578 doceret,
2699 4512 2782 4569 sic
2839 4518 2962 4568 erat
3003 4517 3060 4570 et
3104 4514 3341 4588 aliquid
3394 4517 3544 4590 quod
3586 4511 3829 4589 Cyprianus

503 4602 648 4659 satis
686 4602 955 4658 discussa
978 4607 1136 4674 sunt,
1160 4606 1216 4658 et
1236 4619 1302 4659 ea
1327 4601 1619 4674 praeterire
1645 4600 1852 4657 melius
1874 4607 1982 4671 est,
2017 4617 2144 4673 quae

501 4690 846 4764 perniciosas
864 4691 1251 4748 dissensionis
1276 4690 1598 4762 periculum
1620 4689 1951 4744 habuerunt
1965 4691 2011 4760 (l
2027 4690 2097 4762 1),
2117 4713 2142 4739 n

502 4779 748 4837 Hiscene
773 4780 962 4837 verbis
983 4781 1351 4853 Augustinus
1372 4780 1628 4835 ostendit
1659 4795 1719 4834 se
1757 4779 2038 4850 Cypriano
2068 4778 2147 4832 vi-

502 4869 673 4926 rilem
694 4869 969 4941 Stephani
989 4870 1196 4941 agendi
1223 4869 1506 4924 rationem
1522 4867 1777 4940 carpenti
1795 4867 2101 4940 suffragari
2119 4866 2147 4923 ?

503 4960 666 5015 Itane
692 4958 983 5032 significat
999 4959 1053 5014 S.
1084 4957 1466 5014 Doctorillam
1483 4955 1616 5026 sibi,
1645 4957 1812 5011 sicuti
1839 4957 2142 5029 Cypriano,

500 5048 970 5120 intempestivam
995 5053 1051 5104 et
1072 5048 1270 5102 minus
1293 5062 1518 5117 sequam
1541 5046 1724 5101 visam
1757 5046 1938 5102 fuisse
1959 5047 1985 5101 ‘I
2017 5063 2142 5118 qua;

499 5142 696 5195 autem
727 5136 1037 5210 Augustini
1068 5137 1242 5191 verba
1272 5135 1639 5204 exponimus,
1673 5150 1739 5190 ea
1760 5152 1886 5190 esse
1903 5135 2143 5190 minime

499 5232 693 5299 putes,
726 5244 856 5298 quin
886 5243 954 5282 ex
985 5224 1114 5281 aliis
1139 5225 1403 5294 ejusdem
1435 5224 1492 5280 S.
1527 5223 1791 5279 Doctoris
1833 5222 2141 5295 temperari

497 5317 744 5388 possint.
772 5315 832 5369 Id
859 5313 1015 5369 enim
1041 5316 1272 5368 tantum
1296 5311 1544 5376 loci,nec
1558 5311 1719 5380 alibi,
1747 5311 2021 5383 expendit
2042 5328 2144 5368 ex-

492 5403 926 5475 presse,1303
947 5418 1074 5474 quae
1088 5400 1409 5473 Cyprianus
1432 5401 1490 5456 in
1516 5399 1877 5472 Stephanum
1901 5400 2135 5473 effutiit,

563 5544 646 5616 (9)
682 5543 800 5616 Lib.
823 5560 860 5616 v
888 5543 954 5600 de
981 5544 1137 5616 Bapt.
1171 5561 1220 5602 c.
1242 5546 1333 5602 23.

567 5615 683 5696 (ιο)
715 5615 859 5672 Ibid.
890 5631 940 5672 c.
969 5616 1060 5672 25.

2257 4600 2525 4656 docibilis
2555 4601 2823 4656 disceret.
2855 4623 2882 4650 ι)
2917 4603 3039 4667 Quo
3069 4619 3214 4676 ergo
3247 4606 3308 4661 in
3349 4606 3574 4679 negotio
3589 4603 3831 4676 Cypriano:

2255 4688 2641 4762 Stephanum,
2710 4689 3078 4762 Augustinus
3156 4695 3518 4767 Cyprianum
3599 4688 3831 4749 docibilem

2254 4778 2460 4846 voluit,
2498 4779 2637 4850 quid
2671 4777 2780 4834 hoc
2830 4779 3128 4851 significat
3183 4783 3303 4838 nisi
3353 4785 3682 4857 Cyprianum
3717 4780 3832 4850 juxta

2253 4867 2647 4939 Augustinum
2727 4868 3017 4939 Stephano
3100 4871 3342 4927 docenti
3428 4877 3485 4929 et
3557 4861 3829 4944 precipienti

2254 4955 2564 5012 docibilem
2595 4973 2723 5013 esse
2763 4957 3086 5016 debuisse?
3124 4976 3198 5015 ex
3253 4978 3376 5033 quo
3426 4966 3578 5034 patet
3623 4952 3830 5029 Stephani

2253 5050 2609 5119 prmeeptum
2643 5047 3048 5118 aequissimum
3079 5050 3426 5122 Augustino
3468 5051 3645 5106 visum
3686 5045 3828 5101 fuisse.

2324 5134 2467 5190 Cum
2483 5137 3011 5209 autemAugustino
3028 5137 3418 5210 potissimum
3432 5135 3832 5194 insistantadver-

2219 5224 2390 5305 Isarii
2423 5224 2628 5292 nostri,
2662 5225 2798 5280 vitio
2848 5227 3017 5282 nobis
3071 5242 3191 5282 non
3240 5228 3482 5284 dabitur
3527 5228 3572 5282 si
3618 5227 3668 5280 in
3701 5219 3829 5294 ipsius

2252 5317 2446 5369 mente
2467 5315 2808 5385 exponenda
2828 5314 3133 5386 paululum
3160 5317 3568 5373 immoramur.
3592 5303 3730 5381 Quot~
3749 5311 3830 5365 fue-

2251 5401 2370 5458 rint
2398 5402 2458 5458 in
2489 5403 2822 5459 excusando
2879 5405 3166 5478 Cypriano
3201 5406 3264 5462 S.
3301 5405 3556 5462 Doctoris
3599 5403 3826 5472 ambages.

2320 5545 2434 5688 (tt;
2464 5545 2536 5600 De
2565 5548 2722 5617 Bapt.
2754 5551 2906 5601 cont.
2940 5547 3126 5602 Donat.
3162 5545 3275 5616 lib,
3308 5565 3365 5618 v,
3396 5565 3447 5605 c.
3477 5549 3563 5606 25.

2320 5617 2412 5688 (12
2465 5617 2590 5675 Lib.
2623 5633 2656 5673 v
2685 5617 2749 5675 de
2776 5618 2964 5688 Bapt,
2994 5635 3121 5688 cap.
3153 5619 3258 5680 26.

2319 5617 2434 5692 (12)
2465 5617 2590 5675 Lib.
2623 5633 2656 5673 v
2685 5617 2749 5675 de
2776 5618 2964 5694 Bapt,
2994 5635 3121 5696 cap.
3153 5619 3258 5700 263
