4042 6194
272 333 428 394 1357

1222 330 1426 391 PARS
1473 329 1549 390 Il.
1583 325 2260 392 ——RECENTIORUM
2305 332 2733 398 EXCURSUS.

3527 334 3685 399 1358

271 470 413 536 quot
443 463 745 536 angustia,
799 463 1007 520 1304
1051 464 1368 520 ostendunt
1409 463 1649 518 diverse
1698 462 1806 518 ille
1857 480 1923 518 ac
1956 465 2002 529 Α
2038 480 2264 521 nevum
2312 468 2405 522 sui
2464 469 2866 524 candidissimi
2927 469 3131 528 1305
3193 469 3442 540 pectoris
3471 487 3684 541 coope-

271 554 573 627 perplexe,
607 570 754 624 quas
815 570 916 624 pro
949 554 1076 623 ejus
1117 553 1453 607 defensione
1482 552 1725 607 adduxit
1755 551 1926 607 ratio-

272 659 397 698 nes.
429 643 595 697 Modo
624 641 781 696 enim
824 641 1126 697 contendit
1176 640 1429 696 dubitari
1484 657 1655 712 posse
1705 658 1775 696 an
1821 645 1925 712 Cy-

272 732 516 804 prianus
545 730 990 801 rebaptizandos
1040 730 1338 784 hereticos
1383 746 1511 785 esse
1560 730 1826 795 senserit,
1863 745 1928 783 ac

273 819 486 892 sepius
516 825 759 874 conatur
788 819 963 875 etiam
997 818 1242 873 aliorum
1274 818 1604 875 testimonio
1636 818 1823 890 ipsius
1843 835 1928 873 er-

273 925 463 965 rorem
491 908 738 964 dubium
771 908 1014 963 reddere
1043 907 1357 979 (13).Modo
1389 907 1685 962 contendit
1708 908 1926 978 ipsum,

272 998 322 1054 si
353 999 440 1053 ita
469 997 672 1062 sensit,
726 996 882 1051 hunc
931 1012 1188 1052 errorem
1237 996 1555 1051 correxisse
1599 995 1734 1067 (14).
1763 995 1927 1050 Modo

270 1087 453 1143 tradit
482 1085 911 1159 Cyprianum,si
948 1102 1144 1141 revera
1178 1085 1365 1140 noluit
1393 1084 1746 1156 Baptismum
1773 1083 1927 1156 apud

272 1174 1027 1246 hereticos,ut‘Stephanus
1062 1175 1325 1239 docebat,
1351 1189 1684 1245 agnoscere,
1718 1173 1774 1227 id
1811 1188 1928 1228 sue

274 1264 580 1321 charitatis
603 1264 863 1318 ubertate
895 1279 961 1318 ac
995 1279 1117 1318 sue
1151 1263 1440 1332 passionis
1473 1262 1617 1317 falce
1648 1277 1931 1334 purgasse

277 1354 426 1426 (15):
490 1353 611 1407 hec
659 1351 857 1406 omnia
906 1351 1047 1422 quid
1100 1349 1258 1405 aliud
1321 1351 1694 1406 manifestant
1751 1366 1929 1422 quam

275 1440 559 1514 pontificii
611 1440 879 1511 praecepti
919 1439 1244 1509 equitatem
1265 1439 1293 1493 ‘2
1324 1439 1382 1494 Si
1411 1439 1568 1495 enim
1599 1438 1930 1510 Stephanus

277 1529 666 1602 precipiendo
724 1528 1018 1600 equitatis
1074 1545 1140 1582 ac
1189 1527 1492 1598 potestatis
1544 1545 1662 1583 sne
1711 1527 1930 1582 limites

278 1618 545 1684 excessit,
597 1634 702 1673 nec
744 1617 826 1671 illi
877 1618 1078 1672 cedere
1129 1617 1431 1671 debuisset
1473 1617 1819 1688 Cyprianus,
1867 1621 1934 1670 ut

276 1709 412 1778 quid
449 1723 547 1779 pro
578 1706 752 1761 istius
782 1706 1120 1761 defensione
1159 1706 1556 1777 indagandum
1609 1705 1929 1777 Augustino

279 1798 505 1864 fuisset,
541 1800 737 1851 utrum
771 1795 1115 1850 correxisset
1147 1811 1315 1850 suam
1349 1795 1700 1850 sententiam
1727 1809 1929 1862 necne,

278 1904 411 1943 cum
459 1885 622 1940 illam
675 1901 944 1940 revocare
991 1901 1057 1940 ac
1103 1883 1392 1956 corrigere
1444 1901 1556 1940 non
1591 1882 1932 1939 teneretur?

276 1980 561 2032 Preterea
590 1973 912 2046 Cyprianus
944 1973 1001 2028 in
1035 1975 1288 2044 eo,juxta
1309 1973 1931 2045 Augustinum,pecca-

275 2067 380 2136 vit,
416 2064 571 2137 quod
605 2084 632 2112 «
666 2062 856 2118 noluit
884 2078 1196 2134 agnoscere
1249 2062 1606 2134 baptismum
1639 2061 1792 2133 apud
1816 2060 1932 2115 he-

279 2154 531 2210 reticos:
564 2173 592 2205 ιι
644 2157 949 2225 peccatum
1001 2151 1157 2208 enim
1209 2151 1387 2206 fuisse
1435 2153 1588 2223 quod
1630 2149 1934 2206 charitatis

283 2244 548 2302 ubertate
570 2259 635 2298 ac
665 2241 809 2297 falce
844 2241 1134 2312 passionis
1181 2241 1552 2312 purgandum
1585 2243 1728 2303 erat,
1763 2255 1933 2294 nemo

281 2333 509 2390 dubitat
534 2350 546 2400 ;
581 2336 642 2387 at
673 2330 929 2403 profecto
958 2331 1014 2384 in
1037 2347 1103 2384 eo
1133 2347 1246 2384 non
1271 2335 1568 2401 peccasset
1589 2328 1934 2401 Cyprianus,

282 2423 333 2480 si
364 2421 661 2493 Stephano
695 2418 1054 2492 precipienti
1102 2419 1537 2490 agnoscendum
1590 2435 1714 2473 esse
1742 2415 1933 2489 bapti-

280 2528 479 2568 smum
509 2510 664 2580 apud
699 2509 1006 2564 haereticos
1036 2507 1441 2580 obtemperare
1472 2524 1584 2562 non
1609 2507 1935 2573 tenebatur;

281 2617 464 2673 quam
494 2600 552 2654 in
586 2616 707 2654 rem
731 2598 1016 2670 quasdam
1037 2597 1424 2653 recentiorum
1448 2595 1938 2652 hallucinationes

285 2690 512 2762 aperire
543 2704 657 2743 non
693 2687 867 2759 piget,
902 2703 1006 2740 nec
1033 2685 1239 2741 inutile
1282 2686 1530 2740 videtur.
1564 2685 1672 2739 Alii
1701 2688 1936 2762 conten-

285 2780 435 2835 dunt
466 2775 612 2832 nihil
633 2775 916 2848 Cypriano
949 2775 1006 2829 in
1041 2774 1149 2830 hac
1180 2791 1312 2830 cum
1337 2775 1630 2846 Stephano
1653 2777 1942 2829 concerta-

285 2869 448 2924 tione
477 2865 953 2936 excidisse,quod
985 2863 1183 2935 aliqua
1215 2863 1664 2935 reprehensione
1694 2861 1938 2934 dignum

287 2956 618 3030 Augustino
648 2953 834 3010 visum
869 2953 1063 3023 fuerit,
1108 2953 1226 3008 imo
1257 2952 1556 3007 affirmant
1589 2951 1939 3024 Cyprianum

289 3046 352 3100 in
383 3044 558 3100 modo
587 3061 702 3116 quo
729 3059 856 3099 sese
881 3041 1064 3115 gessit
1084 3042 1365 3098 adversus
1387 3041 1744 3112 Stephanum
1766 3038 1944 3095 maxi-

291 3151 386 3191 me
416 3135 489 3189 ab
517 3133 840 3205 Augustino
869 3131 1288 3197 commendari,
1322 3147 1571 3202 quorum
1590 3128 1940 3184 sententiam

289 3222 383 3279 vel
415 3224 626 3279 referre
649 3222 772 3294 jam
823 3225 915 3276 est
965 3221 1237 3276 refutare.
1272 3218 1664 3274 Consultiores
1695 3216 1792 3273 alii
1823 3217 1937 3272 duo

289 3312 353 3367 in
376 3311 644 3384 Cypriani
668 3310 877 3382 agendi
896 3310 1119 3365 ratione
1139 3307 1698 3380 distinguunt,quod
1729 3322 1939 3378 nempe

285 3400 583 3473 Stephano
616 3399 973 3468 restiterit,et
1002 3399 1154 3470 quod
1180 3396 1459 3453 nonnulla
1488 3397 1545 3452 in
1577 3396 1938 3468 Stephanum

284 3489 577 3555 effuderit,
629 3505 755 3560 que
808 3487 1265 3543 moderationem
1314 3503 1381 3541 ac
1423 3484 1937 3540 mansuetudinem

284 3577 671 3633 christianan
706 3577 904 3632 minus
937 3579 1224 3647 saperent.
1255 3572 1316 3630 Id
1350 3574 1623 3630 ultimum
1654 3574 1725 3628 ab
1752 3575 1940 3644 Augu-

288 3667 448 3722 stino
480 3665 825 3737 reprehendi
856 3673 1145 3734 asserunt,
1179 3680 1294 3719 non
1324 3679 1458 3718 vero
1506 3662 1782 3734 primum.
1833 3661 1937 3716 Pa-

290 3771 358 3812 ce
386 3755 634 3811 istorum
676 3753 921 3809 dixerim
942 3752 1251 3824 Augustini
1284 3752 1501 3823 scripta
1530 3751 1616 3806 vel
1650 3750 1793 3807 satis
1824 3767 1938 3806 non

292 3842 616 3915 volvet-unt,
669 3843 752 3899 vel
783 3843 911 3914 ipsa
939 3843 1081 3899 satis
1111 3859 1228 3897 non
1259 3842 1587 3908 attendere;
1620 3841 1826 3896 inscite
1853 3839 1942 3897 vel

293 3949 360 3989 re
386 3934 642 4004 profecto
674 3931 1131 3988 hallucinantur.

370 4022 677 4077 Enimvero
707 4027 762 4076 S.
795 4021 1160 4092 Augustinus
1189 4019 1249 4075 in
1287 4019 1573 4092 Cypriano
1605 4035 1718 4074 non
1752 4018 1944 4074 solum

296 4127 368 4166 ea
398 4110 772 4182 reprehendit
801 4127 928 4180 quae
961 4109 1156 4165 minus
1192 4113 1582 4180 temperanter
1612 4109 1669 4162 in
1701 4108 1947 4179 Stepha-

296 4217 442 4255 num
473 4199 695 4267 efI'udit,
729 4201 829 4254 sed
862 4198 1039 4254 etiam
1071 4199 1224 4268 quod
1257 4198 1382 4269 ipse
1408 4197 1576 4252 aliter
1605 4213 1671 4252 ac
1704 4196 1950 4268 Stepha-

296 4306 411 4344 nus
443 4288 502 4342 in
533 4287 642 4343 hac
691 4289 1012 4359 questions
1062 4288 1329 4353 senserit,
1379 4287 1533 4358 quod
1585 4285 1854 4351 noluerit,
1891 4289 1954 4340 ut

293 4377 627 4450 Stephanus
660 4381 1033 4448 preceperat,
1065 4375 1425 4448 baptismum
1468 4375 1620 4446 apud
1657 4375 1952 4430 hereticos

297 4482 634 4539 agnoscere,
676 4466 733 4520 id
767 4465 943 4520 etiam
979 4470 1186 4537 preter
1215 4482 1301 4527 ea.
1344 4482 1471 4536 que
1502 4466 1558 4518 in
1594 4465 1954 4536 Stephanum

303 4576 326 4606 ι
363 4556 626 4611 irritatus
677 4555 901 4624 effudit,

301 4646 508 4718 priano
541 4648 857 4717 purgatum
889 4643 1147 4699 affirmat
1190 4643 1576 4715 Hipponensis
1624 4642 1955 4713 episcopus.

301 4733 698 4804 Attentejam
731 4731 1057 4804 Augustino
1100 4731 1471 4803 prebeantur
1517 4747 1726 4786 aures:
1774 4753 1802 4781 κ
1853 4729 1958 4803 Cy-

306 4823 575 4895 prianus,
598 4821 794 4894 inquit
826 4816 881 4876 in
917 4823 1018 4891 Ep.
1051 4821 1124 4876 ad
1157 4820 1498 4875 Vincentium
1547 4821 1732 4890 Ragat.
1771 4836 1818 4875 c.
1874 4821 1961 4887 10,

303 4917 409 4968 aut
442 4928 554 4968 non
590 4911 769 4966 sentit
799 4911 1038 4966 omnino
1071 4909 1226 4981 quod
1254 4926 1388 4963 eum
1419 4909 1676 4965 sensisse
1706 4910 1964 4965 recitatis

311 5001 490 5073 (apud
543 4999 843 5055 hereticos
893 5015 1007 5053 non
1061 5014 1188 5054 esse
1248 4997 1654 5068 baptismum),
1715 5003 1816 5052 aut
1857 4997 1966 5053 hoc

311 5096 514 5162 postea
550 5089 799 5145 correxit
847 5089 905 5143 in
941 5087 1146 5159 regula
1177 5087 1458 5154 veritatis,
1483 5092 1585 5142 aut
1612 5088 1768 5142 hunc
1798 5087 1967 5158 quasi

386 5214 500 5287 (13)
535 5213 659 5269 Lib.
696 5229 735 5268 ιι
763 5213 835 5287 de
867 5214 1045 5287 BapL,
1076 5227 1202 5282 cap.
1237 5212 1336 5287 31,
1359 5211 1448 5280 33,
1480 5210 1553 5287 35_
1581 5214 1638 5265 et
1666 5211 1772 5278 38;
1807 5211 1971 5287 lib.iv

311 5282 567 5354 de'Ba'pt.
601 5301 728 5355 cap.
766 5286 828 5338 17
855 5302 868 5345 ;
897 5282 998 5339 lib.
1030 5300 1048 5338 ι
1080 5291 1266 5338 contra
1299 5282 1668 5355 Cresconinm,
1701 5299 1827 5354 cap.
1859 5283 1966 5350 32;

314 5353 497 5431 Epist.
555 5357 625 5411 ad
676 5353 1025 5431 Macrobium
1073 5355 1214 5423 108;
1271 5356 1440 5426 Epist.
1508 5353 1579 5409 ad
1633 5355 1975 5410 Vincentium

325 5427 518 5499 Rogat.
531 5469 544 5493 ,
577 5443 702 5498 cap.
737 5427 826 5499 10.

2035 555 2154 608 ruit
2185 558 2358 611 ubere
2390 557 2713 614 charitatis.
2748 578 2774 610 ιι
2811 558 2913 612 Hic
2945 559 3114 628 juxta
3143 558 3535 629 Augustinum
3567 575 3683 614 non

2035 657 2160 711 que
2191 643 2247 698 in
2295 645 2654 716 Stephanum
2704 646 3025 702 «irritatus
3070 647 3293 716 effudit,
3331 669 3359 697 »
3393 648 3491 703 sed
3525 648 3681 718 quod

2036 730 2204 786 aliter
2248 750 2315 788 ac
2361 734 2691 805 Stephanus
2735 735 2887 791 circa
2932 735 3336 791 hereticorum
3388 736 3682 808 baptisma

2036 822 2220 876 sensit
2247 822 2590 895 Cyprianus,
2620 823 2764 880 illud
2815 829 2904 880 est
2933 825 3086 896 quod
3121 846 3149 874 «
3173 826 3349 881 ubere
3377 825 3681 882 charitatis

2037 912 2352 981 cooperuit.
2390 934 2417 962 »
2448 913 2517 967 Et
2545 912 2646 969 lib.
2680 931 2696 968 ι
2727 912 2793 968 de
2823 915 3119 985 Bapt.cap.
3154 913 3242 981 18,
3271 936 3292 962 α
3327 915 3490 980 Quod
3520 931 3680 987 ergo,

2037 998 2250 1071 inquit,
2302 1000 2399 1057 ille
2448 1003 2537 1057 vir
2581 1006 2819 1059 sanctus
2863 1003 3228 1075 (Cyprianus)
3277 1003 3348 1059 de
3389 1004 3682 1076 baptismo

2037 1089 2208 1144 aliter
2253 1091 2515 1146 sentiens
2567 1107 2744 1162 quam
2795 1108 2857 1147 se
2907 1108 2997 1148 res
3045 1091 3274 1160 habeat,
3323 1109 3450 1164 que
3483 1099 3686 1165 postea

2039 1182 2392 1250 pertractata
2414 1185 2470 1235 et
2490 1179 2944 1252 diligentissima
2961 1181 3424 1237 consideratione
3454 1183 3687 1239 firmata

2038 1271 2151 1333 est,
2183 1268 2243 1322 in
2292 1267 2578 1324 catholica
2621 1269 2842 1325 unitate
2891 1270 3233 1341 permansit,
3283 1275 3341 1325 et
3387 1269 3689 1328 charitatis

2041 1357 2309 1413 ubertate
2337 1364 2781 1429 compensatum
2812 1362 2902 1414 est
2932 1363 2990 1414 et
3021 1357 3306 1428 passionis
3355 1358 3500 1415 falce
3547 1377 3692 1432 pur-

2039 1452 2262 1518 gatum.
2325 1471 2348 1500 ι
2413 1446 2531 1502 Ηοο
2554 1448 2726 1517 juxta
2757 1448 3148 1520 Augustinum
3181 1446 3486 1503 charitatis
3517 1449 3688 1505 uber-

2039 1540 2156 1590 tate
2212 1536 2630 1608 compensavit,
2698 1537 2806 1591 hoc
2868 1537 3161 1608 passionis
3215 1536 3362 1592 falce
3418 1537 3692 1609 purgavit

2039 1624 2383 1696 Cyprianus,
2417 1624 2696 1680 nimirum
2729 1647 2757 1675 «
2790 1626 2944 1697 quod
2987 1625 3173 1691 aliter,
3205 1641 3382 1697 quam
3417 1642 3480 1682 se
3510 1642 3624 1697 res,
3660 1648 3690 1676 »

2039 1713 2107 1764 ut
2134 1710 2468 1782 Stephanus
2498 1713 2759 1782 docebat,
2793 1734 2819 1762 (ι
2857 1711 3111 1782 haberet,
3147 1735 3174 1762 ››
3206 1712 3358 1768 circa
3388 1713 3689 1770 heretico-

1965 1826 2010 1890 Β
2042 1799 2494 1890 ιίιιιιρειριίειιιιιι
2531 1820 2557 1854 α
2586 1801 2898 1890 sentiebat.
2937 1823 2958 1849 »
2997 1801 3273 1890 Praeterea
3302 1819 3435 1857 cum
3455 1801 3686 1858 Petilia-

2041 1905 2154 1943 nus
2181 1888 2486 1944 Donatista
2514 1889 2783 1962 Cypriani
2833 1889 3237 1946 auctoritatem
3285 1896 3539 1963 urgeret,
3587 1891 3689 1963 qui

2041 1976 2342 2034 hereticos
2388 1979 2457 2032 ad
2510 1979 2827 2034 Ecclesiam
2877 1980 3188 2036 redeuntes
3218 1980 3347 2036 sine
3395 1981 3689 2052 baptismo

2041 2083 2158 2121 non
2189 2082 2317 2122 esse
2366 2066 2731 2138 recipiendos
2767 2071 3087 2123 statuerat:
3117 2089 3146 2119 «
3179 2068 3224 2123 Ο
3265 2085 3463 2140 quam,
3496 2067 3688 2125 excla-

2045 2155 2380 2210 mabundus
2431 2156 2745 2226 respondet
2780 2156 3167 2227 Augustinus,
3198 2157 3576 2213 detestandus
3605 2163 3694 2214 est

2043 2260 2204 2298 error
2265 2243 2572 2298 hominum
2618 2244 2718 2314 qui
2769 2243 3059 2300 clarorum
3108 2246 3366 2301 virorum
3425 2247 3692 2318 quedam

2045 2349 2159 2387 non
2193 2337 2342 2388 recte
2389 2332 2541 2387 facta
2586 2332 2962 2388 laudabiliter
3010 2350 3074 2389 se
3120 2333 3340 2389 imitari
3371 2339 3600 2406 putant,
3659 2352 3695 2391 a

2046 2437 2298 2493 quorum
2329 2422 2647 2477 virtutibus
2677 2421 2852 2478 alieni
2882 2427 3052 2491 sunt;
3073 2422 3158 2479 sic
3178 2423 3332 2478 enim
3351 2428 3408 2480 et
3427 2423 3695 2479 nonnulli

2049 2514 2214 2566 Petro
2263 2509 2524 2582 apostolo
2568 2511 2892 2581 comparari
2941 2527 3004 2567 se
3056 2511 3282 2578 volunt,
3315 2510 3365 2566 si
3395 2510 3695 2566 Christum

2046 2599 2420 2670 negaverint;
2452 2599 2500 2654 si
2533 2616 2666 2654 vero
2716 2599 2894 2655 etiam
2937 2605 3140 2671 gentes
3163 2600 3467 2671 judaizare
3495 2616 3699 2672 coege-

2047 2690 2186 2758 rint,
2217 2687 2452 2743 vocitari
2487 2688 2750 2760 germani
2781 2688 2908 2758 ejus
2958 2689 3271 2744 affectant:
3328 2688 3451 2744 hec
3495 2689 3556 2744 in
3598 2689 3698 2746 illo

2047 2781 2209 2834 tanto
2257 2775 2737 2849 reprehensibilia
2786 2777 3044 2841 fuerunt,
3094 2777 3194 2833 sed
3242 2781 3405 2834 tanta
3449 2777 3700 2833 eminuit

2047 2866 2366 2939 apostolica
2395 2865 2584 2938 gratia
2614 2870 2678 2920 ut
2707 2865 2988 2921 continuo
3021 2866 3421 2923 delerentur...
3454 2866 3537 2922 sic
3557 2869 3616 2921 et
3636 2865 3697 2922 in

2052 2960 2304 3028 martyre
2350 2954 2772 3026 gloriosissimo
2816 2955 3121 3026 Cypriano.
3173 2955 3232 3011 Si
3284 2956 3437 3026 apud
3470 2953 3699 3009 hereti-

2051 3061 2170 3115 cos,
2221 3043 2307 3099 vel
2352 3043 2760 3099 schismaticos
2808 3042 3013 3099 datum
3072 3041 3286 3100 Christi
3336 3043 3700 3116 baptismum

2054 3133 2289 3190 nolebat
2331 3148 2665 3205 agnoscere,
2716 3136 2881 3187 tanta
2929 3134 3057 3204 ejus
3124 3132 3336 3188 merita
3382 3149 3569 3205 usque
3626 3132 3701 3189 ad

2053 3222 2419 3295 triumphum
2455 3221 2717 3294 martyrii
2747 3226 3060 3278 consecuta
3090 3227 3250 3290 sunt,
3281 3227 3348 3278 ut
3375 3227 3434 3278 et
3452 3219 3702 3278 charita-

2045 3312 2123 3368 tis
2154 3329 2270 3384 qua
2298 3308 2619 3366 excellebat
2648 3307 2796 3382 luce,
2831 3309 2931 3365 illa
2978 3310 3347 3366 obumbratio
3400 3309 3702 3379 fugaretur

2047 3401 2180 3474 (16).
2213 3421 2243 3450 »
2275 3399 2450 3454 Vides
2491 3415 2560 3454 ex
2606 3398 2935 3470 Augustino
2964 3397 3023 3453 in
3065 3397 3347 3472 Cypriano
3376 3397 3486 3453 hoc
3517 3395 3699 3452 fuisse

2048 3512 2077 3543 «
2110 3487 2582 3562 reprehensibile,
2619 3511 2641 3540 ιι
2679 3488 2838 3559 quod
2868 3509 2897 3538 ‹‹
2931 3487 3201 3555 noluerit,
3247 3509 3276 3538 »
3316 3486 3698 3559 quemadmo-

2048 3581 2189 3635 dum
2219 3578 2330 3650 ipsi
2364 3580 2711 3648 preceperat
2739 3575 3092 3648 Stephanus,
3121 3599 3143 3627 α
3168 3591 3482 3649 agnoscere
3510 3574 3697 3646 nbap-

2045 3670 2291 3726 tismum
2323 3665 2537 3722 Christi
2567 3666 2720 3738 apud
2755 3664 3053 3722 hereticos
3081 3669 3140 3721 et
3167 3665 3578 3722 schismaticos
3594 3664 3696 3719 da-

2048 3763 2196 3824 tum;
2214 3756 2518 3827 hecjuxta
2547 3754 2941 3826 Augustinum
2964 3755 3094 3828 ipsa
3121 3755 3230 3811 fuit
3247 3754 3514 3828 Cypriani
3540 3769 3697 3826 que-

2050 3848 2186 3902 dam
2219 3869 2247 3896 ‹‹
2282 3844 2652 3901 obumbratio
2685 3868 2708 3898 ι
2751 3861 2879 3917 que
2911 3845 3023 3902 sub
3051 3843 3358 3900 charitatis
3388 3842 3520 3899 luce
3550 3861 3572 3890 α
3607 3842 3696 3897 fu-

2053 3934 2177 4008 gari
2204 3957 2232 3985 ››
2265 3933 2489 3990 debuit.

2124 4023 2383 4080 Tandem
2435 4038 2508 4077 ne
2556 4021 2907 4078 morosiores
2957 4021 3144 4078 simus
3190 4021 3248 4076 in
3295 4018 3706 4092 percurrendis

2055 4112 2331 4170 omnibus
2362 4127 2487 4183 que
2520 4111 2611 4166 his
2644 4110 2996 4182 respondent
3024 4108 3341 4182 Augustini
3385 4108 3524 4165 locis
3569 4109 3704 4181 (17),

2059 4219 2244 4257 unum
2271 4206 2328 4256 et
2356 4199 2570 4270 solum,
2590 4202 2711 4270 jam
2745 4199 2938 4254 citatis
2968 4199 3161 4254 adhuc
3182 4198 3589 4254 subnectimus
3615 4213 3712 4269 pe-

2061 4292 2238 4347 titum
2263 4305 2331 4345 ex
2359 4289 2493 4344 libr.
2526 4307 2566 4343 11
2597 4293 2776 4344 contr.
2827 4287 3189 4343 Gaudentium
3231 4288 3427 4342 Donat.
3473 4301 3600 4357 cap.
3635 4285 3705 4339 8:

2064 4403 2091 4430 ‹‹
2129 4379 2294 4433 Absit
2322 4383 2541 4442 autem,
2575 4376 2869 4448 inquit,ut
2893 4376 3172 4447 quoniam
3206 4374 3583 4431 beatissimus
3612 4374 3713 4446 Cy-

2066 4468 2308 4540 prianus
2338 4467 2408 4522 de
2440 4465 2732 4537 baptismo
2765 4465 2932 4520 aliter
2974 4465 3177 4531 sensit,
3210 4480 3387 4536 quam
3418 4466 3631 4520 veritas
3659 4465 3718 4518 et

959 4577 978 4604 ιι
1033 4554 1318 4610 charitate
1363 4560 1421 4609 et
1468 4552 1742 4623 martyrio
1789 4571 1823 4608 a
1849 4553 1954 4626 Cy-
1985 4559 2033 4625 D
2066 4561 2238 4612 antea
2262 4553 2701 4623 consuetudine,
2734 4557 2792 4608 et
2822 4557 3021 4625 postea
3052 4556 3353 4625 perspecta
3374 4550 3717 4624 diligentius

2069 4644 2292 4700 ratione
2343 4643 2706 4710 monstravit,
2762 4652 3064 4714 propterea
3102 4641 3419 4714 quisquam
3451 4646 3720 4696 nostrum

2070 4732 2172 4805 qui
2203 4732 2310 4787 hoc
2340 4731 2496 4804 quod
2520 4730 2616 4786 ille
2638 4747 2752 4786 non
2784 4731 3125 4803 sapimus,ei
3159 4747 3220 4787 se
3241 4731 3450 4787 audeat
3483 4733 3721 4800 antepo-

2073 4838 2229 4878 nere.
2254 4821 2470 4877 Cetera
2507 4819 2666 4875 enim
2713 4819 2898 4875 multa
2929 4826 2987 4876 et
3035 4837 3249 4893 magna
3276 4820 3403 4891 ejus
3434 4817 3642 4874 merita
3667 4819 3724 4872 et

2075 4911 2310 4967 animus
2342 4907 2632 4981 precipua
2660 4907 2941 4963 charitate
2984 4908 3384 4980 plenissimus,
3419 4923 3520 4979 per
3550 4921 3725 4978 quem

2076 4998 2313 5070 collegis
2343 4998 2574 5052 diversa
2619 4996 3012 5053 sentientibus
3042 4997 3453 5068 pacatissimus
3485 4993 3725 5060 mansit,

2078 5093 2136 5144 et
2163 5087 2223 5143 in
2257 5087 2478 5143 unitate
2505 5084 2769 5142 Ecclesiae
2798 5087 2993 5158 passio
3011 5085 3435 5158 gloriosa,satis
3457 5082 3728 5140 ostende-

2153 5212 2265 5283 (15)
2299 5211 2414 5266 Lib.
2445 5227 2462 5265 1
2493 5210 2781 5283 de'Bapt.
2807 5225 2941 5283 cap.
2997 5210 3103 5279 18;
3149 5208 3250 5283 lib.
3280 5209 3350 5264 de
3377 5209 3540 5262 unico
3569 5206 3733 5274 Bapt.

2081 5280 2271 5341 contra
2301 5284 2562 5347 Petitian,
2595 5297 2723 5353 cap.
2766 5281 2872 5349 13;
2907 5283 3080 5353 Epist.
3113 5280 3185 5336 ad
3239 5282 3482 5347 Vincent,
3541 5283 3734 5347 Rogat.

2085 5356 2418 5499 Οήΐίὸἒοῐξὶὶ).
2452 5425 2522 5481 de
2555 5424 2654 5481 Un.
2686 5422 2962 5495 Baptism.
2999 5425 3190 5480 contra
3236 5420 3578 5480 Petitianum
3609 5435 3736 5493 cap.

398 5493 510 5571 (⁷14)
543 5493 664 5554 ωδ·
693 5515 735 5553 ιι
764 5498 828 5554 de
846 5499 1040 5571 _Bapt._,
1095 5512 1223 5571 cap.
1275 5496 1412 5571 {1__e_t
1457 5496 1532 5562 5;
1579 5493 1680 5571 li_b.
1714 5512 1755 5552 ιι
1785 5504 1979 5554 contra
2087 5493 2176 5556 13.

313 5560 607 5704 ’ξόὲδοὸηη
640 5586 768 5644 cap.
802 5560 951 5632 ult.i
1002 5560 1185 5641 Epist:
1223 5567 1293 5623 ad
1328 5560 1566 5625 Vincent.
1601 5569 1815 5640 Rogat.,
1847 5585 1975 5644 cap.

2160 5568 2287 5641 (l7)_
2309 5566 2377 5641 V.
2408 5565 2512 5622 lib.
2547 5583 2609 5622 ιιι
2639 5564 2704 5641 de
2732 5565 2999 5638 Baptism.
3031 5583 3160 5639 cap.
3195 5565 3300 5635 19;
3331 5566 3504 5641 epist.
3539 5566 3642 5621 108
3669 5560 3741 5625 ad

2089 5639 2440 5711 Macrobium,
2472 5655 2600 5714 cap.
2632 5639 2688 5710 3,
2719 5642 2829 5696 sto.
