4088 6174
524 301 678 363 1359

1556 298 1657 358 DE
1704 296 1831 357 H/E
1844 299 1883 356 lt
1896 297 2299 359 ETICURUM
2345 298 2446 358 BA
2460 297 2881 360 PTISMATE.

3578 93 3967 180 ’τ

3680 313 3797 374 1360

518 436 658 488 runt
688 445 822 486 eum
855 428 1035 484 fuisse
1057 431 1419 485 sarmentum
1452 428 1510 483 in
1540 427 1753 483 Christi
1776 427 2028 484 radicem
2053 427 2140 482 fru
2194 434 2244 497 Α
2276 428 2506 484 abunde
2536 429 2919 500 dignoscitur,
2955 430 3107 501 quod
3142 429 3241 486 illa
3269 430 3513 505 Stephani
3537 443 3670 509 gesta
3692 445 3801 500 refe.

518 525 803 588 ctuosam,
836 519 988 590 quod
1040 523 1211 574 Pater
1257 518 1432 573 etiam
1466 518 1537 574 ab
1578 517 1689 573 ista
1719 516 2167 589 reprehensione

517 612 883 681 purgaret....
936 608 1251 664 ostendens
1300 607 1476 663 etiam
1524 606 1581 661 in
1642 606 1788 679 ipsis
1855 606 2168 663 fructuosis

516 697 831 770 agricolam
880 698 979 770 qui
1034 702 1122 752 est
1166 697 1224 751 in
1275 695 1433 751 caelis
1466 695 1688 767 aliquid
1722 694 1980 751 invenire
2012 694 2168 766 quod

515 790 744 860 purget.
797 809 824 837 »
876 786 1022 850 Quid
1081 784 1342 841 clarius?
1393 786 1541 849 Quid
1600 782 2003 841 luculentius?
2056 783 2167 856 Cy-

513 877 779 948 prianus,
821 876 993 947 juxta
1043 874 1453 948 Augustinum,
1505 874 1576 929 de
1631 872 1922 945 baptismo
1956 872 2163 928 I306

516 964 683 1021 aliter
712 965 916 1037 sensit,
949 981 1126 1036 quam
1155 964 1370 1020 veritas
1402 980 1504 1035 per
1551 979 1615 1019 os
1646 978 1854 1034 nempe
1885 959 2167 1033 Stephani

515 1054 935 1110 consuetudine
984 1058 1125 1109 tunc
1179 1052 1566 1122 monstrabat,
1612 1055 1671 1107 at
1721 1050 1888 1106 Pater
1917 1049 2166 1106 caelestis

513 1147 752 1215 propter
771 1142 960 1215 ipsius
982 1142 1335 1215 praecipuam
1369 1140 1711 1197 charitatem
1746 1143 1802 1195 et
1831 1138 2166 1212 passionem

513 1230 830 1303 gloriosam
865 1232 936 1287 ab
976 1232 1121 1287 «ista
1150 1229 1607 1303 reprehensione
1629 1250 1655 1278 »
1680 1228 1855 1283 etiam
1874 1227 2164 1300 purgavit.

512 1319 1012 1391 Reprehensibilis
1064 1337 1199 1393 ergo
1253 1320 1427 1375 etiam
1478 1323 1603 1374 erat
1658 1317 1979 1390 Cyprianus
2011 1317 2164 1388 quod

513 1409 584 1463 de
615 1409 915 1481 Baptismo
946 1409 1115 1466 aliter
1143 1409 1385 1465 sentiret
1410 1424 1474 1463 ac
1506 1408 1859 1479 Stephanus,
1892 1422 2008 1461 non
2030 1421 2166 1477 ergo

510 1499 740 1554 tantum
764 1498 1244 1570 reprehensibilis
1277 1501 1400 1553 erat
1429 1496 1937 1569 Cyprianusjuxta
1967 1496 2165 1565 Augu-

511 1587 734 1642 stinum
768 1589 923 1659 quod
956 1588 1223 1660 quaedam
1257 1587 1313 1641 in
1349 1586 1709 1657 Stephanum
1742 1584 1939 1639 minus
1965 1583 2162 1637 mode-

508 1679 636 1731 rata
667 1693 733 1731 ac
765 1677 1029 1733 modesta
1059 1676 1345 1745 effuderit,
1380 1676 1477 1731 sed
1512 1674 1687 1730 etiam
1720 1674 1872 1745 quod
1898 1672 2063 1727 aliter
2092 1672 2165 1727 ab

507 1762 635 1835 ipso
667 1765 737 1821 de
769 1766 1069 1838 Baptismo
1102 1765 1362 1830 sentiret,
1382 1780 1447 1819 ac
1476 1763 1769 1835 Stephano
1801 1766 2001 1817 contra
2030 1778 2162 1816 sen-

506 1853 687 1908 tiente
717 1858 773 1909 et
802 1854 1193 1927 praecipiente,
1242 1852 1537 1909 censuerit
1585 1851 1814 1907 nullum
1844 1867 1971 1907 esse
2002 1849 2156 1921 apud

504 1940 808 1999 haereticos
840 1944 1152 2015 baptisma.

579 2033 706 2087 Haec
728 2033 778 2089 si
810 2033 996 2105 pacati
1028 2038 1086 2089 et
1114 2030 1322 2089 attenti
1354 2030 1804 2103 perpendissent
1831 2028 1928 2084 isti
1961 2044 2161 2084 recen-

504 2119 702 2188 tiores,
738 2121 899 2177 illam
935 2138 1236 2195 nunquam
1270 2121 1853 2193 excogitassent,quaa
1879 2116 2037 2174 solos
2070 2117 2159 2171 in-

505 2214 709 2266 cautos
738 2211 828 2267 vel
876 2211 1119 2267 inscitos
1165 2209 1429 2281 decipere
1460 2208 1665 2281 possit,
1699 2206 2158 2274 distinctionem,

506 2314 625 2369 qua
651 2300 933 2356 nimirum
963 2299 1166 2355 volunt
1196 2298 1544 2371 Cyprianum
1594 2296 1652 2350 in
1704 2312 1770 2351 eo
1818 2294 2055 2366 quidem
2088 2294 2160 2349 ab

503 2389 834 2461 Augustino
866 2388 1234 2461 reprehendi,
1269 2387 1424 2458 quod
1478 2386 1536 2440 in
1571 2385 1929 2455 Stephanum
1963 2383 2163 2455 aliqua

513 2481 784 2543 charitati
816 2496 882 2537 ac
914 2476 1295 2534 moderationi
1317 2475 1657 2531 Christianae
1680 2473 1877 2529 minus
1906 2488 2163 2529 consona

510 2572 802 2637 effuderit,
862 2585 975 2625 non
1036 2571 1235 2622 autem
1284 2565 1344 2619 in
1375 2580 1441 2620 eo
1471 2564 1623 2635 quod
1656 2562 1949 2633 Stephano
1982 2561 2159 2616 refra-

510 2668 686 2737 gante
716 2677 782 2718 ac
811 2662 1011 2714 contra
1042 2654 1411 2727 praecipiente
1454 2667 1624 2708 suam
1665 2651 2041 2724 pertinaciter
2069 2650 2163 2705 de-

510 2751 760 2810 fenderit
790 2746 1163 2803 sententiam.
1223 2742 1452 2798 Centies
1485 2741 1829 2808 obtrudunt,
1863 2740 2162 2794 inculcant

509 2846 839 2913 urgentque
870 2834 1223 2907 Cyprianum
1267 2849 1437 2887 suam
1468 2834 1803 2886 constanter
1832 2834 1889 2884 et
1919 2830 2161 2884 immote

510 2928 863 2987 sententiam
888 2920 1449 2997 propugnasse,licet
1470 2918 1802 2991 Stephanus
1828 2918 2162 2989 R.pontifex

510 3023 713 3077 contra
741 3015 1075 3086 scripsisset
1101 3016 1157 3066 et
1197 3010 1586 3081 praecepisset,
1615 3024 1720 3063 nec
1749 3008 1809 3061 in
1842 3024 1907 3062 eo
1938 3007 2009 3061 ab
2042 3013 2160 3061 Au-

511 3108 745 3181 gustino
779 3118 1040 3175 unquam
1074 3100 1255 3155 fuisse
1302 3098 1626 3169 culpatum,
1658 3097 1797 3168 quia
1827 3097 2158 3167 Stephanus

2278 522 2452 583 rat,et
2483 518 2733 573 adducat
2762 519 3148 590 gravissimus
3179 526 3365 576 auctor
3391 522 3485 594 (18)
3512 527 3571 580 ad
3612 530 3801 599 proban-

2277 607 2411 661 dam
2444 606 2595 662 hanc
2627 607 2838 663 thesim
2874 607 3041 663 initio
3069 608 3273 680 capitis
3301 612 3640 682 propositam:
3671 641 3687 665 ι
3716 619 3807 676 Mos

2275 694 2387 751 iste
2417 712 2648 767 semper
2677 696 2736 751 in
2768 696 3024 753 Ecclesia
3049 698 3232 769 viguit
3251 703 3311 754 ut
3327 716 3431 771 quo
3451 704 3564 773 quis
3583 706 3699 761 foret
3718 708 3809 763 reli-

2276 784 2585 857 giosior,eo
2618 786 2946 858 promptius
2971 786 3212 843 novellis
3241 787 3685 850 adinventionibus
3707 811 3811 852 con-

2275 873 2496 931 trairet.
2529 897 2557 925 »
2590 874 2806 931 Verum
2840 875 3120 932 disertius
3152 892 3216 932 ac
3263 875 3581 936 luculentius
3620 886 3813 941 ostendit

2274 961 2369 1018 his
2396 963 2587 1019 verbis
2611 980 2623 1018 :
2659 986 2687 1014 «
2713 965 2771 1019 In
2797 964 3045 1036 epistola
3064 982 3191 1037 quae
3212 971 3344 1022 tunc
3364 968 3430 1023 ad
3450 968 3666 1027 Africam
3683 973 3815 1030 missa

2276 1055 2386 1119 est,
2418 1052 2509 1107 his
2557 1052 2747 1108 verbis
2791 1054 2983 1108 sanxit
3030 1054 3393 1126 (Stephanus)
3436 1056 3561 1112 nihil
3598 1059 3813 1117 innovan-

2276 1140 2417 1195 dum
2467 1140 2578 1196 nisi
2628 1141 2783 1212 quod
2833 1143 3033 1197 1301
3092 1143 3364 1198 traditum
3400 1149 3498 1200 est.
3529 1146 3815 1220 Intelligehat

2274 1230 2490 1285 etenim
2522 1229 2608 1284 vir
2634 1234 2873 1286 sanctus
2903 1236 2960 1286 et
2994 1231 3253 1303 prudens
3286 1232 3421 1288 nihil
3444 1232 3581 1290 aliud
3601 1236 3813 1294 rationem

2275 1317 2505 1390 pietatis
2536 1319 2866 1390 admittere,
2901 1320 3016 1374 nisi
3050 1325 3112 1375 ut
3143 1321 3335 1377 omnia
3365 1339 3478 1393 quae
3507 1323 3604 1379 ﬁde
3628 1342 3657 1380 a
3678 1325 3815 1381 Patri-

2276 1406 2384 1462 bus
2415 1413 2689 1478 suscepta
2721 1409 2927 1476 forent,
2960 1410 3161 1464 eadem
3196 1410 3307 1465 ﬁde
3337 1409 3462 1467 filiis
3490 1412 3816 1484 consignamu-

2274 1500 2391 1562 tur,
2428 1512 2645 1567 nosque
2677 1494 3015 1567 religionem
3048 1514 3163 1553 non
3193 1514 3309 1570 qua
3352 1497 3602 1557 vellemus
3646 1502 3817 1568 ducere,

2274 1585 2373 1639 sed
2405 1585 2601 1655 potius
2634 1600 2751 1655 qua
2783 1585 2882 1640 illa
2928 1586 3166 1642 duceret
3216 1588 3379 1656 sequi
3408 1595 3670 1660 oportere;
3696 1592 3819 1662 idque

2272 1688 2399 1728 esse
2450 1674 2752 1744 proprium
2803 1673 3151 1729 Christianae
3200 1676 3483 1731 modestia
3518 1681 3568 1731 et
3592 1680 3818 1748 gravitatis

2273 1778 2386 1817 non
2418 1779 2530 1817 sua
2560 1763 2810 1833 posteris
2842 1764 3089 1834 tradere,
3122 1765 3225 1819 sed
3257 1782 3290 1819 a
3335 1766 3626 1837 majoribus
3648 1774 3819 1839 accepta

2272 1868 2569 1907 servare...
2620 1857 2761 1905 tunc
2810 1852 2991 1908 beatas
3043 1854 3336 1908 memoria:
3383 1871 3520 1926 papa
3546 1855 3816 1926 Stephanus,

2269 1939 2611 2010 Apostolicaa
2641 1940 2810 1996 Sedis
2842 1941 3249 2008 antistes,cum
3282 1943 3496 1998 caeteris
3522 1944 3720 2014 quidem
3743 1945 3819 2000 eol-

2270 2027 2416 2099 legis
2448 2029 2593 2094 suis,
2628 2030 2728 2084 sed
2760 2034 2952 2085 tamen
2984 2047 3099 2102 prae
3131 2030 3352 2086 caeteris
3389 2032 3581 2088 restitit
3620 2033 3818 2104 (rebapti-

2268 2118 2581 2187 zantihus),
2618 2118 2883 2191 dignum,
2916 2124 2979 2174 ut
3008 2121 3238 2191 opinor,
3270 2120 3611 2189 existimans,
3657 2122 3696 2178 si
3730 2121 3819 2177 reli-

2269 2224 2414 2279 quos
2445 2224 2647 2263 omnes
2677 2212 2906 2263 tantum
2934 2208 3069 2264 fidei
3100 2210 3400 2266 devotione
3426 2210 3667 2277 vinceret,
3686 2226 3817 2281 quan-

2270 2302 2394 2353 tum
2427 2296 2536 2352 loci
2571 2297 2915 2353 auctoritate
2941 2299 3259 2370 superabat
3288 2300 3419 2371 (19).
3449 2324 3470 2353 ι
3508 2301 3619 2355 Haec
3642 2300 3698 2355 de
3735 2299 3820 2355 Ste-

2270 2386 2464 2457 phano
2495 2386 2599 2440 toti
2631 2384 2829 2440 Gallia
2861 2386 3169 2442 insonabat
3199 2387 3494 2459 piissimus
3534 2388 3618 2443 ille
3642 2404 3695 2443 ac
3730 2404 3819 2442 eru-

2272 2473 2600 2530 ditissimus
2632 2473 2834 2531 Gallus
2871 2475 3239 2532 Vincentius.
3290 2477 3415 2533 Haac
3458 2476 3582 2532 licet
3602 2475 3820 2548 Stephano

2272 2562 2328 2617 in
2362 2563 2714 2635 Cyprianum
2748 2564 2938 2635 agenti
2972 2564 3399 2635 perhonoriﬁca
3427 2567 3726 2621 Francorum
3752 2580 3820 2619 ne-

2273 2651 2416 2706 mini
2446 2656 2585 2706 tunc
2617 2652 2796 2707 nimia
2823 2651 2908 2707 vel
2941 2653 3335 2709 redundantia
3381 2654 3715 2719 videbantur;
3742 2653 3820 2706 imo

2271 2741 2412 2811 quia
2439 2739 2664 2795 veritati
2697 2758 2812 2796 non
2845 2741 3062 2808 minus,
3098 2759 3278 2814 quam
3311 2761 3427 2799 sum
3451 2760 3576 2816 erga
3601 2743 3719 2797 Petri
3738 2757 3822 2796 suc-

2270 2845 2531 2885 cessores
2579 2830 2788 2884 innatas
2838 2831 3037 2901 pietati
3082 2848 3342 2887 consona
3370 2833 3598 2888 libenter
3622 2830 3819 2886 audiebat

2271 2936 2337 2973 ac
2370 2918 2617 2989 posteris
2647 2919 2914 2973 tradebat
2944 2920 3223 2975 universa
3252 2920 3461 2989 Gallia,
3490 2926 3642 2991 atque
3664 2920 3820 2974 utinam

2271 3007 2388 3062 haec
2414 3007 2589 3061 etiam
2626 3008 2874 3063 Launoio
2906 3007 3289 3080 placuissent,
3321 3015 3407 3065 tot
3435 3009 3659 3080 profecto
3675 3006 3820 3063 errori-

2270 3096 2381 3151 bus
2401 3095 2771 3151 Vincentium
2795 3097 3071 3167 Stephani
3095 3103 3265 3169 gesta
3287 3100 3613 3154 scribentem
3636 3113 3725 3151 non
3736 3110 3822 3149 one-

511 3170 932 3253 moderationis
952 3207 1020 3247 ac
1041 3207 1159 3244 sua:
1182 3187 1489 3259 potestatis
1513 3186 1729 3241 limites
1746 3185 2157 3257 excessit,quia
2183 3170 2226 3236 C
2264 3187 2470 3248 rasset,
2499 3183 2725 3255 ipsique
2753 3190 2934 3240 totam
2984 3186 3043 3241 in
3094 3186 3207 3242 hac
3249 3204 3308 3243 re
3340 3188 3507 3242 ﬁdem
3537 3186 3732 3240 minime
3752 3184 3818 3237 de-

513 3286 623 3343 soli
655 3282 920 3340 Ecclesiae
944 3279 1163 3351 judicio
1206 3276 1530 3347 Cyprianus
1578 3276 1782 3331 cedere
1828 3274 2154 3330 tenebatur.

515 3374 661 3441 Quid
694 3373 786 3428 his
816 3369 971 3443 ego?
1031 3367 1167 3423 Sine
1223 3365 1495 3432 clamore,
1530 3364 1656 3420 sine
1712 3364 1982 3434 strepitu,
2033 3363 2159 3417 sine

516 3461 927 3524 ostentatione,
960 3458 1058 3513 sed
1095 3472 1243 3523 vere,
1275 3454 1621 3527 simpliciter
1649 3458 1705 3509 et
1735 3453 1983 3508 breviter
2030 3450 2158 3508 dico

514 3552 867 3626 Cyprianum
900 3548 970 3603 ad
1003 3546 1319 3618 genuinam
1350 3542 1661 3616 Augustini
1690 3547 1946 3597 mentem
2002 3541 2062 3596 in
2093 3557 2159 3597 eo

517 3642 702 3698 fuisse
735 3661 762 3690 ‹‹
794 3633 1309 3709 reprehensibilem
1341 3654 1370 3683 »
1402 3633 1557 3704 quod
1590 3654 1617 3682 «
1650 3631 1816 3688 aliter
1835 3647 1901 3687 ac
1923 3629 2164 3702 Stepha-

518 3747 635 3786 nus
667 3727 893 3794 sensit;
928 3747 955 3774 »
988 3724 1145 3797 quod
1173 3745 1201 3773 ‹‹
1263 3721 1515 3777 noluerit
1572 3736 1886 3793 agnoscere
1935 3742 1962 3770 «
1995 3718 2161 3787 illud,

519 3819 674 3893 quod
703 3816 1034 3888 Stephanus
1063 3812 1303 3885 agnosci
1330 3811 1578 3879 volebat,
1614 3833 1635 3859 ι
1673 3809 2039 3881 Baptismum
2073 3808 2167 3863 ni-

520 3910 738 3965 mirum
769 3904 988 3961 Christi
1027 3903 1203 3958 etiam
1250 3917 1379 3956 esse
1408 3900 1560 3971 apud
1596 3899 1895 3955 haereticos
1926 3903 1982 3954 et
2012 3897 2166 3953 schi-

519 3996 818 4053 smaticos.
850 4016 876 4043 ››
935 3992 1017 4051 Id.
1074 3991 1338 4061 inquam,
1388 3988 1447 4042 in
1478 3987 1764 4059 Cypriano
1796 3984 2171 4058 reprehendit

520 4084 899 4157 Augustinus,
930 4081 989 4135 id
1023 4102 1051 4129 ‹‹
1080 4078 1365 4134 charitate
1400 4100 1427 4125 »
1458 4080 1517 4131 et
1574 4078 1813 4147 quidem
1845 4098 1872 4125 ‹‹
1934 4075 2098 4131 uberi
2141 4096 2168 4123 ››

522 4174 966 4245 compensatum
1015 4168 1087 4223 ab
1133 4166 1258 4238 ipso
1309 4165 1652 4231 autumavit,
1688 4164 1745 4219 id
1777 4187 1805 4214 ‹‹
1842 4164 1984 4219 falce
2015 4181 2167 4219 mar-

522 4260 657 4336 tyrii
689 4262 1000 4333 purgatum
1032 4274 1057 4307 »
1098 4256 1169 4310 ab
1216 4255 1341 4325 ipso
1396 4252 1816 4325 pronuntiavit.
1868 4252 2005 4307 Tale
2035 4268 2169 4324 ergo

522 4368 637 4407 non
671 4353 795 4405 erat
824 4348 894 4403 ad
928 4348 1184 4401 mentem
1217 4342 1532 4414 Augustini
1569 4341 1851 4414 Stephani
1883 4341 1947 4396 Η.
1980 4340 2171 4411 ponti-

523 4440 649 4496 ﬁcis
680 4441 1056 4509 praeceptum,
1083 4432 1177 4489 cui
1207 4432 1533 4505 Cyprianus
1555 4431 1680 4486 sine
1702 4430 1874 4502 culpa
1904 4430 2173 4485 resistere

523 4526 796 4600 potuerit.
828 4526 1007 4581 Suam
1039 4539 1174 4595 ergo
1227 4521 1579 4607 sententiam
1629 4519 1953 4590 Cyprianus
1996 4519 2170 4590 depo-
2202 4540 2252 4607 Β

525 4632 663 4672 nere
683 4631 749 4669 ac
769 4613 936 4669 aliter
955 4612 1171 4667 sentire
1202 4603 1472 4676 debebat,
1505 4614 1570 4663 ut
1599 4607 1925 4678 culpandus
1948 4624 2062 4663 non
2081 4624 2173 4663 es-

525 4708 653 4770 set;
686 4719 800 4758 non
833 4717 967 4772 ergo
998 4701 1235 4756 tandem
1266 4699 1600 4770 Stephanus
1622 4697 1793 4767 juxta
1820 4698 1873 4751 S.
1897 4696 2174 4769 Augusti-

525 4810 667 4850 num
684 4790 1119 4862 vituperandus,
1137 4787 1303 4859 quasi
1337 4786 1721 4859 praecipiendo
1754 4784 2172 4841 moderationis

522 4900 589 4939 ac
624 4898 744 4937 sua:
776 4878 1083 4952 potestatis
1116 4877 1333 4933 limites
1364 4881 1812 4948 praetergressus
1844 4874 2037 4940 fuerit,
2069 4873 2170 4929 sed

521 4988 552 5028 e
580 4976 780 5026 contra
822 4968 1157 5040 arguendus
1207 4964 1550 5036 Cyprianus,
1601 4964 1701 5034 qui
1746 4962 1913 5018 aliter
1942 4964 2012 5019 ab
2043 4962 2170 5034 ipso

519 5060 733 5117 sentire
759 5056 1025 5124 voluerit,
1059 5054 1262 5125 illique
1295 5054 1579 5107 resistere.

588 5149 680 5204 Xl.
712 5147 897 5210 Quam
930 5145 1215 5216 apposita,
1252 5158 1428 5212 quam
1462 5139 1752 5212 religiosa,
1794 5157 1970 5212 quam
2005 5156 2171 5210 aequa

517 5238 819 5294 Vincentio
854 5232 1142 5290 Lirinensi
1173 5229 1393 5302 optimo
1442 5233 1498 5283 et
1546 5228 1957 5300 antiquissimo
2005 5227 2168 5285 Gallo

518 5329 644 5384 visa
676 5324 893 5381 fuerint
920 5319 1200 5393 Stephani
1226 5318 1285 5373 in
1316 5316 1667 5391 Cyprianum
1699 5323 1881 5390 gesta,
1895 5316 1985 5374 vel
2015 5333 2083 5373 ex
2103 5333 2169 5377 eo

619 5489 683 5544 18

618 5559 685 5615 19

619 5490 683 5544 18

618 5559 685 5615 19

592 5490 686 5715 ἓῖο

736 5485 1149 5568 ροίιῃηιοηίιονη
1175 5497 1298 5554 cap.
1332 5482 1385 5536 9.

736 5558 1000 5705 i:l%;r3£.
1032 5627 1110 5686 ad
1133 5625 1308 5689 Iacob
1336 5624 1602 5699 Bevitaq.,
1635 5624 1722 5698 15,
1766 5640 1899 5699 pag.
1931 5624 2057 5681 817.

689 5488 707 5710 l

2264 3270 2537 3327 traxisset
2556 3273 2689 3342 (20).
2704 3272 2913 3328 Ferum
2936 3274 3234 3346 Stephano
3256 3275 3504 3348 gloriosa
3523 3274 3673 3331 nimis
3687 3276 3817 3337 erant,

2267 3377 2393 3433 quea
2415 3361 2759 3417 Vincentius
2783 3364 3535 3436 memorabat,hujusquein
3548 3360 3817 3435 exponendis

2268 3453 2335 3504 R.
2389 3449 2734 3506 Pontiﬁcum
2786 3450 2965 3523 gestis
3013 3452 3187 3509 stilus
3220 3470 3255 3509 a
3300 3452 3535 3510 Launoii
3560 3451 3674 3509 stilo
3696 3448 3820 3505 nimis

2270 3539 2557 3602 diversus,
2594 3544 2659 3595 ut
2678 3540 2832 3611 apud
2858 3540 3185 3596 Launoium
3220 3547 3578 3615 exspectatus
3602 3557 3655 3596 ac
3678 3537 3826 3611 gratio-

2273 3644 2374 3683 sus
2395 3626 2493 3683 ille
2524 3631 2642 3684 fore
2672 3629 2926 3701 deberet,
2960 3631 3059 3702 qui
3092 3632 3423 3699 modestus,
3455 3631 3825 3704 pacatus,Augu-

2274 3717 2426 3774 stino
2458 3733 2681 3772 convus
2714 3718 2992 3789 Stephani
3019 3726 3378 3792 praceptum
3412 3738 3521 3777 non
3562 3720 3665 3776 zelo
3690 3713 3828 3789 preci-

2276 3805 2817 3879 piti,intempestivo
2849 3824 2916 3864 ac
2946 3808 3401 3881 impotenti,sed
3431 3810 3605 3883 ipsius
3631 3830 3655 3860 «
3681 3802 3831 3863 sancti-

2278 3896 2770 3967 tati,prudentiae»
2796 3913 2899 3952 nec
2914 3915 3027 3953 non
3056 3898 3389 3955 «laudabili
3413 3921 3441 3949 »
3463 3899 3683 3970 posteris
3695 3895 3833 3951 eadem

2278 3985 2701 4056 tradendi,quaa
2733 4002 2766 4041 a
2797 3986 3117 4057 majoribus
3148 3993 3457 4061 acceperat
3486 4011 3505 4038 ι
3540 3986 3719 4054 studio,
3750 4002 3768 4033 ι
3791 3995 3831 4033 ιο

2280 4075 2518 4129 demum
2569 4074 2849 4146 Stephani
2894 4100 2919 4125 (ι
2976 4076 3109 4131 fidei
3142 4100 3170 4125 ››
3224 4095 3347 4151 qua
3376 4083 3598 4133 caeteros
3626 4080 3677 4130 ut
3698 4078 3742 4127 et
3762 4069 3830 4124 loci

2280 4163 2583 4235 dignitate,
2635 4165 2969 4235 superabat,
3021 4182 3087 4221 ac
3134 4189 3161 4215 ‹‹
3199 4166 3542 4223 devotioni»
3573 4160 3831 4220 ascribebat.

2350 4252 2468 4307 XlI.
2506 4252 2742 4307 Prodeat
2763 4255 2888 4324 jam
2921 4271 3075 4309 nunc
3108 4254 3365 4327 insignis
3387 4262 3444 4312 et
3464 4251 3835 4328 percelebrisse-

2280 4341 2395 4398 culi
2428 4341 2573 4397 sexti
2604 4341 2933 4413 episcopus,
2964 4342 3065 4414 qui
3097 4350 3420 4415 suspectus
3448 4342 3614 4400 videri
3641 4356 3730 4397 non
3752 4349 3835 4408 ρος·

2282 4432 2396 4487 sit:
2456 4432 2575 4487 sive
2632 4437 2833 4487 contra
2888 4431 3247 4505 Cyprianum
3308 4434 3655 4506 pronuntiet,
3703 4431 3838 4497 utpote

2280 4522 2433 4588 Afer,
2483 4527 2539 4576 et
2585 4520 2853 4593 Cypriani
2897 4523 3369 4591 amantissimus,
3418 4523 3531 4579 sive
3576 4536 3663 4593 pro
3685 4514 3834 4573 S.Ste'

2283 4611 2474 4683 phano
2507 4610 2780 4681 pontifice
2812 4610 3334 4684 Romano,quippe
3368 4612 3467 4685 qui
3496 4605 3837 4667 schismaticus,

2282 4700 2593 4755 Facundus
2624 4716 2832 4771 nempe
2858 4699 3447 4757 Hermianensis.Hic
3477 4704 3650 4756 autem
3677 4690 3837 4764 Cyprin'

2282 4805 2421 4844 num
2455 4806 2487 4842 a
2539 4787 2833 4858 Stephano
2885 4789 3066 4844 fuisse
3113 4790 3440 4863 culpatum,
3486 4795 3540 4845 et
3573 4786 3764 4858 quidem
3786 4780 3838 4831 ἰῑιο

2279 4881 2497 4933 tentats
2532 4877 3132 4934 excommunicatione
3157 4880 3385 4935 sciebat
3419 4884 3477 4934 et
3501 4876 3729 4933 tradebat
3751 4866 3834 4937 (2U

2279 4968 2569 5038 Stephano
2598 4966 2817 5037 pariter
2837 4966 3190 5038 Cyprianum
3231 4968 3513 5024 restitisse
3537 4982 3596 5021 ac
3622 4961 3834 5018 calamum

2276 5056 2337 5110 in
2368 5054 2613 5127 epistola
2643 5055 2712 5109 ad
2746 5056 3087 5127 Pompeium
3144 5057 3204 5113 in
3260 5057 3426 5113 illum
3482 5052 3742 5111 strinxisse
3778 5056 3833 5095 m-

2278 5144 2386 5199 fel‘t
2417 5146 2566 5217 (22);
2614 5161 2647 5199 a
2694 5144 2964 5201 Facundo
3004 5146 3185 5218 igitur
3214 5148 3400 5203 totius
3431 5144 3506 5201 rei
3533 5146 3685 5215 gesta!
3707 5133 3831 5227 peril}?

2277 5234 2591 5301 discamus,
2626 5250 2699 5289 an
2723 5234 2857 5305 jure
2888 5234 2975 5290 vel
3022 5236 3241 5307 injuria
3285 5235 3591 5309 Cyprianus
3625 5230 3691 5283 ita
3713 5219 3831 5315 fuerit

2278 5339 2311 5379 a
2340 5322 2636 5394 Stephano
2687 5322 2980 5395 culpatus,
3029 5330 3088 5381 et
3133 5327 3548 5397 consequenter
3586 5335 3650 5375 an
3684 5309 3829 5369 merito

2347 5482 2603 5558 (2l)h_Pro
2632 5481 2952 5558 defensione
2989 5487 3157 5541 trium
3200 5485 3518 5558 Capitulor.,
3559 5479 3647 5536 lib.
3674 5492 3716 5541 x,
3740 5481 3828 5539 08P-

2272 5556 2327 5625 3,
2360 5561 2419 5611 et
2449 5555 2587 5611 libro
2617 5555 2874 5613 adversus
2903 5555 3229 5615 Mocianum.

2345 5626 2460 5704 (22)
2491 5627 2637 5687 Ibid.
2698 5672 2708 5683 .
