4088 6174
266 288 416 348 1361

1215 292 1413 353 PARS
1458 291 1534 353 II.
1572 326 1646 337 -—
1674 292 2242 354 RECENTIORUM
2291 293 2729 356 EXCURSUS.

3521 297 3674 359 1362

262 418 377 491 ipsi
428 419 727 476 restiterit.
777 421 862 477 Ab
906 420 1034 494 ipso
1082 423 1483 494 perdiscamus
1532 424 1730 487 etlam,
1793 440 1906 479 non
1940 426 1994 490 Α
2025 425 2126 479 sed
2177 424 2349 479 ambo
2382 426 2695 481 Eusebium
2728 424 3139 481 Caesariensem
3173 426 3355 482 secuti
3390 442 3516 483 eam
3550 434 3675 485 Ste-

260 508 614 581 Cyprianum
656 510 1005 582 Stephanus,
1046 511 1133 565 vel
1177 512 1535 582 Stephanum
1584 513 1908 585 Cyprianus

257 597 543 670 injuriose
564 600 932 655 tractaverit:
962 621 991 651 ‹‹
1012 599 1353 673 Cyprianus,
1377 624 1405 651 ››
1432 602 1624 674 inquit
1640 603 1907 671 breviter,

257 689 361 745 sed
394 692 591 760 aperte
623 709 652 739 ‹‹
681 688 964 759 injuriose
992 694 1251 745 tractans
1278 690 1509 746 beatum
1525 691 1907 763 Stephanum,

255 794 293 833 a
330 795 443 850 quo
486 778 675 833 fuerat
710 779 846 850 jure
894 777 1187 851 culpatus.
1220 802 1247 829 ››
1300 780 1427 836 Hac
1476 782 1536 836 in
1589 783 1911 853 Defensione

254 868 426 922 trium
467 868 857 940 capitulorum,
896 867 998 923 lib.
1041 885 1097 939 κ,
1143 886 1271 941 cap.
1297 871 1349 941 3,
1385 887 1591 926 versus
1626 871 1909 941 medium,

256 956 565 1013 Africanus
622 958 901 1027 antistes,
955 960 1055 1029 qui
1117 957 1263 1014 libro
1316 968 1515 1016 contra
1571 962 1908 1029 Mocianum,

262 1044 465 1100 1808
503 1049 567 1100 ut
597 1061 777 1117 supra
806 1044 1063 1100 vidimus
1096 1047 1227 1118 (23),
1263 1048 1594 1103 afﬁrmabat
1630 1049 1910 1121 Stephani

259 1133 611 1190 sententiam
652 1135 825 1190 etiam
881 1154 909 1184 ‹‹
959 1134 1031 1189 de
1083 1136 1518 1207 rebaptizantus
1566 1155 1680 1195 non
1726 1139 1910 1194 feren-

258 1223 351 1279 dis
382 1246 405 1275 »
444 1222 712 1279 Ecclesia
738 1223 1018 1280 universa
1043 1223 1222 1281 fuisse
1248 1226 1573 1297 probatam,
1598 1245 1631 1282 a
1651 1244 1766 1299 quo
1789 1245 1915 1300 pro-

258 1314 406 1368 fecto
435 1312 705 1369 Ecclesia
726 1313 974 1384 judicio,
1010 1313 1104 1367 cui
1136 1318 1258 1370 tota
1287 1315 1646 1388 suIIragatur
1666 1317 1915 1389 antiqui-

254 1406 347 1457 tas
378 1401 465 1457 vir
489 1402 765 1458 cordatus
792 1402 1059 1458 recedere
1090 1402 1300 1473 noluit,
1334 1421 1406 1459 ne
1447 1406 1912 1463 Christianorum

254 1491 523 1548 omnium
554 1491 1017 1563 indignationem
1051 1497 1108 1548 et
1154 1494 1536 1551 offensionem
1571 1495 1912 1563 incurreret,

254 1581 413 1651 quod
448 1598 600 1636 unus
634 1582 784 1637 inter
813 1585 1034 1637 veteres
1064 1586 1120 1638 et
1155 1584 1420 1639 omnium
1446 1585 1610 1657 prius
1631 1572 1917 1658 Stephani

255 1670 468 1741 agendi
500 1671 782 1726 rationem
813 1670 1145 1742 improbare
1165 1689 1231 1728 ac
1254 1674 1312 1729 in
1331 1674 1694 1747 Stephanum
1718 1676 1912 1731 insur-

251 1775 390 1831 gere
419 1776 537 1814 non
571 1759 931 1815 erubuisset.

324 1848 467 1904 XIII.
484 1848 617 1912 Qua
632 1849 914 1921 Cypriano
929 1850 987 1906 in
1004 1867 1181 1907 causa
1197 1853 1565 1924 baptismatis
1590 1857 1902 1927 contigere,

252 1937 443 1994 obiter
472 1940 973 1995 commemorandi
1007 1941 1286 1997 nonnulla
1311 1943 1417 1997 fuit
1445 1960 1577 1999 vero
1608 1943 1817 1999 litteris
1848 1948 1907 2000 et

249 2026 563 2083 sanctitate
618 2026 979 2095 clarissimo,
1026 2031 1343 2086 venerabili
1401 2033 1587 2101 Beda,
1637 2032 1903 2101 occasio;

249 2132 439 2188 pauca
470 2132 621 2183 vero,
654 2133 780 2189 qua
821 2118 891 2172 de
922 2118 1030 2173 hac
1070 2122 1498 2176 concertatione
1528 2122 1695 2178 nobis
1729 2122 1904 2178 etiam

253 2203 436 2260 tradit
464 2204 729 2260 eruditus
750 2206 1018 2278 scriptor,
1045 2207 1217 2264 sicuti
1240 2210 1517 2282 Stephani
1539 2210 1659 2267 zelo
1680 2226 1744 2266 ac
1768 2227 1907 2282 pru-

255 2294 467 2350 dentia
507 2293 844 2351 nullatenus
876 2295 1162 2365 ofﬁciunt,
1192 2297 1272 2353 ita
1300 2299 1474 2353 etiam
1508 2298 1668 2356 illius
1698 2300 1907 2373 agendi

256 2381 502 2438 rationis
532 2384 871 2455 aequitatem
900 2403 1015 2441 non
1047 2387 1292 2443 obscure
1322 2388 1674 2461 significant.
1700 2389 1912 2445 Scribit

254 2471 415 2526 enim
447 2471 798 2544 Cyprianum
823 2479 1069 2531 etsuum
1095 2492 1346 2533 errorem
1374 2497 1400 2529 ι
1422 2478 1740 2535 correxisse
1761 2483 1817 2534 et
1838 2479 1909 2535 ad

247 2559 648 2617 universalem
712 2567 927 2619 sancta
978 2563 1249 2621 Ecclesia
1298 2583 1563 2622 normam
1605 2568 1910 2624 reductum

245 2648 453 2704 fuisse.
487 2670 514 2698 ι)
548 2652 671 2716 Qua
701 2668 832 2707 vero
861 2669 989 2725 cpe,
1022 2669 1209 2725 quove
1270 2655 1539 2727 praesidio
1594 2658 1915 2730 Cyprianus

244 2738 321 2793 ad
374 2739 761 2796 universalem
806 2742 1069 2799 Ecclesia
1103 2761 1369 2800 normam
1405 2747 1683 2802 reductus
1715 2748 1909 2814 fuerit,

241 2826 591 2898 explicatvir
615 2830 907 2897 eruditus,
932 2854 959 2881 ‹‹
988 2832 1388 2904 spiritualium
1420 2855 1447 2883 ι)
1473 2851 1680 2907 nempe
1706 2858 1734 2886 ‹‹
1760 2836 1910 2891 viro-

243 2932 379 2970 rum
422 2915 832 2986 institutione;
888 2942 914 2969 ››
966 2922 1077 2977 sub
1130 2922 1367 2978 nomine
1423 2927 1623 2979 autem
1676 2922 1911 2980 illorum

242 3025 273 3053 «
309 3004 711 3074 spiritualium
742 3008 1025 3080 virorum,
1060 3032 1088 3060 »
1117 3028 1367 3083 quorum
1402 3036 1428 3063 ‹‹
1475 3013 1849 3070 institutione
1882 3037 1911 3064 »

242 3092 571 3165 Cyprianus
602 3094 742 3150 illud
776 3096 852 3152 sit
883 3103 1211 3168 assecutus,
1244 3101 1605 3173 Stephanum
1641 3102 1903 3175 aliosque

244 3182 518 3253 Cypriani
552 3185 920 3243 adversarios
950 3205 983 3242 a
1012 3189 1165 3244 Beda
1196 3168 1490 3263 designari
1521 3168 1899 3265 perspicuum
1933 3168 1975 3235 Ο

246 3274 359 3325 est.
418 3271 566 3335 Quid
618 3274 870 3345 amplius
918 3278 989 3332 ad
1046 3280 1467 3336 ostendendam
1516 3281 1792 3354 Stephani
1846 3282 1904 3338 in

246 3358 606 3431 Cyprianum
638 3363 848 3435 agendi
882 3366 1126 3422 rationis
1158 3370 1530 3439 prudentiam
1562 3387 1629 3425 ac
1658 3372 1904 3443 aquita-

248 3453 371 3504 tem
394 3448 421 3503 ‘I
449 3451 799 3508 Prudentem
822 3470 1120 3525 aquamve
1151 3457 1281 3528 quis
1313 3463 1483 3530 neget
1514 3458 1674 3515 illam
1697 3460 1905 3532 agendi

246 3539 556 3608 rationem,
600 3540 693 3595 cui
739 3546 859 3597 tam
894 3543 1076 3614 utilis,
1126 3550 1245 3601 tam
1290 3545 1583 3619 gloriosus
1628 3549 1908 3605 debeatur

248 3627 477 3683 fructus
521 3646 589 3684 ac
618 3629 827 3700 exitus,
864 3648 992 3703 qua
1023 3633 1377 3705 Cyprianum
1411 3637 1481 3691 ad
1519 3636 1904 3695 universalem

246 3716 515 3773 Ecclesia
539 3734 803 3775 normam
835 3722 1110 3777 reducere
1139 3724 1431 3779 valuerit?
1453 3725 1535 3780 En
1554 3726 1635 3798 pii
1659 3728 1902 3799 scripto-

247 3805 331 3862 ris
384 3807 557 3862 verba
595 3824 663 3863 ex
689 3807 838 3865 libro
875 3811 1168 3867 Variorum
1194 3816 1576 3884 quastionum,
1609 3821 1813 3887 quast.
1847 3818 1902 3883 5,

244 3894 565 3967 decerpta:
620 3918 649 3947 ‹‹
703 3898 763 3954 Si
814 3898 965 3955 bona
1013 3917 1139 3972 qua
1182 3903 1369 3958 nostis
1412 3919 1516 3974 per
1559 3903 1903 3962 charitatem

244 3984 593 4057 Operamini,
652 3986 869 4044 tribuet
915 3988 1077 4046 vobis
1108 3990 1308 4046 divina
1345 3992 1551 4064 gratia,
1588 3998 1651 4049 ut
1682 3994 1731 4050 si
1763 3996 1903 4066 quid

245 4072 417 4129 aliter
436 4091 614 4147 quam
636 4076 803 4132 decet
825 4078 1052 4149 sapitis,
1078 4084 1136 4135 et
1156 4080 1265 4136 hoc
1292 4079 1905 4157 aliquandointelliga—

246 4163 348 4229 tis,
379 4162 530 4220 sicut
550 4163 613 4220 Β.
637 4166 919 4237 Cypriano
945 4167 1265 4241 contigisse
1292 4171 1671 4242 perspicuum
1685 4173 1904 4245 est,qui

250 4267 386 4307 cum
418 4252 542 4308 suis
573 4254 934 4327 coepiscOpis
959 4257 1312 4327 quierantin
1326 4259 1520 4317 Africa
1536 4262 1904 4333 rebaptizan-

251 4342 359 4398 dos
402 4359 529 4399 esse
559 4344 861 4402 hareticos
892 4351 1094 4403 contra
1124 4364 1346 4405 morem
1378 4350 1644 4408 Ecclesia
1678 4353 1902 4424 statuit,

251 4432 355 4487 sed
388 4431 526 4503 quia
555 4432 615 4488 in
638 4452 748 4490 suo
769 4452 970 4504 sensu,
999 4437 1098 4509 qui
1123 4438 1235 4494 sibi
1260 4444 1453 4495 rectus
1474 4441 1905 4512 videbatur,bo-

2022 512 2200 584 phani
2233 514 2439 584 agendi
2476 514 2721 570 rationis
2750 530 2987 569 causam
3013 516 3330 584 adducunt,
3354 533 3479 588 qua
3510 516 3674 574 illam

2020 618 2137 657 non
2170 602 2282 658 nisi
2313 619 2541 674 aquam
2594 602 2851 659 efficiant
2895 621 2960 660 ac
2999 604 3267 661 exhibere
3304 604 3554 662 valeant.
3592 608 3677 663 Ita

2019 690 2174 747 enim
2207 707 2345 763 erga
2393 691 2747 763 Cyprianum
2797 708 2858 747 se
2906 693 3087 763 gessit
3126 698 3364 749 sanctus
3417 693 3675 754 Pontifex

2012 779 2184 850 juxta
2213 779 2481 835 laudatos
2513 780 2999 852 scriptores,quia
3024 781 3105 835 nil
3129 805 3155 832 «
3190 783 3391 849 novi,»
3416 783 3494 838 nil
3518 787 3674 855 quod

2024 869 2337 940 «antiqua
2387 868 2651 925 Ecclesia
2703 870 3107 926 consuetudini
3159 871 3565 929 adversaretur
3612 874 3672 929 in

2021 972 2149 1012 eam
2182 957 2475 1013 introduci
2505 957 2741 1013 volebat
2772 978 2799 1007 ››
2833 962 2889 1012 et
2918 958 3159 1014 curabat
3188 960 3320 1032 (25).

2094 1048 2298 1102 1309
2312 1046 2423 1103 XV.
2449 1047 2752 1119 Apposita,
2767 1064 2931 1119 aqua
2952 1064 3017 1103 ac
3044 1054 3371 1120 opportuna
3392 1050 3671 1123 Stephani

2022 1134 2082 1189 in
2107 1135 2535 1207 rebaptizantes
2557 1139 2721 1209 gesta
2739 1137 2881 1191 adeo
2896 1135 3241 1207 judicarunt
3257 1142 3565 1209 veteres,ut
3586 1140 3673 1195 vel

2022 1223 2167 1295 ipsis
2207 1225 2725 1297 rebaptizantibus,
2773 1225 2820 1281 si
2868 1241 2981 1279 non
3015 1224 3189 1294 illico,
3224 1226 3437 1281 animis
3470 1229 3675 1285 ardore

2024 1313 2439 1385 disputationis
2470 1315 2750 1385 abreptis,
2784 1312 2992 1369 saltem
3027 1331 3142 1369 non
3175 1314 3359 1370 multo
3393 1320 3545 1388 post,
3580 1334 3675 1373 se-

2023 1401 2175 1457 datis
2200 1402 2325 1473 jam
2357 1420 2424 1458 ac
2454 1404 2697 1469 serenis,
2732 1404 2976 1475 probata
3005 1404 3187 1460 fuisse
3227 1404 3394 1460 nobis
3441 1406 3673 1479 signifi-

2024 1496 2176 1558 cent,
2232 1496 2291 1546 et
2346 1492 2583 1563 quidem
2633 1492 2716 1548 sic
2764 1492 3025 1564 probata,
3078 1498 3143 1548 ut
3190 1510 3367 1549 suum
3418 1510 3674 1551 errorem

2024 1581 2201 1636 etiam
2251 1582 2662 1637 revocaverint.
2708 1582 2782 1637 De
2824 1582 2882 1638 S.
2934 1581 3218 1655 Cypriano
3260 1583 3315 1637 id
3366 1584 3522 1639 credi
3552 1584 3677 1640 vult

2024 1669 2084 1725 S.
2116 1670 2503 1742 Augustinus,
2535 1669 2667 1726 licet
2696 1670 2753 1725 id
2799 1669 3010 1726 litteris
3062 1671 3406 1727 mandatum
3456 1688 3517 1728 se
3557 1689 3673 1728 non

2026 1758 2321 1814 invenisse
2373 1758 2643 1815 fateatur.
2678 1782 2705 1810 κ
2758 1759 3104 1832 Cyprianus,
3135 1781 3162 1809 »
3198 1759 3470 1831 inquitin
3497 1764 3669 1835 Epist.

2022 1847 2102 1903 Ad
2139 1849 2379 1903 Vincent.
2414 1851 2625 1919 Rogal.,
2653 1848 2744 1916 93,
2794 1864 2919 1918 cap.
2955 1847 3042 1919 IO,
3095 1871 3124 1900 ‹‹
3175 1856 3370 1904 autem
3413 1851 3671 1907 sensisse

2016 1937 2186 1993 aliter
2218 1938 2289 1993 de
2321 1938 2636 2009 baptismo,
2669 1954 2845 2009 quam
2870 1937 3059 1993 forma
3088 1942 3147 1992 et
3173 1939 3533 1995 consuetudo
3564 1939 3667 1995 ha-

2015 2026 2190 2082 bebat
2220 2026 2488 2082 Ecclesia
2521 2044 2636 2082 non
2668 2027 2727 2081 in
2751 2026 3068 2092 canonicis,
3102 2027 3201 2081 sed
3226 2026 3282 2081 in
3309 2028 3434 2083 suis
3456 2033 3513 2084 et
3533 2045 3669 2085 con-

2015 2113 2131 2171 cilii
2158 2114 2369 2171 litteris
2398 2114 2724 2174 invenitur:
2756 2115 3076 2171 correxisse
3106 2120 3301 2171 autem
3332 2117 3507 2173 istam
3540 2133 3670 2175 sen-

2016 2204 2259 2260 tentiam
2284 2220 2398 2259 non
2430 2204 2743 2274 invenitur,
2779 2221 2893 2260 non
2917 2204 3367 2277 incongruenter
3385 2210 3578 2262 tamen
3600 2208 3670 2262 de

2017 2293 2121 2349 tali
2150 2293 2271 2349 viro
2302 2293 2759 2349 existimandum
2794 2298 2903 2359 est,
2937 2294 3091 2365 quod
3125 2294 3438 2350 correxerit
3478 2300 3535 2349 et
3554 2295 3669 2350 for-

2016 2387 2174 2439 tasse
2203 2399 2587 2455 suppressum
2618 2382 2695 2438 sit
2723 2383 2795 2437 ab
2824 2382 2908 2437 eis
2940 2382 3039 2455 qui
3058 2381 3166 2437 hoc
3187 2398 3381 2438 errore
3419 2383 3669 2441 nimium

2020 2472 2289 2529 delectati
2332 2477 2490 2538 sunt,
2522 2476 2578 2528 et
2606 2475 2769 2528 tanto
2800 2474 2955 2527 velut
2988 2470 3305 2544 patrocinio
3336 2488 3530 2529 carere
3562 2490 3666 2527 no-

2022 2562 2334 2618 luerunt.»
2385 2560 2751 2633 Augustinus
2800 2560 2908 2617 hoc
2958 2560 3190 2632 quidem
3244 2560 3301 2615 in
3352 2560 3477 2617 loco
3526 2562 3671 2619 dicit

2020 2651 2429 2706 tantummodo
2462 2674 2489 2701 ‹‹
2524 2668 2639 2706 non
2690 2650 3139 2722 incongruenter
3185 2671 3213 2698 »
3263 2650 3334 2704 de
3382 2650 3670 2723 Cypriano

2020 2740 2477 2797 existimandum
2517 2756 2665 2810 esse,
2699 2740 2853 2811 quod
2892 2755 3058 2795 suam
3091 2738 3403 2793 correxerit
3430 2743 3670 2794 senten-

2022 2830 2162 2885 tiam
2192 2855 2205 2898 ;
2235 2834 2292 2885 at
2329 2829 2432 2885 lib.
2458 2847 2500 2884 ιι
2537 2830 2601 2886 de
2650 2830 2926 2901 Baptismo
2963 2837 3161 2884 contra
3199 2829 3490 2896 Donatist,
3542 2845 3670 2901 cap.

2020 2921 2074 2987 5,
2108 2926 2228 2975 tam
2268 2924 2490 2975 certum
2531 2919 2740 2975 asserit
2769 2918 3117 2992 Cyprianum
3159 2933 3327 2973 suam
3372 2933 3672 2974 revocasse

2023 3009 2397 3079 sententiam,
2448 3026 2625 3081 quam
2667 3012 2890 3063 certum
2931 3012 3020 3063 est
3066 3006 3214 3062 tanti
3255 3006 3445 3062 meriti
3489 3007 3673 3065 fuisse

2022 3098 2257 3159 virum;
2289 3098 2425 3153 hinc
2464 3097 2621 3153 enim
2653 3096 3033 3152 considerans
3077 3097 3131 3151 S.
3174 3096 3384 3152 Doctor
3429 3095 3671 3170 Cypria-

2012 3204 2153 3242 num
2185 3187 2477 3259 Stephano
2526 3186 2830 3256 restitisse,
2863 3184 3023 3241 illinc
3063 3201 3277 3258 magna
3306 3186 3668 3257 contempla-

2013 3283 2109 3335 tus
2158 3278 2427 3352 Cypriani
2480 3277 2708 3345 merita,
2751 3278 2967 3349 quibus
2998 3293 3112 3332 non
3144 3292 3349 3348 parum
3382 3276 3670 3334 offecisset

2012 3367 2201 3439 ipsius
2232 3368 2289 3423 in
2322 3384 2515 3423 errore
2536 3366 2894 3438 pertinacia;
2929 3382 3063 3422 cum
3089 3364 3149 3420 in
3168 3364 3437 3437 Cypriani
3460 3364 3671 3421 litteris

2014 3458 2263 3531 hujusce
2292 3456 2584 3529 opinionis
2625 3455 3039 3511 correctionem
3085 3471 3151 3511 ac
3200 3454 3670 3510 emendationem

2014 3565 2129 3603 non
2158 3547 2494 3617 invenisset,
2546 3550 2947 3602 asseveranter
3002 3543 3364 3615 pronuntiat,
3410 3543 3567 3615 quod
3617 3542 3669 3599 si

2013 3638 2164 3694 banc
2213 3636 2629 3693 correctionem
2668 3634 2870 3689 littera
2917 3636 3195 3703 tacerent,
3228 3633 3415 3704 ipsius
3474 3637 3668 3688 tamen

2015 3728 2223 3783 merita
2260 3730 2637 3795 testarentur,
2679 3742 2745 3780 ac
2778 3723 3019 3780 dubiam
3053 3739 3183 3778 esse
3216 3739 3327 3777 non
3358 3722 3619 3777 sinerent
3652 3738 3667 3779 :

2014 3838 2043 3867 ‹‹
2098 3815 2419 3883 Quomodo,
2472 3814 2687 3886 inquit,
2733 3813 2992 3883 accipere
3040 3810 3295 3883 potuerit
3343 3813 3669 3881 Cyprianus

2011 3906 2313 3961 veritatem
2347 3908 2550 3960 contra
2579 3903 2635 3957 id
2668 3903 2825 3973 quod
2858 3900 3149 3956 sentiebat
3178 3900 3499 3966 inventam,
3532 3902 3589 3954 et
3619 3898 3670 3953 si

2011 3994 2215 4050 littera
2263 3997 2475 4060 tacent,
2510 3991 2719 4047 merita
2747 3990 3027 4056 clamant,
3053 3989 3102 4045 si
3144 3986 3402 4060 Epistola
3433 4003 3547 4043 non
3580 3986 3671 4041 in-

2012 4083 2261 4149 venitur,
2285 4098 2498 4137 corona
2525 4085 2793 4137 testatur.
2831 4102 2859 4129 ››

2083 4171 2413 4244 Augustino
2454 4169 2709 4225 concinit
2746 4170 2799 4223 S.
2853 4168 3261 4238 Hieronymus,
3294 4163 3396 4235 qui
3436 4178 3669 4234 expres-

2013 4261 2097 4317 sis
2142 4260 2334 4315 verbis
2384 4259 2638 4314 afﬁrmat
2684 4258 2986 4313 Africanos
3034 4255 3340 4327 episcopos
3393 4266 3564 4307 suam
3596 4252 3669 4307 de

2014 4348 2447 4421 rebaptizandis
2504 4346 2796 4403 bareticis
2844 4344 3193 4402 sententiam
3236 4357 3383 4397 novo
3433 4341 3666 4396 decreto

2013 4455 2334 4495 revocasse.
2378 4460 2406 4487 «
2442 4436 2531 4491 Illi
2562 4436 2674 4508 ipsi
2708 4433 2987 4507 episcopi,
3020 4432 3238 4503 inquit,
3272 4430 3373 4501 qui
3414 4428 3670 4501 rebapti-

252 4521 347 4576 nis
374 4523 672 4580 abundare
702 4526 978 4597 operibus
996 4527 1246 4594 studuit,
1267 4544 1404 4583 mox
1431 4530 1641 4602 corrigi
1668 4533 1903 4601 meruit,
1938 4542 1983 4607 D
2015 4529 2233 4583 zandos
2266 4526 2565 4583 hareticos
2595 4541 2727 4581 cum
2768 4524 3051 4597 Cypriano
3083 4522 3428 4586 statuerant,
3461 4518 3534 4573 ad
3566 4535 3669 4575 an-

253 4614 432 4683 atque
462 4613 534 4668 ad
567 4613 954 4671 universalem
986 4624 1195 4672 sancta
1214 4616 1480 4674 Ecclesia
1504 4635 1767 4675 normam
1793 4622 1908 4693 spi-

252 4700 557 4756 ritualium
590 4702 849 4759 virorum
880 4703 1250 4762 institutione
1282 4706 1501 4763 reduci.
1540 4730 1569 4757 ››

326 4789 472 4843 XIV.
509 4789 657 4853 Quid
698 4792 890 4848 dicam
924 4794 995 4849 de
1032 4794 1277 4867 Georgio
1304 4796 1529 4852 Tarasii
1563 4797 1906 4868 patriarcha

249 4879 693 4953 ConstantinOp.
742 4881 1059 4954 Syncello?
1109 4884 1255 4948 Quid
1308 4885 1377 4939 de
1424 4885 1745 4958 Nicephoro
1788 4887 1911 4942 Cal-

248 4967 388 5022 listo
418 4970 440 5021 P
487 4968 769 5026 Referunt
809 4971 983 5027 ambo
1023 4973 1384 5045 Stephanum
1418 4974 1702 5046 Cypriano
1734 4976 1905 5032 resti-

248 5055 397 5112 tisse
430 5073 444 5121 ;
478 5072 582 5111 nec
627 5057 975 5130 ignorabant
1014 5060 1253 5117 modum
1285 5078 1400 5132 quo
1442 5063 1673 5129 restitit,
1706 5065 1907 5135 praci-

251 5145 466 5217 piendo
481 5146 700 5202 scilicet
717 5152 892 5220 atque
912 5149 1294 5220 gravissimas
1316 5168 1513 5221 poenas
1531 5153 1906 5221 intentando;

248 5234 308 5288 id
342 5234 517 5289 etiam
549 5252 821 5306 expresse
842 5238 1021 5293 tradit
1044 5238 1403 5311 Nicephorus
1435 5242 1548 5308 (24)
1574 5259 1586 5307 ;
1620 5247 1678 5296 at
1705 5248 1910 5298 neuter

249 5322 614 5394 Stephanum
648 5326 854 5398 carpit,
905 5330 1109 5383 neuter
1158 5327 1457 5385 ullatenus
1515 5330 1909 5402 reprehendit,

349 5484 442 5557 23)
474 5483 685 5557 Supra.

349 5484 442 5553 23)
474 5483 685 5557 Supra.

329 5483 443 5698 £24)
478 5555 596 5640 Lib.
629 5574 707 5625 v1,
740 5558 1071 5641 Hist..eccl.,
1105 5575 1231 5642 cap.
1262 5559 1319 5615 7.
1763 5634 1775 5646 .

353 5628 426 5683 25
472 5627 806 5698 Nicephor.,
836 5630 978 5687 ibid.
1011 5630 1293 5698 Georgius
1325 5633 1478 5698 apud
1504 5635 1775 5692 Anastasi

353 5627 441 5700 25)
472 5627 806 5703 Nicephor.,
836 5628 978 5687 ibid.
1011 5627 1293 5705 Georgius
1325 5633 1478 5706 apud
1504 5634 1908 5704 Anastasium,

2015 4618 2235 4688 tiquam
2268 4615 2753 4672 consuetudinem
2783 4611 3026 4669 revoluti
3060 4626 3273 4666 novum
3304 4608 3550 4665 emisere
3581 4607 3673 4662 de-

2017 4712 2238 4762 cretum
2290 4706 2425 4777 (26).
2486 4727 2514 4755 ››
2574 4701 2896 4760 Orientales
2955 4700 3173 4773 pariter
3227 4693 3669 4769 rebaptizationi

2015 4796 2275 4851 faventes
2306 4811 2482 4850 suum
2514 4792 2826 4849 rescidisse
2868 4789 3187 4861 judicium,
3236 4788 3418 4843 tradit
3464 4787 3670 4855 Augu-

2017 4885 2230 4954 stinus,
2255 4889 2312 4940 et
2334 4883 2417 4938 vel
2442 4883 2553 4955 ipsi
2586 4884 2979 4955 agnoscebant
3000 4877 3313 4934 Donatista
3338 4892 3349 4931 :
3380 4896 3401 4924 α
3422 4873 3669 4942 Majores

2018 4979 2211 5029 autem
2258 4972 2454 5042 vestri,
2503 4995 2523 5022 ιι
2578 4971 2767 5043 inquit
2815 4970 2874 5025 S.
2927 4972 3154 5037 Doctor,
3214 4964 3317 5019 lib.
3361 4979 3422 5016 III
3477 4966 3671 5015 contra

2019 5064 2386 5131 Cresconium,
2445 5078 2571 5132 cap.
2635 5064 2690 5128 2,
2742 5083 2769 5110 ‹‹
2824 5058 3037 5130 quibus
3095 5053 3210 5111 tale
3266 5048 3669 5107 testimonium

2020 5153 2387 5225 perhibuisti,
2441 5151 2596 5223 quod
2641 5152 2713 5206 ab
2744 5145 3135 5205 Orientalibus
3170 5145 3475 5215 propterea
3504 5153 3669 5193 com-

2020 5242 2298 5297 munione
2337 5240 2571 5296 discreti
2625 5242 2782 5305 sunt,
2835 5236 2975 5307 quia
3020 5234 3105 5288 illi
3146 5247 3322 5287 suum
3375 5226 3669 5300 judicium

2018 5331 2402 5400 resciderunt,
2436 5346 2550 5401 quo
2568 5329 2653 5385 eis
2678 5326 2980 5400 placuerat
3010 5321 3199 5378 deilla
3218 5316 3497 5390 baptismi
3519 5332 3671 5388 qua-

2020 5490 2169 5548 Bibl.
2202 5491 2273 5546 ad
2307 5506 2400 5545 an.
2432 5490 2558 5544 246.

2090 5562 2202 5634 (26)
2234 5562 2440 5633 Dialog.
2471 5560 2682 5617 advers.
2720 5558 3057 5631 Luciferian.
