4088 6174
506 322 657 389 I363

1549 328 1651 388 DE
1695 327 2286 392 HAEItETlCORUM
2334 330 2858 394 BAPTISMATE.

3667 345 3785 408 I364

501 459 690 516 stione
720 457 1043 529 Cyprianus
1074 461 1249 529 atque
1280 457 1364 513 illi
1393 458 1664 515 Africano
1715 459 1962 516 concilio
2013 476 2150 515 con-
2182 463 2236 528 Α
2266 467 2682 517 commemorat
2721 463 3044 536 episcOpos,
3088 466 3237 520 inter
3280 481 3368 522 eos
3408 480 3788 534 commemoravit

499 545 716 604 sentire
747 552 1030 618 oportere,
1063 568 1091 596 »
1123 551 1180 602 et
1209 547 1381 619 paulo
1425 553 1573 618 post,
1611 548 1808 619 ipsum
1840 547 2148 620 alloquens

498 635 874 694 Cresconium
896 635 1253 691 donatistam
1278 653 1291 692 :
1313 658 1342 686 «
1366 635 1559 692 Vestri
1586 637 1836 707 majores
1860 637 1960 708 qui
1985 654 2046 693 se
2075 639 2147 694 ab

498 724 885 783 Orientalium
940 725 1374 791 communione,
1424 725 1579 796 quod
1634 727 1704 781 de
1752 726 1860 781 hac
1913 743 1974 782 re
2026 728 2148 799 (ba-

500 813 714 887 ptismo
747 813 1175 886 haereticorum)
1198 815 1427 870 diversa
1457 815 1747 871 senserint
1767 816 2148 871 diviserunt.»

498 905 567 961 Et
595 921 722 976 cap.
754 904 834 958 3:
867 927 894 953 u
934 903 1048 958 Cur
1093 921 1206 958 non
1254 904 1449 975 potius
1497 904 1672 959 etiam
1723 905 1881 975 ipsos
1932 922 2149 977 paucos

498 992 818 1049 Orientales
849 1009 1025 1047 suum
1048 991 1342 1064 judicium
1375 992 1696 1048 correxisse
1726 993 2148 1060 dicamus,non

496 1086 562 1138 ut
587 1083 651 1137 tu
682 1081 962 1153 loqueris,
995 1080 1340 1150 rescidisse;
1373 1081 1529 1137 sicut
1559 1082 1715 1136 enim
1745 1081 2039 1139 laudabile
2061 1088 2151 1138 est

495 1189 531 1229 a
562 1190 695 1229 vera
732 1174 1018 1229 sententia
1065 1189 1180 1228 non
1231 1173 1467 1238 moveri,
1499 1172 1580 1227 ita
1627 1171 1915 1245 culpabile
1966 1174 2145 1247 persi-

497 1265 648 1317 stere
680 1262 739 1315 in
770 1261 937 1317 falsa.
970 1283 998 1312 ››
1035 1261 1388 1333 Cyprianum
1419 1279 1454 1318 a
1481 1278 1590 1318 sua
1617 1263 1908 1318 sententia
1930 1264 2147 1320 disces-

497 1350 647 1406 sisse
681 1355 878 1422 aperte
920 1351 1185 1406 tradebat
1232 1354 1430 1406 octavo
1480 1350 1690 1406 saeculo
1737 1351 1803 1406 V.
1853 1352 2000 1408 Beda
2056 1353 2148 1408 his

495 1439 688 1494 verbis
721 1454 735 1494 :
775 1461 795 1488 ι
831 1438 1174 1510 Cyprianus,
1207 1439 1308 1510 qui
1360 1455 1494 1494 cum
1544 1440 1752 1495 I310
1795 1439 1920 1495 suis
1958 1440 2150 1513 coepi-

497 1526 690 1598 scopis
722 1526 822 1599 qui
852 1530 1018 1581 erant
1039 1526 1098 1580 in
1126 1526 1318 1582 Africa
1349 1526 1792 1599 rebaptizandos
1823 1543 1951 1582 esse
1969 1527 2146 1582 haere-

496 1615 643 1671 ticos
673 1620 875 1670 contra
906 1631 1128 1670 morem
1172 1613 1440 1670 Ecclesiae
1485 1615 1710 1686 statuit,
1755 1631 1888 1670 mox
1935 1615 2146 1688 corrigi

497 1703 733 1771 meruit,
767 1708 942 1775 atque
971 1704 1042 1758 ad
1078 1701 1464 1759 universalem
1498 1707 1708 1758 sanctis
1732 1703 1998 1759 Ecclesiae
2023 1722 2148 1759 nor-

497 1808 655 1847 mam
701 1791 1097 1862 spiritualium
1138 1793 1394 1848 virorum
1442 1791 1808 1848 institutione
1859 1793 2080 1849 reduci.
2117 1816 2144 1842 ››

499 1883 575 1937 De
606 1880 1091 1952 rebaptizantium
1123 1881 1526 1952 resipiscentia
1553 1881 1636 1935 ita
1656 1887 1876 1937 veteres
1902 1881 2144 1952 laudati,

498 1969 712 2041 quibus
738 1969 961 2026 nullum
986 1969 1264 2041 refragari
1288 1969 1346 2024 in
1373 1970 1722 2041 antiquitate
1743 1971 2146 2040 totareperies.

496 2059 626 2115 Jam
657 2075 790 2115 vero
830 2058 878 2114 si
908 2058 1242 2131 Stephanus
1266 2059 1432 2114 Rom.
1469 2059 1724 2130 pontilex
1748 2075 1917 2114 suam
1951 2060 2009 2114 in
2043 2061 2151 2116 hoc

501 2151 730 2221 negotio
759 2149 1166 2204 auctoritatem
1199 2164 1313 2203 non
1350 2148 1818 2219 interposuisset,
1843 2149 1892 2202 si
1920 2154 2148 2204 tantum

505 2254 623 2296 non
657 2253 773 2310 pra
820 2253 885 2294 se
923 2237 1158 2293 tulisset
1203 2236 1458 2308 vigorem
1499 2237 1906 2308 apostolicum,
1949 2237 2061 2293 nisi
2091 2254 2152 2294 se

505 2331 786 2399 tanquam
819 2343 1053 2382 murum
1084 2341 1300 2381 cereum
1330 2325 1826 2396 rebaptizantibus
1846 2328 2152 2399 opposuis-

508 2421 618 2485 set,
651 2416 871 2471 adeone
899 2415 1066 2471 facile
1095 2431 1286 2486 suam,
1311 2430 1486 2486 quam
1517 2418 1679 2470 tanto
1708 2415 1914 2472 ardore
1945 2432 2155 2488 propu-

506 2505 767 2576 gnabant
805 2503 1151 2560 sententiam
1186 2505 1556 2558 revocassent
1592 2502 1846 2558 Africani
1877 2503 2055 2560 simul
2099 2509 2156 2560 et

507 2593 831 2650 Orientales
844 2591 1328 2656 antistites?Quis
1344 2590 1697 2663 hicdigitum
1721 2593 1819 2648 Dei
1843 2610 1956 2649 non
1980 2611 2155 2667 agno—

507 2691 652 2751 scat,
683 2685 785 2758 qui
833 2684 1112 2755 Stephani
1160 2681 1526 2754 aliorumque
1574 2682 1688 2754 ipsi
1729 2683 2154 2742 adherentium

505 2775 913 2848 episcoporum
954 2773 1142 2830 zelum
1174 2789 1241 2828 ac
1269 2772 1656 2828 constantiam
1684 2776 1802 2828 tam
1837 2773 1998 2830 uberi
2033 2776 2154 2830 fru-

505 2867 602 2919 ctu
635 2862 932 2920 cumulare
959 2859 1251 2918 voluerit?
1283 2859 1506 2915 Illudne
1550 2861 1750 2916 credes
1790 2862 2154 2936 intempesti-

504 2970 664 3020 vum,
699 2951 854 3025 quod
905 2956 1021 3006 tam
1065 2950 1237 3006 luerit
1279 2949 1478 3005 efﬁcax
1508 2948 1770 3004 studium
1797 2952 1824 3006 ?
1856 2952 2059 3024 Iniquo
2089 2971 2155 3009 ac

512 3040 921 3113 intempestivo
953 3039 1073 3095 zelo
1104 3039 1262 3095 itane
1293 3037 1508 3093 dociles
1531 3053 1594 3093 se
1627 3040 2029 3109 praebuissent,
2054 3043 2154 3115 qui

509 3147 576 3188 eo
628 3129 1070 3202 gravabantur?
1121 3128 1217 3185 Vel
1268 3129 1402 3184 hinc
1446 3125 1726 3197 Stephani
1767 3133 2028 3187 actorum
2060 3133 2155 3187 di-

504 3234 720 3294 gnosce
747 3219 1103 3292 aequitatem.

579 3345 718 3402 XVI.
755 3345 839 3400 Ad
870 3343 1106 3401 tandem
1148 3344 1302 3415 quod
1339 3361 1524 3400 unum
1556 3345 1841 3402 infrunita
1874 3347 2156 3402 recentio-

511 3451 642 3492 rum
675 3433 932 3500 illorum,
966 3432 1062 3504 qui
1098 3431 1455 3490 sanctissimi
1490 3435 1781 3506 pontiﬁcis
1815 3437 2158 3492 memoriam

509 3525 826 3581 dilacerare
859 3539 971 3579 non
1012 3523 1314 3592 desinunt,
1345 3541 1446 3580 ora
1496 3525 1728 3598 penitus
1775 3528 2155 3596 contundere,

511 3631 577 3670 ac
636 3612 896 3685 iniquam
950 3611 1255 3666 audaciam
1318 3613 1630 3685 reprimere
1677 3615 1992 3682 sufﬁceret,
2044 3616 2158 3688 ipsi

513 3700 918 3758 auscultentur
957 3699 1344 3757 infensissimi
1377 3702 1434 3758 S.
1461 3703 1738 3776 Stephani
1756 3704 1975 3772 hostes,
1999 3705 2158 3778 ipsos

513 3789 641 3845 dico
681 3788 1036 3844 Donatistae.
1083 3789 1158 3844 De
1197 3805 1364 3862 requa
1405 3790 1490 3845 vel
1523 3791 1725 3862 iniqua
1755 3791 2034 3864 Stephani
2073 3791 2161 3848 vel

513 3877 783 3951 Cypriani
812 3877 1022 3949 agendi
1052 3877 1274 3934 ratione
1306 3879 1424 3935 sint
1445 3879 1697 3950 judices.
1750 3880 1929 3936 Nemo
1978 3881 2163 3936 nescit

516 3967 834 4024 Donatistis
853 3965 929 4020 nil
955 3965 1137 4022 fuisse
1159 3965 1394 4023 charius
1417 3984 1593 4040 quam
1617 3967 1990 4040 Cyprianum,
2017 3969 2161 4024 nihil

516 4057 886 4125 familiarius,
930 4071 1105 4126 quam
1155 4071 1331 4128 Opera
1361 4056 1651 4128 Cypriani,
1690 4074 1754 4112 ac
1788 4058 2160 4129 potissimum

517 4164 586 4204 ea
615 4163 741 4218 quas
773 4161 874 4217 pro
905 4161 1013 4199 sua
1041 4145 1112 4198 de
1139 4145 1565 4216 rebaptizandis
1583 4146 1870 4202 haereticis
1892 4147 2165 4219 opinione

518 4234 810 4291 firmanda
833 4232 1290 4288 elucubraverat.
1326 4232 1454 4288 Haec
1487 4234 1721 4290 assidue
1741 4235 2048 4290 Catholicis
2067 4253 2162 4291 oc-

519 4325 828 4390 cinebant;
867 4323 923 4377 in
955 4321 1279 4378 Catholicos
1319 4323 1640 4393 urgebant;
1675 4322 1893 4397 legerat
1923 4325 2066 4394 haec,
2099 4343 2164 4382 ac

520 4414 759 4471 triverat
779 4412 1012 4467 illorum
1037 4411 1378 4484 eoryphaeus
1403 4411 1896 4477 Petilianus,haec,
1920 4413 2164 4487 inquam

519 4501 786 4573 Cypriani
818 4518 992 4572 opera
1022 4499 1364 4572 perlegeret,
1393 4499 1452 4555 in
1477 4501 1695 4573 quibus
1711 4502 2005 4574 Stephano
2028 4520 2168 4575 prai-

2259 554 2316 606 et
2345 550 2883 624 Stephanum,quos
2913 554 3306 626 episcopatum
3329 555 3577 614 illibatum
3597 566 3791 633 gessisse

2259 641 2564 695 confessus
2603 645 2710 696 est.
2750 664 2770 690 ι
2807 642 2954 708 Quid
2986 645 3058 699 ad
3091 644 3356 715 Stephani
3394 645 3600 718 gloriam
3626 656 3723 708 tum
3746 657 3788 712 in

2259 726 2390 782 aliis
2421 745 2551 800 quae
2581 730 2711 785 fecit
2743 732 3037 799 omnibus,
3071 737 3194 788 tum
3227 733 3282 788 in
3323 734 3422 790 hoc
3461 740 3697 812 praecipue
3719 760 3771 798 ne

2257 814 2412 886 gotio
2445 820 2966 876 commendandam
3000 821 3386 888 excellentius,
3413 841 3568 895 quam
3595 828 3791 900 ipsorum

2259 903 2330 958 de
2377 907 2506 976 ejus
2563 907 2893 980 integritate
2952 910 3373 966 Donatistarum
3439 915 3794 974 testimonium?

2259 993 2564 1050 Enimvero
2595 997 2894 1054 veritatem
2917 999 3067 1054 hanc
3090 1017 3202 1054 non
3233 1001 3392 1056 modo
3412 1008 3740 1074 apertam,sed
3757 1017 3797 1064 et

2258 1081 2570 1138 violentam
2613 1085 2793 1141 fuisse
2842 1093 3085 1159 oportet,
3129 1090 3356 1160 quando
3399 1084 3512 1146 eam
3547 1109 3632 1148 nec
3652 1094 3796 1152 hostes

2260 1171 2494 1242 quidem
2515 1173 2896 1230 infensissimi
2921 1175 3288 1232 dissimulare
3304 1182 3798 1248 potuerunt.Ethodie

2259 1277 2375 1316 non
2408 1263 2588 1334 pudet
2626 1264 2938 1336 scriptores
2979 1267 3288 1336 quosdam,
3327 1267 3417 1338 qui
3458 1285 3513 1323 se
3551 1269 3799 1327 Catholicoa

2259 1347 2458 1404 haberi
2512 1351 2737 1418 volunt,
2779 1353 3046 1424 Cypriani
3083 1353 3504 1427 Firmilianique
3548 1357 3716 1413 litteris
3751 1361 3801 1414 ad

2259 1440 2617 1496 sanctissimi
2652 1441 2831 1512 hujus
2863 1443 3153 1512 pontificis
3204 1445 3544 1511 memoriam,
3589 1446 3662 1500 vel
3698 1447 3802 1518 ipsis

2258 1525 2401 1582 olim
2433 1529 2747 1584 Donatistis
2789 1531 3180 1603 undequaque
3230 1531 3515 1601 illibatam,
3545 1549 3802 1591 commacu-

2255 1615 2494 1672 landam
2530 1636 2734 1675 rursus
2765 1637 2832 1674 ac
2864 1621 3347 1691 proscindendam
3377 1623 3542 1678 abuti.

2329 1725 2532 1780 1311
2579 1725 2748 1780 XVII.
2787 1725 2991 1782 Plures
3022 1727 3301 1800 Stephani
3328 1728 3563 1784 vindices
3588 1745 3682 1785 non
3707 1747 3802 1802 sup-

2178 1834 2225 1898 Β
2258 1813 2478 1884 peditat
2506 1815 2846 1887 antiquitas,
2879 1817 3018 1889 quia
3047 1816 3245 1888 plures
3284 1834 3393 1872 non
3422 1817 3641 1888 exhibet,
3661 1821 3735 1889 qui
3758 1821 3804 1873 de

2261 1900 2486 1957 famosa
2527 1902 2628 1958 illa
2659 1904 3012 1976 Cyprianum
3045 1906 3199 1961 inter
3228 1910 3283 1962 et
3311 1907 3642 1979 Stephanum
3666 1913 3806 1963 exorta

2259 1991 2630 2048 contentione
2679 1993 2765 2048 vel
2806 2009 2874 2049 ex
2923 1995 3182 2066 professo
3223 1997 3600 2062 disseruerint,
3640 1997 3708 2051 vel
3743 2012 3810 2068 per

2262 2083 2638 2136 transennam
2665 2083 3079 2151 meminerint;
3114 2089 3171 2138 at
3203 2084 3384 2151 fallor,
3420 2085 3521 2140 nisi
3541 2084 3722 2140 laudati
3743 2084 3808 2138 ha-

2261 2174 2467 2223 ctenus
2493 2170 2809 2242 scriptores
2841 2173 3072 2228 abunde
3115 2173 3408 2230 sufficiant
3436 2175 3501 2229 ad
3541 2173 3810 2246 propositam

2262 2257 2537 2328 Stephani
2570 2275 2807 2316 causam
2841 2277 2953 2316 non
2989 2261 3181 2317 solum
3206 2280 3241 2318 a
3268 2261 3558 2319 calumniis
3581 2262 3810 2318 vindican-

2263 2346 2420 2416 dam,
2479 2349 2580 2402 sed
2634 2347 2964 2420 insignibus
3021 2351 3197 2406 etiam
3247 2353 3609 2408 decorandam
3647 2351 3809 2421 elogiis.

2266 2435 2476 2507 Ecquis
2507 2437 2664 2492 enim
2695 2437 2922 2493 dubitet
2965 2456 3118 2494 sanae
3159 2441 3372 2496 mentis
3417 2441 3470 2494 id
3524 2457 3553 2495 a
3593 2439 3809 2510 Stephano

2265 2529 2466 2580 contra
2495 2526 2846 2598 Cyprianum
2879 2527 3142 2600 aliosque
3171 2529 3581 2602 rebaptizantes
3613 2533 3732 2584 recte
3761 2527 3813 2580 Ia-

2264 2617 2422 2668 ctum
2473 2614 2678 2682 fuisse,
2725 2617 2902 2686 quod,
2931 2617 3103 2673 sicuti
3135 2622 3395 2674 veterum
3423 2633 3576 2673 nemo
3603 2616 3813 2688 improba-

2264 2701 2362 2771 vit,
2396 2707 2482 2758 tot
2512 2704 2604 2758 SS.
2639 2707 2859 2770 Patres,
2901 2706 3246 2780 nobilesque
3286 2712 3401 2763 tam
3435 2707 3666 2762 doctrina
3694 2719 3813 2776 quam

2265 2791 2616 2863 antiquitate
2664 2795 2998 2866 scriptores,
3060 2795 3179 2851 imo
3231 2796 3317 2852 vel
3376 2797 3478 2868 ipsi
3522 2791 3810 2850 infensissimi

2265 2881 2546 2952 Stephani
2580 2882 2776 2937 hostes
2817 2884 2872 2937 in
2906 2901 2972 2939 eo
2995 2879 3813 2953 commendarunt?Quisjudicio

2265 2974 2383 3024 tam
2425 2970 2608 3042 gravi,
2640 2976 2759 3026 tam
2791 2971 2978 3028 valido
3011 2990 3125 3028 non
3168 2975 3517 3046 acquiescat,
3546 2989 3605 3028 ac
3631 2972 3674 3026 in
3699 2973 3813 3024 tanta

2267 3059 2627 3115 auctoritatis
2661 3059 2870 3116 lectulo
2901 3062 3066 3133 quasi
3099 3063 3295 3119 fessus
3325 3081 3435 3119 non
3465 3057 3750 3118 accumbat?

2341 3166 2473 3222 Post
2503 3165 2622 3221 haec
2651 3172 2909 3224 veterum
2944 3169 3286 3226 testimonia
3314 3187 3462 3226 anne
3489 3168 3652 3225 adhuc
3683 3163 3818 3234 inqui-

2267 3255 2537 3321 rendum,
2571 3273 2643 3310 an
2676 3255 3151 3330 examinandum,
3179 3264 3380 3315 utrum
3403 3264 3547 3314 recta
3575 3256 3648 3312 vel
3667 3255 3820 3324 iniqua.

2267 3347 2595 3416 opportuna
2622 3343 2709 3400 vel
2739 3343 3170 3417 intempestiva,
3197 3348 3453 3419 prudens
3480 3346 3556 3402 vel
3577 3338 3822 3399 inconsulta

2272 3432 2443 3488 fuerit
2471 3431 2746 3504 Stephani
2781 3439 2982 3488 contra
3014 3435 3444 3507 rebaptizantes
3481 3432 3662 3508 agendi
3693 3426 3822 3485 ratio?

2268 3524 2340 3578 At
2369 3521 2415 3577 si
2453 3522 2649 3576 minus
2677 3527 2831 3578 recta
2865 3523 3031 3578 nobis
3078 3531 3404 3596 appareant
3447 3522 3684 3595 Stephani
3722 3523 3822 3583 acta,

2271 3614 2537 3666 nostrum
2600 3609 2709 3666 hoc
2767 3610 3176 3683 qualecunque
3229 3630 3469 3669 examen
3519 3629 3578 3668 ac
3617 3604 3824 3680 judicium

2271 3699 2538 3771 nunquid
2585 3704 2843 3755 veterum
2893 3701 3155 3756 omnium
3195 3702 3424 3773 judicio
3451 3707 3504 3756 et
3531 3697 3744 3756 examine
3765 3708 3824 3746 ac-

2271 3788 2532 3843 curatius
2580 3805 2647 3843 ac
2704 3789 2940 3860 gravius
2977 3789 3466 3846 existimabitur?
3518 3783 3743 3858 Nunquid
3772 3784 3826 3833 tot

2274 3877 2376 3934 SS.
2432 3877 2650 3945 Patres,
2703 3883 2902 3950 totque
2959 3881 3278 3934 venerandi
3333 3879 3636 3952 Scriptores
3682 3871 3826 3945 preju-

2272 3966 2441 4021 diciis
2473 3965 2694 4036 abrepti
2725 3965 2813 4022 vel
2867 3967 3088 4038 decepti
3139 3968 3229 4024 vel
3282 3969 3474 4024 minus
3521 3961 3716 4021 veridici
3752 3971 3826 4012 ore

2273 4056 2506 4125 dentur,
2559 4072 2664 4111 nos
2705 4071 2839 4111 vero
2879 4055 3252 4120 oculatiores,
3299 4058 3590 4127 aequiores,
3617 4057 3748 4121 atque
3770 4043 3828 4098 his

2273 4145 2549 4200 omnibus
2581 4145 2816 4208 mentis,
2847 4145 2934 4198 vel
2968 4145 3158 4200 cordis
3192 4145 3623 4200 infirmitatibus
3642 4142 3704 4194 ita
3720 4130 3828 4190 liberi

2273 4249 2340 4288 ac
2388 4232 2704 4296 immunes,
2752 4236 2816 4289 ut
2852 4249 3029 4306 quam
3059 4233 3171 4302 ipsi
3209 4235 3445 4306 assequi
3478 4251 3582 4288 non
3608 4225 3829 4285 valuerunt

2274 4321 2601 4391 veritatem,
2639 4323 2893 4393 pandere
2917 4339 2983 4378 ac
3013 4324 3324 4379 ostendere
3345 4324 3510 4379 nobis
3530 4321 3723 4377 tandem
3747 4314 3826 4367 fue-

2275 4412 2350 4466 rit
2375 4416 2731 4468 reservatum
2753 4411 2780 4465 ?
2815 4412 2974 4478 Idne,
3007 4429 3227 4483 quaeso,
3263 4413 3512 4469 cordatis
3533 4399 3832 4465 suadebitur?

2277 4500 2458 4565 Quam
2485 4516 2651 4566 vana,
2688 4515 2860 4571 quam
2886 4499 3069 4555 stulta
3094 4505 3298 4556 nostra
3311 4495 3725 4562 essetfiducia,si
3745 4507 3833 4563 ρτίεέ·

524 4571 759 4660 cipienti
817 4571 884 4645 ac
948 4571 1448 4661 rebaptizantibus
1496 4571 2167 4648 vexcommunicationem
2198 4571 2245 4636 D
2278 4588 3833 4662 posterisinquisitionibusefﬁceretandemsperaremUS.

527 4675 822 4733 minitanti
855 4679 993 4733 vitia
1023 4695 1137 4734 non
1180 4695 1366 4750 pauca
1395 4679 1720 4751 Cyprianus
1764 4683 2169 4752 exprobrabat.

527 4767 727 4838 Neque
757 4771 948 4822 tamen
984 4768 1076 4823 his
1107 4768 1383 4824 omnibus
1415 4769 1496 4824 ita
1535 4769 1751 4824 moveri
1794 4771 1984 4842 potuit
2022 4770 2172 4826 Peti-

523 4856 741 4928 lianus,
769 4857 910 4930 quin
943 4857 1095 4913 ultro
1127 4874 1193 4912 ac
1225 4856 1438 4930 palam,
1461 4862 1662 4913 contra
1683 4873 1803 4913 rem
1830 4875 2173 4925 suam,con-

526 4951 618 5002 tra
647 4946 836 5018 ipsam
859 4949 914 5001 S.
937 4947 1228 5019 Cypriani,
1253 4946 1423 5016 cujus
1445 4947 1502 5001 in
1527 4946 1890 5016 Stephanum
1912 4947 2089 5018 dicta,
2113 4952 2176 5004 ut

529 5051 722 5092 meras
751 5035 995 5106 proinde
1041 5034 1369 5092 calumnias
1421 5035 1721 5106 arguebat,
1770 5037 2175 5093 auctoritatem

527 5124 885 5196 Stephanum
946 5146 973 5172 ‹‹
1034 5125 1434 5194 episcopatum
1491 5122 1784 5180 illibatum
1841 5125 2095 5197 gessisse
2145 5149 2174 5176 »

527 5212 795 5270 absolute
852 5215 1238 5284 proﬁteretur.
1295 5211 1424 5266 Haec
1469 5211 1736 5268 Petiliani
1785 5213 2067 5270 Cirtensis
2116 5215 2176 5272 in

527 5302 799 5358 Numidia
833 5302 1266 5358 Donatistarum
1299 5300 1555 5372 episcopi
1584 5305 1704 5358 tam
1736 5303 2030 5376 Stephano
2053 5304 2175 5378 glo-

530 5389 688 5447 riosa
709 5391 996 5445 confessio
1028 5389 1253 5443 eruitur
1273 5405 1338 5444 ex
1379 5389 1471 5444 his
1510 5391 1569 5446 S.
1603 5392 1910 5462 Augustini
1965 5393 2175 5461 verbis,

531 5477 632 5533 lib.
687 5480 756 5532 De
796 5483 958 5534 uniro
1004 5480 1304 5547 Buptismo,
1357 5482 1545 5533 contra
1575 5481 1934 5546 l’etz’lianum,
1970 5500 2024 5539 c.
2063 5484 2128 5537 14
2162 5499 2174 5536 :

539 5583 562 5612 ι
594 5567 699 5622 Sed
725 5567 851 5622 volo
884 5565 1026 5622 mihi
1054 5566 1232 5621 solvat
1262 5567 1368 5623 iste
1391 5567 1754 5640 (Petilianus)
1777 5571 2178 5641 quaestionem,

534 5655 1009 5728 quandoquidem
1045 5673 1174 5712 cum
1202 5657 1472 5714 Romanis
1499 5657 1766 5715 Ecclesiae
1791 5675 1892 5733 per
1914 5659 2179 5716 ordinem

2283 4685 2347 4734 ut
2392 4678 2721 4750 posthabito
2765 4683 3025 4734 veterum
3061 4679 3314 4750 judicio,
3370 4680 3528 4735 nobis
3568 4670 3832 4731 assentiatur

2283 4773 2598 4837 nostraque
2629 4766 3017 4839 amplectatur
3064 4785 3269 4837 aequus
3320 4785 3508 4824 rerum
3557 4753 3831 4820 aestimator?

2283 4857 2414 4913 Scio
2446 4858 2683 4927 quidem
2723 4873 2788 4912 ac
2834 4857 3173 4928 quotidiana
3219 4859 3389 4913 docet
3433 4850 3738 4927 experientia
3771 4845 3830 4898 be-

2285 4946 2496 5002 sternis
2529 4946 2880 5018 quibusdam
2914 4945 3259 5003 hominibus
3293 4964 3430 5003 suos
3461 4945 3632 5016 magis
3657 4935 3834 4996 arridere

2283 5035 2457 5102 fetus,
2491 5051 2714 5106 suaque
2745 5037 2998 5104 inventa,
3027 5053 3204 5108 quam
3231 5037 3370 5092 trita
3397 5042 3452 5093 et
3478 5030 3833 5108 pervulgata“?

2285 5128 2473 5180 terum
2512 5124 2862 5188 testimonia,
2919 5125 3161 5196 suisque
3212 5125 3412 5198 potius
3465 5137 3624 5195 quam
3673 5114 3834 5172 illorum

2286 5213 2511 5287 placitis
2543 5213 2863 5287 indulgere.

2357 5303 2501 5368 Quid
2536 5303 2710 5376 ergo?
2737 5303 3018 5375 Stephani
3047 5306 3212 5375 gesta
3244 5300 3448 5359 suoilli
3472 5297 3833 5370 subjiciantexa-

2288 5393 2430 5449 mini
2467 5409 2565 5464 per
2585 5409 2677 5448 me
2707 5392 2862 5461 licet,
2895 5393 3250 5464 illorumque
3281 5393 3593 5465 equitatem
3630 5385 3699 5439 vel
3730 5379 3833 5446 inju‘

2288 5483 2510 5538 stitiam
2544 5500 2659 5536 non
2692 5500 2760 5537 ex
2797 5486 3051 5536 veterum
3077 5481 3327 5552 judicio,
3365 5480 3458 5535 sed
3489 5496 3550 5534 ex
3577 5473 3680 5531 suis
3705 5465 3830 5558 animi

2290 5571 2729 5628 adversionibus
2771 5571 3094 5638 stabiliant,
3128 5569 3207 5624 nil
3244 5574 3491 5626 veterum
3522 5564 3827 5623 omniumiql“

2291 5661 2360 5719 de
2390 5659 2662 5734 Cypriani
2693 5665 2751 5718 et
2780 5659 3060 5735 Stephani
3084 5658 3328 5718 dissidio
3359 5657 3615 5731 scripsere
3642 5647 3827 5708 testimo-
