4088 6174
292 279 444 343 1365

1235 282 1436 343 PARS
1486 283 1560 343 ll.
1595 315 1672 327 —
1707 282 2271 343 RECENTIOBUM
2315 283 2752 344 EXCURSUS.

3543 281 3697 343 1366

288 413 426 481 niis,
458 416 646 470 totum
677 412 801 470 suis
831 415 970 471 dent
998 414 1532 486 disquisitionibus,
1589 431 1704 470 non
1755 414 1929 470 inter-
1966 417 2020 485 Α
2049 415 2162 469 bus
2190 415 2260 470 de
2290 415 2608 487 Stephano,
2655 415 2703 471 si
2751 431 2866 470 non
2914 413 3168 486 cogitare
3213 413 3473 483 (illorum
3533 415 3691 471 enim

286 503 432 559 cedo
463 521 476 571 ;
505 508 562 560 at
591 520 809 574 quaeso,
843 521 958 560 non
989 503 1282 560 illibenter
1301 505 1492 560 ferant
1515 521 1628 572 me,
1652 505 1745 560 cui
1775 509 1939 560 tanta
2049 506 2225 560 corda
2256 505 2455 560 rimari
2488 521 2604 561 non
2635 503 2839 573 valeo),
2888 509 3042 559 certe
3090 502 3252 574 loqui
3296 519 3531 559 necesse
3578 507 3687 560 est.

286 591 349 647 in
399 592 783 662 excogitando
825 593 1038 648 mentis
1087 593 1444 664 perspicacia
1488 610 1766 649 concessa
1821 609 1934 649 non

283 679 602 748 fuit,sicuti
628 696 732 735 nec
762 684 930 736 tanta
951 681 1008 736 in
1027 681 1268 752 judiciis
1288 682 1542 738 ferendis
1564 682 1781 754 ingenii
1810 698 1933 737 ma-

282 768 517 840 turitas,
549 785 616 824 ex
639 773 899 825 veterum
928 769 1282 826 testimoniis
1329 775 1524 826 vetera
1570 770 1931 843 dignoscere,

281 861 666 929 veterumque
686 859 929 929 judiciis
963 875 1094 914 mea
1136 875 1501 931 componere.
1553 859 1693 914 Mihi
1727 875 1932 914 conce-

281 947 428 1002 dant
459 947 765 1003 tenuitatis
795 964 936 1004 meae
972 950 1226 1016 conscio,
1282 964 1389 1004 nec
1428 954 1686 1004 veterum
1706 947 1934 1019 judicia

283 1035 728 1103 reformare,aut
749 1036 983 1092 saniora
1013 1037 1269 1108 proferre
1287 1037 1519 1103 valenti,
1528 1053 1631 1109 pro
1653 1035 1933 1108 religione

283 1125 516 1194 ducere,
551 1125 651 1180 ubi
684 1125 756 1181 de
784 1129 1042 1181 veterum
1075 1127 1257 1198 gestis
1305 1126 1518 1198 agitur,
1548 1125 1808 1198 probatis
1840 1141 1932 1181 me

282 1218 442 1270 stare
486 1218 751 1271 veterum
819 1215 1026 1272 1312
1089 1215 1510 1285 monumentis,
1575 1213 1931 1286 illorumque

282 1320 317 1358 a
345 1319 439 1359 me
468 1303 634 1359 indui
665 1319 875 1360 sensus
901 1322 914 1372 ;
949 1303 1142 1360 dicam
1176 1306 1330 1360 nude
1351 1304 1507 1376 quod
1537 1303 1726 1360 sentio
1760 1318 1772 1359 :
1805 1302 1930 1359 haec

276 1391 370 1446 via
397 1392 471 1448 ad
501 1394 654 1447 recte
683 1391 1080 1464 dignoscenda
1101 1397 1157 1449 et
1186 1393 1532 1449 aestimanda
1551 1397 1814 1448 veterum
1835 1407 1929 1464 ge-

276 1484 369 1536 sta
399 1479 582 1536 tutior
609 1480 956 1553 graviorque
987 1481 1132 1536 mihi
1164 1498 1397 1553 semper
1423 1482 1551 1537 visa
1582 1481 1708 1536 fuit.

347 1573 486 1624 Post
514 1569 755 1642 longum
786 1571 981 1642 itaque
1011 1570 1488 1642 laboriosumque
1515 1569 1795 1641 Stephani
1825 1585 1924 1642 ge-

271 1661 498 1714 storum
530 1675 564 1714 a
592 1658 911 1715 Neotericis
935 1660 1153 1716 nostris
1195 1659 1465 1715 habitum
1501 1675 1764 1729 examen,
1789 1675 1925 1730 pro-

273 1746 406 1804 deat
436 1747 770 1853 Stephanus
820 1764 886 1804 ac
945 1749 1016 1804 ab
1047 1747 1192 1848 ipsis
1218 1748 1574 1848 divulgetur,
1609 1747 1920 1853 supepbus,
1952 1789 1998 1853 Β

271 1836 753 1904 contumeliosus,
786 1841 1018 1892 scatens
1049 1836 1309 1908 injuriis,
1345 1839 1562 1892 fastum
1592 1835 1818 1891 tumide
1854 1850 1920 1890 ac

272 1924 644 1981 dominatum
674 1925 972 1994 affectans,
1006 1925 1306 1996 immanis,
1366 1931 1672 1998 tyrannus,
1707 1923 1922 1997 quietis

273 2015 667 2086 perturbator,
698 2015 768 2071 de
800 2015 1180 2071 ecclesiarum
1227 2031 1558 2087 Oppressor,
1602 2031 1717 2069 uno
1747 2013 1920 2069 verbo

271 2100 347 2157 iis
373 2103 649 2158 omnibus
679 2107 956 2159 oneratus
1007 2102 1244 2176 ﬂagitiis
1290 2119 1356 2158 ac
1398 2103 1745 2158 criminibus
1793 2118 1920 2172 qua)

271 2189 566 2262 Stephano
596 2191 667 2247 ab
702 2191 850 2264 ipsis
879 2192 1134 2263 impacta
1164 2192 1559 2248 referebamus
1590 2193 1721 2263 (27).
1755 2189 1918 2259 Mihi,

267 2281 365 2334 cui
397 2281 696 2336 recondita
727 2285 808 2337 tot
857 2297 1072 2337 arcana
1119 2281 1384 2353 detegere
1431 2283 1633 2337 datum
1665 2297 1779 2336 non
1809 2285 1918 2348 est,

265 2368 520 2440 plusque
552 2386 774 2442 sapere,
809 2386 986 2442 quam
1017 2375 1245 2426 veteres
1277 2369 1520 2436 nolenti,
1552 2386 1618 2425 ac
1657 2369 1814 2441 quod
1837 2367 1921 2424 illi

269 2458 540 2524 retulere,
567 2459 821 2531 pandere
850 2459 1146 2531 gestienti,
1176 2458 1346 2516 aliter
1387 2459 1460 2516 ab
1503 2457 1633 2516 istis
1663 2459 1920 2516 censori-

344 2637 459 2709 (27)
489 2637 551 2693 In
584 2637 938 2709 praefatione.

343 2708 456 2780 (28)
485 2708 748 2780 Vincent.
788 2709 968 2766 Lirin.
1003 2708 1354 2778 Commonit.,
1383 2725 1510 2780 cap.
1542 2710 1597 2764 9.

346 2779 456 2853 (29)
502 2779 872 2853 Augustinus
917 2781 1137 2836 centies
1183 2780 1238 2836 in
1288 2781 1413 2836 suis
1462 2779 1671 2835 Contra
1717 2780 1914 2853 Donat.

270 2851 462 2922 libris,
489 2857 546 2907 et
575 2851 708 2924 cum
738 2853 877 2924 ipso
899 2858 1118 2924 veteres
1143 2869 1346 2908 omnes
1378 2868 1628 2924 quorum
1652 2851 1918 2924 testimo—

279 2926 379 2981 nia
411 2925 587 2979 refert
616 2923 1001 2980 Tomaesinus
1031 2923 1305 2979 dissertet.
1339 2941 1379 2978 ιι
1404 2923 1470 2977 in
1503 2923 1705 2978 Concil.

340 2997 451 3063 (30]
486 2995 818 3067 Hieronym.
849 2996 1062 3067 Dialog.
1110 2995 1236 3051 adv.
1283 2996 1520 3066 Lucifer.
1575 3000 1633 3050 et
1663 2994 1917 3049 Vincen-

265 3067 387 3123 tius
421 3067 625 3134 Lirin.,
665 3067 774 3123 loc.
809 3067 906 3122 cit.

342 3139 455 3212 (31)
487 3139 940 3212 Euseb._His_tor.
972 3137 1245 3212 Eccltlib.
1276 3154 1376 3204 v11,
1405 3153 1533 3212 cap.
1566 3137 1619 3192 3.

341 3209 457 3354 (32)
487 3209 788 3281 Augustin.
823 3209 924 3266 lib.
958 3227 998 3266 ιι
1027 3209 1092 3265 de
1122 3211 1278 3282 Bapt.
1311 3225 1438 3282 cap.
1471 3209 1523 3263 8.

345 3282 435 3354 (33
490 3281 830 3338 Vincentius
855 3281 1059 3350 Lirin.,
1093 3282 1193 3338 loc.
1227 3283 1325 3337 cit.

345 3281 457 3354 (33)
490 3281 830 3338 Vincentius
855 3281 1059 3350 Lirin.,
1093 3281 1206 3338 loc.
1227 3283 1325 3337 cit.

2045 592 2219 648 Novis
2250 592 2428 665 igitur
2457 592 2607 658 istis,
2642 594 2742 648 sed
2778 609 2892 648 non
2925 610 2958 648 a
2988 592 3267 648 charitate
3296 592 3690 663 suppeditatis

2044 680 2408 736 indumentis
2437 681 2726 752 Stephano
2760 681 3059 748 detractis,
3101 681 3210 736 sub
3242 681 3552 746 veteranis,
3589 681 3690 736 sed

2043 771 2189 839 suis,
2223 775 2424 841 utpote
2454 769 2498 824 si
2535 786 2648 824 non
2689 769 2943 836 aliunde,
3000 774 3085 825 tot
3131 775 3282 824 retro
3339 768 3690 826 saeculorum

2043 859 2444 932 praecriptione
2477 857 2798 930 acquisilis,
2833 874 2936 928 per
2965 874 3058 913 me
3096 862 3374 929 appareat
3401 857 3686 926 vestibus,

2041 965 2166 1018 qure
2197 948 2391 1019 ipsum
2423 946 2736 1003 exhibeant
2765 945 3101 1018 religiosum
3123 953 3181 1001 et
3194 946 3542 1016 prudentem
3571 946 3686 1018 (28)

2041 1037 2098 1091 in
2131 1053 2310 1092 causa
2340 1035 2711 1108 baptismatis
2755 1035 3160 1090 haereticorum
3205 1034 3468 1090 Ecclesiae
3499 1036 3686 1091 tradi-

2039 1126 2217 1182 tionis
2248 1130 2597 1182 assertorem
2628 1130 2687 1180 et
2728 1122 3015 1179 vindicem
3047 1123 3182 1194 (29),
3206 1124 3304 1194 qui
3336 1140 3439 1195 pro
3479 1123 3683 1195 singu-

2037 1213 2146 1270 lari
2177 1213 2315 1270 ﬁliis
2346 1229 2407 1269 es
2443 1212 2828 1284 consignandi
2862 1228 2988 1282 quae
3019 1228 3053 1265 a
3083 1211 3348 1281 patribus
3381 1217 3683 1282 acceperat

2038 1303 2234 1360 studio
2265 1303 2377 1375 (30)
2407 1301 2751 1375 gravissime
2794 1299 2997 1356 tulerit
3024 1299 3248 1370 aliquid
3299 1305 3501 1356 contra
3530 1298 3682 1355 anti-

2037 1407 2211 1462 quam
2245 1390 2511 1447 Ecclesiae
2539 1388 2916 1445 traditionem
2947 1387 3208 1443 innovari
3248 1388 3399 1460 (31);
3434 1403 3500 1444 ac
3532 1405 3682 1444 nova

2034 1479 2270 1538 inventa
2300 1479 2662 1536 sectantibus
2703 1479 2834 1547 (32),
2887 1493 3006 1549 qua
3053 1475 3306 1548 pollebat
3350 1476 3681 1532 Christiana

2034 1568 2322 1625 modestia
2350 1573 2406 1624 et
2436 1567 2717 1640 gravitate
2761 1566 3040 1622 restiterit
3077 1566 3212 1637 (33),
3262 1566 3507 1637 ipsoque
3543 1567 3679 1636 jure

2033 1657 2357 1731 culpaverit
2386 1659 2520 1729 (3t),
2552 1656 2809 1728 reliquos
2839 1672 3044 1712 omnes
3077 1659 3309 1711 tantum
3343 1655 3476 1711 ﬁdei
3507 1655 3676 1710 devo-

2033 1748 2189 1804 tione
2218 1749 2276 1802 in
2306 1764 2374 1804 eo
2405 1748 2642 1802 vincens
2673 1750 2959 1816 quantum
2989 1743 3099 1799 loci
3117 1743 3464 1799 auctoritate
3498 1759 3671 1814 supe-

2030 1837 2194 1893 rabat
2225 1836 2465 1908 (35),qui
2491 1837 2563 1891 ab
2593 1833 3227 1904 errantibusinjuriose
3245 1836 3527 1888 tractatus
3558 1832 3670 1904 (36)

2030 1943 2097 1981 ac
2127 1925 2416 1982 laceratus
2446 1926 2559 1996 (37)
2591 1924 2789 1980 omnia
2837 1923 2989 1978 bono
3037 1920 3217 1992 pacis,
3269 1937 3396 1992 quae
3424 1920 3580 1987 ,vicit
3609 1921 3669 1976 in

2029 2015 2216 2088 ipsius
2247 2016 2420 2070 corde
2449 2015 2580 2085 (38),
2615 2012 2815 2068 omnia
2843 2013 2992 2067 bono
3038 2010 3302 2077 unitatis,
3344 2026 3522 2081 quam
3549 2026 3671 2066 ser-

2027 2121 2163 2163 vare
2193 2103 2464 2159 studebat
2490 2102 2602 2174 (37)
2622 2102 2704 2156 vir
2726 2117 2975 2172 magnus
3005 2103 3062 2154 et
3089 2100 3260 2155 Pater
3289 2115 3503 2171 magna
3530 2099 3675 2154 cha-

2027 2191 2196 2248 ritate
2229 2191 2505 2264 praeditus
2535 2191 2646 2262 (40)
2669 2188 2916 2245 sollieita
2939 2188 3152 2260 pietate
3183 2187 3512 2243 toleraverit
3534 2187 3672 2258 (41),

2029 2287 2086 2337 et
2109 2281 2227 2336 haec
2257 2279 2555 2336 sufﬁciant
2583 2295 2686 2350 pro
2717 2276 3066 2333 vindicanda
3095 2275 3486 2347 S.Sthephani
3506 2277 3673 2333 Rom.

2029 2369 2326 2426 Pontificis
2353 2373 2557 2424 contra
2586 2366 3016 2439 rebaptizantes
3045 2366 3255 2438 agendi
3286 2363 3532 2422 ratione.

2089 2635 2578 2764 1(3lli')bFacundus3
2594 2633 2888 2691 Hermian.
2924 2650 3027 2706 pro
3060 2634 3284 2704 Defens.
3317 2632 3674 2704 trium.Capi-

2109 2746 2126 2763 .
2183 2726 2262 2762 ι’.
2296 2725 2352 2764 x.
2384 2723 2510 2764 cap.
2584 2749 2597 2762 .

2027 2709 2126 2764 tul.
2161 2709 2262 2764 lib.
2296 2725 2352 2775 x,
2384 2723 2510 2778 cap,
2544 2709 2597 2762 3.

2098 2780 2211 2850 (35)
2243 2775 2601 2850 Vincentius
2618 2775 2800 2850 Lirin.
2836 2777 2936 2850 loc,
2969 2777 3063 2830 cit.

2099 2847 2213 2956 (36)
2245 2850 2556 2905 Facundus
2587 2847 2881 2904 Hermian.
2918 2848 3015 2902 toc.
3049 2847 3142 2902 cit.

2121 2923 2188 2956 ‘2‘]
2243 2921 2549 2956 Πίοκηηυπι
2616 2919 2806 2956 nqnlnn
2859 2919 3128 2956 ndsmrnn

2121 2917 2212 2993 37)
2243 2919 2826 2993 Hieronym.gDzalog_,
2858 2919 3128 2993 a_dversus
3158 2917 3396 2993 Lucifer.

2098 2957 2212 3063 es
2243 2957 3313 3064 XLEJQBH‘.’15i§."3’i12"é1f§£.'_3§5f36’.

2121 3062 2210 3136 39)
2245 3062 2461 3136 Ιάίᾙὶ).
2498 3081 2576 3136 v1,
2606 3063 2672 3118 de
2697 3063 2853 3133 Bapt.
2887 3062 3136 3136 (ξαρ-22.

2121 3071 2210 3191 ἓξ)
2498 3071 2853 3191 νὲεαὲδαῖε.
2887 3071 3054 3187 (δειρῆς

2098 3071 2213 3279 ΞΜ)
2241 3179 2327 3263 Id:
2357 3153 2461 3263 lib:
2492 3152 2571 3274 in,
2605 3205 2668 3262 de
2686 3149 3054 3277 ἷίξιριῗδξᾰρί

2125 3205 2213 3277 41)
2241 3208 2323 3263 Id.
2357 3207 2458 3263 lib.
2492 3223 2571 3274 v1,
2605 3205 2668 3262 de
2697 3207 2861 3277 Bapt.
2897 3220 3023 3276 cap.
3055 3205 3146 3258 22.

1125 3574 2048 3666 DISSERTATIONIS
2118 3576 2382 3662 PARS
2451 3573 2821 3663 PRIMA.

268 3923 775 3977 AaGUMEN'rUM.—
806 3917 960 3987 Quod
987 3933 1057 3972 ex
1084 3917 1141 3972 S.
1175 3917 1441 3988 Cypriani
1476 3915 1918 3988 facto,adversus

343 4008 659 4064 supremam
711 3999 762 4046 ct
820 3987 1290 4064 rirreformabiiem
1336 3991 1405 4064 in
1458 3988 1819 4064 deﬁniendis,
1850 3987 1917 4056 ﬁ-

345 4061 436 4121 dei
489 4063 875 4120 controversiis
931 4061 1161 4116 Romani
1212 4061 1492 4132 pontiﬁcis
1531 4061 1916 4114 auctoritatem

341 4136 682 4192 extunditur
707 4143 762 4189 et
789 4136 1016 4204 urgetur
1052 4136 1456 4204 argumentum,
1486 4147 1728 4204 vacuum
1766 4147 1799 4186 a
1826 4146 1918 4185 sa-

342 4208 705 4279 pientissimis
737 4203 936 4262 Galliae
954 4203 1230 4274 theolOgis
1262 4211 1311 4260 et
1341 4205 1507 4258 inane
1537 4203 1920 4273 conﬁcitur,ac

342 4282 561 4350 penitus
589 4280 872 4333 evertitur.

345 4369 552 4424 1318
601 4368 970 4437 Quaacunque
1020 4364 1198 4420 fuerit
1249 4380 1314 4420 ac
1355 4363 1660 4435 jactitetur
1705 4367 1762 4417 S.
1815 4361 1916 4434 Cy-

271 4457 466 4531 priani
493 4455 554 4511 in
585 4471 764 4511 causa
783 4453 1160 4527 baptismatis
1181 4452 1590 4508 haereticorum
1606 4453 1663 4507 in
1683 4451 1926 4522 Stepha-

2027 3918 2210 3970 tatem
2238 3913 2585 3970 Tridentinae
2635 3912 2854 3984 synodo
2896 3911 3155 3967 adimere
3204 3927 3508 3983 nunquam
3541 3927 3673 3982 pro-

2028 4005 2174 4060 fecto
2206 4003 2494 4075 cogitavit.
2529 4006 2704 4057 Porro
2736 4000 3157 4073 sapientissimi
3194 3999 3390 4056 Galliae
3422 3998 3674 4071 theologi

2029 4096 2367 4148 caaterorum
2399 4089 2708 4162 pontiﬁciaa
2728 4089 3063 4146 inerrantiae
3083 4087 3383 4143 vindicum
3401 4088 3676 4145 semitam

2037 4180 2512 4254 ingressi,palam
2536 4182 2931 4252 agnoscuntet
2953 4177 3218 4233 unanimi
3242 4180 3526 4232 concentu
3558 4180 3677 4232 tra-

2031 4271 2179 4326 dunt
2205 4275 2387 4326 totam
2413 4269 2571 4324 illam
2597 4268 2666 4322 de
2687 4266 3117 4337 rebaptizandis
3140 4264 3426 4320 haereticis
3448 4271 3678 4321 contro-

2032 4359 2283 4416 versiam
2313 4359 2371 4415 S.
2395 4357 2677 4430 Cypriane
2707 4356 2894 4411 visam
2919 4354 3100 4410 fuisse
3124 4370 3247 4409 rem
3273 4370 3388 4409 non
3416 4354 3675 4420 ﬁdei,sed

2038 4465 2208 4505 merae
2241 4447 2703 4520 disciplinae,qua
2729 4459 2870 4499 sane
2900 4442 3166 4499 doctrina
3196 4442 3276 4496 nil
3307 4441 3558 4498 validius
3606 4443 3677 4499 ad

272 4526 418 4602 num
449 4544 774 4601 disserendi
805 4526 1101 4615 etiagendi
1125 4541 1293 4612 ratio,
1328 4541 1410 4596 nil
1436 4541 1570 4596 inde
1600 4547 1801 4596 contra
1822 4557 1921 4594 su-
1954 4526 1998 4590 Ι)
2031 4536 2490 4594 subvertendum
2522 4534 2674 4606 quod
2707 4549 2775 4588 ex
2804 4531 3075 4604 Cypriani
3110 4531 3256 4587 facto
3289 4530 3563 4588 neoterici
3586 4533 3680 4588 ad-

277 4651 540 4708 premam
573 4638 631 4689 et
661 4630 1031 4688 infsllibilem
1073 4631 1316 4686 Romani
1371 4629 1662 4701 pontificis
1692 4629 1752 4684 in
1783 4629 1924 4683 defi-

277 4724 510 4780 niendis
524 4722 655 4778 ﬁdei
671 4719 1081 4777 controversiis
1096 4719 1505 4775 auctoritatem
1531 4717 1721 4790 colligi
1737 4721 1928 4789 potest

276 4814 325 4870 si
360 4814 638 4884 agitatam
671 4815 809 4866 tunc
839 4809 1123 4882 temporis
1147 4808 1219 4864 de
1241 4807 1673 4880 rebaptizandis
1704 4806 1928 4862 haereti-

275 4907 364 4963 cis
389 4905 773 4978 quaestionem
806 4919 921 4959 non
957 4902 1224 4970 ﬁdei,sed
1258 4918 1430 4958 merae
1459 4901 1779 4973 disciplinas
1803 4916 1926 4955 rem

276 5013 409 5052 esse
439 4990 1161 5062 censuitGarthaginensis
1176 4989 1506 5046 antistest
1527 4992 1755 5045 constat
1771 4987 1927 5060 apud

277 5099 486 5141 omnes
517 5087 690 5154 atque
720 5079 1227 5136 evidentissimum
1260 5083 1367 5134 est.
1418 5079 1526 5143 Qui
1575 5077 1732 5133 enim
1781 5094 1926 5149 prm-

279 5173 562 5245 scriptum
610 5188 644 5226 a
692 5171 952 5225 Romano
1004 5167 1274 5240 pontiﬁce
1321 5166 1554 5240 aliquod
1603 5165 1928 5238 disciplinae

281 5265 460 5333 caput
489 5259 760 5331 amplecti
791 5261 1043 5322 recusat,
1098 5274 1213 5313 non
1263 5263 1569 5329 pr0pterea
1599 5256 1928 5312 Romanum

282 5350 620 5426 pontiﬁcem
652 5347 710 5402 in
744 5344 1092 5403 deﬁniendis
1132 5345 1263 5400 fidei
1313 5345 1720 5402 controversiis
1749 5342 1929 5401 errori

283 5439 603 5497 obnoxium
635 5452 762 5492 esse
793 5438 977 5508 putat.
1013 5434 1106 5490 Sic
1150 5434 1322 5506 plura
1370 5435 1696 5506 disciplinac
1740 5433 1933 5505 capita

285 5531 346 5586 in
379 5527 723 5584 Tridentino
761 5523 1006 5581 concilio
1037 5523 1265 5581 sancita
1293 5523 1479 5581 Gallia
1501 5524 1743 5580 minime
1773 5537 1931 5578 rece-

288 5618 396 5693 pit,
429 5633 555 5691 quaa
583 5619 781 5674 tamen
810 5613 1255 5674 infallibilemin
1283 5614 1420 5674 ﬁdei
1451 5614 1646 5674 causis
1676 5610 1930 5674 auctori-

2031 4642 2236 4682 versus
2287 4623 2644 4696 pontiliciam
2694 4620 3070 4676 inerrantiam
3123 4620 3459 4690 intorquent
3504 4637 3677 4695 argu-

2035 4719 2325 4771 mentum.

2110 4806 2388 4861 Printerea
2433 4807 2553 4858 tam
2593 4798 2917 4858 decretoria
2981 4799 3358 4871 responsione
3415 4801 3676 4856 nondum

2037 4893 2313 4961 contenti,
2350 4897 2415 4947 ut
2444 4908 2550 4948 suo
2580 4891 2809 4947 tuendae
2843 4888 3103 4946 veritatis
3133 4892 3191 4944 et
3238 4888 3546 4960 pontiﬁciaa
3579 4906 3680 4944 au-

2039 4981 2322 5039 ctoritatis
2353 4981 2548 5037 studio
2581 4979 2764 5052 magis
2797 4995 2862 5034 ac
2887 4977 3073 5048 magis
3098 4977 3350 5033 facerent
3370 4977 3686 5048 satis,ulte-

2040 5073 2162 5129 rius
2175 5071 2629 5145 progrediuntur
2649 5067 3068 5140 sapientissimi
3090 5065 3288 5122 Gallia
3307 5066 3686 5136 doctores,at-

2039 5178 2152 5235 que
2183 5161 2502 5218 ostendunt
2533 5160 2689 5215 istud
2719 5155 2989 5229 Cypriani
3003 5154 3334 5228 exemplum
3360 5172 3476 5212 non
3499 5157 3689 5230 magis

2043 5251 2237 5324 urgeri
2277 5266 2447 5321 posse
2489 5248 2562 5304 ad
2621 5245 3001 5302 inﬁciandam
3078 5244 3323 5300 Romani
3377 5245 3686 5316 pontiﬁcis,

2041 5359 2220 5414 quam
2268 5337 2532 5394 Ecclesiae
2580 5333 2922 5391 universalis
2974 5333 3376 5390 inerrantium.
3424 5334 3688 5392 Enimve-

2042 5448 2103 5486 ro
2135 5447 2237 5502 pro
2271 5434 2424 5484 certo
2456 5429 2654 5482 tenent
2682 5441 2748 5480 ac
2780 5425 2990 5480 docent
3030 5423 3088 5478 S.
3123 5423 3476 5496 Cyprianum
3509 5426 3690 5497 probe

2043 5520 2271 5577 novisse
2303 5533 2481 5588 quam
2514 5513 2848 5585 Stephanus
2865 5513 3172 5572 Romanus
3193 5511 3471 5582 pontiﬁex
3497 5513 3687 5570 vindi-

2042 5609 2212 5667 cabat
2241 5603 2751 5673 consuetudinem,
2791 5601 3138 5663 universalis
3193 5599 3462 5659 Ecclesia
3509 5600 3696 5662 fuisse
