4042 6194
466 292 620 353 1367

1505 291 1605 350 DE
1652 289 2242 351 HIERETICORUM
2289 289 2387 348 BA
2403 288 2826 350 PTISMATE.

3654 297 3778 356 1368

463 423 1044 493 consuetudinem,ex
1057 440 1171 497 quo
1186 423 2108 496 manifestissimesequiturquod
2139 425 2194 490 Α
2223 427 2384 478 ctum
2416 439 2586 478 merae
2619 422 2940 494 disciplinae
2969 423 3236 492 habebat,
3263 425 3408 494 quod
3447 425 3601 481 ﬁdem
3629 429 3780 486 nulla-

463 512 514 570 si
562 511 885 586 Cyprianus
919 512 1282 584 Stephanum
1329 512 1489 569 illam
1541 513 1842 569 haereticos
1890 513 2109 583 absque

463 617 610 657 novo
639 601 934 674 baptismo
966 602 1280 674 recipiendi
1322 603 1809 659 consuetudinem
1841 619 2108 658 asseren-

461 694 581 746 tem
613 690 670 744 in
705 690 818 745 fide
847 707 1062 756 errare,
1110 690 1195 746 vel
1235 691 1413 746 errori
1462 691 1777 747 obnoxium
1808 689 2108 762 judicavit,

464 785 530 836 ut
558 778 762 835 volunt
790 779 1098 847 Neoterici,
1133 779 1190 834 in
1225 780 1339 834 fide
1391 780 1606 851 pariter
1653 797 1870 846 errare,
1900 781 1988 836 vel
2019 795 2110 834 er-

463 868 579 925 rori
610 867 922 925 obnoxiam
955 868 1184 924 censuit
1216 867 1528 924 Ecclesiam
1552 869 1908 937 universam,
1933 885 2110 940 quam

465 957 688 1014 sciebat
713 973 818 1030 pro
846 957 1048 1013 eadem
1081 957 1357 1029 Stephani
1389 957 1808 1013 consuetudine
1838 957 2109 1012 militare:

469 1046 624 1102 unde
643 1046 806 1103 vides
838 1046 945 1101 hoc
976 1046 1409 1102 Neotericorum
1443 1051 1787 1119 argumento
1817 1063 1980 1118 seque
2007 1045 2115 1101 im-

470 1135 717 1207 petitum
749 1134 819 1188 iri
853 1133 1097 1190 Romani
1127 1135 1416 1205 pontificis
1445 1141 1504 1191 et
1524 1133 1790 1191 Ecclesia:
1823 1135 2117 1190 universa-

467 1223 542 1280 lis
572 1221 1070 1280 infallibilitatem.
1100 1224 1264 1278 Haud
1284 1239 1377 1278 me
1406 1222 1546 1279 latet
1573 1229 1912 1280 ceterarum
1927 1224 2115 1280 natio-

471 1329 614 1368 num
647 1312 947 1384 theologos
978 1313 1286 1384 pontificiis
1317 1314 1524 1369 1814
1573 1313 1900 1369 inerrantiaa
1931 1313 2116 1369 culto-

471 1419 565 1459 res
596 1401 807 1458 misero
833 1401 970 1457 huic
1002 1402 1437 1458 Neotericornm
1469 1407 1811 1475 argumento
1859 1402 2019 1458 omni
2049 1419 2118 1458 ex

472 1495 637 1564 parte
666 1491 896 1546 nutanti
928 1506 994 1546 ac
1026 1489 1337 1556 vacillanti,
1371 1490 1640 1563 pluribus
1668 1495 1726 1547 et
1753 1492 1990 1563 quidem
2023 1507 2118 1547 so-

470 1579 608 1636 lidis
642 1579 1124 1651 responsionibus
1153 1580 1480 1636 occurrisse
1505 1596 1520 1648 ;
1553 1585 1612 1635 at
1633 1597 1761 1637 meo
1783 1581 2119 1652 quidemju-

474 1669 626 1725 dicio
659 1684 830 1724 nemo
861 1669 1181 1741 potentius,
1216 1685 1390 1726 nemo
1410 1669 1678 1739 validius,
1714 1687 1890 1742 quam
1919 1669 2118 1726 Gallias

476 1757 762 1824 doctores,
791 1758 934 1812 dum
968 1756 1089 1813 haec
1119 1758 1235 1813 duo
1268 1757 1639 1830 apertissime
1677 1759 1903 1826 docent,
1938 1762 2003 1813 ut
2030 1762 2117 1813 to-

476 1846 656 1902 tidem
689 1844 980 1918 capitibus
1013 1847 1380 1919 probandum
1403 1848 1797 1920 aggredimur,
1825 1851 1882 1904 1°
1915 1863 2124 1918 nempe

478 1935 538 1991 S.
567 1935 921 2007 Cyprianum
952 1937 1230 2008 agitatam
1263 1942 1400 1992 tunc
1429 1938 1710 2010 temporis
1743 1938 1814 1993 de
1863 1937 2125 2008 rebapti-

480 2024 684 2080 zandis
714 2023 1002 2080 hareticis
1033 2025 1435 2098 quaestionem,
1468 2043 1582 2082 non
1615 2027 1686 2082 ad
1732 2026 1890 2094 fidei,
1922 2027 2021 2082 sed
2050 2025 2123 2080 ad

482 2130 655 2169 mersa
687 2113 1013 2186 disciplinze
1041 2119 1218 2187 caput
1246 2131 1546 2172 revocasse
1571 2133 1584 2183 ;
1616 2117 1677 2170 2°
1704 2116 2123 2189 S.Cyprianum

479 2203 658 2275 probe
689 2203 939 2268 novisse,
973 2219 1150 2275 quam
1181 2203 1508 2275 Stephanus
1539 2209 1836 2261 Romanus
1866 2204 2128 2275 pontifex

477 2292 811 2348 vindicabat
876 2292 1383 2361 consuetudinem,
1452 2293 1798 2350 universalis
1857 2292 2125 2350 Ecclesiae

479 2380 668 2437 fuisse
695 2380 1202 2437 consuetudinem.
1707 2394 1722 2400 ‘

1003 2549 1242 2607 CAPUT
1279 2551 1588 2608 PRIMUM.

476 2663 647 2720 Juxta
699 2663 1070 2740 uniuersalem
1131 2665 1337 2724 Gallia:
1412 2667 1792 2740 theologorum
1859 2686 1928 2726 ac
1999 2674 2130 2726 scri-

545 2743 768 2813 ptorum
833 2735 1171 2813 doctrinam.
1215 2743 1274 2813 S.
1333 2735 1642 2813 Cyprianus
1698 2744 1960 2813 agitatam
2013 2758 2129 2802 aevo

547 2806 646 2883 suo
674 2806 744 2883 de
783 2807 1196 2883 rebaptizandis
1252 2806 1526 2867 heretici:
1583 2806 1957 2883 quastionem,
2019 2831 2131 2870 non

549 2877 854 2955 att/idem,
903 2877 994 2935 Sed
1049 2879 1120 2935 ad
1175 2897 1386 2938 meram
1435 2877 1792 2955 disciplinam
1849 2877 2130 2955 pertinere

535 2949 854 3022 judicabat.

553 3091 1072 3149 Eminentissimus
1116 3094 1432 3151 cardinalis
1481 3099 1551 3153 de
1604 3098 1777 3170 Bissi,
1822 3099 2130 3172 episcopus

2217 514 2387 567 tenus
2403 513 2702 583 spectabat
2729 514 2832 579 ;de
2849 512 2958 568 hoc
2999 513 3343 568 conveniunt
3367 513 3556 568 eruditi
3587 523 3700 585 post
3716 518 3783 572 di-

2219 616 2356 654 vum
2391 600 2830 673 Hieronymum.
2854 622 2882 651 »
2917 601 3073 656 Idem
3097 600 3294 672 repetit
3321 600 3378 655 in
3408 600 3573 657 altera
3586 604 3785 675 epistola

2219 690 2289 743 ad
2304 690 2640 762 episcopum
2663 690 3290 762 Antissiodor.,scripta
3306 690 3393 744 die
3415 691 3482 743 25
3513 693 3785 750 Decembris

2222 779 2381 845 1722,
2418 795 2581 833 num.
2611 780 2702 834 27.
2737 780 2879 834 Item
2915 780 3119 834 1815
3153 780 3208 834 in
3241 785 3451 850 pastor.
3500 780 3788 839 documento

2219 867 2411 922 varias
2441 867 2594 922 circa
2623 868 2812 922 Emin.
2847 867 2916 922 de
2950 867 3200 923 Noailles
3228 870 3618 923 instructionem
3640 872 3790 926 obser-

2220 956 2480 1012 vationes
2513 958 2866 1026 continente,
2901 973 2995 1012 an.
3030 958 3189 1021 1719,
3217 975 3271 1028 p.
3301 956 3369 1010 95
3397 963 3453 1012 et
3476 957 3559 1012 96.

2295 1044 2741 1101 Illustrissimus
2772 1046 2844 1101 de
2877 1045 3421 1117 Saleon,episcopus
3443 1046 3790 1113 Rutbenensis,

2223 1135 2282 1189 in
2315 1134 2545 1201 docum,
2581 1138 2985 1206 pastor,super
3011 1134 3350 1189 auctoritate
3380 1135 3698 1191 decisionum
3716 1141 3792 1193 Eo-

2225 1222 2411 1280 clesiaa
2445 1239 2458 1278 :
2495 1246 2524 1273 «
2555 1225 2613 1279 S.
2646 1225 2990 1296 Cyprianus,
3037 1223 3250 1296 inquit,
3282 1223 3429 1278 hanc
3455 1224 3521 1278 de
3557 1225 3791 1296 baptismo

2225 1312 2629 1368 haereticorum
2663 1315 3117 1369 controversiam
3141 1314 3210 1368 ad
3232 1314 3265 1367 ﬁ
3281 1314 3410 1368 dem
3432 1313 3685 1384 pertinere
3707 1332 3793 1371 non

2227 1401 2474 1457 censuit.
2510 1425 2530 1452 ι
2563 1401 2806 1458 Thesim
2839 1403 2986 1457 hanc
3017 1401 3193 1458 variis
3239 1401 3423 1457 dende
3463 1401 3635 1457 ﬁrmat
3661 1419 3794 1475 argu-

2228 1491 2444 1547 mentis
2474 1509 2486 1558 ;
2520 1513 2549 1540 «
2581 1508 2694 1547 non
2729 1493 2902 1546 modo
2934 1492 2992 1547 S.
3043 1491 3389 1564 Cyprianus,
3437 1513 3464 1540 »
3510 1492 3674 1563 pergit
3697 1508 3792 1547 eru-

2230 1581 2388 1637 ditus
2419 1579 2684 1644 antistes,
2715 1601 2742 1628 ‹‹
2777 1583 2954 1649 atque
2985 1577 3490 1645 Firmilianus,sed
3519 1579 3673 1633 etiam
3697 1582 3796 1635 Are-

2227 1670 2452 1726 latense
2483 1669 2795 1724 concilium
2829 1668 2988 1723 illam
3021 1667 3091 1723 de
3133 1666 3552 1739 rebaptizandis
3577 1667 3798 1724 haereticis

2230 1756 2684 1814 controversiam
2717 1760 2784 1811 ut
2815 1759 3095 1828 punctum
3131 1754 3450 1826 discipline
3478 1755 3796 1810 habuerunt.»

2305 1845 2634 1902 Ludovicus
2683 1844 3178 1901 Thomassinus...
3241 1845 3392 1916 (Ejus
3442 1845 3590 1899 habes
3631 1844 3795 1899 dissert.

2232 1936 2444 2008 supra).

2305 2023 2628 2080 Ludovicus
2689 2022 2894 2094 Dupin.
2963 2023 3021 2076 in
3084 2039 3194 2077 sua
3253 2020 3507 2077 Biblioth.
3573 2021 3800 2076 scelestust.

2236 2138 2264 2165 ‹‹
2296 2113 2635 2186 Cyprianus,
2685 2112 2900 2184 inquit,
2953 2112 3321 2184 Stephanum
3372 2111 3429 2166 in
3485 2127 3582 2166 sua
3616 2109 3801 2181 epistola

2236 2203 2599 2269 hortabatur,
2633 2206 2697 2256 ut
2727 2201 2876 2256 hanc
2903 2201 2996 2271 (de
3027 2199 3576 2272 rebaptiz.haemtic.)
3605 2197 3800 2268 discipli-

2236 2308 2372 2348 nam
2403 2291 2871 2362 amplecteretur.
2913 2311 2932 2338 ι
2975 2291 3043 2344 Et
3073 2305 3207 2362 pag.
3263 2290 3366 2344 469
3397 2305 3412 2345 :
3450 2307 3472 2337 ε
3502 2286 3800 2343 Firmilianus

2236 2382 2546 2438 confirmat
2575 2379 2948 2452 disciplinam
2980 2395 3156 2451 quam
3193 2379 3258 2434 L.
3309 2378 3611 2451 Cyprianus
3636 2392 3799 2448 prepa-

2236 2470 2473 2542 gnabat.
2487 2510 2522 2526 ..
2554 2491 2582 2520 »

2307 2558 2600 2616 Launoius
2629 2558 2688 2612 in
2719 2573 2828 2613 sua
2868 2557 2939 2613 ad
2989 2557 3343 2629 Bevilaquam
3397 2555 3637 2629 epistola,
3678 2569 3799 2609 num.

2240 2649 2347 2705 15:
2389 2672 2411 2698 ι
2445 2653 2728 2717 Becanus,
2762 2669 2790 2696 »
2823 2647 3035 2720 inquit,
3070 2663 3206 2718 pag.
3239 2647 3372 2713 827,
3423 2667 3451 2696 «
3493 2647 3610 2716 post
3646 2641 3802 2698 Bellar-

2239 2739 2490 2805 minum,
2525 2743 2590 2793 ut
2616 2736 2926 2792 adulatrici
2957 2735 3127 2791 curia
3161 2739 3371 2804 faveat,
3401 2733 3664 2806 opinionis
3690 2746 3803 2786 nova

2239 2826 2502 2883 subsidio
2542 2827 2683 2882 dicit
2715 2843 2727 2882 :
2763 2825 3082 2898 Cyprianus
3129 2842 3252 2881 non
3306 2828 3396 2880 est
3442 2823 3652 2877 habitus
3677 2821 3805 2875 haere-

2240 2917 2415 2982 ticus,
2448 2916 2615 2988 quasi
2649 2932 2775 2986 quae
2807 2916 2878 2970 ad
2922 2916 3144 2970 variam
3202 2913 3468 2969 tradendi
3512 2908 3804 2984 baptismatis

2242 3005 2527 3061 rationem
2584 3004 2894 3076 pertinent,
2963 3003 3256 3058 haereseos
3322 3003 3555 3057 materia
3610 2999 3752 3063 foret;
3789 3017 3806 3042 ι)

2241 3100 2299 3150 et
2336 3111 2393 3166 p.
2425 3094 2530 3147 8'38
2572 3111 2585 3149 :
2622 3115 2650 3144 ‹‹
2701 3092 2942 3148 [nterim
2991 3108 3096 3164 ego
3146 3096 3382 3146 tantum
3425 3087 3698 3162 pronuntio
3723 3100 3806 3139 rem

482 3179 819 3251 Meldensis,
853 3180 913 3235 in
959 3199 1065 3238 suo
1117 3183 1466 3241 documento
1513 3164 1788 3258 pastorali
1837 3164 1930 3243 εἶα,
1970 3164 2128 3246 1728,
2161 3164 2204 3231 (ἶ
2242 3164 2416 3239 istam
2449 3182 2948 3255 (rebaptizationis
2979 3179 3391 3252 quaestionem)
3424 3195 3529 3234 non
3567 3192 3673 3232 esse
3697 3173 3804 3237 ﬁdei,

481 3267 602 3324 haec
632 3267 823 3325 habet.
849 3273 1076 3341 partui:
1104 3295 1132 3322 «
1162 3272 1694 3332 Juxtasententiam
1711 3275 1968 3347 plurium
1992 3295 2130 3333 eru-

479 3357 736 3413 ditorum
759 3358 1168 3432 theologorum
1184 3363 1425 3434 quaestio
1443 3364 1514 3419 de
1528 3364 1819 3436 baptismo
1835 3365 2130 3423 haeretico-

479 3463 610 3501 rum
646 3447 704 3502 S.
739 3447 1010 3520 Cypriani
1061 3453 1320 3521 tempore
1359 3452 1740 3523 judicabatur
1783 3456 1853 3510 ad
1884 3456 2134 3527 disciplio

478 3551 614 3590 nam
647 3537 840 3605 potius
867 3553 1041 3608 quam
1095 3539 1168 3594 ad
1215 3540 1388 3596 ﬁdem
1437 3542 1743 3613 pertinere.
1803 3544 2131 3616 Enimvero,

478 3624 536 3678 S.
570 3623 891 3696 Cyprianus
923 3626 1138 3698 saepius
1169 3629 1380 3684 asserit
1425 3631 1748 3700 quemlibet
1789 3633 2130 3705 episcopum

479 3710 715 3783 plenam
743 3711 954 3769 habere
985 3715 1278 3771 diversum
1309 3717 1368 3772 in
1400 3717 1510 3773 hoc
1540 3720 1770 3790 negotio
1805 3723 2012 3793 agendi
2047 3724 2130 3778 fa-

483 3799 799 3869 cultatem;
831 3801 986 3859 itane
1015 3802 1172 3877 loqui
1201 3806 1488 3876 potuisset
1515 3809 1586 3864 de
1617 3811 1936 3880 qumstione
1955 3828 2132 3883 quam

482 3888 806 3946 censuisset
824 3891 893 3946 ad
909 3891 1083 3947 ﬁdem
1099 3895 1674 3966 pertinere?Quemad
1684 3899 1921 3954 modum
1938 3905 2132 3956 autem

483 3980 708 4032 certum
727 3983 816 4034 est
836 3980 1189 4050 peculiarem
1213 3985 1583 4056 disciplinam
1608 4003 1643 4042 a
1661 3987 1923 4058 qualibet
1939 3989 2132 4046 Eccle-

483 4065 574 4120 sia
621 4066 896 4122 nationali
946 4069 1027 4125 ita
1075 4072 1309 4128 retineri
1361 4090 1556 4144 posse,
1605 4080 1671 4130 ut
1719 4077 1790 4132 ad
1841 4093 1968 4132 eam
2003 4095 2132 4132 mu-

483 4154 720 4210 tandam
771 4171 806 4210 a
851 4157 1114 4214 Romano
1164 4161 1434 4231 pontiﬁce
1481 4163 1726 4236 obligari
1777 4181 1892 4222 non
1924 4167 2133 4238 possit,

481 4243 537 4298 S.
572 4243 894 4316 Cyprianus
935 4251 990 4302 et
1035 4247 1293 4320 episcopi
1352 4250 1603 4307 Africani
1651 4258 1944 4325 poterant,
1975 4255 2137 4311 salva

485 4331 816 4388 obedientia
853 4334 984 4389 Sedi
1033 4337 1374 4408 Apostolicae
1424 4341 1641 4408 debita,
1691 4340 1853 4397 illius
1902 4345 2134 4400 decreto

486 4436 602 4475 non
635 4421 1034 4494 obtemperare
1066 4426 1162 4496 (1).
1193 4448 1220 4476 »
1263 4428 1332 4483 Et
1363 4428 1421 4483 in
1480 4429 1712 4486 docum.
1765 4436 1982 4503 pastor.
2035 4449 2128 4488 an.

2240 3272 2340 3328 sed
2373 3271 2693 3342 disciplinae
2725 3286 2852 3341 quin
2883 3286 3021 3325 suas
3053 3270 3113 3324 in
3147 3269 3410 3325 Ecclesia
3437 3267 3578 3324 vices
3603 3262 3803 3320 habuit.»

2310 3361 2600 3416 Antonius
2657 3359 2889 3432 Pagius,
2953 3359 3158 3414 doctor
3227 3359 3587 3425 Sorbonicus,
3647 3355 3694 3407 in
3731 3366 3806 3404 sua

2242 3450 2444 3504 Critica
2481 3451 2679 3503 Baron.
2715 3471 2742 3499 «
2787 3447 3029 3519 Dogma,
3083 3447 3282 3519 inquit
3328 3451 3465 3502 tom.
3517 3445 3556 3510 Ι,
3586 3460 3690 3516 pag.
3715 3440 3804 3505 200,

2241 3540 2313 3595 de
2344 3525 2774 3609 rebaptizandis
2805 3536 3112 3602 hazreticis,
3145 3537 3305 3608 quod
3355 3534 3593 3607 episcOpi
3640 3529 3803 3584 Africa-

2242 3628 2302 3683 ni
2335 3628 2668 3694 tuebantur,
2702 3625 3030 3681 habebatur
3058 3625 3130 3680 ab
3163 3625 3285 3680 illis
3320 3629 3585 3695 tanquam
3611 3619 3670 3674 ad
3695 3631 3804 3672 oeco-

2243 3717 2501 3772 nomiam
2551 3716 2837 3770 duntaxat
2883 3719 2939 3769 et
3004 3713 3405 3785 disciplinam,
3468 3727 3574 3766 non
3615 3723 3720 3762 vero
3755 3703 3805 3759 ad

2247 3805 2424 3860 fidem
2485 3803 2794 3876 pertinere,
2824 3804 2975 3874 quod
3012 3807 3169 3874 patet
3215 3818 3287 3857 ex
3337 3798 3569 3873 epistola
3605 3790 3806 3868 Cypriani

2242 3900 2299 3950 et
2325 3893 2534 3966 synodi
2563 3892 2848 3948 Africanas
2868 3892 2940 3947 ad
2960 3891 3327 3963 Stephanum
3348 3891 3648 3945 Romanum
3668 3881 3805 3956 ponti-

2246 3983 2545 4038 ﬁcem......
2596 3980 3059 4037 Controversiam
3111 3981 3312 4052 itaque
3365 3980 3435 4034 de
3482 3975 3803 4032 haereticorum

2243 4070 2594 4142 baptismate
2617 4071 2685 4124 ad
2703 4071 2876 4126 {idem
2889 4087 3002 4125 non
3019 4074 3284 4140 spectare
3306 4068 3610 4141 Cyprianus
3623 4065 3804 4134 ejusque

2244 4160 2474 4234 collegas
2507 4163 2844 4218 consebant.
2879 4182 2906 4211 »

2314 4251 2540 4322 Caepar
2567 4250 2804 4317 Juenin,
2839 4249 3084 4305 Oratorii
3139 4247 3429 4305 Gallicani
3474 4245 3740 4318 presbyter,
3765 4237 3804 4289 in

2244 4356 2351 4395 suo
2383 4339 2659 4395 historico
2691 4343 2748 4395 et
2774 4340 3033 4411 dogmat,
3063 4340 3131 4394 de
3179 4338 3540 4394 Sam-amentis
3580 4341 3806 4388 commen-

2244 4430 2392 4484 tario
2424 4429 2507 4484 sic
2539 4428 2800 4499 loquitur
2833 4446 2846 4484 :
2885 4448 2911 4480 α
2941 4425 3734 4494 AfricaniOrientalescausam
3760 4413 3806 4468 de

488 4509 627 4563 1725
658 4525 671 4563 ε
710 4531 738 4560 «
769 4511 1055 4580 Quotidie,
1109 4514 1319 4587 inquit,
1373 4500 1782 4591 pr0pugnatur
1824 4519 1882 4574 in
1916 4520 2134 4578 scholis
2165 4525 2210 4590 D
2243 4517 2594 4590 baptismate
2623 4518 2694 4572 ad
2729 4533 2947 4572 meram
2982 4516 3383 4588 disciplinam,
3432 4530 3537 4569 non
3582 4513 3734 4564 autem
3757 4500 3804 4556 ad

484 4596 786 4653 catholicis
817 4599 887 4654 de
919 4617 1036 4658 una
1091 4603 1444 4676 Cyprianum
1478 4605 1632 4662 inter
1679 4611 1736 4662 et
1775 4609 2137 4682 Stephanum

487 4684 796 4756 disciplina
827 4688 1005 4744 fuisse
1036 4691 1403 4762 disputatum
1435 4696 1534 4768 (2).
1566 4717 1594 4745 ››

559 4773 1005 4834 lllustrissimus
1037 4780 1317 4852 Languet,
1341 4781 1490 4839 alias
1517 4786 1956 4842 Suessionensis
1989 4787 2136 4843 anti-

489 4867 631 4931 stes,
661 4879 813 4919 nunc
842 4865 1198 4925 Senonensis
1241 4870 1715 4944 archiepiscopus
1764 4874 1823 4929 in
1867 4876 2035 4931 tertia
2065 4876 2137 4932 ad

488 4951 743 5024 episcop.
766 4954 1189 5013 Bononiensem
1221 4958 1630 5032 epistola,data
1651 4963 1744 5018 die
1773 4965 1844 5018 25
1875 4963 2007 5020 Maii
2040 4983 2134 5020 an.

491 5041 628 5096 1722
659 5064 687 5093 «
719 5046 771 5099 S.
807 5043 1130 5116 Cyprianus
1163 5064 1332 5104 suam
1386 5049 1458 5106 de
1504 5050 1802 5123 baptismo
1835 5053 2136 5110 haeretico-

487 5147 620 5188 rum
669 5149 803 5188 cum
853 5133 1116 5192 Romana
1157 5137 1303 5194 Sede
1349 5140 1844 5198 concertationem
1890 5147 1954 5198 ut
1984 5159 2137 5216 pun-

557 5380 634 5463 (1)
691 5381 1007 5463 Intructiort
1061 5393 1268 5463 pastor.
1327 5391 1526 5463 contre
1595 5388 1804 5463 l’appel
1866 5390 2134 5463 interjeté

488 5449 896 5593 338.1063bulle
965 5449 1121 5530 Umb.
1183 5475 1257 5514 au
1345 5458 1510 5515 futur
1591 5449 1810 5519 concile
1875 5449 2131 5538 general,

561 5594 639 5664 (2)
669 5593 798 5651 Inst.
830 5598 1046 5657 Pastor.
1078 5605 1390 5661 contenant
1418 5601 1476 5660 la
1495 5603 1806 5664 réfutation
1827 5605 1965 5665 d’un
1989 5607 2134 5668 écrit

2247 4606 2422 4663 fidem
2447 4611 2551 4662 aut
2580 4607 2652 4662 ad
2677 4623 2864 4661 mores
2883 4606 3173 4678 pertinere
3192 4594 3724 4677 judicarunt...0u0d
3739 4606 3806 4646 au-

2246 4699 2364 4750 tem
2395 4695 2616 4750 laudati
2647 4695 2903 4767 episcopi
2935 4699 3062 4749 tum
3096 4694 3155 4750 in
3189 4695 3380 4750 Africa
3417 4698 3531 4747 tum
3562 4689 3611 4743 in
3637 4684 3805 4740 Oriente

2248 4787 2623 4857 questionem
2657 4786 2727 4840 de
2781 4783 3071 4855 baptismo
3122 4785 3194 4839 ad
3251 4798 3466 4839 meram
3508 4771 3802 4845 disciplinam

2249 4875 2548 4939 referrent,
2584 4892 2651 4930 ex
2681 4873 2882 4930 multis
2929 4874 3222 4946 capitibus
3273 4869 3562 4928 evincitur.
3594 4857 3806 4954 Firmilia:

2248 4981 2380 5032 nus,
2416 4963 2574 5019 salvo
2607 4963 2848 5020 unitatis
2875 4962 3133 5032 vinculo,
3175 4980 3242 5018 ea
3271 4961 3329 5017 in
3387 4974 3553 5016 causa
3579 4949 3805 5040 dissentis

2248 5069 2417 5124 posse
2445 5053 2746 5124 perspicue
2775 5054 3098 5109 afﬁrmat...
3133 5049 3432 5126 Cyprianis
3463 5047 3603 5103 idem
3626 5041 3673 5095 in
3699 5032 3806 5092 Afri-

2246 5158 2315 5199 ca
2344 5141 2547 5211 sensit,
2584 5163 2612 5193 »
2644 5147 2753 5198 etc.
2789 5142 2862 5215 (3)

2245 5393 2477 5465 adopts,
2510 5395 2648 5461 etc.,
2679 5407 2812 5465 pag.
2845 5391 2936 5446 55.
3214 5463 3230 5465 _
3305 5459 3326 5465 _
3376 5459 3400 5465 _
3600 5449 3658 5465 Μ
3703 5439 3763 5465 ’,ε

2314 5441 2648 5536 (sistas:
2668 5441 2935 5536 55°55:
2953 5465 3007 5532 2,
3059 5468 3168 5519 art.
3207 5463 3260 5529 3,
3301 5459 3329 5533 Ξ
3373 5459 3424 5525 3,
3454 5470 3573 5528 pag.
3599 5449 3674 5515 99,
3699 5441 3795 5499 edit.

2243 5535 2539 5608 Dugdun.,
2574 5536 2731 5592 1966.
