4088 6174
252 281 408 339 1369

1186 280 1390 341 PAltS
1437 279 1516 339 Il.
1551 311 1627 322 ——
1661 277 2225 340 BECENTIORUM
2271 280 2712 344 EXCURSUS.

3501 288 3657 348 1370

321 412 436 468 Feu
495 413 696 468 doctor
750 415 807 468 et
845 415 1044 484 pastor
1099 411 1442 468 Parisiensis
1521 411 1580 468 in
1666 428 1773 468 suo
1829 411 1894 468 de
1924 411 2153 482 Atioos
2184 417 2316 484 post
2362 413 2641 486 Stephani
2694 415 2990 471 decretum
3041 417 3243 472 sectati
3301 422 3459 487 sunt,
3517 419 3655 492 quia

242 502 487 576 Legibus
550 505 837 557 tractatu:
875 521 900 554 α
975 503 1338 575 Bespondeo,
1390 502 1606 574 inquit,
1675 502 1747 557 de
1799 519 1894 557 va-

245 591 352 647 riis
383 592 909 648 consuetudinibus
955 610 1068 648 non
1101 609 1228 649 esse
1259 592 1728 665 disceptandum.
1778 591 1894 648 sal-

246 685 366 736 tem
395 681 604 738 acriter
645 686 702 737 et
751 698 888 737 cum
949 681 1106 754 pacis
1167 681 1461 738 catholica
1517 681 1798 753 periculo,
1831 684 1895 736 ut

247 771 416 826 docet
444 773 685 843 August.
738 770 906 842 epist.
952 772 1072 840 118,
1124 772 1193 827 ad
1253 771 1624 840 Januarium,
1660 793 1687 821 ››
1739 772 1894 843 quod

249 876 437 932 neque
495 865 699 916 contra
739 861 911 916 {idem
967 877 1156 933 neque
1209 866 1412 916 contra
1470 861 1652 916 bonos
1704 876 1895 916 mores

249 949 600 1022 injungitur,
629 953 717 1005 est
752 950 1149 1006 indiﬂ'erenter
1197 951 1566 1018 habendum;
1604 971 1632 1000 «
1688 950 1746 1004 in
1798 964 1893 1006 ea-

246 1038 378 1092 dem
444 1039 651 1094 versati
730 1039 958 1095 fuerant
1031 1041 1318 1096 sententia
1397 1045 1491 1096 SS.
1573 1038 1896 1112 Cyprianus

259 1129 454 1185 I316
487 1133 543 1182 et
573 1127 946 1183 Firmilianus
976 1129 1034 1183 in
1091 1128 1259 1201 epist.
1311 1131 1375 1184 71
1440 1133 1497 1184 et
1550 1130 1658 1182 72:
1720 1128 1897 1183 tradit

247 1218 463 1290 quippe
485 1217 543 1272 S.
578 1217 901 1290 Cyprianus
931 1218 1447 1290 cuilibet_1iberum
1505 1235 1633 1275 esse
1681 1218 1896 1274 sentire

249 1307 404 1380 quod
451 1307 600 1362 Deus
649 1308 922 1377 suaserit,
983 1324 1088 1364 nec
1142 1325 1499 1382 quemquam
1548 1309 1621 1364 ob
1666 1312 1896 1365 senten-

246 1396 392 1451 tiam
424 1396 735 1465 diversam,
769 1397 1229 1454 abscindendum
1260 1413 1388 1454 esse
1427 1415 1460 1453 a
1483 1397 1894 1454 communione

245 1484 660 1550 ecclesiastica,
721 1485 964 1558 ideoque
1047 1491 1362 1544 tractatum
1442 1487 1505 1543 de
1560 1489 1895 1545 Pwnitentiz

247 1575 605 1648 (legendum,
637 1575 1114 1648 Patientiaa)bono
1154 1578 1505 1650 composuit,
1565 1581 1630 1633 ut
1687 1594 1721 1632 a
1777 1577 1892 1634 fra-

247 1665 439 1721 tribus
469 1664 567 1737 qui
599 1665 952 1722 dissiderent
991 1667 1379 1723 secedendum
1438 1684 1552 1724 non
1607 1683 1735 1724 esse
1793 1685 1892 1724 os-

244 1755 528 1810 tenderet.
580 1755 828 1810 Sanctus
877 1773 1108 1828 quoque
1160 1757 1531 1814 Firmilianus
1587 1758 1786 1815 eadem
1819 1759 1891 1815 ad

244 1844 304 1900 S.
339 1844 692 1917 Cyprianum
742 1844 947 1901 scribit
1001 1850 1057 1902 et
1117 1863 1224 1902 usu
1278 1851 1418 1904 tunc
1460 1849 1742 1920 temporis
1799 1865 1887 1905 re—

2003 501 2411 558 existimarunt
2442 520 2665 560 morem
2697 503 2876 560 istum
2922 505 2994 560 ad
3030 505 3204 562 fidem
3257 507 3499 564 minime
3531 525 3658 580 per-

2009 591 2215 663 tinere,
2249 593 2347 648 sed
2393 593 2462 648 ad
2510 595 2895 650 meonomiam
2957 595 3238 652 duntaxat
3293 601 3350 652 et
3404 597 3660 671 discipli-

2004 697 2138 760 nam
2178 681 2629 740 ecclesiasticam
2681 685 2779 756 (6).
2818 709 2840 738 ι

2077 774 2293 826 Auctor
2321 771 2512 842 operis
2544 772 2760 830 Gallice
2794 775 3096 848 inscripti:
3148 777 3368 832 Théorie
3420 779 3471 832 et
3525 793 3655 849 pra-

2001 859 2153 930 tique
2180 857 2270 916 de:
2298 866 2648 930 sacramenta,
2682 864 2739 918 in
2781 868 2948 921 tract.
3009 865 3075 920 de
3128 866 3426 937 Baptismo,
3487 883 3536 922 c.
3595 867 3650 934 4,

2004 947 2034 1020 §
2080 952 2145 1004 2:
2199 972 2226 999 «
2285 950 2528 1018 Quaeris,
2577 973 2605 1001 »
2665 952 2881 1026 inquit,
2923 978 2952 1005 «
3013 959 3210 1010 utrum
3267 955 3363 1026 qui
3425 955 3652 1027 antiqui

2005 1037 2202 1094 Patres
2229 1039 2590 1111 baptismum
2635 1042 2707 1096 ab
2764 1043 3052 1100 haereticis
3112 1043 3386 1099 collatum
3445 1043 3652 1099 invali-

2009 1128 2149 1183 dum
2201 1144 2328 1185 esse
2390 1136 2764 1202 censuerunt,
2818 1133 2876 1188 id
2928 1134 3314 1205 spectaverint
3374 1137 3647 1203 tanquam

2004 1222 2287 1290 punctum
2321 1221 2475 1291 quod
2507 1221 2681 1277 fidem
2713 1226 3039 1294 spectaret;
3082 1223 3506 1294 respondemus
3551 1239 3652 1277 ve-

2003 1310 2156 1362 teres
2187 1307 2317 1364 illos
2350 1309 2549 1366 Patres
2603 1327 2723 1367 rem
2777 1310 2937 1366 illam
2993 1312 3062 1367 ad
3115 1327 3339 1366 meram
3400 1309 3656 1383 discipli-

2010 1412 2147 1452 nam
2181 1413 2498 1465 revocasse,
2557 1415 2683 1471 quas
2741 1417 2845 1472 pro
2900 1404 3230 1472 temporum
3283 1404 3340 1455 et
3391 1399 3654 1456 locorum

2002 1485 2204 1540 1311
2265 1486 2540 1543 varietate
2597 1489 2828 1544 diversa
2886 1504 3016 1545 esse
3073 1493 3336 1562 poterat;
3395 1489 3477 1544 ita
3533 1488 3654 1544 Fir-

2003 1573 2300 1644 milianus,
2331 1577 2456 1648 qui,
2487 1582 2597 1633 etc.
2653 1594 2666 1633 :
2701 1578 2783 1634 ita
2812 1582 2868 1634 S.
2921 1579 3263 1652 Cyprianus.
3302 1601 3328 1628 ››

2069 1665 2286 1720 Auctor
2311 1665 2742 1724 dissertationis
2771 1667 3002 1724 Gallica;
3047 1672 3246 1724 contra
3303 1666 3650 1740 appellatiov

2005 1769 2138 1808 nem
2168 1771 2201 1809 a
2222 1755 2638 1812 constitutione
2672 1759 2995 1830 Unigenitus
3024 1759 3093 1813 ad
3146 1758 3410 1812 futurum
3453 1756 3648 1812 conci-

1998 1841 2143 1897 lium
2175 1843 2260 1899 sic
2292 1844 2586 1916 loquitur:
2624 1867 2651 1897 ‹‹
2691 1847 2785 1901 SS.
2837 1846 3170 1919 Stephanus
3219 1856 3276 1902 et
3321 1846 3644 1919 Cyprianus

245 1939 412 2006 cepto
442 1934 786 1989 confirmat:
839 1933 1040 2002 Multa,
1102 1935 1294 2008 inquit
1351 1953 1452 2009 pro
1523 1936 1781 1993 locorum
1833 1941 1891 1993 et
1997 1929 2150 1987 hanc
2180 1933 2251 1988 de
2279 1933 2570 2005 baptismo
2596 1935 2994 1991 haereticorum
3023 1936 3407 2008 quaestionem
3439 1935 3508 1991 ad
3535 1951 3652 1990 me-

249 2022 556 2077 nominum
582 2022 914 2078 diversitate
943 2025 1262 2093 variantur,
1297 2043 1484 2098 neque
1519 2031 1750 2099 prepter
1782 2026 1892 2082 hoc

251 2113 324 2167 ab
354 2111 622 2167 Ecclesiae
654 2111 947 2168 catholicae
979 2129 1118 2185 pace
1150 2118 1320 2186 atque
1366 2115 1585 2172 unitate
1628 2116 1895 2190 aliquan-

253 2200 327 2256 do
349 2199 675 2255 discessum
717 2205 872 2256 est...
910 2223 930 2250 ι

325 2287 686 2362 Theologicze
715 2288 1321 2362 institutiones,jussu
1344 2292 1644 2350 illustriss.
1676 2294 1898 2366 episco-

253 2379 312 2451 pi
344 2379 720 2434 Pietaviensis
768 2380 954 2448 editae,
1014 2380 1135 2437 haec
1191 2381 1403 2438 habent
1454 2381 1515 2437 in
1563 2386 1810 2439 tractatu
1839 2383 1903 2439 de

252 2467 668 2524 Sacramentis:
727 2491 755 2520 «
841 2469 990 2526 Nota
1061 2486 1168 2527 nec
1249 2471 1306 2526 S.
1388 2472 1738 2545 Cyprianum
1796 2489 1904 2530 nec

248 2558 556 2629 episcopos
586 2558 730 2630 ipsis
775 2559 1136 2617 adhaerentes
1189 2561 1474 2620 haereticis
1517 2578 1905 2618 annumeran-

247 2648 381 2715 dos,
415 2648 553 2718 quia
601 2647 895 2719 ejusmodi
943 2650 1186 2721 quaestio
1241 2651 1306 2707 de
1358 2653 1744 2708 haereticorum
1798 2654 1905 2708 Ba-

243 2737 450 2808 ptismo
489 2737 833 2792 censebatur
870 2745 1005 2793 tunc
1067 2739 1137 2794 ad
1203 2739 1576 2812 disciplinam
1635 2757 1750 2796 non
1807 2759 1906 2798 au-

244 2829 368 2881 tem
401 2826 468 2880 ad
501 2825 676 2881 ﬁdem
717 2827 1005 2898 pertinere
1035 2827 1132 2899 (4).
1168 2849 1197 2877 ››

321 2914 543 2970 Natalis
600 2915 926 2972 Alexander
983 2917 1043 2971 in
1100 2917 1406 2989 EcclesiaL,
1465 2918 1664 2975 amuli
1703 2919 1906 2987 ιιι,Ηί-

242 3005 484 3060 .slorz'am
515 3004 664 3060 hanc
706 3022 774 3060 ex
829 3005 1090 3077 professo
1142 3008 1350 3079 probat
1408 3007 1902 3080 propositionem:

244 3115 275 3142 «
312 3093 369 3148 S.
411 3093 736 3166 Cyprianus
791 3100 848 3149 et
905 3097 1157 3152 Africani
1221 3096 1477 3168 episcopi
1537 3114 1652 3153 non
1702 3097 1902 3154 existi-

246 3187 559 3238 maverunt
588 3184 799 3254 dogma
831 3185 900 3240 de
933 3165 1362 3256 rebaptizandis
1412 3165 1697 3243 haereticis
1741 3188 1898 3259 quod
1931 3165 1974 3233 (ἶ

245 3271 567 3328 tuebantur
621 3273 693 3328 ad
753 3273 926 3329 fidem
996 3273 1283 3346 pertinere
1341 3276 1522 3348 (5);»
1593 3275 1902 3348 allatisque

249 3361 521 3434 pluribus
550 3362 621 3417 ad
654 3361 833 3431 hujus
866 3363 1263 3434 probationem
1297 3367 1610 3423 momentis
1649 3366 1733 3422 sic
1763 3384 1900 3423 con-

247 3451 533 3507 cluditza
595 3452 653 3506 Si
713 3452 1229 3524 rebaptizationem
1289 3454 1691 3511 haereticorum
1765 3456 1900 3512 ﬁdei

248 3557 375 3595 rem
425 3557 554 3596 esse
627 3541 1019 3598 existimasset
1067 3543 1123 3597 S.
1178 3544 1520 3615 Cyprianus,
1587 3545 1902 3603 anathema

247 3629 496 3685 dixisset
527 3629 611 3685 eis
641 3631 742 3702 qui
774 3630 1128 3686 contrariam
1159 3632 1510 3688 sententiam
1560 3634 1900 3704 tuebantur,

250 3736 440 3791 neque
469 3736 605 3775 cum
639 3719 724 3775 eis
764 3719 1293 3788 communicasset;
1345 3722 1507 3778 nefas
1559 3723 1716 3778 enim
1773 3741 1902 3781 cen-

247 3809 413 3863 sebat
440 3808 855 3864 communione
877 3808 1050 3882 jungi
1091 3826 1224 3864 cum
1275 3809 1578 3867 hmreticis.
1621 3813 1902 3878 Quaestio-

247 3913 385 3953 nem
420 3897 598 3969 igitur
628 3897 786 3952 illam
828 3899 900 3952 ad
960 3899 1133 3954 ﬁdem
1194 3899 1483 3970 pertinere
1543 3917 1658 3955 non
1708 3902 1902 3958 existi-

247 3985 450 4054 mavit,
511 3987 610 4042 sed
648 3987 718 4042 ad
780 3987 1162 4043 mconomiam
1240 3989 1526 4044 duntaxat
1611 3993 1669 4045 et
1724 3990 1900 4046 disci-

247 4075 470 4147 plinam
502 4075 978 4132 ecclesiasticam.
1009 4096 1036 4128 ιι

318 4167 536 4221 Auctor
591 4170 875 4222 tractatus
930 4165 1148 4223 Gallice
1216 4167 1520 4240 inscripti:
1598 4169 1777 4226 Traitd
1827 4170 1903 4226 du

245 4254 500 4320 schisme,
556 4255 639 4310 sic
693 4254 956 4328 loquitur
1006 4273 1139 4328 pag.
1200 4257 1364 4314 45εκ
1426 4258 1487 4312 In
1549 4257 1793 4315 dissidio
1842 4265 1898 4313 S.

249 4343 522 4417 Cypriani
553 4349 609 4400 et
638 4349 689 4399 S.
733 4345 1013 4416 Stephani
1073 4345 1243 4402 unice
1301 4351 1508 4420 agetur
1564 4348 1635 4404 de
1684 4352 1902 4420 puncto

249 4433 449 4507 aliquo
481 4433 821 4507 disciplinae,
857 4451 970 4490 non
1001 4451 1134 4490 vero
1171 4436 1376 4491 fidei.»

2002 2038 2126 2076 ram
2159 2022 2529 2094 disciplinam
2561 2026 2926 2082 revocabant.
2965 2047 2992 2075 »
3023 2026 3090 2080 Et
3109 2024 3280 2098 paulo
3303 2029 3467 2097 post:
3495 2047 3523 2075 «
3551 2027 3657 2097 Cy-

2006 2111 2194 2184 priani
2226 2113 2503 2168 adversus
2537 2114 2900 2186 Stephanum
2935 2114 3270 2171 resistentia
3299 2114 3468 2170 aliter
3489 2129 3664 2170 excu-

2006 2201 2120 2258 sari
2154 2218 2267 2256 non
2296 2206 2503 2274 potest,
2533 2219 2708 2275 quam
2742 2203 2880 2275 quia
2909 2221 3087 2259 causa
3118 2204 3189 2258 de
3220 2202 3514 2274 baptismo
3545 2203 3664 2258 hai-

2008 2291 2317 2347 reticorum
2351 2291 2624 2364 utrinque
2654 2293 2988 2365 agitabatur
3018 2298 3082 2348 ut
3103 2291 3348 2365 quaestio
3375 2291 3573 2364 praxis
3597 2307 3662 2348 ao

2011 2397 2167 2452 purae
2195 2380 2503 2454 diciplinaa.
2543 2403 2570 2431 ››

2083 2470 2439 2538 Petitdidier,
2496 2470 2674 2527 abbas
2732 2471 2932 2528 Sancti
2987 2471 3139 2527 Petri
3193 2470 3566 2538 Senonensis,
3601 2469 3662 2525 in

2013 2576 2118 2616 suo
2143 2561 2211 2614 de
2243 2558 3205 2634 Infallibilitatepontiﬁcia,Gallico
3237 2564 3506 2630 tractatu,
3529 2577 3661 2632 cap.

2012 2650 2046 2704 6
2070 2665 2083 2705 :
2115 2671 2142 2700 ‹‹
2173 2650 2290 2706 Hoc
2318 2649 2538 2721 itaque,
2565 2672 2592 2699 »
2623 2649 2835 2722 inquit,
2856 2674 2876 2700 ι
2898 2654 3234 2708 constanter
3257 2653 3313 2705 et
3334 2650 3664 2706 certissime

2013 2739 2329 2795 tenendum
2361 2743 2469 2805 est,
2503 2740 2886 2809 quaestionem
2909 2740 2982 2794 de
3000 2740 3349 2811 baptismate
3374 2739 3670 2796 haeretico-

2015 2845 2147 2882 rum
2173 2827 2458 2899 Cypriano
2485 2828 2672 2884 visam
2705 2829 2884 2886 fuisse
2930 2837 3213 2901 punctum
3273 2843 3446 2883 merae
3497 2826 3664 2883 disci-

2015 2917 2206 2990 plinze.
2241 2938 2269 2968 »

2085 3008 2290 3062 Petrus
2317 3007 2618 3078 Constant,
2651 3007 2975 3064 monachus
3021 3005 3316 3063 Benedict.
3376 3007 3665 3080 Gongreg.

2017 3096 2074 3152 S.
2108 3096 2316 3164 Mauri,
2348 3097 2406 3152 in
2440 3115 2546 3153 suo
2575 3097 2639 3153 de
2670 3099 2924 3168 Epistolis
2956 3099 3323 3153 Romanorum
3342 3096 3665 3169 pontificum

2012 3202 2182 3257 opere
2212 3186 2332 3242 haec
2363 3186 2574 3242 habet:
2611 3209 2637 3236 «
2669 3187 2751 3242 Ne
2781 3187 2961 3259 igitur
2990 3187 3242 3256 majores
3293 3202 3432 3242 suos
3481 3203 3546 3241 ac
3573 3190 3664 3240 to-

2011 3279 2130 3331 tam
2168 3293 2312 3347 pene
2340 3275 2659 3332 Ecelesiam
2691 3277 2970 3332 damnare
2999 3275 3324 3349 Cyprianus
3346 3274 3666 3346 videretur,

2010 3364 2415 3436 episcoporum
2449 3364 2765 3437 unicuique
2803 3363 3070 3436 permisit
3115 3364 3328 3420 sentire
3379 3363 3467 3418 vel
3500 3379 3670 3436 agere

2011 3454 2166 3526 quod
2209 3452 2418 3508 melius
2466 3453 2796 3523 judicaret:
2853 3454 3099 3525 ideoque
3151 3453 3326 3508 istam
3388 3452 3670 3525 quaestio-

2010 3559 2144 3598 nem
2177 3543 2271 3614 (de
2305 3543 2579 3614 baptism.
2614 3542 2838 3614 haeret.)
2888 3543 2959 3599 ad
3012 3559 3233 3598 meram
3297 3540 3667 3614 disciplinam

2011 3633 2298 3705 pertinere
2327 3631 2679 3687 existimavit
2715 3633 2813 3703 (7).
2849 3655 2873 3682 ι)

2081 3722 2158 3776 De
2210 3721 2506 3788 Reveroni,
2566 3720 2908 3777 licenciatus
2991 3720 3370 3789 Sorbonicus,
3425 3719 3483 3774 in
3554 3734 3663 3774 sua

2009 3810 2428 3866 Dissertatione
2458 3810 2790 3881 dogmatica
2826 3811 2891 3866 de
2932 3810 3172 3866 Dissidio
3202 3811 3347 3865 inter
3392 3809 3488 3866 SS.
3546 3808 3665 3864 Ste-

2005 3902 2250 3972 phanum
2294 3903 2347 3955 et
2403 3899 2767 3971 Cyprianum,
2811 3899 2932 3954 haec
2991 3900 3166 3954 habet
3198 3915 3329 3970 cap.
3364 3899 3431 3953 1:
3489 3920 3508 3946 ιι
3560 3898 3667 3968 Cy-

2010 3989 2254 4062 prianus
2285 3988 2800 4060 rebaptizationem
2850 3988 3128 4060 ascripsit
3175 3986 3496 4058 disciplinas
3550 4003 3665 4040 nu-

2012 4079 2119 4147 dis,
2150 4079 2270 4134 haec
2300 4077 2590 4134 sententia
2623 4095 2726 4151 pro
2758 4095 2874 4151 qua
2921 4081 3147 4134 stamus
3201 4077 3480 4148 probatur
3521 4073 3676 4130 mul-

2009 4169 2106 4223 tis.
2143 4189 2170 4217 ››

2083 4255 2421 4313 Turnellius
2451 4257 2655 4312 doctor
2685 4261 2740 4312 et
2770 4256 3066 4328 professor
3085 4253 3526 4319 Sorbonicus,in
3557 4267 3665 4308 suo

2011 4346 2074 4402 de
2104 4346 2483 4402 Sacramentis
2531 4349 2807 4413 tractatu,
2859 4345 2944 4401 sic
2988 4343 3290 4416 loquitur:
3321 4365 3349 4392 «
3399 4343 3558 4398 Hanc
3589 4341 3659 4396 de

2016 4435 2306 4508 baptismo
2330 4435 2732 4491 haereticorum
2756 4451 2994 4491 causam
3017 4432 3308 4505 Stephano
3331 4431 3568 4504 quidem
3591 4430 3664 4487 ad

326 4525 535 4579 Auctor
591 4523 781 4595 operis
838 4523 931 4578 cui
992 4523 1236 4580 titulus:
1300 4527 1480 4582 Traité
1529 4543 1629 4582 sur
1689 4527 1902 4584 l’obdis-
1934 4535 1980 4600 ι)
2009 4525 2224 4598 dogma
2256 4524 2385 4579 fidei
2420 4525 2706 4596 pertinere
2737 4525 2921 4579 visam
2951 4523 3152 4593 fuisse,
3192 4526 3256 4577 ut
3292 4539 3426 4577 mox
3469 4525 3666 4577 osten-

245 4628 418 4668 sance
436 4612 540 4668 due
567 4629 686 4668 aus:
714 4613 897 4668 Bulles
924 4612 1298 4685 dogmatiques
1326 4617 1572 4670 dmanées
1601 4615 1675 4670 du
1711 4616 1899 4671 Saint-

249 4702 422 4774 Sz’ége,
457 4724 486 4751 «
546 4701 783 4773 Omnes,
833 4723 861 4752 ››
920 4701 1132 4774 inquit,
1193 4718 1324 4775 pag.
1401 4703 1491 4768 91,
1541 4725 1569 4752 »
1646 4704 1902 4759 fatentur

248 4794 518 4846 auctores
550 4791 846 4863 negotium
879 4791 951 4847 de
979 4791 1256 4864 rebaptiz.
1287 4791 1484 4848 haeret.
1519 4796 1583 4848 ut
1613 4798 1900 4864 punctum

247 4879 572 4952 disciplina:
622 4881 905 4936 duntaxat
967 4880 1234 4953 Cypriani
1308 4886 1568 4954 tempore
1630 4882 1898 4938 habitum

247 4970 451 5026 fuisse.
486 4990 516 5019 »

321 5057 583 5131 Ignatius
643 5061 816 5114 Amat
871 5059 941 5114 de
996 5058 1304 5127 Craveson,
1372 5060 1574 5116 doctor
1624 5060 1898 5117 Sorboni-

241 5164 371 5213 cus,
421 5147 480 5202 in
548 5163 658 5202 sua
727 5148 975 5203 Historia
1028 5147 1503 5204 ecclesimtistica:
1538 5172 1567 5200 ‹‹
1620 5150 1899 5206 Excusari

245 5243 516 5309 possunt,
550 5258 578 5286 »
611 5236 820 5308 inquit,
853 5259 880 5285 ‹‹
928 5236 1271 5305 Cyprianus,
1337 5238 1716 5296 Firmilianus
1774 5239 1899 5295 alii-

244 5340 359 5397 que
407 5324 750 5392 Orientales,
799 5324 898 5397 qui
949 5341 1170 5382 morem
1257 5326 1653 5399 rebaptizandi
1729 5327 1902 5384 here-

427 5487 645 5570 quast,
677 5503 762 5552 m,
796 5503 852 5558 p.
882 5487 975 5570 77,
1006 5485 1142 5570 edit.
1187 5486 1625 5570 Pictav‘.nl731_.._
1715 5564 1750 5570 _
1830 5560 1840 5570 ⁸

253 5559 401 5686 "$52
434 5559 673 5615 Dissert.
705 5575 804 5628 xu,
863 5562 973 5616 art.
1023 5559 1077 5625 4,
1137 5575 1268 5632 pag.
1325 5561 1453 5632 690,
1513 5559 1655 5630 edit,
1712 5560 1898 5618 Paris.

2011 4615 2241 4679 demus,
2275 4631 2390 4668 non
2425 4630 2558 4669 vero
2591 4614 2899 4684 Cypriane,
2955 4611 3290 4667 Firmiliano
3339 4616 3398 4665 et
3446 4611 3598 4668 aliis.
3637 4632 3666 4660 ››

2010 4705 2081 4759 Et
2110 4721 2242 4777 pag.
2280 4704 2418 4758 435:
2455 4724 2482 4751 «
2506 4703 2796 4772 Stephano
2822 4701 3005 4774 igitur
3055 4701 3373 4757 reluctatus
3423 4704 3515 4756 est
3562 4700 3667 4773 Cy-

2011 4793 2273 4865 prianus,
2305 4808 2482 4863 quare
2504 4791 2532 4846 ‘I
2563 4792 2730 4857 Quia,
2751 4789 3332 4846 Africanielibertatis
3350 4788 3482 4862 plus
3504 4803 3669 4859 aequo

2010 4899 2216 4938 amans
2239 4899 2303 4936 ac
2333 4881 2658 4949 studiosus,
2691 4880 2927 4936 aliunde
2956 4897 3090 4936 vero
3141 4887 3374 4952 propter
3415 4877 3665 4934 intenta-

2010 4976 2131 5027 tam
2165 4988 2198 5026 a
2226 4971 2520 5043 Stephano
2551 4969 3186 5026 excommunicationis
3209 4983 3440 5040 poenam
3474 4964 3672 5022 subin-

2011 5061 2234 5128 fensus,
2269 5061 2522 5133 negabat
2553 5061 2882 5116 Romanum
2932 5058 3263 5130 pontificem
3308 5057 3410 5127 jus
3455 5055 3668 5110 habere

2016 5150 2076 5204 in
2111 5151 2283 5206 rebus
2315 5148 2663 5222 disciplina,
2695 5148 2930 5220 qualem
2963 5146 3207 5219 putabat
3237 5161 3363 5201 esse
3401 5143 3670 5216 quaestio-

2010 5255 2142 5294 nem
2175 5239 2246 5294 de
2278 5239 2568 5310 baptismo
2597 5238 2671 5293 ab
2703 5235 3011 5306 haereticis,
3045 5234 3276 5303 collato,
3300 5237 3538 5289 caeteras
3560 5235 3665 5288 Ec-

2009 5326 2218 5384 clesias
2242 5328 2312 5383 ad
2347 5343 2515 5383 suam
2555 5324 2909 5382 sententiam
2966 5328 3024 5379 et
3067 5322 3291 5396 praxim
3344 5321 3665 5394 adigendi?

2079 5489 2160 5615 Eg)
2191 5487 2354 5542 Tom.
2407 5487 2449 5554 Ι,
2504 5484 2722 5558 Colloq,
2783 5501 2862 5552 vr,
2922 5499 3055 5557 pag.
3115 5482 3237 5539 149.
3289 5483 3428 5539 edit.
3489 5481 3661 5540 Rom.

2011 5557 2170 5704 17%72).
2193 5632 2361 5688 Tom.
2395 5630 2442 5703 l,
2472 5643 2607 5704 pag.
2637 5627 2769 5697 233,
2795 5627 2934 5688 edit.
2963 5625 3148 5686 Paris.
3180 5625 3338 5684 1721.
