4042 6194
271 347 424 407 1373

1207 347 1407 408 PARS
1452 347 1528 408 Il.
1564 379 1641 392 --
1680 345 2251 407 RECENTIORUM
2297 345 2729 409 EXCURSUS.

3505 347 3661 409 1374

251 479 314 535 in
354 479 480 536 suis
529 478 859 551 Theologicis
908 479 975 536 de
1014 480 1255 537 Ecclesia
1326 480 1770 552 pralectionibus
1838 479 1898 534 in
1927 482 2076 546 Aac
2122 481 2196 535 ab
2277 481 2531 535 omnibus
2633 479 2902 551 episcopis
2989 480 3299 552 antiquitus
3391 489 3667 537 servatam

251 570 512 626 Sorbona
541 569 755 625 habitis
787 587 880 624 an.
917 570 1088 624 1717:
1117 593 1142 620 ‹‹
1173 569 1522 642 Polycrates,
1549 569 1755 641 inquit,
1781 567 1903 623 dis-

251 664 376 732 put.
408 660 464 725 2,
499 663 702 730 quast.
738 660 788 727 1,
823 664 932 724 art,
975 659 1028 727 3,
1053 658 1310 715 conclus.
1345 661 1397 729 4,
1433 659 1490 714 in
1522 657 1902 731 responsione

251 748 346 805 ad.
375 766 438 803 ιιι
467 748 813 804 instantiam
857 747 1052 820 prima
1083 748 1447 820 objectionis,
1482 752 1539 804 et
1579 748 1902 820 Cyprianus

253 837 688 903 existimabant,
716 836 847 893 licet
879 837 1193 905 immerito,
1225 838 1316 911 agi
1338 839 1489 894 inter
1522 855 1581 894 se
1603 841 1658 894 et
1687 837 1900 893 Roma-

255 945 396 984 num
430 927 767 983 Pontilicem
791 927 860 982 de
881 943 948 982 eo
965 944 1175 999 genere
1197 926 1518 999 disciplina
1545 926 1699 982 circa
1721 942 1898 998 quam

252 1017 571 1088 unicuique
599 1016 866 1072 Ecclesia
917 1033 1260 1072 concessum
1293 1020 1381 1072 est
1429 1016 1584 1087 quod
1633 1015 1900 1087 expedire

251 1107 360 1163 sibi
411 1106 600 1178 magis
642 1106 832 1161 visum
867 1107 1040 1160 fuerit
1087 1105 1321 1177 sequi...
1372 1105 1526 1161 unde
1577 1105 1898 1177 Cyprianus

249 1196 487 1252 disertis
517 1196 707 1251 verbis
755 1195 898 1251 dicit
919 1195 976 1250 in
1008 1196 1176 1266 Epist.
1211 1194 1287 1250 ad
1315 1196 1574 1252 Jubaian.
1609 1194 1702 1266 agi
1732 1210 1799 1249 ea
1829 1193 1898 1248 de

248 1300 309 1340 re
342 1285 495 1340 inter
543 1284 740 1356 ipsum
799 1289 856 1340 et
904 1284 1232 1340 Romanum
1273 1283 1634 1352 Pontiﬁcem,
1682 1283 1750 1338 de
1782 1300 1898 1356 qua

251 1375 659 1446 unusquisque
680 1375 986 1446 episcopus
1009 1373 1259 1430 liberum
1278 1373 1452 1430 habet
1469 1373 1778 1429 arbitrium
1795 1373 1893 1443 ju-

249 1463 510 1532 dicandi,
543 1463 826 1518 rationem
858 1461 967 1518 soli
1003 1465 1116 1520 Deo
1142 1462 1501 1519 redditurus.
1553 1462 1779 1518 Siccine
1811 1461 1894 1517 lo-

244 1557 419 1608 cutus
452 1552 660 1608 fuisset
683 1552 744 1611 S.
773 1551 990 1624 Martyr
1019 1551 1088 1608 de
1107 1554 1426 1624 quastione
1459 1569 1634 1624 quam
1668 1555 1898 1623 putaret

244 1642 535 1714 pertinere
562 1642 632 1698 ad
668 1642 864 1713 ﬁdem,
891 1645 992 1698 aut
1019 1642 1076 1697 in
1110 1659 1227 1713 qua
1259 1643 1330 1698 ab
1365 1641 1674 1698 universali
1710 1640 1900 1697 Eccle-

236 1730 326 1786 sia
355 1731 653 1787 decretum
675 1732 766 1787 edi
792 1748 962 1804 posse
979 1731 1360 1798 existimaret,
1393 1731 1485 1788 cui
1509 1729 1744 1789 obedire
1775 1747 1895 1786 om-

242 1836 348 1876 nes
377 1826 434 1877 et
463 1819 681 1893 singuli
713 1821 968 1894 episcopi
1001 1820 1224 1877 astricti
1254 1820 1494 1876 essent?
1515 1844 1544 1869 ››

311 1938 599 2006 Sovestre,
625 1939 830 1993 doctor
860 1945 916 1994 et
961 1940 1255 2010 professor
1284 1938 1652 2004 Navarricus,
1685 1938 1743 1993 in
1777 1938 1902 1995 suis

249 2026 575 2096 Theologicis
603 2028 670 2082 de
695 2028 1072 2084 Sacramenlis
1096 2043 1217 2099 prae
1247 2029 1586 2094 lectionibus,
1633 2027 1900 2084 Navarra

251 2115 487 2183 habitis,
537 2134 632 2172 an.
687 2119 862 2172 1738:
931 2138 953 2167 ι
995 2117 1172 2174 Paulo
1219 2118 1577 2186 durioribus,
1631 2141 1653 2170 ι
1705 2117 1901 2190 inquit

247 2209 358 2260 art.
390 2207 446 2273 6,
478 2208 577 2274 §2,
611 2229 639 2256 ‹‹
690 2206 882 2261 verbis
929 2207 1234 2278 conquesti
1284 2214 1422 2262 sunt
1472 2207 1796 2280 Cyprianus
1843 2210 1900 2263 et

248 2294 624 2350 Firmilianus
652 2297 722 2351 de
751 2296 1028 2366 Stephani
1063 2297 1270 2368 agendi
1303 2297 1547 2352 ratione.
1599 2296 1746 2361 Quid
1781 2294 1899 2351 ita?

245 2383 385 2455 quia
415 2385 622 2440 1820
653 2383 974 2457 Cyprianus
1003 2390 1060 2440 et
1093 2385 1465 2440 Firmilianus
1510 2386 1892 2456 quastionem

245 2472 399 2527 hanc
429 2477 710 2546 tanquam
745 2489 914 2529 mera
945 2473 1268 2546 disciplina
1315 2475 1694 2545 spectabant;
1727 2475 1755 2524 ἡ
1787 2474 1894 2530 ibi-

244 2578 362 2634 que
398 2561 601 2618 multis
632 2565 834 2634 probat
861 2562 1214 2636 Cyprianum
1240 2563 1606 2620 existimasse
1643 2563 1794 2620 hanc
1826 2565 1898 2621 de

243 2652 540 2722 baptismo
572 2651 976 2708 hareticorum
1019 2653 1400 2725 quaestionem
1450 2671 1471 2700 ε
1496 2653 1786 2725 pertinere
1823 2654 1896 2709 ad

243 2741 617 2812 disciplinam
650 2746 899 2797 tantum.
929 2764 956 2790 »

317 2855 553 2923 Brilion,
587 2857 789 2912 doctor
816 2861 873 2912 et
912 2857 1238 2928 professsor
1264 2857 1640 2928 Sorbonicns,
1691 2859 1901 2916 Beuret

245 2945 452 3001 doctor
481 2950 537 3000 et
585 2946 876 3018 professor
919 2947 1284 3014 Navarricus,
1337 2948 1395 3002 in
1419 2948 1544 3003 suis
1574 2947 1900 3014 Theologicis

239 3035 309 3090 de
341 3035 712 3091 Sacra-mentis
754 3036 1196 3106 pralectionibus
1244 3036 1302 3092 in
1345 3037 1608 3093 Sorbona
1658 3037 1896 3104 habitis,

245 3142 350 3180 an.
391 3126 547 3196 1730,
577 3124 843 3181 Navarra
870 3133 1062 3181 autem
1095 3144 1189 3182 an.
1224 3127 1381 3194 1742,
1434 3127 1645 3183 docent
1691 3127 1750 3184 S.
1791 3127 1898 3200 Cy-

241 3213 520 3284 prianum
554 3213 1024 3285 rebaptizationis
1056 3214 1454 3272 haereticorum
1503 3216 1789 3288 originem
1827 3217 1897 3272 ad
1929 3221 1971 3287 α

241 3303 639 3375 Agrippinum
662 3309 941 3376 tanquam
967 3303 1038 3359 ad
1059 3304 1315 3376 primum
1335 3306 1462 3376 ejus
1494 3310 1794 3378 parentem
1817 3323 1900 3363 re-

241 3407 504 3447 νοοαεεθ.

317 3505 466 3571 Quid
495 3504 750 3578 amplius
770 3506 798 3561 ?
826 3509 1121 3563 testantur
1149 3505 1386 3579 ipsimet
1431 3506 1730 3564 Sorbonici
1761 3525 1899 3580 pro-

243 3596 501 3650 fessores
531 3611 903 3651 communem
933 3598 1098 3650 atate
1129 3598 1328 3650 nostra
1347 3594 1749 3667 theologorum
1772 3611 1900 3650 esse

240 3683 601 3740 sententiam
633 3684 786 3755 quod
806 3683 865 3738 S.
897 3683 1218 3755 Cyprianus
1237 3700 1350 3740 non
1373 3686 1441 3739 ad
1475 3683 1672 3752 ﬁdem,
1702 3685 1804 3739 sed
1827 3683 1898 3738 ad

244 3789 474 3828 meram
502 3771 872 3844 disciplinam
903 3772 1192 3843 pertinere
1222 3773 1514 3828 censuerit
1543 3789 1784 3829 causam
1828 3773 1899 3828 de

245 3861 613 3934 Baptismate
642 3861 1066 3916 hareticorum.

318 3979 400 4034 Ex
416 3977 509 4034 his
522 3977 798 4035 omnibus
816 3977 1294 4035 manifestissime
1311 3978 1496 4050 liquet
1511 3978 1896 4035 universalem

240 4083 376 4123 esse
406 4065 604 4123 Gallias
633 4067 1036 4138 theologorum
1083 4068 1456 4136 sententiam,
1507 4069 1659 4140 quod
1689 4073 1745 4122 S.
1792 4068 1896 4140 Cy-

242 4157 491 4230 prianus
523 4155 674 4212 hanc
705 4157 776 4210 de
807 4154 1236 4226 rebaptizandis
1269 4155 1554 4212 hareticis
1576 4162 1900 4214 controver-

254 4247 411 4302 siam
462 4261 575 4301 non
621 4244 755 4300 fidei
806 4245 906 4300 sed
957 4261 1126 4300 mera
1175 4244 1495 4318 disciplina
1548 4246 1894 4304 ascribebat.

244 4335 420 4391 Haud
449 4334 686 4405 quidem
719 4349 811 4389 me
841 4333 982 4390 latet
1010 4350 1078 4390 ex
1114 4333 1489 4390 Junsenianis
1538 4340 1594 4391 et
1641 4338 1895 4403 Quesne-

241 4423 403 4480 listis
435 4423 654 4493 plures,
685 4427 750 4478 ut
779 4423 930 4478 viam
961 4423 1075 4479 sibi
1108 4427 1373 4479 sternant
1401 4425 1473 4479 ad
1521 4424 1895 4482 inﬁciandam

241 4511 540 4577 Ecclesia,
571 4515 637 4566 ut
666 4511 839 4584 vulgo
886 4511 1101 4567 dicitur
1144 4511 1441 4583 dispersa,
1493 4513 1896 4584 inerrantiam,

1924 1852 1972 1918 B

2011 552 2205 621 fuisse.

2074 657 2591 714 Eminentissimus
2623 658 2780 713 card.
2813 658 2891 713 du
2916 657 3126 714 Perron
3159 658 3217 713 in
3264 675 3372 714 sua
3416 659 3662 732 Replica-

2008 748 2157 802 tione
2187 747 2256 802 ad
2285 747 2491 818 Magna
2541 749 2852 803 Britannia
2898 749 3044 818 regis
3075 749 3502 819 responsionem,
3550 749 3669 804 hac

2011 835 2204 904 habet,
2252 853 2380 908 pag.
2439 837 2583 892 839:
2623 857 2650 886 ‹‹
2699 834 2998 906 Objiciunt
3046 836 3386 893 heterodoxi
3437 837 3674 910 Cypria-

2010 941 2153 980 num
2187 926 2245 980 in
2277 942 2454 982 causa
2483 925 2856 998 baptismatis
2887 925 3291 981 hareticorum
3327 927 3672 998 opponenti-

2011 1013 2120 1068 bus
2152 1013 2640 1069 consuetudinem
2674 1030 2776 1068 seu
2811 1012 3180 1068 traditionem
3236 1030 3349 1067 non
3384 1013 3676 1084 aliquibus

2010 1101 2392 1174 peculiarem,
2423 1104 2519 1158 sed
2552 1098 2954 1158 'universalem
2987 1101 3276 1167 Ecclesia,
3304 1103 3673 1172 respondisse

2012 1189 2312 1247 Christum
2351 1191 2664 1246 Dominum
2704 1207 2818 1247 non
2865 1189 3111 1246 dixisse:
3137 1191 3254 1262 Ego
3275 1207 3404 1245 sum
3429 1207 3672 1247 consue-

2007 1281 2148 1335 tudo
2175 1307 2188 1345 ;
2223 1281 2323 1336 sed
2357 1297 2450 1352 ego
2478 1297 2602 1335 sum
2622 1282 2844 1350 veritas,
2878 1279 2978 1335 sed
3011 1279 3224 1334 addere
3255 1278 3430 1334 etiam
3476 1279 3666 1335 debe-

2007 1369 2147 1425 bant
2178 1369 2532 1443 Cyprianum
2573 1373 2711 1424 tunc
2762 1369 3047 1441 temporis
3089 1371 3292 1425 contra
3333 1383 3526 1424 veram
3560 1373 3662 1424 Ec-

2006 1457 2195 1516 clesia
2235 1460 2571 1516 doctrinam
2605 1459 2959 1532 disputasse.
2989 1481 3018 1507 »

2083 1557 2534 1614 Illnstrissimus
2566 1557 2920 1631 Languetius
2970 1555 3326 1613 Senonensis
3357 1554 3668 1628 archipra-

2005 1648 2097 1704 sul
2133 1650 2190 1702 in
2213 1649 2564 1703 documento
2588 1645 2865 1718 pastorali
2915 1654 3207 1702 centenum
3246 1647 3318 1702 les
3351 1661 3674 1717 remarques

2003 1754 2102 1792 sur
2143 1737 2515 1793 l’inslruclion
2564 1737 2628 1793 de
2656 1738 2721 1791 Μ.
2775 1737 2824 1791 le
2867 1735 3018 1792 card.
3082 1735 3149 1790 de
3191 1735 3447 1800 Noailles,
3508 1734 3665 1792 edito

2003 1845 2097 1883 an.
2128 1827 2302 1883 1719:
2337 1850 2364 1876 «
2397 1827 2740 1899 Cyprianus,
2766 1825 2976 1898 inquit.
3011 1841 3144 1897 pag.
3168 1824 3259 1894 95,
3291 1829 3348 1880 et
3405 1823 3660 1879 Africani

2012 1917 2290 1988 prasules
2325 1917 2604 1972 meritone
2625 1931 2858 1971 summo
2897 1913 3160 1970 Pontiﬁci
3191 1919 3248 1970 et
3277 1913 3400 1970 orbi
3434 1913 3662 1968 univer-

2010 2023 2074 2062 so
2106 2005 2488 2062 restiterunt?
2518 2028 2546 2054 ››
2582 2006 2650 2060 Et
2683 2021 2811 2077 pag.
2843 2005 2914 2059 96
2940 2021 2952 2059 :
2993 2027 3014 2053 ι
3053 2003 3298 2059 Felicior
3318 2007 3375 2059 et
3405 2002 3667 2059 sanctior

2008 2095 2328 2167 Cyprianus
2361 2095 2586 2164 fuisset,
2633 2093 2682 2148 si
2720 2093 3062 2148 resistentia
3114 2091 3472 2148 docilitatem
3523 2108 3666 2163 pra-

2013 2183 2273 2252 tulisset,
2304 2183 2353 2238 si
2386 2182 2550 2238 fateri
2573 2181 2852 2240 voluisset
2869 2183 3075 2237 Sedem
3098 2180 3491 2254 Apostolicam
3527 2195 3662 2237 cum

2008 2272 2215 2344 majori
2246 2271 2654 2344 episcoporum
2687 2287 2928 2327 numero
2959 2271 3333 2342 conjunctam
3363 2269 3660 2327 victricem

2007 2377 2240 2433 semper
2270 2361 2550 2416 extitisse.
2580 2382 2607 2409 »

2075 2457 2522 2514 Illnstrissimus
2554 2458 2624 2514 de
2651 2457 2883 2528 Saleon,
2916 2455 3308 2514 Ruthenensis
3352 2457 3662 2530 episcopus

2006 2549 2208 2604 1821
2254 2548 2314 2602 in
2363 2548 2713 2604 documento
2755 2547 3033 2620 pastorali
3077 2563 3174 2602 sur
3220 2547 3513 2602 l‘Aulorilé
3569 2545 3662 2602 des

2005 2637 2274 2693 decisions
2329 2637 2393 2692 de
2444 2636 2683 2706 l‘Eglise,
2733 2636 2888 2692 edito
2937 2653 3032 2692 an.
3091 2636 3246 2703 1738,
3280 2640 3478 2707 part.1
3525 2651 3660 2708 pag.

2004 2727 2146 2781 235:
2174 2747 2202 2777 «
2232 2725 2436 2797 Culpa,
2469 2725 2683 2797 inquit,
2714 2729 2772 2779 S.
2803 2724 3069 2798 Cypriani
3115 2741 3180 2782 eo
3242 2725 3440 2780 minus
3487 2740 3664 2780 excu-

2007 2815 2192 2870 sanda
2222 2819 2364 2881 erat,
2399 2815 2551 2885 quod
2585 2829 2699 2868 non
2731 2812 2922 2868 solum
2955 2813 3232 2883 Stephani
3265 2813 3517 2878 decreto,
3558 2813 3660 2867 sed

2006 2903 2184 2959 etiam
2219 2901 2564 2958 universalis
2605 2901 2871 2958 Ecclesia
2913 2901 3322 2957 consuetudini
3369 2899 3659 2955 reniteba-

2007 2997 2142 3059 tur;
2178 3014 2205 3041 »
2237 2997 2295 3048 et
2335 2991 2509 3062 paulo
2559 2995 2718 3064 post:
2752 3014 2780 3042 «
2814 2991 2872 3047 S.
2905 2991 3257 3063 Cyprianum
3307 2991 3429 3062 ipse
3460 2987 3656 3044 Eccle-

2008 3080 2105 3136 sia
2136 3081 2619 3136 consuetudinem
2665 3097 2784 3136 sua
2827 3079 3086 3152 opinioni
3137 3079 3488 3135 contrariam
3531 3093 3662 3134 esse

2009 3171 2246 3238 fatetur,
2299 3193 2328 3220 »
2376 3171 2532 3242 quod
2565 3170 2772 3226 deinde
2815 3187 2884 3225 ex
2928 3169 2987 3225 S.
3035 3168 3363 3242 Augustino
3413 3165 3666 3239 aliisque

2008 3260 2338 3316 confirmat.

2078 3346 2595 3404 Eminentissimus
2639 3346 2796 3403 card.
2849 3347 2920 3402 de
2987 3345 3262 3415 Noailles,
3314 3345 3661 3403 Parisiensis

2009 3437 2487 3510 archiepiscopus
2533 3438 2593 3492 in
2638 3437 2872 3492 docum.
2925 3435 3202 3509 pastorali
3254 3435 3388 3491 dato
3446 3435 3539 3491 die
3591 3436 3660 3491 14

2005 3526 2269 3583 Januarii
2303 3527 2462 3592 1719,
2517 3525 2710 3597 palam
2761 3525 3027 3596 agnoscit
3065 3525 3123 3581 S.
3149 3524 3503 3598 Cyprianum
3537 3539 3654 3579 non

2015 3617 2186 3672 modo
2218 3615 2520 3688 Stephani,
2572 3613 2817 3670 Romani
2858 3613 3176 3684 Pontificis,
3210 3613 3308 3668 sed
3361 3618 3418 3669 et
3459 3611 3663 3686 plura-

2023 3704 2204 3760 litalis
2252 3703 2657 3776 episcoporum
2704 3704 3037 3760 auctoritati
3057 3703 3341 3761 restitisse
3371 3720 3438 3759 ac
3469 3702 3672 3760 cedere

2008 3792 2307 3848 noluisse:
2347 3815 2367 3840 α
2454 3791 2690 3848 Restitit
2765 3792 3028 3865 quidem,
3099 3791 3293 3865 inquit
3361 3806 3493 3863 pag.
3566 3790 3662 3861 73,

2005 3885 2062 3936 S.
2096 3881 2417 3954 Cyprianus
2440 3881 2769 3937 auctoritati
2831 3881 3112 3954 Stephani
3155 3882 3316 3938 Rom.
3369 3879 3667 3935 Pontificis

2014 3975 2070 4026 et
2100 3969 2456 4041 pluralitatis
2477 3971 2915 4042 episcoporum,
2951 3970 3223 4026 cessisset
3252 3973 3471 4035 tamen,
3495 3969 3667 4040 juxta

2005 4061 2396 4130 Augustinum
2429 4058 2673 4131 plenarii
2705 4059 2935 4115 concilii
2963 4059 3214 4130 judicio.
3252 4081 3272 4106 ι
3303 4056 3659 4112 Eminentis-

2004 4147 2154 4203 simo
2185 4146 2416 4218 prasuli
2443 4147 2613 4220 plane
2631 4148 2948 4203 concinunt
2970 4146 3245 4218 [episcopi
3269 4145 3661 4218 Apamiensis,

2003 4237 2299 4301 Senensis,
2351 4236 2892 4308 Monspessulanus,
2928 4235 3332 4305 Bononiensis,
3378 4233 3664 4290 Antissio-

2005 4325 2273 4381 dorensis
2305 4330 2362 4380 et
2392 4325 2756 4381 Maccnensis
2787 4324 2844 4379 in
2879 4325 3138 4397 ipsorum
3175 4322 3554 4396 responsione
3587 4322 3660 4377 ad

2004 4413 2296 4487 pastorale
2341 4415 2760 4470 documentum
2807 4412 2986 4468 emin.
3043 4413 3113 4468 de
3154 4411 3325 4480 Bissi,
3358 4411 3514 4466 edita
3561 4428 3660 4466 an.

2007 4504 2163 4572 1723,
2199 4521 2330 4576 pag.
2361 4504 2452 4574 87,
2486 4507 2660 4575 atque
2690 4503 2746 4557 in
2780 4501 2912 4558 aliis
2941 4499 3483 4558 elucubrationibus
3511 4516 3660 4573 quas

239 4600 597 4658 contendere
625 4617 692 4656 ac
723 4600 1026 4657 vociferari
1047 4601 1104 4658 S.
1138 4600 1567 4675 Cyprianumin
1598 4602 1706 4659 hac
1737 4620 1894 4676 qua-
1928 4591 1968 4656 Ξ)
2001 4592 2337 4665 vulgarunt.

235 4691 436 4746 sticne
467 4689 558 4762 agi
580 4690 652 4746 de
681 4690 952 4763 dogmate
973 4691 1274 4747 censuisse
1299 4708 1312 4758 ;
1338 4707 1538 4747 verum
1559 4692 1656 4748 ubi
1679 4709 1712 4748 a
1740 4710 1896 4750 com-

2075 4690 2458 4757 Isambertus,
2494 4691 2698 4746 doctor
2725 4693 2782 4746 et
2812 4689 3108 4762 professor
3155 4687 3534 4755 Sorbonicns,
3585 4689 3657 4744 ad

233 4779 412 4836 muni
454 4778 874 4835 catholicorum
919 4778 1115 4835 Gallia
1166 4779 1569 4853 theologorum
1631 4782 1894 4840 doctrina
2003 4781 2383 4853 quaestionem
2415 4782 2506 4848 64,
2563 4781 2660 4835 ubi
2707 4781 2775 4837 de
2823 4780 3211 4848 Sacramenlis,
3262 4780 3544 4853 disputat.
3608 4779 3662 4846 4,

233 4869 544 4934 recedunt,
571 4868 861 4923 neminem
897 4868 1016 4924 fore
1048 4873 1188 4941 puto
1218 4867 1400 4925 Gallis
1420 4869 1562 4926 adeo
1594 4869 1890 4927 infensum

231 4975 307 5014 ac
332 4957 626 5030 iniquum,
653 4961 714 5012 ut
746 4974 780 5012 a
798 4957 1173 5013 Jansenianis
1194 4961 1252 5012 et
1281 4959 1663 5026 Quesnelistis
1692 4960 1891 5032 potius

230 5064 424 5120 quam
455 5045 822 5104 aCatholicis
844 5045 1130 5119 genuinos
1161 5047 1424 5118 ipsorum
1451 5065 1659 5106 sensus
1688 5049 1892 5122 depro-

228 5135 490 5192 mendos
519 5151 648 5192 esse
668 5133 824 5191 velit.

904 5259 1155 5318 CAPUT.
1190 5261 1237 5316 ΙΙ

223 5386 406 5442 Juxta
457 5385 852 5459 universalem-
878 5383 1070 5459 Gallia
1115 5385 1493 5454 theologorum
1549 5403 1614 5441 ac
1656 5390 1890 5459 scripto-

315 5472 442 5530 rum
472 5454 776 5530 doctrinam
817 5457 872 5511 S.
906 5458 1214 5527 Cyprianus
1252 5459 1418 5528 probe
1454 5462 1680 5530 noverat
1726 5454 1892 5530 quam

317 5527 373 5582 S.
461 5526 770 5597 Stephanus
854 5526 1136 5583 asserebat
1239 5526 1701 5593 consuetudinem,
1733 5526 1747 5530 ’
1780 5549 1890 5588 non

315 5599 652 5669 peculiarem
717 5601 954 5655 Romano
1013 5599 1288 5669 Pontiﬁci,
1362 5600 1456 5654 sed
1518 5603 1891 5660 universalem

317 5670 496 5743 fuisse
547 5674 677 5726 tunc
758 5672 1014 5746 temporis
1101 5671 1353 5729 Ecclesia
1421 5673 1886 5750 consuetudinem,

2001 4871 2188 4936 art.1,
2242 4885 2372 4940 pag.
2407 4870 2548 4923 121:
2600 4891 2620 4917 ε
2669 4869 2724 4924 S.
2761 4868 3107 4942 Cyprianus,
3164 4869 3376 4942 inquit,
3427 4873 3546 4925 tam
3601 4867 3662 4922 in

1999 4958 2101 5014 illa
2124 4957 2381 5030 Epistola
2405 4957 2897 5029 (adJubaianum)
2919 4974 3095 5030 quam
3124 4958 3178 5013 in
3202 4959 3448 5014 concilio
3471 4970 3663 5012 Lxxvn

1999 5049 2428 5121 episcoporum,
2481 5048 2562 5103 ait
2606 5047 2889 5103 rationem
2938 5052 2996 5103 et
3026 5048 3322 5104 veritatem
3357 5061 3485 5102 esse
3517 5063 3663 5118 pra-

1999 5137 2329 5210 ponendam
2349 5135 2757 5193 consuetudini
2784 5154 2798 5205 ;
2821 5151 2958 5210 ergo
2975 5135 3252 5208 supponit
3280 5134 3654 5192 traditionem

1999 5225 2182 5283 fuisse
2211 5225 2562 5282 contrariam
2587 5242 2705 5281 sua
2728 5224 3108 5297 opinioni,(et
3132 5223 3302 5296 paulo
3333 5224 3506 5294 infra)
3535 5240 3651 5278 non

2000 5319 2174 5389 negat
2193 5315 2518 5388 Cyprianus
2549 5313 2701 5371 hanc
2732 5313 3053 5384 (hareticos
3086 5330 3201 5369 non
3234 5313 3652 5385 rebaptizandi)

2001 5421 2129 5461 esse
2158 5420 2532 5460 communem
2563 5402 2932 5459 traditionem
2967 5401 3254 5471 Ecclesia,
3286 5405 3350 5456 ut
3379 5400 3658 5474 Augusti-

2000 5510 2112 5549 nus
2142 5497 2296 5548 recte
2328 5495 2489 5546 notat
2517 5491 2615 5546 lib.
2655 5509 2717 5546 ιιι
2746 5491 2811 5546 de
2844 5492 3146 5563 Baptismo,
3187 5507 3314 5563 cap.
3363 5492 3445 5546 12.
3484 5514 3505 5542 ι

2072 5591 2133 5646 Ρ.
2167 5591 2436 5655 Frassen,
2493 5589 2697 5645 doctor
2742 5587 3099 5644 Sorbonicus
3159 5589 3221 5644 in
3287 5593 3539 5646 tractatu
3595 5589 3659 5644 de

2003 5679 2394 5747 Sacramentis,
2446 5681 2555 5735 art.
2615 5693 2696 5744 ιιι,
2741 5681 2948 5749 quast.
2989 5678 3042 5748 3,
3099 5692 3232 5751 pag.
3299 5678 3462 5737 95:«
3510 5678 3654 5738 Tam

3725 4141 3782 4162 κ
