4088 6174
539 306 693 367 1375
1580 309 1679 369 DE
1726 311 2323 375 HERETICORUM
2367 313 2650 375 BAPTIS
2662 314 2899 374 MATE.
3695 325 3808 385 I316

534 437 856 510 Cyprianus
915 436 1040 509 ipse
1099 454 1275 510 quam
1325 441 1453 512 ejus
1501 441 1733 515 collega
1793 443 1852 498 in
1933 444 2179 502 concilio
2208 446 2264 513 Α
2300 465 2321 493 ι
2360 445 2607 514 Erravit,
2646 446 2859 519 inquit,
2918 446 3029 503 hac
3059 447 3117 502 in
3163 465 3220 503 re
3264 448 3683 521 Cyprianus;sed
3729 474 3810 514 non

530 529 727 597 aperte
756 530 1120 598 agnoverunt
1168 530 1653 586 consuetudinem
1710 536 1766 588 et
1803 533 2177 591 traditionem
2290 533 2550 590 deseruit
2573 536 2855 592 unitatem
2882 536 3168 607 Ecclesia,
3199 552 3374 609 neque
3394 540 3515 595 adeo
3539 542 3589 597 in
3614 544 3809 602 schisma

528 613 981 671 ecclesiasticam
1034 616 1142 672 sibi
1195 616 1512 685 adversari,
1564 620 1614 675 si
1664 620 1899 693 quidem
1958 622 2179 695 pluries
2288 628 2391 679 aut
2434 624 2704 681 haeresim
2754 626 3021 695 incurrit,
3064 625 3341 683 licetnon
3388 629 3685 701 acquieverit
3717 634 3814 692 huic

528 701 823 759 inculcant
843 705 1327 761 consuetudinem
1358 707 1586 779 :debere
1635 710 1837 765 cedere
1875 711 2176 767 veritati.»
2289 712 2558 770 Ecclesia
2586 714 2916 770 traditioni.
2954 736 2982 765 »

596 811 812 866 Auctor
866 812 1206 883 Defensionis
1277 812 1540 871 declarat.
1615 817 1759 873 Cleri
1825 816 2017 874 Gallic.
2079 836 2173 876 an.
2355 803 2572 859 Juenin
2629 803 2691 859 in
2743 821 2848 860 δυο
2923 804 3342 861 commentario
3402 806 3458 862 ἀθ
3520 807 3815 879 summit.

529 899 689 971 4682,
722 900 832 956 sub
862 900 1097 956 nomine
1128 902 1441 971 Boseuetii,
1490 904 1802 961 Meldensis
1852 906 1992 962 olim
2052 907 2170 979 epi—
2286 896 2493 963 (ἰοεὲδίο
2543 894 2599 960 59
2652 898 2761 948 εῖτ·
2808 893 2860 964 3,
2922 892 2953 966 §
3000 895 3055 959 δ’
3110 909 3239 966 1³⁸8·
3289 895 3415 949 ίθθί
3454 918 3479 945 “
3508 896 3577 952 D0
3615 900 3810 969 “liqua.

527 989 710 1061 scopi,
762 994 921 1046 extra
966 990 1215 1047 Galliam
1263 992 1531 1065 vulgatae,
1583 998 1732 1067 part.
1786 1012 1867 1066 III,
1938 996 2044 1063 lib,
2097 1013 2172 1067 ιν,
2284 982 2494 1053 inquit,
2526 982 2791 1038 Ecclesiae
2820 982 3154 1052 traditione,
3186 983 3468 1040 hareticos
3510 1001 3607 1041 non
3632 988 3816 1061 rebapti-

524 1095 650 1151 cap.
680 1079 715 1131 7
742 1096 755 1133 :
780 1102 808 1129 «
841 1079 1040 1152 Neque
1067 1080 1454 1153 vero,inquit,
1488 1082 1643 1139 aliud
1670 1084 2003 1157 Stephanus
2027 1103 2172 1159 pra-
2282 1072 2452 1127 Ζᾶηάί
2503 1072 2849 1145 (Cyprianus
2896 1073 3022 1145 ipse
3080 1073 3480 1146 conveniabatl-
3539 1096 3563 1124 ”
3606 1076 3660 1130 Et
3697 1084 3816 1147 Pau'o

523 1167 755 1223 dicabat
783 1172 837 1223 et
868 1168 1106 1241 quidem
1155 1171 1418 1243 urgebat,
1451 1173 1550 1228 sed
1586 1174 1970 1231 universalem
2036 1192 2172 1231 con-

2284 1166 2416 1234 post
2444 1178 2513 1217 ex
2544 1162 2602 1217 S.
2629 1162 2956 1233 Augustino
3000 1162 3207 1234 probat
3234 1162 3290 1218 S.
3315 1162 3628 1235 Cyprianum
3650 1166 3815 1221 univer-

523 1256 914 1326 suetudinem,
940 1258 1039 1314 sed
1063 1258 1134 1314 ab
1148 1259 1426 1332 apostolis
1466 1263 1941 1320 constantissimo
1973 1268 2173 1321 tenore

2284 1249 2464 1307 salem
2493 1250 2645 1306 hanc
2665 1250 2935 1307 Ecclesia
2976 1250 3445 1307 consuetudinem
3483 1251 3666 1323 ubique
3692 1254 3817 1308 intui-

524 1347 595 1402 ad
635 1362 739 1401 nos
789 1363 976 1419 usque
1021 1347 1354 1419 deductam,
1402 1367 1580 1422 quam
1642 1351 1789 1407 liber
1843 1370 2173 1427 anonymus
2279 1344 2405 1440 ium
2432 1342 2613 1440 flii-339
2643 1340 2737 1396 δίε
2766 1340 2958 1440 Yef‘bis
3036 1360 3069 1440 '_
3102 1340 3198 1396 Sic
3228 1340 3297 1395 d0
3342 1340 3593 1440 (ξγτρίαξιο
3627 1340 3821 1440 ιοςῐξὶιιπ

524 1435 679 1507 apud
712 1434 1032 1508 Rigaltium
1054 1437 1325 1509 Stephani
1355 1442 1614 1511 tempore
1635 1442 1913 1498 adversus
1942 1444 2173 1515 Cypria-

2281 1430 2682 1504 Augustinus:
2735 1430 2953 1502 ubique
2992 1429 3225 1484 intuens
3287 1428 3633 1485 universalem
3675 1432 3821 1487 robus-

526 1540 667 1580 num
724 1523 1112 1598 Cyprianique
1174 1528 1428 1584 asseclas
1498 1530 1865 1604 conscriptus
1918 1532 2170 1605 appellat
2278 1523 2518 1618 Eamque
2566 1523 3120 1618 οοῐιειξθῐιιάίῐξθωην
3168 1523 3319 1618 iiii“?
3350 1523 3404 1571 S-

526 1615 954 1670 vetustissimam
991 1617 1442 1673 consuetudinem
1472 1620 1810 1679 Ecclesiae...
1845 1622 2008 1695 quin,
2042 1624 2172 1695 ipsa

2281 1608 2633 1684 Cyprianum
2665 1608 2852 1680 egisse
2882 1608 3166 1664 adversus
3211 1607 3385 1661 totius
3427 1606 3569 1662 orbis
3602 1623 3818 1662 morem.»

524 1703 810 1775 ﬂagrante
867 1702 1179 1777 discordia,
1230 1706 1553 1779 Cyprianus
1614 1710 1857 1783 ejusque
1937 1710 2166 1785 collega
2352 1711 2436 1765 Du
2467 1707 2727 1775 Saussoi,
2760 1706 2819 1761 in
2841 1704 3036 1761 libello
3058 1705 3150 1761 cui
3183 1703 3393 1761 Gallice
3415 1702 3599 1759 titulus
3626 1704 3669 1759 la
3702 1706 3821 1762 νοτία

522 1791 1431 1887 Africaniconsuetudinemisibi
1480 1798 1774 1855 adversari
1825 1800 1975 1857 ultro
2025 1801 2167 1858 fate-
2201 1822 2248 1887 Β
2279 1799 2490 1856 rendue
2533 1797 2784 1865 sensible,
2829 1800 2973 1887 tom.
3016 1795 3085 1887 II,
3118 1811 3250 1868 pag.
3272 1795 3372 1887 S9;
3403 1816 3430 1842 α
3472 1794 3537 1887 _S.
3587 1795 3822 1887 Cyprianus

525 1882 741 1937 bantur
770 1898 783 1937 :
811 1883 865 1937 id
896 1901 1047 1956 saepe
1069 1886 1434 1957 Augustinus
1465 1892 1649 1945 notat.
1678 1910 1705 1939 »
2201 1882 2240 1887 ⁷
2282 1906 2397 1945 non
2430 1887 2657 1960 putavit
2686 1903 2747 1943 se
2793 1884 2974 1941 teneri
3008 1885 3079 1941 ad
3134 1883 3576 1956 amplectendam
3621 1883 3820 1955 Stephani

596 1971 952 2041 Fleuriacus,
976 1975 1178 2030 Hister.
1202 1976 1339 2031 Eccl.
1376 1979 1516 2032 tom.
1545 1978 1610 2044 ΙΙ,
1632 1978 1732 2033 lib.
1764 1996 1866 2046 vn,
1902 1996 2027 2052 cap.
2058 1981 2129 2036 26
2153 1998 2165 2036 :
2278 1994 2440 2053 papa
2455 1976 2828 2043 sententiam,
2862 1972 3132 2047 quamvis
3153 1972 3292 2028 huic
3315 1972 3721 2045 pontificimajor
3740 1973 3820 2026 sine

520 2083 548 2112 «
586 2061 846 2117 Veterem
878 2062 1145 2120 Ecclesia
1168 2068 1651 2124 consuetudinem
1676 2073 1693 2119 (
1717 2069 1959 2141 ypriano
1990 2087 2168 2143 oppo-
2278 2066 2455 2122 dubio
2487 2065 2892 2138 episcoporum
2942 2077 3229 2118 numerus
3276 2060 3587 2116 adhaereret.
3617 2082 3641 2108 η
3676 2062 3823 2114 Auctor

520 2150 739 2206 nebant
794 2152 1052 2226 episcopi
1095 2171 1208 2210 non
1243 2156 1687 2229 rebaptizantes,
1741 2158 1903 2214 illam
1958 2160 2169 2216 fatetur
2275 2154 2455 2211 libelli
2483 2154 2749 2226 inscripti
2785 2172 2798 2210 :
2833 2155 3077 2227 Réponse
3106 2169 3181 2207 au
3226 2168 3461 2224 premzer
3510 2152 3822 2205 avertissement

2276 2244 2341 2300 de
2390 2245 2523 2316 Mgr.
2578 2243 2813 2316 l'eveque
2858 2243 2923 2299 de
2966 2242 3236 2309 Seissens,
3287 2240 3420 2297 editi
3468 2257 3552 2295 an.
3594 2239 3720 2304 1722,
3744 2237 3822 2291 hac

2278 1523 2518 1592 tamque
2566 1518 3120 1585 consuetudinem..,
3168 1517 3319 1572 idem
3350 1521 3404 1571 S.
3453 1517 3636 1573 Doctor
3674 1520 3821 1574 asserit

517 2238 754 2310 quidem
784 2240 841 2296 S.
866 2241 1185 2314 Cyprianus
1210 2267 1224 2311 ;
1255 2248 1315 2299 at
1344 2245 1554 2300 rationi
1583 2246 2010 2317 subjiciendam
2040 2265 2167 2306 esse

515 2329 836 2384 contendit.
878 2352 897 2377 ιι
936 2329 1295 2388 Fleuriacum
1327 2334 1573 2390 excribit
1601 2336 1668 2391 D.
1712 2336 1941 2394 Ceillier
1986 2340 2166 2395 Bene-
2276 2333 2470 2403 habet,
2504 2350 2560 2405 p.
2583 2332 2723 2389 212:
2753 2356 2779 2382 «
2813 2332 2871 2388 S.
2906 2330 3251 2405 Cyprianus,
3286 2328 3648 2386 Firmillianus
3671 2326 3821 2398 aliique

512 2416 769 2473 dictinus
815 2419 1013 2475 Hister.
1064 2420 1284 2477 Sacror.
1334 2424 1629 2481 Auctorum
1668 2430 1809 2481 tom.
1847 2427 1976 2499 ξΙΙΙ,
2029 2443 2163 2500 pag.
2274 2421 2473 2496 plures
2521 2421 2778 2495 episcopi
2825 2419 2973 2493 ipsis
3012 2420 3235 2475 addicti
3277 2435 3508 2474 numero
3547 2417 3688 2488 longe
3720 2415 3820 2469 infe-

518 2504 641 2561 131.
2276 2512 2457 2568 riores
2488 2514 2654 2567 erant
2717 2510 2962 2575 cateris,
3023 2509 3124 2582 qui
3193 2508 3478 2581 Stephano
3538 2504 3820 2562 adhaerebant

589 2594 1019 2667 Tillemontius,
1058 2600 1264 2657 Hister.
1298 2603 1447 2659 Eccl.
1505 2607 1645 2661 tom.
1690 2606 1785 2675 IV,
1809 2611 1916 2663 art.
1951 2608 2039 2676 43,
2094 2608 2165 2664 de
2275 2600 2602 2673 θρίδοορίδὶ
2635 2603 2893 2655 attamen
2923 2599 3252 2672 Cyprianus
3284 2598 3480 2653 merito
3502 2598 3648 2667 ium
3669 2597 3715 2648 δ·
3745 2595 3819 2646 Au“

518 2685 822 2757 Cypriane,
860 2704 993 2759 pag.
1030 2689 1169 2745 139:
1220 2712 1249 2741 κ
1282 2691 1339 2748 S.
1374 2695 1717 2766 Cyprianus,
1759 2696 1968 2768 inquit,
2020 2698 2164 2753 satis
2275 2690 2577 2763 gustinnm
2608 2688 2701 2745 bis
2732 2689 3208 2756 auctoritatibus,
3232 2685 3819 2762 quamtumlibetmagnc

514 2780 712 2847 aperte
744 2776 958 2831 fatetur
987 2794 1049 2833 se
1101 2779 1408 2851 antiquam
1480 2800 1594 2838 non
1666 2786 1834 2858 sequi
1898 2786 2163 2842 Ecclesia
2273 2783 2492 2848 essent,
2523 2779 2726 2835 cedere
2751 2778 2959 2835 noluit.
2992 2799 3021 2829 »

515 2864 1042 2936 consuetudinem;
1078 2889 1106 2917 »
1156 2870 1362 2928 1322
1410 2874 1466 2927 et
1486 2889 1617 2945 pag.
1652 2874 1846 2931 144;‹‹
1902 2874 2165 2949 Plerique
2343 2878 2405 2933 P.
2449 2877 2732 2934 Constant
2788 2875 3203 2933 Benedictinus
3278 2876 3336 2931 in
3394 2889 3493 2931 suo
3544 2871 3601 2928 de
3644 2867 3822 2943 Epistolis

514 2953 775 3027 episcopi
859 2956 1086 3012 concilii
1173 2960 1649 3033 Carthaginensis
1722 2981 1787 3019 III
1844 2964 1925 3037 (in
1988 2982 2164 3022 causa
2272 2970 2424 3026 Rom.
2474 2967 2805 3039 Pontificum
2867 2981 3059 3039 Opere,
3106 2970 3254 3021 tom.
3324 2964 3367 3032 Ι,
3416 2979 3538 3036 pag.
3580 2961 3738 3016 253M
3774 2959 3825 3009 ΝΘ

513 3042 793 3133 nimirum
826 3043 1099 3116 baptismi
1145 3048 1592 3125 hereticorum)
1638 3052 1788 3121 ideo,
1833 3055 2004 3125 juxta
2052 3057 2161 3111 Au-
2271 3058 2469 3133 igitur,
2493 3058 2684 3131 inquit
2711 3057 2961 3127 majores
2982 3074 3118 3113 suos
3139 3073 3209 3112 ac
3232 3060 3409 3112 totam
3445 3069 3576 3128 pene
3594 3046 3824 3107 Ecclesium

515 3132 843 3205 gustinum,
892 3140 1165 3193 asserunt
1207 3140 1507 3197 veritatem
1566 3144 1972 3200 consuetudini
2035 3162 2164 3202 esse
2196 3196 2237 3220 η
2275 3132 2556 3204 damnare
2589 3147 2794 3204 1323
2826 3145 3147 3220 Cyprianus
3178 3145 3469 3201 videretur
3521 3142 3827 3215 episcoporum

516 3196 549 3205 ν
830 3196 837 3199 .
1575 3196 1971 3200 --ηπ-πή-
2041 3196 2160 3202 η--
2277 3196 2554 3204 ..-κ----η
2599 3196 2789 3204 --τν-
2836 3196 3144 3220 γη--π--η
3194 3196 3457 3201 --η-πη
3528 3196 3573 3215 θ.
3688 3196 3700 3209 .

516 3224 986 3294 praeponendam,
1023 3226 1160 3299 quia
1191 3232 1332 3285 tunc
1356 3230 1533 3289 etiam
1563 3234 1926 3304 temporibus
1957 3251 2158 3292 eorum
2194 3196 2237 3263 Ε
2275 3238 2596 3311 unicuique
2627 3236 2895 3311 permisit
2924 3236 3141 3291 sentire
3180 3234 3272 3291 vel
3316 3250 3477 3309 agerc
3521 3230 3642 3305 quid
3681 3224 3828 3283 melius

513 3312 711 3383 praxis
742 3316 1150 3372 consuetudini
1202 3317 1555 3391 pluralitatis
1598 3322 1990 3382 Ecclesiarum
2038 3330 2164 3384 erat
2263 3316 2573 3389 iudicaret.
2605 3349 2633 3377 »
2675 3326 2746 3382 Et
2792 3325 2962 3398 paulo
3006 3324 3159 3381 infra
3214 3326 3298 3381 sic
3346 3324 3559 3397 pergit:
3588 3344 3612 3371 ‹‹
3678 3320 3828 3373 Durum

517 3402 831 3458 contraria.
870 3426 897 3453 ››

2281 3418 2578 3474 videbatur
2603 3416 2886 3489 Cypriane
2938 3415 3415 3471 communionem
3456 3412 3533 3469 eis
3580 3423 3746 3482 negare
3767 3403 3830 3475 qui

590 3491 800 3548 Auctor
828 3493 1021 3565 operis
1051 3493 1269 3553 Gallice
1299 3497 1563 3574 inscripti
1598 3503 1927 3577 Rcmarques
1982 3523 2082 3561 sur
2110 3506 2165 3561 la
2274 3510 2570 3564 servarent
2600 3506 2753 3579 quod
2785 3504 2844 3560 in
2872 3504 3149 3561 omnibus
3175 3521 3359 3577 prope
3383 3501 3634 3560 Ecclesiis
3671 3494 3831 3551 videbat

520 3581 904 3653 Bibliothéque
956 3583 1047 3639 des
1098 3591 1326 3643 auteurs
1383 3590 1688 3647 Ecclesiast.
1751 3594 1816 3649 de
1844 3596 1913 3650 Μ.
1964 3596 2163 3667 Dupin,
2276 3595 2863 3668 servari,quodquea
2892 3594 3221 3665 majoribus
3245 3594 3369 3651 suis
3391 3597 3517 3649 ante
3535 3585 3828 3662 Agrippinum

523 3671 607 3726 sic
632 3670 893 3741 loquitur
945 3676 1087 3729 tom.
1118 3675 1159 3743 Ι,
1211 3693 1341 3749 pag.
1364 3678 1505 3735 275:
1540 3701 1568 3731 «
1617 3680 1921 3739 Observari
1978 3690 2170 3758 potest
2277 3689 2647 3744 observatum
2707 3700 2835 3741 esse
2906 3701 3019 3739 non
3063 3684 3410 3757 ignorabat;
3451 3697 3570 3738 cum
3619 3674 3832 3768 Βιθρῑξξιξο

522 3761 675 3833 quod
735 3761 795 3816 in
848 3763 1169 3835 quastione
1229 3766 1600 3839 baptismatis
1664 3771 2066 3830 hareticorum
2106 3775 2167 3831 S.
2279 3777 2435 3834 enim
2484 3773 2903 3847 conspirabant
2942 3790 3147 3830 omnes
3198 3772 3477 3842 Ecclesia,
3526 3772 3699 3842 prater
3732 3760 3830 3816 Afri-

519 3850 841 3923 Cyprianus
864 3852 1155 3910 fatebatur
1182 3857 1556 3915 traditionem
1578 3878 1690 3917 non
1718 3863 1884 3918 modo
1906 3863 2170 3920 Ecclesia
2282 3883 2458 3923 canas
2488 3869 2544 3921 et
2584 3880 2801 3936 pascas
2852 3862 3127 3927 Orientis,
3190 3861 3534 3935 provincias,
3579 3856 3736 3912 Africa
3756 3865 3833 3951 rno-

525 3940 820 4010 Romana,
853 3943 955 3999 sed
987 3942 1164 4000 etiam
1195 3945 1583 4004 Ecclesiarum
1618 3950 2022 4009 Africanarum
2054 3971 2171 4010 sua
2282 3972 2405 4012 rem
2451 3954 2725 4011 eumdem
2785 3954 2858 4009 ad
2922 3951 3315 4025 Aggripinum
3383 3965 3559 4023 usque
3597 3940 3833 4002 obtinuisse

528 4029 788 4101 opinioni
823 4046 950 4087 esse
981 4033 1354 4090 contrariam.
1381 4057 1409 4086 η

2284 4044 2606 4119 Cyprianus
2637 4048 2692 4098 et
2721 4041 2862 4099 socii
2893 4042 3248 4098 fatebantur.

596 4135 822 4193 Natalis
865 4137 1211 4195 Alexander.
1262 4142 1399 4197 Hist.
1465 4144 1691 4212 Eccles.,
1732 4163 1866 4204 saec.
1911 4165 1999 4217 III,
2055 4148 2173 4206 dis-
2356 4141 2671 4198 Tumeiius
2738 4141 2939 4196 ἀοοῐοι·
2999 4157 3067 4195 ac
3127 4141 3424 4211 Ρτοῗθεεον
3462 4131 3835 4217 εοτδοιιίευεςίη

527 4230 666 4283 sert.
717 4228 802 4298 12,
848 4233 957 4284 art.
1011 4230 1061 4297 1,
1112 4245 1245 4302 pag.
1287 4232 1432 4288 686:
1474 4256 1503 4284 «
1561 4235 1926 4305 Justissima,
1984 4214 2180 4311 inquit
2285 4235 2434 4288 tract
2457 4231 2523 4287 de
2564 4230 2957 4297 Sacramenta.
3009 4233 3216 4301 quaest-
3248 4230 3310 4296 7.
3375 4245 3478 4285 art.
3507 4229 3559 4295 2,
3579 4218 3763 4311 conclu.
3798 4214 3837 4311 .i,

529 4314 737 4372 fuisset
789 4319 1317 4377 excommunicatio
1393 4339 1427 4377 a
1508 4324 1800 4396 Stephano
1884 4344 2034 4400 papa
2069 4309 2085 4311 ἠ
2116 4328 2177 4385 in
2288 4337 2419 4395 pag.
2450 4322 2575 4377 577-
2626 4343 2655 4370 α
2688 4323 2767 4374 Εἰ
2810 4317 3121 4383 consum“,
3170 4317 3386 4391 ίηίῐυίιν
3450 4329 3607 4389 Porro
3646 4309 3838 4400 Emi“

530 4406 882 4478 Cyprianum
924 4408 1155 4482 ipsique
1210 4411 1638 4469 consentientes
1690 4414 1749 4469 in
1800 4399 2069 4488 dogmate
2110 4419 2179 4474 de
2288 4409 2599 4466 traditione
2655 4408 2825 4481 Ιοηεθ
2890 4408 3119 4464 ﬁrmius
3170 4407 3478 4464 deducitur
3518 4399 3837 4495 “Eupalium

531 4496 960 4567 rebaptizandis
991 4498 1279 4555 hareticis
1309 4500 1633 4574 episcopos.
1667 4502 1807 4567 Quis
1836 4506 1990 4561 enim
2013 4508 2177 4578 juste
2207 4573 2241 4578 _
2288 4500 2415 4572 (pro
2448 4498 2762 4568 rejiCienda
2809 4497 3089 4553 nimirum
3157 4497 3554 4553 haereticorum
3600 4490 3837 4558 Wbapﬁw

528 4585 1017 4643 excommunicari
1048 4579 1220 4661 neget
1244 4605 1342 4646 eos
1375 4590 1476 4663 qui
1514 4573 1778 4650 errorem
1826 4573 2065 4652 tuentur
2104 4597 2175 4653 ab
2207 4573 2252 4638 Π
2281 4589 2458 4661 tione)
2490 4588 2639 4661 quod
2674 4591 2827 4644 certe
2856 4587 3251 4643 subodoratus
3281 4585 3607 4661 Cyprianus.
3636 4595 3690 4635 8°
3707 4586 3837 4632 03°53

526 4674 858 4746 Apostolica
889 4676 1055 4747 Sede,
1079 4682 1136 4732 et
1165 4677 1294 4735 aliis
1326 4679 1599 4737 Ecclesiis
1629 4683 1999 4750 damnatum,
2030 4690 2087 4742 et
2113 4685 2174 4743 in
2282 4696 2401 4735 ante
2433 4676 2612 4733 veluti
2644 4676 2915 4733 diffidens
2947 4676 2996 4733 Si
3029 4677 3102 4733 ad
3134 4676 3508 4732 traditionem
3562 4663 3834 4756 Ρ¹¹⁰ν⁰θ¹¹¹ίθῨν

527 4779 721 4819 errore
743 4769 983 4820 manent
1013 4766 1385 4839 pertinaces?
1427 4769 1574 4825 Cum
1638 4770 1835 4843 itaque
1885 4773 1978 4830 hic
2022 4779 2177 4831 esset
2283 4785 2398 4824 non
2429 4766 2856 4823 conﬁuetudine
2894 4782 2999 4822 seu
3047 4765 3366 4822 traditione
3408 4758 3743 4837 pugnandum
3780 4750 3838 4805 δίε

529 4852 799 4926 Cypriani
853 4859 1064 4924 status,
1128 4873 1244 4913 non
1289 4856 1498 4915 luisset
1550 4858 1769 4934 injuste
1812 4862 1872 4917 in
1920 4880 2019 4919 eos
2055 4862 2176 4921 lata
2283 4873 2412 4914 8886
2440 4856 2851 4923 contendebat.
2880 4856 2982 4911 88d
3016 4855 3257 4912 ι’ἃῐίοοθ-
3295 4877 3323 4905 »³

529 4944 1051 5001 excommunicatio
1111 4963 1144 5002 a
1205 4947 1522 5019 Stephano.
1597 4968 1625 5000 ιο
1700 4950 1887 5008 Citata
1950 4953 2175 5010 Natalis
2356 4957 2423 5013 D.
2461 4955 2683 5025 Maran,
2726 4955 2852 5026 jam
2910 4971 3089 5027 supra
3144 4953 3436 5025 laudatus,
3486 4950 3541 5006 in
3586 4938 3840 5004 Prafatione

528 5032 837 5089 Alexandri
870 5033 1042 5091 verba
1080 5036 1255 5091 refert
1298 5038 1622 5111 probatque
1671 5045 1733 5095 D.
1791 5041 2069 5099 Chiconot
2115 5044 2175 5099 in
2285 5063 2465 5120 quam
2496 5044 2823 5102 Baluziana
2854 5061 3098 5117 operum
3128 5046 3180 5101 S.
3207 5042 3477 5118 Cypriani
3521 5032 3839 5103 editiouipm'

532 5123 943 5179 Dissertatione
971 5123 1189 5181 Gallica
1214 5142 1315 5181 sur
1354 5125 1409 5181 la
1439 5128 1645 5185 celebre
1680 5130 1893 5203 dispute
1920 5141 2072 5190 entre
2128 5133 2178 5189 le
2286 5135 2498 5192 misit:
2543 5158 2571 5185 ‹‹
2614 5134 2938 5208 Cyprianus
2988 5135 3224 5207 (inquit,
3289 5150 3418 5205 pag.
3470 5130 3551 5201 17)
3600 5127 3839 5211 Ιιιιωαῠδιξὶ

524 5229 665 5285 pape
732 5213 784 5267 S.
845 5215 1075 5269 Etienne
1141 5223 1194 5270 et
1269 5214 1324 5270 S.
1393 5217 1648 5289 Cyprien,
1713 5221 1953 5276 Parisiis
2021 5223 2178 5279 edita
2287 5224 2542 5298 appellat
2570 5223 3145 5295 traditionem,quod
3178 5222 3398 5278 nullius
3431 5215 3641 5274 concilii
3666 5213 3840 5300 aucto-{1'

526 5319 621 5358 an.
656 5303 812 5365 4725,
842 5316 972 5376 pag.
1010 5304 1133 5370 198,
1168 5302 1265 5375 qui
1296 5307 1352 5359 et
1378 5306 1535 5363 addit
1565 5308 1754 5365 doceri
1787 5313 2179 5370 communiter
2284 5296 2402 5371 tate
2437 5313 2821 5370 constitutum
2847 5312 2908 5367 in
2948 5312 3219 5367 maximis
3273 5309 3590 5383 quibusque
3640 5296 3840 5357 Ecclesiis

525 5409 560 5446 a
591 5391 898 5463 theologis,
933 5392 990 5448 S.
1025 5392 1379 5464 Cyprianum
1410 5413 1579 5455 suam
1610 5399 1946 5471 Opinionem
1979 5404 2178 5460 adver-
2285 5421 2520 5461 summo
2550 5418 2834 5459 consensu
2871 5401 3310 5458 observabatur.

524 5495 627 5535 sus
657 5478 935 5552 Stephani
969 5482 1212 5536 Romani
1250 5482 1544 5543 Pontificis
1591 5492 1649 5543 et
1693 5488 1941 5547 aliarum
1980 5492 2175 5548 Eccle-

530 5570 749 5625 siarum
777 5570 1068 5641 judicium
1094 5572 1463 5645 pertinaciter
1493 5593 1916 5651 propugnasse.

603 5658 907 5731 Duhamel,
944 5661 1146 5720 doctor
1188 5666 1564 5739 Sorbonicus,
1621 5667 1682 5726 in
1740 5687 1849 5728 sua
1897 5671 2178 5746 Theologia

2357 5493 2595 5561 Brillon,
2649 5495 2848 5549 doctor
2889 5496 2946 5548 et
2985 5492 3272 5564 professor
3324 5483 3651 5544 Sorbonicus
3670 5478 3719 5533 in
3759 5466 3840 5564 sui!

2286 5582 2574 5656 theologis
2645 5583 2711 5640 de
2766 5562 3135 5639 Sacranientis
3179 5575 3629 5653 pralectionibus
3668 5570 3715 5656 in

2285 5673 2438 5733 bona
2464 5648 2709 5747 habitis,
2732 5690 2826 5731 an.
2853 5673 3025 5731 1750:
3063 5695 3086 5723 ι
3104 5648 3251 5730 Tum
3274 5666 3601 5745 Cyprianus,
3631 5680 3656 5710 ω
3680 5648 3838 5727 inquit,
