4088 6174
220 314 376 373 137⁸1
1172 307 1497 387 PARS'JI.
1531 341 1609 353 —
1638 306 2204 368 RECENTIOHUM
2250 306 2686 369 EXCURSUS.
3474 311 3627 373 £378

215 446 425 515 quaest.
449 442 503 507 3,
537 464 565 491 κ
601 443 726 495 tum
758 437 1008 494 Africani
1065 438 1342 510 praesules
1398 442 1758 511 agnoverunt
1805 437 1864 493 in
1895 444 1949 509 Α
1989 436 2231 510 majoris
2282 438 2466 510 partis
2517 437 2945 511 episcOporum,
3005 440 3160 495 unde
3218 441 3274 495 S.
3305 442 3625 513 Cyprianus

210 532 503 589 Africanis
542 528 801 585 conciliis
858 528 1341 584 consuetudinem
1375 533 1433 583 et
1492 528 1863 583 traditionem
1972 527 2089 582 vim
2120 527 2448 599 argumenti
2479 544 2548 583 ex
2585 528 2851 585 Ecclesia
2884 530 3304 586 consuetudine
3334 536 3390 586 et
3412 532 3620 603 majori

211 620 600 695 apostolicam
650 617 763 673 sibi
796 617 1115 684 adversari,
1144 616 1465 673 identidem
1495 618 1554 673 in
1602 618 1696 673 his
1728 634 1864 673 con-

209 711 365 767 ciliis
395 708 692 766 inculcant
722 705 1206 763 consuetudinem
1237 706 1447 765 debere
1486 708 1687 763 cedere
1716 706 1864 763 veri-

207 800 334 856 tati.
375 823 397 852 ι

281 888 505 960 Vogan,
538 887 742 942 doctor
769 888 827 940 et
881 885 1179 956 professor
1228 884 1604 955 Sorbonicus,
1646 885 1705 941 in
1739 885 1864 941 suis

205 976 550 1049 theologicis
578 975 643 1031 de
697 975 1073 1031 Sacramentis
1132 974 1597 1047 prmlectionibus
1628 975 1689 1031 in
1733 975 1864 1031 Sor-

206 1068 366 1123 bona
419 1064 660 1135 habitis,
696 1080 770 1119 an
830 1063 1008 1119 1757:
1062 1086 1091 1115 «
1121 1064 1180 1119 S.
1214 1064 1606 1136 Augustinus,
1651 1064 1863 1136 inquit,

210 1173 341 1228 cap.
373 1156 431 1221 8,
462 1157 571 1210 art.
635 1154 686 1220 1,
721 1153 823 1225 qui
880 1152 1054 1208 variis
1085 1154 1145 1208 in
1194 1152 1339 1209 locis
1371 1154 1519 1209 hanc
1548 1158 1866 1209 consuetu-

211 1246 415 1301 dinem
445 1240 701 1315 appellat
750 1242 1159 1307 universaleui,
1183 1243 1509 1311 robustam,
1558 1242 1868 1299 saluberri-

212 1350 394 1405 mam,
427 1348 604 1403 quam
635 1330 871 1402 quidem
903 1331 960 1387 S.
986 1330 1307 1403 Cyprianus
1337 1331 1539 1387 eodem
1569 1334 1716 1388 teste
1736 1330 1865 1387 ubi-

212 1440 328 1496 que
352 1421 709 1491 intuebatur,
732 1424 789 1476 et
817 1419 935 1492 egit
964 1424 1157 1476 tamen
1190 1421 1468 1476 adversus
1497 1420 1679 1477 totius
1708 1420 1867 1478 orbis

213 1528 461 1568 morem.
497 1533 525 1560 ))

287 1598 596 1671 Delahaye,
658 1598 859 1653 doctor
914 1602 972 1653 et
1022 1597 1317 1669 professor
1372 1597 1746 1666 Sorbonicus,
1807 1598 1865 1653 in

209 1690 340 1747 suis
398 1688 738 1759 theOIOgicis
795 1687 860 1743 de
916 1689 1202 1759 Baptismo
1271 1686 1741 1759 praelectionibus
1804 1687 1865 1742 in

207 1780 477 1836 Sorbona
507 1778 744 1844 habitis,
774 1794 868 1833 an.
906 1777 1080 1833 1738:
1127 1800 1155 1826 «
1186 1777 1376 1847 Justa,
1410 1776 1621 1849 inquit,
1652 1794 1776 1849 cap.
1806 1778 1863 1846 5,

207 1874 324 1925 art.
353 1870 409 1934 2,
432 1867 671 1923 omnino
695 1866 903 1922 fuisset
924 1865 1445 1922 excommunicatio
1467 1866 1527 1923 S.
1561 1866 1862 1939 Stephani,

209 1958 262 2013 si
294 1956 413 2012 lata
446 1955 654 2012 fuisset
683 1956 740 2010 in
764 1954 1217 2027 rebaptizantes,
1250 1971 1319 2010 ea
1347 1955 1505 2011 enim
1536 1972 1866 2011 excommu-

212 2046 427 2103 nicatio
488 2045 693 2101 fuisset
742 2044 1094 2116 justissima,
1128 2061 1254 2117 qua:
1289 2044 1345 2099 in
1405 2061 1503 2100 eos
1562 2045 1869 2101 cecidisset

213 2136 316 2210 qui
347 2151 601 2191 errorem
652 2134 723 2190 ab
770 2134 979 2190 I324
1009 2134 1336 2205 Apostolica
1382 2133 1528 2189 Sede
1558 2138 1617 2189 et
1642 2133 1865 2190 caeteris

213 2223 525 2280 Eccclesiis
571 2223 961 2296 proscriptum
993 2226 1312 2289 tuerentur,
1345 2226 1403 2278 et
1444 2222 1503 2278 in
1550 2238 1662 2295 quo
1694 2222 1867 2295 perti-

214 2330 392 2370 naces
432 2313 637 2370 forent.
673 2317 848 2369 Porro
896 2311 1031 2368 talis
1067 2316 1191 2368 erat
1233 2327 1393 2367 error
1420 2316 1476 2366 Β.
1510 2311 1779 2385 Cypriani
1811 2315 1869 2368 et

215 2404 279 2459 S.
312 2401 654 2468 Firmiliani,
685 2417 817 2473 ergo
842 2402 1002 2473 juste
1023 2399 1509 2457 excommunicati
1541 2400 1792 2457 fuissent
1814 2416 1864 2468 ;»

214 2498 275 2549 et
304 2497 414 2547 art.
447 2492 481 2547 3
506 2508 519 2546 :
551 2514 571 2541 ι
600 2492 680 2547 Ex
700 2490 792 2547 his
814 2506 943 2562 quae
965 2489 1080 2545 huc
1101 2506 1287 2562 usque
1306 2489 1616 2546 retulimus
1638 2493 1868 2546 constat

214 2582 503 2652 majorem
554 2579 959 2653 episcoporum
1009 2583 1233 2653 partem
1290 2578 1607 2635 adhaesisse
1651 2582 1707 2633 S.
1739 2582 1864 2634 Ste-

212 2671 434 2742 phano,
490 2672 643 2726 unde
705 2669 971 2741 sequitur
1026 2668 1215 2740 ipsius
1272 2668 1624 2724 sententiam
1684 2668 1867 2724 fuisse

212 2758 484 2815 Ecclesia:
528 2758 966 2815 sententiam...
1000 2757 1300 2812 fatendum
1361 2762 1449 2813 est
1479 2756 1867 2812 infallibilita-

210 2855 338 2905 tem
373 2848 615 2903 activam
649 2847 901 2903 residere
922 2846 981 2901 in
1005 2846 1213 2917 majori
1239 2851 1402 2919 parte
1436 2846 1866 2918 episcoporum,

211 2937 466 3009 ideoque
488 2938 545 2991 S.
570 2936 927 3008 Stephanum
956 2935 1413 3005 independenter
1434 2951 1466 2989 a
1486 2932 1868 3007 subsequenti

218 3025 485 3082 Ecclesia:
532 3024 773 3096 judicio,
807 3041 933 3097 quas
993 3040 1113 3079 rem
1147 3040 1215 3078 ex
1272 3023 1384 3079 ﬁde
1428 3022 1699 3094 explicita
1745 3038 1867 3078 cre-

216 3115 470 3170 dendam
529 3114 859 3183 declaravit,
896 3114 1157 3168 tenuisse
1212 3111 1539 3180 veritatem,
1574 3111 1867 3183 siquidem

1972 616 2380 689 episcoporum
2437 633 2681 673 numero
2713 623 2957 674 conatur
3006 619 3242 689 elidere,
3274 622 3619 692 opponendo

1974 704 2299 773 veritatem,
2334 722 2513 776 quam
2545 706 2690 761 falso
2722 708 3136 778 praetendebat.
3176 730 3204 757 ››

2045 794 2210 860 Quod
2240 798 2435 850 autem
2480 795 2800 867 Cyprianus
2841 798 3009 867 juxta
3040 813 3410 854 communem
3443 798 3621 855 etiam

1975 883 2377 957 theologorum
2410 884 2583 943 modo
2613 884 2985 942 laudatorum
3019 886 3347 943 doctrinam
3376 888 3619 960 noverit,

1977 972 2258 1044 Stephani
2289 974 2775 1029 consuetudinem
2807 974 2879 1029 ab
2906 975 3181 1031 omnibus
3214 974 3501 1048 episcopis
3523 995 3623 1033 an-

1974 1060 2222 1132 tiquitus
2270 1066 2559 1117 servatam
2604 1062 2784 1117 fuisse
2838 1062 2921 1118 sic
2969 1063 3462 1121 demonstramus.
3513 1066 3622 1131 Qui

1974 1150 2364 1222 Agrippinum
2395 1150 2690 1207 existimat
2718 1150 2977 1223 primum
3020 1153 3489 1225 rebaptizationis
3521 1172 3623 1227 pa-

1975 1239 2550 1306 rentem,necessario
2598 1242 2863 1313 agnoscit
2902 1241 3196 1298 neminem
3218 1242 3623 1317 episcoporum

1975 1331 2108 1383 ante
2134 1327 2522 1401 Agrippinum
2553 1328 2853 1385 haereticos
2899 1330 3308 1402 rebaptizasse,
3339 1336 3396 1387 et
3426 1349 3625 1390 conse-

1975 1421 2223 1489 quenter
2242 1416 2521 1489 Stephani
2543 1419 2775 1475 Romani
2810 1419 3103 1476 Pontificis
3134 1422 3621 1478 consuetudinem

1974 1510 2107 1562 ante
2128 1505 2515 1580 Agrippinum
2543 1508 2615 1564 ab
2640 1508 2913 1564 omnibus
2935 1509 3223 1581 episc0pis
3255 1511 3623 1567 observatam

1974 1595 2197 1663 fuisse;
2231 1596 2585 1667 atquijuxta
2628 1614 2995 1654 communem
3045 1598 3238 1655 Galliaa
3270 1601 3623 1674 scriptorum

1975 1701 2041 1740 ac
2068 1685 2471 1757 theologorum
2529 1687 2885 1758 opinionem,
2917 1688 2971 1742 S.
3003 1690 3326 1760 Cyprianus
3354 1690 3622 1761 Agrippi-

1976 1791 2117 1829 num
2152 1775 2427 1831 censebat
2473 1776 2732 1848 primum
2783 1776 3251 1848 rebaptizationis
3284 1784 3622 1849 parentem;

1973 1863 2032 1919 id
2065 1863 2220 1920 enim
2280 1864 2579 1920 afﬁrmant
2634 1866 3017 1933 Isambertus,
3050 1866 3318 1939 Frassen,
3356 1867 3627 1923 defensor
3676 1920 3677 1923 η

1972 1954 2186 2009 Dcctar.
2206 1954 2359 2011 Cleri
2388 1954 2686 2023 Gallicani,
2717 1954 2887 2027 vulgo
2921 1955 3283 2024 Bossuetius,
3314 1956 3626 2013 Meldensis

1974 2043 2314 2115 episcopus;
2338 2042 2768 2109 Tillemontius,
2802 2043 3159 2111 Fleuriacus,
3192 2045 3627 2113 Baillet,auctor

1975 2131 2167 2203 operis
2222 2131 2315 2186 cui
2348 2131 2596 2187 titulus:
2647 2137 2990 2204 Remarques
3018 2150 3115 2188 sur
3141 2134 3196 2189 ta
3242 2135 3501 2191 Biblioth.
3533 2137 3627 2192 des

1973 2222 2203 2276 Autcurs
2248 2220 2414 2289 Eccl.,
2446 2220 2511 2276 dc
2556 2220 2622 2275 Μ.
2674 2222 2877 2293 Dupin,
2938 2221 3327 2291 l’Herminier,
3387 2224 3624 2291 Habert,

1975 2314 2038 2365 P.
2071 2314 2265 2367 Maran
2324 2310 2755 2379 Benedictinus,
2808 2310 2868 2368 P.
2930 2311 3259 2384 Gervasius,
3292 2312 3356 2370 Ι).
3407 2312 3623 2369 Brillon

1976 2404 2033 2456 et
2062 2399 2724 2471 D.Beuret,professores
2753 2400 3334 2473 Sorbonici,quorum
3355 2402 3622 2458 omnium

1974 2489 2151 2546 verba
2178 2506 2357 2560 supra
2386 2487 2721 2546 retulimus.

2047 2578 2164 2634 Hoc
2194 2579 2436 2649 insuper
2487 2579 2696 2633 docent
2743 2578 2981 2644 Juenin,
3012 2578 3235 2635 Natalis
3279 2578 3623 2646 Alexander,

1976 2683 2081 2723 nec
2111 2683 2225 2722 non
2257 2666 2327 2721 de
2384 2666 2663 2722 Reveroni
2720 2666 2780 2721 in
2812 2684 2920 2723 sua
2968 2667 3347 2724 disertatione
3386 2672 3623 2741 dogma-

1977 2756 2092 2811 tica
2122 2756 2193 2811 de
2219 2754 2463 2811 dissidio
2492 2755 2645 2811 inter
2673 2756 2725 2809 S.
2760 2756 3035 2827 Stephan.
3068 2761 3124 2811 et
3155 2756 3213 2812 S.
3249 2757 3623 2829 Cyprianum,

1978 2850 2035 2900 et
2062 2844 2251 2900 czeteri
2284 2846 2400 2900 fere
2428 2860 2631 2900 omnes
2666 2845 2765 2916 qui
2799 2846 2870 2900 de
2902 2844 3379 2917 rebaptizationis
3400 2846 3625 2918 origine

1979 2938 2324 2990 tractarunt.
2350 2933 2490 2989 Jure
2519 2949 2655 3006 ergo
2676 2933 3062 2989 concludinus
3083 2933 3439 3006 Cyprianum
3455 2936 3626 3005 juxta

1977 3038 2352 3078 communem
2421 3021 2716 3077 Gallorum
2787 3022 3110 3076 doctrinam
3167 3022 3344 3078 etiam
3397 3023 3627 3080 novisse

1978 3111 2257 3184 Stephani
2286 3110 2768 3167 consuetudinem
2800 3113 2871 3167 ab
2903 3111 3178 3167 omnibus
3209 3111 3500 3186 episcopis
3529 3131 3629 3169 an—

220 3220 339 3259 non
375 3220 490 3258 una
518 3207 747 3258 tantum
782 3204 892 3258 fuit
922 3202 1199 3274 Stephani
1231 3200 1541 3267 sententia,
1569 3200 1669 3257 sed
1692 3201 1870 3257 etiam
1901 3185 1945 3253 C
1983 3201 2230 3274 tiquitus
2260 3204 2548 3257 servatam
2578 3200 2780 3257 fuisse.

998 3502 1911 3590 DISSER'I‘A'l‘lONIS
1972 3500 2238 3589 PARS
2302 3500 2852 3589 SECUNDA-

212 3772 646 3821 Ancuuanrvu.
708 3796 777 3806 -
827 3766 1015 3821 Sotida
1064 3769 1117 3821 et
1174 3768 1375 3822 invicta
1424 3776 1555 3822 sunt
1612 3782 1733 3838 qua
1788 3767 1867 3823 ad

282 3838 687 3909 proﬂigandam
710 3854 780 3894 ac
806 3838 1159 3893 evertendam
1185 3855 1255 3893 ea:
1313 3842 1372 3894 S.
1410 3840 1701 3910 Cypriane
1725 3844 1869 3910 peti-

288 3913 407 3964 tum
432 3910 695 3963 adversus
740 3910 1077 3980 pontiﬁcium
1137 3911 1508 3965 inerrantium
1554 3912 1860 3967 Neoterico-

288 3998 413 4106 τ’αᾶ
442 3984 848 4106 argpmentum,
872 3998 905 4035 α
924 3982 1349 4053 sapientissimis
1380 3980 1570 4036 Galliae
1600 3983 1866 4053 theologis

288 4070 321 4106 a
398 4068 538 4106 ucun
570 4069 656 4106 ur.

288 4057 656 4107 adducuntur.

287 4140 557 4196 Vidimus
588 4156 702 4212 quo
735 4144 902 4212 pacto
936 4139 1358 4212 sapientissimi
1381 4139 1578 4196 Galliis
1608 4142 1865 4213 theologi

214 4231 377 4285 istud
411 4228 845 4285 Neotericorum
878 4234 1291 4300 argumentum
1332 4246 1577 4284 vacuum
1610 4234 1665 4284 et
1696 4231 1868 4287 inane

215 4318 532 4375 conﬁciant
562 4334 627 4374 ac
658 4318 893 4390 penitus
924 4322 1203 4386 evertant,
1240 4319 1660 4391 propugnando
1692 4320 1865 4375 nimi-

218 4424 373 4476 rum,
407 4407 577 4463 sicuti
610 4408 797 4463 csateri
846 4408 1155 4480 pontiﬁciis
1205 4408 1539 4463 inerrantias
1585 4408 1865 4478 vindices,

215 4502 275 4551 S.
307 4496 660 4569 Cyprianum
705 4500 968 4581 exortam
996 4497 1068 4553 de
1120 4497 1525 4552 hereticorum
1579 4497 1867 4569 baptismo
1900 4518 1947 4581 Ι)

218 4586 651 4641 contentionem
682 4603 796 4641 non
829 4578 968 4641 ﬁdei
1014 4586 1114 4641 sed
1150 4602 1321 4640 merae
1353 4585 1677 4657 disciplinae
1708 4592 1868 4641 retu-

220 4675 385 4743 lisse,
420 4679 595 4746 atque
616 4674 811 4747 ipsum
844 4676 1023 4747 probe
1072 4675 1301 4730 novisse
1331 4691 1508 4745 quam
1540 4674 1872 4745 Stephanus

221 4764 517 4819 Romanus
567 4765 769 4821 1825
831 4764 1090 4836 pontifex
1148 4764 1443 4819 asserebat
1500 4764 1873 4819 consuetudi-

221 4868 354 4907 nem
414 4852 759 4909 universalis
813 4853 1076 4909 Ecclesiaa
1142 4858 1279 4909 tunc
1353 4853 1633 4924 temporis
1693 4854 1874 4908 fuisse

218 4942 728 5007 consuetudinem,
789 4960 855 4998 ac
909 4944 982 4998 ab
1040 4941 1315 4998 omnibus
1372 4941 1662 5013 episcopis
1722 4941 1872 4997 anti-

219 5030 425 5101 quitus
456 5037 745 5087 servatam
779 5032 978 5088 fuisse.
1002 5033 1195 5087 Restat
1217 5037 1281 5086 ut
1303 5030 1423 5085 hazc
1442 5033 1557 5086 duo
1576 5030 1870 5085 Gallorum

219 5118 500 5174 doctrina;
533 5122 724 5193 capita
754 5120 958 5177 solidis
991 5126 1049 5177 et
1106 5120 1337 5175 invictis
1392 5120 1499 5175 niti
1558 5121 1873 5175 momentis

218 5208 625 5265 ostendamus.
659 5211 721 5266 Id
745 5210 990 5266 totidem
1024 5208 1314 5281 capitibus
1345 5213 1754 5281 assequentur.

756 5315 987 5373 CAPUT
1036 5313 1338 5370 PRIMUN.

218 5404 591 5474 Exponantur
637 5408 911 5462 momenta
963 5406 1162 5475 quibus
1218 5403 1498 5459 evincitur
1555 5419 1777 5458 causam
1806 5401 1875 5457 de

295 5475 622 5535 baptismate
679 5478 1066 5535 heercticorum
1124 5476 1397 5535 Cypriane
1473 5476 1652 5530 visam
1706 5476 1875 5535 luisse

295 5478 622 5545 baptismate
679 5478 1066 5535 haereticorum
1124 5478 1397 5548 Cyprium
1473 5478 1652 5530 visam
1705 5478 1767 5545 [u

295 5562 415 5602 rem
442 5564 551 5605 non
575 5548 732 5619 ﬁdei,
760 5550 856 5606 sed
874 5563 1047 5607 merae
1074 5547 1404 5618 disciplina.

297 5636 340 5696 Ι.
362 5633 526 5698 Illam
552 5637 888 5717 Opinionem
911 5654 1014 5699 seu
1041 5636 1268 5717 praxim
1291 5636 1364 5693 ad
1387 5634 1561 5692 ﬁdem
1579 5634 1872 5712 pertinere

1976 3766 2313 3823 nullatenus
2361 3765 2651 3837 judicavit
2704 3765 3047 3836 Cyprianus,
3103 3766 3273 3835 cujus
3340 3766 3625 3838 originem

1976 3872 2089 3911 non
2122 3873 2156 3910 a
2185 3854 2416 3910 Christo
2447 3854 2532 3909 vel
2565 3853 2637 3908 ab
2681 3853 2982 3924 apostolis,
3015 3854 3117 3908 sed
3178 3854 3249 3908 ab
3282 3854 3627 3925 Agrippino,

1976 3943 2398 4014 praedecessore
2455 3958 2583 4008 suo,
2645 3942 2873 4012 repetit;
2908 3942 3069 4013 atqui
3130 3942 3456 4013 Cyprianus
3509 3960 3628 3997 suae

1975 4032 2267 4104 opinionis
2298 4030 2581 4102 originem
2615 4030 2687 4084 ab
2734 4031 3052 4103 Agrippino
3086 4032 3316 4103 repetit,
3350 4049 3464 4087 non
3495 4048 3628 4088 vero

1975 4138 2008 4176 a
2037 4121 2284 4187 Christo,
2316 4119 2401 4175 vel
2433 4120 2504 4173 ab
2549 4118 2864 4189 apostolis:
2902 4142 2927 4167 ‹‹
2965 4119 3131 4189 Apud
3181 4136 3307 4189 nos,
3342 4120 3536 4191 inquit
3565 4120 3629 4175 S-

1976 4210 2187 4265 Doctor
2217 4210 2272 4264 in
2332 4210 2501 4281 Epist.
2534 4208 2605 4263 ad
2659 4208 2918 4264 Jubaian.
2950 4209 3044 4277 75,
3078 4225 3193 4262 non
3235 4225 3382 4264 nova
3411 4212 3513 4263 aut
3544 4225 3629 4264 re-

1978 4298 2215 4370 pentina
2247 4313 2336 4353 res
2370 4302 2477 4363 est,
2508 4301 2572 4352 ut
2602 4297 2984 4368 baptizandos
3015 4312 3364 4352 censeamus
3396 4313 3494 4352 eos
3525 4297 3627 4368 qui

1978 4389 2048 4441 ad
2080 4386 2369 4441 haereticis
2398 4388 2467 4441 ad
2502 4385 2819 4441 Ecclesiam
2852 4385 3129 4452 veniunt;
3190 4386 3425 4457 quando
3458 4385 3629 4441 multi

1971 4478 2097 4547 jam
2131 4476 2267 4531 anni
2304 4475 2423 4530 sint
2452 4480 2508 4530 et
2536 4474 2711 4546 longa
2735 4479 2900 4540 satas,
2931 4490 2996 4529 ex
3031 4490 3145 4545 quo
3176 4475 3286 4530 sub
3312 4474 3630 4548 Agrippino

1982 4566 2142 4619 bona:
2169 4564 2459 4619 memoriae
2489 4564 2613 4619 viro
2639 4564 3049 4618 convenientes
3070 4562 3127 4617 in
3161 4579 3346 4619 unum
3372 4565 3629 4636 episcopi

1984 4654 2220 4725 plurimi
2255 4652 2361 4707 hoc
2391 4652 2726 4720 statuerint,
2754 4657 2930 4725 atque
2962 4651 3167 4707 exinde
3202 4652 3258 4706 in
3278 4651 3628 4708 hodiernum

1982 4746 2066 4797 tot
2097 4740 2282 4795 millia
2312 4740 2715 4795 haereticorum
2749 4740 2807 4795 in
2843 4739 3157 4812 provinciis
3188 4740 3404 4797 nostris
3435 4742 3505 4797 ad
3530 4742 3631 4797 Ec-

1983 4830 2217 4885 clesiam
2250 4830 2507 4884 conversi
2570 4846 2685 4885 non
2740 4831 3034 4902 aspernati
3068 4829 3188 4885 sint
3244 4846 3430 4901 neque
3456 4847 3630 4885 cunc-

1982 4919 2108 4986 tati,
2139 4918 2254 4973 imo
2284 4921 2339 4973 et
2388 4918 2816 4974 rationabiliter
2844 4923 2899 4974 et
2928 4917 3181 4973 libenter
3209 4918 3457 4990 amplexi
3489 4918 3629 4985 sint,

1982 5012 2045 5063 ut
2076 5006 2288 5063 lavacri
2346 5006 2540 5063 vitalis
2594 5025 2659 5064 ac
2720 5006 2993 5063 salutaris
3053 5007 3333 5077 baptismi
3383 5006 3629 5077 gratiam

1983 5100 2550 5167 consequerentur.»
2606 5097 2783 5153 Vides
2814 5096 2909 5151 hic
2964 5096 3317 5169 Cyprianum
3358 5112 3475 5150 suae
3508 5097 3634 5167 opi-

1982 5186 2175 5242 nionis
2207 5184 2618 5256 antiquitatem
2652 5190 3065 5253 ostentantem,
3098 5185 3199 5257 qui
3230 5191 3426 5240 tamen
3457 5184 3632 5241 altius

1980 5290 2108 5330 eam
2138 5290 2252 5330 non
2286 5273 2513 5345 repetit,
2542 5290 2721 5345 quam
2770 5274 2842 5330 ab
2871 5274 3171 5346 Agrippini
3226 5274 3627 5346 temporibus:

1982 5362 2315 5420 siluissetne
2344 5361 2661 5434 Agrippino
2706 5362 3099 5435 antiquiorem
3132 5363 3209 5419 sit
3233 5363 3484 5435 aliquem
3518 5363 3630 5420 sibi

1980 5454 2270 5509 faventem
2302 5450 2681 5523 agnovisset?
2723 5452 2925 5509 Plures
2976 5456 3279 5508 enumerat
3327 5452 3629 5509 haereticos

1973 5542 2097 5614 jam
2149 5539 2249 5595 diu
2306 5540 2366 5595 in
2398 5540 2710 5612 provinciis
2766 5541 3059 5599 Africanis
3116 5541 3539 5614 rebaptizatos;
3572 5548 3633 5598 at

1980 5648 2094 5688 non
2126 5633 2281 5703 ante,
2313 5628 2411 5685 sed
2460 5633 2592 5709 post
2646 5631 3079 5710 Agrippinum:
3142 5654 3170 5681 ‹‹
3201 5634 3372 5709 atque
3402 5630 3631 5703 exinde,
