4088 6174
594 304 749 362 1379

1633 300 1736 358 DE
1781 287 2380 362 H/ERETICORUM
2424 296 2951 360 BAPTISMATE.

3387 96 3928 180 "r‘I-r

3745 311 3855 372 1380

579 435 790 506 inquit,
823 436 883 490 in
915 433 1264 491 hodiernum
1295 436 1380 488 tot
1405 431 1592 488 millia
1623 431 2049 503 haereticorum,
2081 435 2228 487 etc.»
2258 435 2310 502 Α
2339 431 2588 500 Christo,
2619 429 2703 486 vel
2736 431 2808 488 ab
2838 430 3118 503 apostolis
3163 431 3448 501 traditum,
3477 435 3562 490 sed
3601 440 3856 510 tanquama

574 524 896 598 Agrippino
927 539 1064 596 ergo
1096 522 1470 579 vetustiorem
1505 538 1618 577 non
1644 522 2001 594 agnoscebat
2027 523 2081 576 S.
2116 521 2223 577 Do-

576 618 702 670 ctor
734 612 1324 686 rebaptizatizationis
1358 617 1673 667 auctorem.

647 722 862 777 Audire
887 723 1057 792 juvat
1090 718 1509 792 Augustinum,
1542 717 1636 789 qui
1669 717 1884 774 iterum
1929 721 2100 788 atque
2130 718 2228 772 ite-

574 828 706 867 rum
729 811 984 866 afﬁrmat
1013 809 1366 880 Cyprianum
1397 807 1870 880 rebaptizationis
1899 807 2130 862 initium
2156 807 2226 862 ab

572 899 896 972 Agrippino
927 898 1202 953 duxisse:
1239 921 1264 946 ‹‹
1292 896 1422 952 Ideo
1450 901 1666 964 autem,
1703 920 1729 945 n
1762 897 1974 967 inquit,
2004 895 2106 950 lib.
2141 912 2226 962 ιιι,

571 989 798 1060 deBapt.
829 991 1009 1045 contr.
1049 992 1248 1043 Donat.
1287 1003 1415 1058 cap.
1453 986 1539 1052 t2,
1571 1009 1598 1035 ‹‹
1627 1002 1736 1041 non
1773 1001 1834 1040 se
1866 1003 1984 1040 rem
2020 1000 2225 1040 novam

574 1081 677 1133 aut
702 1076 1069 1149 repentinam
1101 1076 1287 1131 facere
1344 1076 1551 1130 beatus
1598 1073 1919 1146 Cyprianus
1949 1073 2222 1139 ostendit,

573 1167 713 1240 quia
739 1167 849 1222 sub
881 1165 1199 1238 Agrippino
1232 1163 1354 1219 ﬁeri
1379 1165 1502 1233 jam
1537 1168 1812 1235 coeperat.
1847 1162 2000 1218 Anni
2031 1167 2225 1233 sunt,»

567 1255 784 1328 inquit,
803 1253 1032 1320 «multi,
1056 1259 1111 1310 et
1134 1254 1308 1326 longa
1325 1257 1488 1323 aetas,
1511 1270 1579 1308 ex
1604 1269 1720 1324 quo
1752 1252 1861 1307 sub
1883 1251 2223 1324 Agrippino,

566 1344 732 1400 bonae
766 1342 1058 1399 memorias
1091 1342 1210 1396 viro
1257 1342 1670 1397 convenientes
1700 1340 1955 1413 episcopi
1988 1339 2228 1412 plurimi

565 1432 678 1488 hoc
700 1431 1304 1502 statuerunt,proinde
1331 1432 1401 1486 ab
1436 1430 1564 1500 ipso
1587 1430 1945 1502 Agrippiano
1968 1445 2058 1484 res
2081 1445 2227 1484 nova

570 1521 724 1578 facta
770 1525 882 1576 est.
916 1542 943 1570 ››
982 1521 1049 1574 Et
1077 1519 1178 1574 lib.
1213 1537 1276 1588 II,
1309 1535 1434 1591 cap.
1469 1520 1540 1574 7:
1581 1543 1600 1567 ι
1660 1523 1820 1573 Hanc
1849 1535 1984 1589 ergo
2013 1517 2224 1586 (Eccle-

572 1611 697 1682 siae)
720 1609 1161 1665 saluberrimam
1189 1608 1682 1664 consuetudinem
1708 1624 1811 1679 per
1842 1607 2224 1679 Agrippinum

570 1699 1056 1772 pradecessorem
1091 1714 1264 1752 suum
1297 1696 1454 1751 dicit
1491 1701 1728 1752 sanctus
1760 1696 2082 1767 Cyprianus
2106 1713 2224 1751 cm-

570 1789 727 1862 pisse
749 1787 982 1860 corrigi,
1010 1787 1108 1842 sed
1135 1787 1287 1841 sicut
1315 1785 1652 1856 diligentius
1685 1785 1968 1856 inquisita
2012 1785 2222 1840 veritas

565 1879 824 1934 creditur
855 1893 956 1948 per
1010 1876 1399 1948 Agrippinum
1457 1875 1748 1946 corrumpi
1802 1874 2068 1946 coepisse,
2105 1891 2220 1929 non

565 1966 846 2039 corrigi.»
880 1966 1052 2021 Teste
1083 1965 1262 2037 igitur
1291 1964 1616 2036 Augustino
1641 1968 1696 2018 S.
1733 1963 2055 2036 Cyprianus
2087 1963 2221 2019 inde

563 2057 772 2129 probat
821 2071 883 2112 se
916 2055 971 2109 in
1032 2054 1461 2126 rebaptizandis
1519 2052 1806 2108 haereticis
1858 2069 1978 2107 rem
2011 2067 2218 2108 novam

569 2163 683 2201 non
714 2145 918 2209 facere,
952 2145 1092 2216 quia
1112 2144 1237 2214 jam
1284 2144 1395 2197 sub
1426 2142 1744 2214 Agrippino
1796 2141 1850 2196 id
1887 2142 2010 2196 ﬁeri
2042 2164 2071 2191 «
2106 2158 2218 2196 cm-

568 2237 788 2307 perat;»
805 2231 1317 2304 rebaptizationem
1341 2246 1476 2302 ergo
1500 2232 1610 2286 sub
1637 2229 1958 2302 Agrippino
1977 2229 2220 2301 coepisse

576 2323 825 2394 putabat
873 2321 1118 2376 antistes
1175 2318 1670 2391 Carthaginensis.
1725 2319 2006 2374 Praeterea
2058 2319 2220 2375 vides

565 2411 962 2484 Augustinum
1024 2425 1090 2465 ex
1139 2408 1408 2481 Cypriani
1462 2408 1657 2463 verbis
1704 2407 1976 2479 colligere
2037 2426 2064 2458 α
2096 2424 2215 2462 rem

564 2517 772 2555 novam
862 2500 932 2553 ab
990 2498 1304 2569 Agrippino
1359 2499 1570 2553 factam
1630 2496 1897 2552 fuisse.»
1955 2497 2215 2550 Tandem

554 2589 729 2660 juxta
755 2586 1261 2659 expressissimam
1293 2585 1606 2657 Augustini
1635 2585 2074 2653 sententiam,S.
2111 2587 2214 2657 Cy-

562 2678 804 2749 prianus
836 2675 975 2731 dicit
1022 2674 1470 2731 saluberrimam
1511 2675 1992 2731 consuetudinem
2029 2674 2212 2730 haere-

563 2767 710 2822 ticos
771 2781 886 2821 non
937 2765 1334 2836 rebaptizandi
1395 2782 1500 2837 per
1557 2763 1943 2836 Agrippinum
2006 2763 2214 2819 I820

565 2855 1046 2927 prmdecessorem
1079 2870 1253 2910 suum
1284 2855 1502 2927 cwpisse
1548 2853 1757 2924 corrigi
1788 2871 1802 2920 ;
1857 2851 2214 2924 Agrippinus

566 2961 702 3016 ergo
725 2945 896 3016 juxta
923 2943 1277 3015 Cyprianum
1311 2942 1747 3015 rebaptizationi
1781 2941 2020 2998 dederat
2049 2957 2212 2996 exor-

565 3034 726 3088 dum.

635 3121 1194 3177 Audiamusiterum
1243 3119 1675 3192 Augustinum:
1744 3141 1770 3174 α
1797 3120 1981 3184 Quam
2014 3124 2208 3174 tamen

560 3211 774 3284 inquit,
807 3212 908 3267 lib.
937 3229 974 3267 ιι
1005 3212 1069 3268 de
1098 3214 1255 3284 Bapt.
1308 3180 1434 3282 ch.
1466 3214 1521 3276 8,
1555 3180 2034 3266 consuetudinem
2069 3211 2208 3281 (non
2241 3180 2282 3247 (ἶ

561 3301 980 3374 rebaptizandi)
1012 3300 1123 3356 nisi
1157 3300 1320 3373 prior
1375 3304 1508 3355 ante
1540 3299 1914 3372 Agrippinus,
1946 3303 2004 3354 et
2060 3316 2210 3354 non-

557 3389 702 3445 nulli
738 3407 841 3462 per
888 3391 1137 3446 Africam
1198 3388 1506 3461 coepiscopi
1553 3389 1680 3459 ejus
1728 3389 1903 3444 etiam
1954 3405 2056 3460 per
2080 3405 2213 3444 con-

559 3477 676 3533 cilii
709 3481 1032 3534 sententias
1080 3479 1342 3534 deserere
1373 3478 1776 3548 tentavissent,
1824 3493 1938 3532 non
1972 3478 2212 3532 auderet

485 3607 496 3618 .
561 3569 883 3639 Cyprianus
913 3567 1119 3623 saltem
1182 3565 1514 3622 ratiocinari
1569 3566 1848 3622 adversus
1895 3582 2045 3621 eam.
2077 3585 2104 3616 ιι
2143 3567 2212 3621 Et

555 3654 660 3710 lib.
689 3673 764 3723 ιν,
798 3673 920 3727 cap.
947 3657 1018 3710 9:
1060 3675 1081 3702 ι
1115 3656 1291 3710 Istam
1334 3655 1814 3710 consuetudinem
1847 3659 1964 3709 tam
2000 3656 2210 3710 robus-

555 3749 674 3799 tam
707 3749 762 3799 et
789 3749 963 3800 antea
995 3745 1146 3798 idem
1179 3744 1501 3817 Cyprianus
1535 3743 1773 3808 invenit,
1808 3748 1870 3797 ut
1899 3760 2030 3798 cum
2081 3744 2209 3813 ejus

554 3834 850 3888 mutandae
881 3833 1311 3899 auctoritatem,
1359 3849 1536 3904 quam
1569 3836 1910 3903 sequeretur
1940 3833 2025 3886 vir
2046 3837 2213 3887 tanta

565 3922 810 3978 scientia
839 3923 1117 3995 praeditus
1149 3927 1454 3994 quaereret,
1489 3939 1600 3976 non
1636 3921 1748 3976 nisi
1781 3922 1838 3976 in
1872 3922 2065 3977 Africa
2086 3921 2214 3976 sola

556 4012 773 4066 factum
809 4012 1012 4083 paucis
1043 4016 1175 4067 ante
1232 4028 1294 4066 se
1321 4011 1491 4066 annis
1540 4009 1842 4082 Agrippini
1894 4009 2208 4065 concilium

557 4099 920 4171 reperiret.»
979 4099 1155 4155 Vides
1187 4116 1255 4155 ex
1300 4099 1626 4171 Augustino
1681 4098 2032 4170 Cyprianum
2085 4097 2211 4155 sola

556 4187 886 4260 Agrippini,
923 4192 979 4244 et
1009 4187 1425 4243 nonnullorum
1478 4187 1885 4260 episcoporum
1917 4203 2050 4242 cum
2083 4187 2209 4259 ipso

558 4276 937 4332 sentientium
971 4276 1316 4332 auctoritate
1349 4282 1572 4330 motum
1628 4274 1809 4330 fuisse
1839 4277 1908 4329 ad
1945 4275 2209 4332 Ecclesia

559 4365 1046 4420 consuetudinem
1103 4365 1470 4436 mutandam,
1504 4363 1691 4419 solam
1741 4362 2044 4436 Agrippini
2073 4381 2208 4421 con-

559 4452 677 4507 cilii
704 4452 763 4508 in
786 4452 922 4508 totis
952 4452 1257 4509 retroactis
1278 4452 1642 4524 temporibus
1669 4452 2074 4508 auctoritatem
2098 4452 2211 4510 sibi

2337 520 2865 594 praedecessoribus
2921 519 3045 576 suis
3081 542 3108 570 ››
3143 521 3233 589 (ab
3288 523 3599 593 Agrippiano
3631 527 3799 583 scilicet
3819 539 3858 585 et

2337 609 2621 682 episcopis
2653 610 2840 681 ipsius
2853 609 3094 666 concilio
3112 609 3596 684 subscribentibus)
3615 614 3855 680 inventum;

2336 697 2398 754 in
2428 697 2608 769 hujus
2637 697 2960 770 Agrippini,
2996 713 3107 753 non
3140 714 3272 753 vero
3305 698 3517 770 Christi,
3543 701 3617 756 vel
3638 708 3853 774 apostolo-

2337 803 2471 842 rum
2500 786 2844 842 auctoritate
2870 785 3048 842 veluti
3083 810 3101 834 -
3139 787 3326 842 fessus
3355 787 3625 859 acquievit.
3655 813 3678 839 ι)

2410 895 2479 950 Et
2505 909 2637 950 vero
2669 909 2926 964 quonam
2961 897 3130 965 pacto
3161 893 3470 966 Cyprianus
3493 895 3860 967 rebaptizatiouis

2339 982 2626 1054 originem
2658 981 2835 1037 altius
2882 981 2954 1038 ab
3010 981 3320 1054 Agrippino
3369 986 3598 1053 repetere
3625 988 3860 1057 potuisset;

2338 1071 2659 1144 Cyprianus
2691 1073 2953 1144 inquam,
2986 1071 3107 1144 qui,
3140 1076 3206 1127 ut
3233 1071 3375 1127 infra
3419 1072 3861 1146 demonstrabimus,

2336 1160 2486 1216 bene
2518 1165 2753 1217 noverat
2781 1160 3085 1233 antiquam
3144 1161 3418 1217 universae
3443 1159 3673 1218 Ecclesia:
3688 1180 3859 1221 consue-

2336 1250 2606 1306 tudinem
2637 1249 2748 1306 sibi
2781 1250 3072 1306 adversari
3093 1249 3121 1305 ‘I

2408 1358 2478 1414 Il.
2515 1359 2639 1415 Non
2689 1363 3094 1432 propugnatur
3120 1364 3184 1414 ut
3232 1359 3362 1415 ﬁdei
3391 1362 3600 1434 dogma,
3633 1362 3755 1432 quod
3778 1367 3862 1418 lan-

2336 1451 2464 1503 tum
2498 1447 2824 1503 vindicatur
2852 1454 2913 1502 ut
2945 1471 2970 1496 ‹‹
2994 1448 3128 1504 ﬁdei
3149 1465 3464 1520 congruum
3492 1456 3545 1506 et
3572 1451 3725 1520 magis
3750 1452 3864 1522 perti-

2335 1553 2482 1591 nens
2539 1537 2611 1592 ad
2659 1536 3077 1592 sacerdotalem
3137 1538 3531 1594 auctoritatem
3581 1543 3629 1593 et
3675 1538 3861 1594 Ecclesia

2335 1624 2628 1681 catholicm
2657 1625 2970 1680 unitatem:
3002 1629 3183 1696 aquod
3209 1627 3361 1682 enim
3384 1627 3638 1682 asseritur
3655 1627 3758 1682 ﬁdei
3773 1645 3858 1682 con-

2333 1729 2572 1784 gruum,
2603 1716 2958 1786 supponitur
2987 1715 3057 1770 de
3091 1715 3205 1769 ﬁde
3239 1732 3352 1771 non
3381 1731 3500 1772 esse
3526 1733 3540 1783 ;
3563 1715 3693 1786 quod
3719 1715 3860 1770 dicitur

2255 1805 2403 1877 Bad
2437 1805 2612 1860 ﬁdem
2671 1805 2858 1876 magis
2918 1805 3208 1872 accedere,
3264 1806 3447 1877 magis
3501 1807 3756 1876 pertinere,
3778 1806 3860 1860 ﬁdei

2331 1893 2543 1948 veritas
2569 1911 2682 1949 non
2716 1894 3007 1960 creditur;
3070 1895 3157 1950 sic
3213 1911 3264 1949 e.
3297 1911 3350 1967 g.
3384 1897 3478 1966 qui
3519 1895 3798 1950 sententiam
3819 1895 3859 1948 de

2328 1981 2501 2038 Verbi
2525 1981 2825 2038 divinitate
2855 1983 2988 2038 ﬁdei
3016 1990 3456 2055 congruentem,
3480 1985 3546 2039 ad
3569 1985 3713 2038 ﬁdem
3740 1984 3861 2052 magis

2330 2072 2700 2128 accedentem
2757 2076 3062 2138 assereret,
3097 2072 3362 2128 omnium
3413 2072 3616 2143 judicio
3663 2072 3719 2126 de
3753 2070 3858 2124 Verbi

2329 2159 2628 2216 divinitate
2662 2160 2859 2215 minus
2907 2159 3190 2217 catholice
3241 2162 3496 2216 sentiret.
3527 2162 3630 2218 Cur
3664 2159 3861 2214 tandem?

2329 2248 2474 2316 Quia
2507 2249 2660 2304 verbi
2719 2248 3080 2304 divinitatem
3114 2250 3186 2304 ad
3259 2249 3391 2304 fidei
3449 2260 3636 2304 noslra:
3675 2250 3861 2321 dogmati

2328 2355 2592 2394 revocare
2659 2339 2901 2394 minime
2949 2343 3324 2405 censeretur;
3383 2338 3727 2395 ecclesiastica
3780 2354 3860 2392 vero

2328 2445 2497 2482 meras
2531 2427 2852 2498 disciplinae
2881 2432 3104 2483 statuta
3135 2428 3346 2484 merito
3375 2433 3632 2484 vocantur
3655 2427 3757 2481 ﬁdei
3780 2443 3860 2480 con-

2326 2517 2615 2588 gruentia,
2640 2517 3064 2574 sacerdotalem
3094 2519 3338 2574 ﬁrmant
3367 2517 3858 2585 auctoritatem,stque

2326 2605 2592 2661 Ecclesia:
2650 2607 2950 2663 catholica:
2998 2608 3276 2664 roborant
3332 2607 3615 2662 unitatem.
3655 2609 3786 2660 Porro
3823 2607 3854 2654 S.

2324 2696 2646 2766 Cyprianus
2677 2713 2845 2751 suam
2871 2697 2940 2752 de
2966 2696 3254 2752 haereticis
3291 2695 3684 2768 rebaptizandis
3709 2691 3857 2764 Opinio-

2323 2800 2457 2838 nem
2484 2806 2511 2834 ‹‹
2543 2784 2673 2840 ﬁdei
2710 2808 2729 2833 ι
2768 2785 3007 2857 quidem
3061 2808 3086 2835 «
3121 2790 3534 2858 congruentem
3568 2809 3591 2832 ››
3618 2780 3854 2854 appellavit,

2323 2889 2438 2928 non
2469 2889 2601 2928 vero
2627 2873 2757 2928 ﬁdei
2781 2874 3103 2929 veritatem.
3137 2897 3164 2923 ‹‹
3191 2874 3374 2946 Magis
3407 2874 3738 2946 pertinentem
3760 2882 3857 2924 asse-

2322 2961 2440 3017 ruit
2499 2961 2571 3017 ad
2631 2961 3046 3018 sacerdotalem
3120 2964 3524 3020 auctoritatem
3579 2966 3626 3016 et
3673 2956 3853 3014 Ecclesia

2322 3050 2617 3106 catholicae
2693 3050 2999 3121 unitatem;
3032 3074 3060 3101 »
3119 3068 3238 3108 non
3332 3068 3462 3109 vero
3534 3045 3852 3106 necessariam:

2323 3140 2524 3196 1827
2565 3161 2585 3188 α
2623 3156 2894 3211 quorum,
2928 3164 2956 3190 ››
2991 3140 3185 3211 inquit
3217 3140 3277 3196 in
3306 3142 3473 3213 Epist.
3505 3139 3569 3196 ad
3595 3139 3794 3207 Quintum
3811 3133 3850 3184 71

2319 3227 2400 3300 (id
2427 3232 2517 3283 est
2546 3227 2850 3299 Agrippini
2881 3232 2936 3282 et
2978 3227 3362 3300 aliorum,qui
3396 3245 3523 3284 cum
3551 3228 3660 3299 ipso
3685 3217 3854 3288 rebapti-

2317 3316 2599 3372 zationem
2630 3317 3001 3387 statuerunt),
3035 3340 3062 3366 ‹‹
3097 3319 3448 3373 sententiam
3479 3323 3532 3372 et
3557 3312 3857 3386 religiosamet

2319 3403 2642 3476 legitimam
2674 3413 2728 3460 et
2757 3404 3098 3475 salutarem,
3129 3405 3271 3461 ﬁdei
3297 3411 3355 3463 et
3384 3404 3626 3461 Ecclesiae
3651 3397 3854 3456 catholica

2319 3498 2734 3564 congruentem
2767 3510 2873 3549 nos
2904 3494 3078 3548 etiam
3111 3495 3301 3551 secuti
3332 3511 3583 3551 sumus.»
3605 3491 3721 3547 Etin
3745 3487 3854 3556 Epitt

2317 3583 2387 3638 ad
2417 3582 2751 3652 Stephanum
2805 3583 2913 3638 72:
2976 3605 3003 3633 ‹‹
3039 3583 3119 3638 De
3177 3601 3268 3654 eo,
3317 3585 3521 3655 inquit,
3574 3580 3648 3636 vel
3687 3576 3855 3632 maxime

2317 3671 2424 3727 tibi
2451 3671 2846 3737 scribendum,
2881 3676 2937 3727 et
2964 3688 3099 3726 cum
3159 3678 3265 3728 tua
3296 3673 3568 3745 gravitate
3591 3687 3645 3725 ac
3663 3661 3858 3738 sapientia

2321 3761 2737 3816 conferendum
2797 3760 2926 3826 fuit,
2969 3762 3124 3832 quod
3189 3763 3383 3834 magis
3450 3760 3714 3832 pertineat,
3738 3760 3779 3808 et
3813 3749 3854 3803 ad

2318 3847 2738 3904 sacerdotalem
2785 3849 3214 3917 auctoritatem,
3249 3856 3309 3906 et
3353 3852 3424 3906 ad
3472 3845 3703 3904 Ecclesia
3727 3840 3856 3896 catho-

2316 3936 2440 3992 licae
2488 3938 2794 4001 unitatem,
2855 3937 3090 4009 pariter,
3124 3955 3191 3994 ac
3243 3939 3577 4011 dignitatem
3622 3935 3681 3988 de
3722 3928 3854 3984 divin!

2319 4026 2720 4097 dispositionis
2779 4026 3144 4082 ordinatione
3202 4029 3546 4096 venientem,
3575 4039 3659 4080 eos
3691 4020 3766 4093 qui
3786 4015 3858 4071 sint

3967 3997 3969 4059 ἰ

2319 4114 2460 4171 foris
2489 4119 2650 4170 extra
2677 4112 2994 4170 Ecclesium
3026 4115 3219 4183 tincti,
3252 4121 3312 4173 et
3343 4117 3491 4189 apud
3545 4109 3796 4170 haereticos,
3823 4104 3859 4155 el
3966 4143 3967 4189 ι

2319 4204 2726 4260 schismatioos
2758 4203 3009 4276 profanae
3033 4221 3198 4277 aqua:
3233 4206 3364 4262 labe
3413 4200 3677 4267 maculati,
3703 4189 3857 4270 quando

2319 4295 2389 4350 ad
2422 4311 2529 4350 nos
2557 4298 2732 4366 atque
2763 4294 2833 4349 ad
2869 4294 3214 4364 Ecclesiam,
3248 4314 3379 4369 qua:
3412 4313 3523 4352 una
3558 4298 3655 4357 est,
3680 4282 3856 4369 venerint

2321 4382 2598 4454 baptizari
2630 4386 2912 4456 oportere.
2977 4407 3006 4434 «
3037 4383 3222 4440 Aliter
3269 4367 3600 4458 loquentem
3627 4376 3804 4437 audires
3821 4367 3854 4422 S-

2321 4476 2620 4529 Doctorem
2652 4473 2711 4528 in
2743 4474 2815 4529 iis
2845 4489 2973 4545 quas
3030 4478 3313 4546 tanquam
3379 4474 3504 4530 ﬁdei
3535 4471 3760 4542 dogmata
3785 4459 3856 4513 vin-

563 4543 852 4596 faventem
879 4630 888 4636 .
911 4542 1240 4636 ΓθΡθῨίίεεθν
1267 4547 1324 4596 οι
1369 4545 1794 4636 οοηεφίιυθηιθτ
1819 4558 1890 4596 εει
1916 4542 2210 4614 διαδίίὶυίο·
2240 4549 2287 4614 D
2318 4561 2571 4617 dicabat.
2605 4563 2726 4617 Non
2754 4542 2885 4617 ﬁdei
2917 4542 3364 4636 congruentem,
3397 4564 3493 4620 sed
3521 4584 3549 4614 α
3579 4559 3675 4615 ﬁds
3696 4549 3852 4636 crede?

571 4645 693 4683 rem
728 4646 842 4685 non
877 4630 1167 4686 invenisse
1198 4647 1301 4685 nec
1331 4629 1658 4702 agnovisse.

631 4735 858 4791 Rursus
915 4736 1297 4806 Augustinus,
1350 4734 1450 4790 lib.
1503 4751 1544 4789 ιι
1601 4735 1668 4789 de
1729 4739 1905 4805 Bapt.,
1965 4751 2092 4806 cap.
2133 4735 2206 4790 8:

559 4847 587 4875 ‹‹
623 4823 732 4880 Sed
811 4839 968 4891 cum,
1002 4846 1030 4874 »
1081 4823 1294 4896 inquit,
1371 4847 1400 4874 «
1441 4823 1749 4895 fatigatum
1811 4823 2210 4896 (Cyprianum)

556 4911 939 4985 praecedentis
969 4912 1219 4981 concilii,
1255 4912 1408 4984 quod
1443 4928 1543 4984 per
1571 4911 1957 4984 Agrippinum
1991 4914 2211 4968 factum

555 5007 663 5069 est,
697 5001 1020 5074 excepisset
1070 5001 1410 5066 auctoritas,
1471 5000 1677 5056 maluit
1709 5001 2204 5073 praedecessorum

553 5107 798 5147 suorum
831 5097 1113 5162 tanquam
1140 5092 1439 5146 inventum
1465 5089 1794 5156 defendere,
1823 5107 1998 5161 quam
2021 5091 2211 5163 inqui-

551 5179 732 5234 rendo
764 5178 1020 5251 amplius
1081 5180 1384 5244 laborare;
1419 5194 1554 5232 nam
1615 5178 1673 5231 in
1707 5179 1820 5233 ﬁne
1849 5179 2109 5249 epistolae
2140 5183 2210 5237 ad

557 5269 822 5337 Quintum
842 5269 955 5323 ista
985 5268 1244 5323 ostendit
1266 5265 1322 5321 in
1345 5283 1458 5338 quo
1480 5271 1761 5337 tanquam
1785 5266 1994 5322 lectulo
2015 5274 2212 5327 aucto-

555 5357 745 5414 ritatis
779 5357 947 5429 quasi
973 5357 1164 5412 fessus
1187 5355 1722 5428 acquieverit,quod
1749 5357 1984 5428 quidem
2017 5358 2211 5431 inquit

552 5449 610 5500 et
637 5445 1016 5518 Agrippinus,
1051 5445 1214 5500 bonae
1274 5444 1566 5500 memoriae
1623 5444 1729 5512 vir,
1763 5444 1987 5516 statuit,
2033 5451 2143 5503 etc.
2179 5469 2208 5498 ››

551 5534 896 5606 Cyprianus,
928 5538 994 5588 ut
1050 5549 1119 5589 ex
1173 5533 1498 5606 Augustino
1555 5533 1827 5605 percipis,
1857 5533 2040 5589 voluit
2082 5536 2206 5608 opi-

549 5621 786 5680 nionem
819 5636 991 5679 suam
1045 5619 1375 5694 defendere,
1409 5639 1524 5679 non
1583 5626 1868 5696 tanquam
1914 5621 2138 5699 aliquid
2171 5643 2205 5684 a

2320 4651 2518 4705 dam»
2577 4650 2806 4705 dicebat
2862 4633 3215 4708 sententiam
3278 4633 3358 4710 de
3422 4652 3626 4707 unitate
3674 4633 3851 4700 Ecclesit

2319 4739 2633 4795 servanda:
2658 4738 2816 4794 Hanc
2842 4738 3108 4796 Ecclesiae
3129 4742 3475 4810 unitatem,»
3497 4734 3667 4808 inquit
3693 4732 3736 4786 in
3751 4725 3852 4782 tract.

2319 4827 2382 4884 de
2416 4827 2568 4882 Eccl.
2628 4830 2860 4895 unitate,
2893 4851 2922 4878 ‹‹
2959 4829 3057 4900 qui
3090 4846 3204 4885 non
3238 4834 3416 4898 tenet,
3445 4835 3624 4884 tenere
3671 4837 3720 4876 se
3750 4815 3854 4870 ﬁdem

2320 4916 2599 4973 credit‘I...
2632 4917 2780 4972 hanc
2813 4899 3099 4972 unitatem
3159 4919 3261 4990 qui
3295 4935 3407 4974 non
3454 4918 3621 4978 tenet,
3645 4924 3736 4965 non
3762 4899 3854 4990 tenet

2319 5007 2510 5062 Patris
2541 5009 2598 5060 et
2632 5004 2754 5060 Filii
2782 5005 2974 5062 ﬁdem.
3007 5025 3033 5058 ι
3070 4983 3195 5062 Νοὰ
3229 5009 3360 5064 ﬁdei
3398 5004 3776 5078 congruentem,
3797 4983 3852 5043 θεέ

2321 5096 2432 5150 ﬁde
2446 5095 2756 5150 tenendam
2782 5094 3011 5150 dicebat
3031 5098 3380 5152 sententiam
3396 5113 3508 5167 qua
3523 5080 3854 5169 infantesetiain

2318 5182 2597 5254 baptizari
2674 5197 2845 5254 posse
2927 5184 3281 5241 decebatur:
3376 5186 3584 5249 «Esse,
3649 5171 3792 5246 inquit
3827 5176 3855 5212 In

2319 5274 2490 5344 Epist.
2524 5271 2600 5327 ad
2650 5270 2867 5340 Fidum,
2897 5273 2990 5337 64,
3025 5295 3052 5322 ‹‹
3085 5275 3237 5345 apud
3271 5291 3492 5336 omnes,
3524 5272 3630 5326 sive
3671 5261 3855 5352 inﬁniti:

2319 5363 2441 5418 sive
2473 5362 2726 5433 majores
2760 5365 2895 5416 natu
2924 5377 3124 5428 unam,
3157 5363 3342 5417 divini
3369 5347 3852 5426 muneris(baptismij

2320 5450 2707 5522 aequalitatem
2733 5449 2990 5542 declarat
3011 5450 3180 5506 nobis
3205 5451 3410 5508 divinae
3433 5449 3710 5542 Scriptura)

2319 5541 2533 5596 Verum
2589 5543 2833 5610 urgetne
2890 5537 3088 5612 aliqua
3143 5556 3315 5596 mera:
3369 5535 3668 5610 disciplinae
3703 5526 3853 5612 οιρξιξῖ

2318 5629 2446 5687 Haec
2476 5628 2610 5684 ﬁdei
2663 5604 3050 5702 congruentia
3107 5629 3398 5711 appellare
3451 5604 3618 5693 solet;
3653 5630 3736 5675 nec
3775 5604 3854 5662 ﬁdei

3965 4171 3967 4257 ι
