4088 6174
200 302 334 363 1381

1128 297 1224 356 PA
1241 296 1334 357 BS
1380 296 1458 355 ll.
1491 328 1566 338 -—-
1597 290 2157 353 RECENTlORUM
2205 289 2640 352 EXCURSUS.

3437 298 3591 358 1382

201 434 575 505 congruentes
608 427 1095 502 appellatlitteras
1117 426 1605 495 confessorum,in
1621 424 1833 495 quibus
1863 424 1917 490 Α
1948 438 2193 477 munera
2222 436 2288 475 ac
2310 421 2464 476 dona
2493 419 2755 477 Ecclesiae
2772 421 3321 495 Matrisimplorant.
3345 446 3370 477 η
3408 429 3593 492 Quare

199 523 488 595 lapsorum
539 518 950 592 panitentium
1002 516 1239 571 nomina
1299 515 1623 571 secundum
1654 512 1836 568 eccle-

1946 527 2082 584 ergo
2114 511 2434 583 Cyprianus
2483 510 2543 564 in
2575 526 2752 566 causa
2780 511 3154 583 baptismatis
3186 514 3595 571 haereticorum

202 611 488 668 siasticam
571 606 1053 663 consuetudinem
1116 604 1577 676 designabantur
1618 618 1632 658 :
1684 624 1713 652 «
1772 603 1840 654 Et
1947 599 2367 656 consuetudine
2397 598 2893 671 prascribendum
2928 616 3043 657 non
3078 618 3205 659 esse
3252 604 3598 660 contendit?

205 701 343 767 ideo,
381 721 407 747 »ι
441 697 636 768 inquit
668 696 728 751 in
767 695 941 768 epist.
993 695 1077 761 l5,
1115 694 1187 749 ad
1226 693 1486 766 Martyres
1533 696 1587 747 el
1622 691 1842 761 Confes-

1951 688 2117 755 Quia,
2150 687 2341 759 inquit
2371 711 2398 737 ‹‹
2436 704 2607 743 nemo
2666 688 3045 760 pertinaciter
3101 693 3374 764 congredi
3429 694 3599 750 debet

203 805 355 855 sorex,
391 810 418 837 ‹‹
454 791 585 859 peto
620 790 685 841 ut
715 800 812 841 eos
845 783 1087 856 (lapsos)
1112 799 1260 855 quos
1290 782 1400 855 ipsi
1435 780 1661 849 videtis,
1695 795 1843 852 quos
1951 795 2054 850 pro
2085 793 2152 834 eo
2176 777 2330 849 quod
2358 776 2538 833 semel
2588 776 2927 846 imbibebat,
2960 782 3194 852 quando
3227 782 3447 855 aliquid
3484 801 3602 840 me-

206 877 406 945 nostis,
469 890 718 947 quorum
772 873 1171 946 paenitentiam
1223 870 1603 927 satisfactioni
1654 868 1845 941 proxi-

1954 866 2069 923 lius
2100 871 2159 922 et
2192 866 2392 921 utilius
2446 866 2704 921 oﬁ‘ertur.
2746 889 2774 917 »
2824 868 2996 923 Suam
3056 886 3187 925 vero
3244 872 3314 926 de
3346 872 3599 945 rebapti-

206 983 354 1024 mam
375 962 737 1037 conspicitis,
789 960 1106 1035 designetis
1164 960 1511 1017 nominatim
1542 957 1758 1025 libello,
1792 960 1851 1014 et
1955 956 2158 1013 zandis
2177 954 2462 1011 hareticis
2476 954 2807 1027 opinionem
2824 960 2880 1012 et
2896 956 3140 1030 praxim,
3162 963 3440 1032 tanquam
3460 963 3600 1033 quid

208 1058 285 1113 sic
314 1056 383 1111 ad
451 1070 557 1109 nos
600 1051 733 1107 ﬁdei
786 1053 1170 1124 congruentes
1218 1049 1442 1105 litteras
1486 1047 1774 1122 dirigatis.
1816 1066 1845 1097 ››

208 1146 295 1202 Sic
337 1143 473 1198 ﬁdei
533 1146 951 1214 congruentem
992 1144 1161 1195 vocat
1235 1156 1404 1195 suam
1467 1154 1605 1210 erga
1657 1136 1850 1208 lapsos

210 1232 407 1308 agendi
458 1232 769 1295 rationem,
818 1227 1039 1285 scilicet
1094 1228 1249 1300 quod
1301 1228 1481 1301 lapsis
1521 1242 1719 1300 pacem
1754 1226 1854 1280 de-

210 1322 352 1378 derit
408 1319 760 1375 imminente
810 1317 1212 1390 persecutione
1254 1335 1267 1373 :
1315 1339 1343 1367 «
1380 1316 1516 1381 Nos,
1572 1338 1599 1365 ››

208 1412 267 1467 in
296 1411 461 1483 epist.
495 1410 590 1476 57,
621 1408 695 1463 ad
755 1406 1073 1462 Cornelium
1126 1406 1184 1462 S.
1243 1406 1590 1475 Pontiﬁcem,
1624 1428 1652 1457 «
1704 1408 1857 1479 quod

213 1501 339 1556 ﬁdei
360 1504 416 1555 et
436 1497 708 1554 cbaritati
759 1501 818 1551 et
874 1495 1261 1551 sollicitudini
1320 1496 1699 1569 congruebat,
1733 1512 1861 1568 qua

213 1594 372 1646 erant
402 1590 459 1643 in
495 1585 850 1643 conscientia
874 1590 1072 1641 nostra
1087 1585 1460 1658 protulimus.
1499 1607 1527 1634 »
1549 1590 1626 1640 Ex
1648 1586 1863 1657 quibus

215 1679 580 1753 apertissime
605 1680 835 1731 constat
865 1692 980 1730 non
1043 1675 1216 1730 modo
1271 1674 1330 1729 in
1382 1692 1558 1731 sensu
1594 1674 1760 1731 obvio
1810 1678 1868 1729 et

1959 1045 2171 1102 melius
2202 1049 2260 1100 et
2306 1043 2510 1100 utilius
2560 1060 2688 1100 esse
2742 1045 3131 1118 recipiendam
3197 1050 3401 1120 probat
3439 1066 3508 1107 ex
3539 1068 3604 1109 eo

1962 1134 2115 1208 quod
2149 1133 2400 1190 haeretici
2458 1132 2850 1207 intelligentes
2900 1135 3195 1208 baptisma
3225 1138 3402 1212 foris(
3429 1140 3486 1195 id
3519 1144 3610 1197 est

1961 1229 2123 1280 extra
2154 1220 2491 1294 Ecclesiam)
2530 1221 2759 1280 nullum
2804 1240 2953 1292 esse,
3012 1228 3345 1299 Promptius
3396 1245 3461 1284 ac
3491 1229 3609 1285 avi-

1658 1314 1859 1389 inquit
1966 1313 2099 1368 dius
2130 1312 2201 1368 ad
2228 1311 2495 1368 Ecclesia
2524 1312 2807 1368 unitatem
2834 1314 3126 1371 redibunt.
3149 1317 3232 1372 An
3265 1332 3402 1389 ergo
3432 1318 3610 1373 ﬁdem

1968 1402 2339 1474 aliquatenus
2370 1404 2631 1474 spectare
2685 1403 2958 1459 censebat
3005 1406 3252 1462 antistes
3311 1408 3618 1480 Carthagi-

1970 1490 2171 1547 nensis
2229 1491 2382 1563 quod
2444 1491 2575 1547 aliis
2630 1493 2927 1564 oﬁ‘erebat,
2991 1498 3055 1549 ut
3111 1496 3252 1567 quid
3303 1496 3514 1552 melius
3564 1499 3620 1553 et

1974 1578 2404 1645 utilius?Quod
2439 1581 2510 1635 ab
2534 1580 2665 1636 aliis
2700 1583 2941 1654 antiqua
2980 1586 3401 1641 consuetudine
3458 1590 3620 1657 post-

1976 1669 2166 1741 posita
2189 1667 2627 1739 suscipiendum
2651 1686 2780 1725 esse
2800 1672 3209 1739 contendebat,
3258 1677 3321 1728 ut
3369 1673 3623 1730 baretici

218 1767 484 1833 naturali,
508 1766 609 1821 sed
636 1766 812 1821 etiam
846 1764 904 1819 in
951 1764 1150 1837 phrasi
1182 1764 1523 1837 Cyprianica
1554 1765 1625 1820 ad
1676 1764 1867 1836 capita
1894 1800 1942 1864 Β
1977 1757 2307 1864 promptius
2325 1773 2389 1856 ac
2403 1757 2629 1864 avidius
2645 1758 2713 1813 ad
2733 1759 3015 1858 unitatem
3039 1760 3304 1818 Ecclesia
3324 1762 3624 1819 redirent?

216 1856 552 1929 disciplina,
586 1872 698 1910 non
734 1859 925 1910 autem
962 1855 1031 1908 ad
1067 1854 1197 1909 ﬁdei
1260 1855 1535 1926 dogmata
1584 1854 1861 1924 revocari,

218 1964 339 2019 qua
364 1949 592 2000 tantum
615 1943 892 1997 dicuntur
928 1942 1059 1998 fidei
1082 1943 1483 2015 congruentia,
1529 1947 1586 1999 et
1615 1943 1683 1999 ad
1733 1956 1863 1998 eam

218 2034 403 2107 magis
433 2031 799 2106 pertinentia.

292 2158 385 2214 ΙΙΙ.
414 2157 574 2222 Quod
605 2153 771 2211 Deus‘
808 2154 979 2211 alicui
1030 2154 1294 2211 ﬁdelium
1351 2156 1587 2229 revelat,
1622 2156 1869 2229 inspirat

220 2254 502 2320 tanquam
535 2245 675 2318 quid
708 2244 1096 2316 melius,quid
1124 2244 1345 2314 utilius,
1370 2250 1653 2317 tanquam
1684 2247 1872 2301 efﬁca-

225 2339 349 2395 cius
371 2337 441 2392 ad
473 2334 776 2392 hareticos
794 2334 1128 2390 excitandos
1161 2343 1223 2389 ut
1260 2336 1331 2390 ad
1392 2335 1656 2391 Ecclesia
1688 2337 1874 2391 unita-

226 2435 341 2483 tem
390 2425 651 2490 redeant,
713 2424 821 2479 hoc
879 2440 1100 2479 meram
1158 2428 1328 2479 sonat
1383 2425 1766 2481 oeconomiam
1809 2441 1875 2480 ac

227 2514 622 2587 disciplinam,
657 2513 994 2569 nullatenus
1021 2530 1155 2570 vero
1214 2513 1347 2569 ﬁdei
1408 2514 1641 2585 dogma.
1700 2514 1875 2570 Porro

228 2608 288 2662 S.
320 2603 642 2677 Cyprianus
677 2619 845 2658 suam
876 2603 947 2658 de
992 2602 1280 2659 hareticis
1307 2603 1733 2675 rebaptizandis
1755 2602 1878 2675 opi-

229 2695 461 2750 nionem
495 2691 793 2764 etpraxim
839 2691 1087 2763 antiqua
1148 2692 1414 2747 Ecclesia
1469 2690 1880 2748 consuetudini

236 2782 693 2855 praeponendam
726 2780 1028 2835 contendit
1058 2784 1340 2852 tanquam
1401 2779 1622 2851 aliquid
1677 2798 1711 2835 a
1765 2780 1883 2836 Deo

233 2870 586 2943 quibusdam
642 2868 993 2941 inspiratam
1047 2874 1109 2923 ut
1178 2869 1388 2924 melius
1444 2875 1500 2924 et
1544 2869 1768 2937 utilius,
1821 2872 1885 2924 ut

236 2959 427 3031 magis
486 2957 745 3014 alliciens
801 2957 1103 3013 haereticos
1153 2959 1223 3013 ad
1274 2956 1542 3013 Ecclesia
1594 2958 1882 3013 unitatem

235 3046 747 3119 amplectendam;
802 3063 871 3101 en
920 3047 1095 3102 verba
1142 3046 1414 3119 Cypriani
1463 3047 1521 3101 in
1579 3044 1758 3119 Epist.
1813 3048 1881 3101 71

1974 1846 2133 1901 Itane
2166 1845 2356 1918 urgeri
2392 1845 2631 1902 solenta
2661 1846 2881 1904 sanctis
2916 1848 3185 1906 Patribus
3223 1851 3356 1906 ﬁdei
3388 1852 3625 1924 capita?

1973 1933 2425 2006 Suscipiendane
2447 1936 2726 1991 dicuntur
2757 1941 2821 1993 ut
2851 1937 2989 2010 quid
3026 1939 3237 1997 melius
3281 1944 3337 1997 et
3368 1941 3571 1997 utilius
3603 1942 3626 1997 Β

1974 2028 2039 2077 In
2064 2023 2237 2080 rebus
2261 2023 2393 2079 ﬁdei
2417 2023 2653 2081 nullane
2684 2025 2841 2082 illius
2874 2029 3029 2099 quod
3083 2027 3141 2083 in
3195 2029 3453 2086 Ecclesia
3480 2030 3629 2087 anti-

1979 2114 2181 2185 quitus
2212 2114 2554 2169 servabatur
2582 2114 2850 2171 habenda
2882 2117 3025 2172 ratio
3047 2118 3074 2171 ?
3095 2119 3277 2182 Quam
3301 2120 3422 2176 hac
3436 2121 3628 2177 aliena

1978 2203 2040 2257 in
2073 2202 2246 2257 rebus
2278 2201 2434 2271 ﬁdei,
2467 2206 2587 2258 tam
2631 2204 2687 2258 in
2732 2205 2908 2259 rebus
2958 2206 3277 2279 disciplina
3324 2208 3629 2267 ecclesias-

1978 2291 2104 2347 tica
2136 2306 2266 2346 esse
2322 2296 2621 2356 consueta,
2668 2292 2954 2365 apposita,
3007 2311 3072 2350 ac
3115 2299 3518 2369 congruentia,
3568 2304 3633 2355 ut

1980 2386 2210 2437 tantum
2244 2381 2407 2435 decet
2446 2385 2762 2451 auctorem,
2813 2382 2976 2438 nullo
3017 2382 3215 2441 labore
3245 2386 3634 2460 concipimus.

2058 2511 2148 2567 IV.
2182 2512 2266 2565 Ad
2300 2509 2621 2581 disciplina
2653 2512 2865 2582 capita,
2899 2530 3015 2569 non
3050 2515 3121 2569 ad
3182 2516 3315 2570 ﬁdei
3358 2516 3635 2589 dogmata

1986 2605 2351 2671 revocantur,
2376 2616 2504 2670 qua
2534 2600 2708 2656 certis
2741 2602 3050 2672 provinciis
3080 2609 3221 2659 sunt
3250 2606 3636 2677 propria,qua

1989 2690 2061 2745 ab
2092 2687 2209 2743 illis
2259 2688 2464 2743 merito
2522 2688 2756 2744 retineri
2816 2707 2986 2761 posse
3038 2692 3359 2747 creduntur
3397 2696 3632 2765 quando

1990 2775 2168 2833 semel
2200 2777 2353 2847 apud
2386 2777 2544 2847 ipsas
2584 2784 2868 2850 usurpata
2917 2779 3116 2847 fuere;
3152 2782 3294 2836 ﬁdes
3327 2783 3484 2838 enim
3518 2800 3634 2839 non

1992 2866 2092 2921 uni
2123 2864 2213 2920 vel
2254 2863 2423 2920 alteri
2482 2866 2709 2937 propria
2743 2873 2830 2922 est
2887 2868 3215 2940 provincia,
3273 2872 3375 2925 sed
3434 2872 3638 2926 eadem

1992 2954 2210 3026 ubique
2232 2958 2288 3009 et
2309 2953 2584 3009 omnibus
2616 2955 2926 3026 provinciis
2974 2957 3279 3013 catholicis
3311 2961 3642 3016 communis

1994 3059 2122 3100 esse
2148 3043 2318 3099 debet
2350 3060 2361 3098 :
2398 3066 2424 3093 «
2460 3044 2679 3116 Regula
2719 3046 2871 3111 ﬁdei,
2932 3046 3123 3117 inquit
3170 3048 3392 3103 Tertul.
3443 3048 3545 3105 lib.
3578 3051 3646 3106 de

233 3137 307 3192 ad
334 3139 636 3208 Quintum:
686 3154 707 3184 «
759 3134 881 3189 Non
941 3139 1031 3190 est
1079 3140 1272 3191 autem
1332 3135 1402 3190 de
1460 3136 1884 3192 consuetudine
1918 3167 1961 3233 Ο
2007 3135 2240 3233 Virgine.
2267 3132 2506 3233 velitaut"
2539 3135 2775 3233 omnino
2809 3141 3049 3203 unaest,
3084 3136 3208 3192 sola
3237 3137 3558 3194 immobilis
3588 3147 3647 3195 et

238 3226 761 3298 prascribendum,
785 3225 885 3279 sed
922 3224 1144 3280 ratione
1182 3224 1532 3280 vincendum
1568 3244 1580 3294 ;
1615 3243 1750 3280 nam
1782 3242 1888 3280 nec

239 3320 448 3371 Petrus
491 3331 665 3386 quem
728 3314 984 3385 primum
1055 3314 1333 3370 Dominus
1381 3313 1555 3386 elegit
1603 3319 1660 3370 et
1716 3331 1893 3386 super

240 3421 418 3476 quem
484 3402 789 3458 adiﬁcavit
881 3401 1199 3458 Ecclesiam
1244 3420 1467 3475 suam,
1528 3420 1663 3459 cum
1722 3421 1892 3459 secus

244 3493 451 3550 1828
479 3492 691 3549 Paulus
731 3492 802 3547 de
845 3490 1292 3548 circumcisione
1349 3493 1724 3565 postmodum
1773 3492 1891 3549 dis-

243 3586 543 3654 putarent,
578 3581 1019 3636 vindicavitsibi
1039 3581 1254 3652 aliquid
1279 3581 1594 3637 insolenter
1622 3586 1723 3637 aut
1739 3599 1894 3638 arro—

238 3676 449 3743 ganter
480 3668 823 3741 assumpsit,
861 3672 925 3724 ut
955 3668 1171 3724 diceret
1217 3686 1279 3725 se
1336 3669 1651 3742 primatum
1700 3676 1894 3726 tenere

238 3765 300 3815 et
334 3758 725 3829 obtemperari
786 3775 820 3812 a
858 3757 1102 3813 novellis
1159 3762 1215 3813 et
1273 3759 1521 3830 posteris
1553 3757 1664 3814 sibi
1699 3758 1895 3830 potius

236 3851 531 3918 oportere,
566 3861 671 3900 nec
703 3844 967 3916 despexit
998 3843 1241 3899 Paulum
1261 3846 1417 3916 quod
1436 3844 1699 3901 Ecclesia
1733 3845 1895 3917 prius

241 3938 583 4007 persecutor
608 3933 835 4004 fuisset,
869 3935 969 3989 sed
1003 3933 1313 3989 consilium
1336 3933 1594 3989 veritatis
1634 3934 1893 4001 admisit,

237 4029 303 4078 et
333 4022 541 4078 rationi
573 4023 841 4095 legitima
874 4038 1050 4093 quam
1102 4022 1317 4078 Paulus
1348 4023 1679 4078 vindicabat
1727 4022 1895 4078 facile

238 4113 566 4180 consensit,
591 4112 1008 4168 documentum
1040 4111 1261 4167 scilicet
1293 4112 1463 4167 nobis
1493 4116 1549 4167 et
1578 4112 1895 4168 concordia

240 4196 303 4256 et
332 4202 627 4273 patientia
658 4201 945 4268 tribuens,
1002 4207 1066 4256 ut
1114 4217 1228 4255 non
1278 4201 1651 4273 pertinaciter
1698 4206 1899 4257 nostra

241 4306 539 4355 amemus,
574 4290 675 4345 sed
707 4306 836 4361 qua
861 4289 1174 4361 aliquando
1200 4307 1234 4346 a
1263 4291 1541 4346 fratribus
1570 4296 1626 4346 et
1660 4290 1898 4363 collegis

243 4380 468 4436 nostris
512 4378 734 4435 utiliter
780 4382 837 4435 et
885 4378 1198 4435 salubriter
1244 4386 1640 4453 suggeruntur
1677 4385 1733 4435 et
1780 4379 1901 4435 sint

2002 3220 2464 3277 irreformabilis.
2500 3244 2529 3271 »
2565 3222 2815 3277 Aliunde
2863 3225 3017 3294 quod
3078 3225 3138 3279 in
3170 3226 3481 3297 provinciis
3513 3229 3643 3299 qui-

2006 3311 2255 3366 busdam
2288 3314 2626 3381 usurpatur,
2661 3316 2830 3366 sonat
2863 3311 3088 3383 praxim
3122 3330 3187 3368 ac
3244 3313 3642 3386 disciplinam,

2002 3416 2117 3455 non
2148 3415 2279 3455 vero
2304 3399 2499 3466 ﬁdem,
2524 3416 2651 3470 quae
2690 3404 2954 3471 usurpari
2982 3419 3096 3457 non
3123 3404 3336 3459 dicitur
3360 3422 3373 3472 ;
3406 3406 3645 3460 tandem

2000 3488 2059 3542 in
2090 3489 2266 3543 rebus
2300 3486 2431 3542 ﬁdei
2454 3487 2667 3543 talsum
2700 3494 2788 3543 est
2819 3490 2927 3545 hoc
2954 3490 3326 3563 principium,
3354 3494 3505 3563 quod
3537 3493 3649 3548 alin

2002 3576 2144 3649 quid
2177 3576 2383 3631 merito
2423 3576 2657 3632 retineri
2711 3579 2893 3649 possit
2949 3596 3015 3634 eo
3073 3582 3220 3650 ipso,
3255 3583 3409 3653 quod
3468 3582 3649 3639 semel

2004 3673 2351 3739 usurpatum
2387 3668 2517 3733 fuit,
2567 3668 2824 3740 alioquin
2869 3671 3064 3727 I329
3098 3672 3409 3727 dicendum
3444 3658 3590 3729 foret
3620 3692 3655 3730 a

2003 3756 2358 3828 quibusdam
2416 3757 2721 3813 Germanis
2777 3759 3091 3831 provinciis
3150 3762 3355 3818 merito
3416 3763 3652 3818 retineri

2005 3845 2333 3901 Lutherana
2380 3845 2613 3917 placita,
2649 3848 2788 3918 quia
2826 3849 3003 3904 semel
3063 3851 3213 3921 apud
3245 3866 3343 3906 eas
3378 3856 3654 3922 usurpata

2004 3934 2262 4001 fuerunt,
2294 3935 2447 4005 quod
2490 3940 2683 3990 tamen
2742 3935 3094 4007 principium
3152 3938 3211 3992 in
3270 3940 3445 3994 rebus
3477 3957 3648 3995 mera

2005 4022 2481 4094 disciplinajure
2530 4024 2738 4079 merito
2770 4027 2983 4096 sapius
3017 4027 3207 4095 urgeri
3243 4033 3452 4099 potest.
3475 4028 3649 4084 Porro

2005 4112 2063 4167 S.
2124 4111 2405 4184 Cyrianus
2478 4129 2643 4167 suam
2724 4114 2793 4167 de
2862 4115 3292 4185 rebaptizandis
3370 4114 3656 4172 hareticis

2008 4198 2229 4272 praxim
2258 4201 2407 4256 inter
2437 4217 2505 4255 ea
2538 4208 2819 4269 recenset,
2882 4220 3007 4273 qua
3067 4204 3241 4259 certis
3299 4204 3656 4277 quibusdam

2009 4288 2320 4361 provinciis
2351 4295 2490 4345 sunt
2513 4290 2764 4361 propria,
2800 4307 2996 4364 quave
3024 4293 3233 4349 merito
3264 4294 3503 4350 retineri
3534 4312 3665 4367 pos-

2009 4382 2147 4433 sunt
2177 4395 2243 4433 eo
2275 4379 2401 4449 ipso
2422 4381 2575 4450 quod
2610 4380 2763 4451 apud
2798 4396 2896 4435 eas
2918 4380 3098 4435 semel
3118 4382 3335 4437 fuerint
3365 4388 3662 4456 usurpata,

240 4485 385 4524 vera
414 4473 472 4524 et
501 4468 783 4540 legitima,
819 4469 947 4540 ipsa.
994 4469 1188 4540 potius
1218 4474 1420 4525 nostra
1451 4471 1770 4535 ducamus;
1805 4467 1901 4523 cui
1938 4539 1965 4542 _
2011 4466 2095 4521 sic
2126 4468 2279 4521 enim
2316 4468 2575 4539 loquitur
2606 4469 2664 4522 in
2698 4470 2870 4541 epist.
2901 4470 2973 4523 72
2997 4469 3419 4542 adSlephanum
3449 4472 3502 4528 S.
3522 4473 3666 4528 Pon-

244 4556 333 4612 rei
364 4539 579 4613 Paulus
598 4539 1222 4629 quoqueprospiciens
1246 4558 1303 4611 in
1320 4558 1693 4629 Epistolasua
1711 4558 1906 4628 posuit
1936 4539 1981 4602 D
2014 4557 2212 4626 tiﬁcem
2259 4574 2270 4612 :
2301 4580 2328 4606 ‹‹

246 4646 454 4701 dicens
486 4664 499 4703 :
526 4668 545 4694 α
576 4645 869 4717 Propheta
899 4647 1222 4701 autemduo
1244 4650 1346 4701 aut
1375 4652 1490 4701 tres
1524 4646 1910 4716 loquanturet

246 4734 441 4789 cateri
480 4734 851 4802 examinent;
886 4733 935 4790 si
966 4739 1163 4789 autem
1220 4733 1319 4789 alii
1377 4732 1695 4790 revelatum
1737 4734 1912 4789 fuerit

248 4823 502 4891 sedenti,
534 4823 632 4878 ille
667 4823 821 4895 prior
851 4827 1073 4879 taceat:
1106 4844 1135 4873 »
1170 4823 1365 4894 quain
1419 4828 1579 4895 parte
1610 4823 1809 4879 docuit
1855 4826 1913 4878 et

249 4912 514 4967 ostendit
545 4912 729 4967 multa
755 4913 992 4983 singulis
1022 4914 1078 4967 in
1093 4914 1289 4968 melius
1320 4913 1583 4977 revelari,
1616 4917 1672 4967 et
1701 4913 1911 4968 debere

252 5017 739 5072 unumquemque
771 5018 885 5057 non
920 5018 1022 5073 pro
1075 5019 1140 5056 eo
1199 5018 1315 5073 quo
1356 5001 1534 5057 semel
1577 5001 1908 5073 imbiberat,

250 5094 316 5144 et
344 5089 580 5144 tenebat
600 5088 974 5159 pertinaciter
1003 5088 1301 5161 congredi,
1324 5089 1423 5144 sed
1476 5088 1524 5144 si
1554 5089 1685 5160 quid
1713 5090 1912 5145 melius

248 5186 309 5234 et
328 5177 525 5233 utilius
554 5176 861 5245 exstiterit,
910 5176 1159 5232 libenter
1206 5177 1526 5248 amplecti;
1589 5194 1701 5233 non
1753 5179 1911 5235 enim

248 5266 571 5334 vincimur,
605 5267 838 5336 quando
872 5265 1197 5321 oﬁ‘eruntur
1226 5266 1395 5321 nobis
1418 5267 1646 5322 meliora
1670 5285 1683 5323 :
1706 5289 1733 5317 »
1766 5268 1911 5324 etin

253 5358 442 5428 Epist.
471 5356 562 5427 75,
590 5356 663 5411 ad
692 5356 950 5412 Jubaz'an.
989 5372 1002 5415 :
1036 5378 1064 5405 ‹‹
1094 5355 1267 5411 Porro
1300 5359 1516 5423 autem,
1550 5356 1911 5428 inquit,cum

253 5444 519 5501 haeretici
562 5449 923 5518 cognoscunt
970 5443 1261 5517 baptisma
1302 5443 1533 5500 nullum
1574 5446 1715 5500 foris
1762 5462 1911 5514 esse,

255 5551 372 5591 nec
419 5534 728 5591 remissam
778 5538 1148 5608 peccatorum
1198 5539 1358 5590 extra
1414 5533 1727 5591 Ecclesium
1787 5535 1915 5592 dari

252 5640 458 5706 posse,
490 5624 720 5683 avidius
750 5624 820 5684 ad
876 5640 983 5681 nos
1035 5628 1093 5680 et
1146 5623 1475 5699 promptius
1514 5628 1830 5699 properant
1858 5629 1915 5682 et

2390 4558 2519 4611 Hac
2585 4558 2774 4629 (gesta
2830 4575 3038 4629 nempe
3097 4560 3153 4614 in
3212 4561 3457 4617 concilio
3514 4562 3671 4617 Afri-

2020 4662 2164 4700 cano
2190 4662 2290 4718 pro
2319 4647 2747 4717 rebaptizandis
2778 4647 3086 4721 haereticis)
3143 4649 3215 4705 ad
3249 4652 3663 4707 conscientiam

2018 4738 2203 4800 tuam,
2240 4734 2415 4789 frater
2444 4735 2809 4803 charissima,
2843 4742 2899 4792 et
2955 4753 3060 4808 pro
3118 4737 3337 4795 honore
3368 4740 3669 4795 communi

2020 4827 2078 4877 et
2144 4840 2245 4895 pro
2304 4823 2557 4895 simplici
2632 4824 2940 4881 dilectione
3007 4828 3378 4898 pertulimus,
3427 4829 3671 4883 creden-

2022 4914 2109 4966 tes
2141 4911 2314 4965 etiam
2350 4911 2453 4965 tibi
2514 4928 2616 4983 pro
2665 4912 2964 4985 religionis
3034 4919 3145 4969 tua
3221 4919 3279 4969 et
3352 4915 3483 4969 ﬁdei
3524 4914 3669 4970 veri-

2023 5001 2141 5052 tate
2171 4997 2423 5069 plaoare,
2456 5016 2580 5070 qua
2632 4999 2895 5071 religiosa
2951 5004 3168 5073 pariter
3217 5006 3272 5056 et
3318 5018 3452 5056 vera
3510 5006 3669 5056 sunt.

2022 5091 2298 5141 Caterum
2360 5088 2582 5145 scimus
2640 5090 2921 5161 quosdam
2981 5090 3135 5161 quod
3202 5090 3381 5144 semel
3428 5089 3672 5145 imbibe-

2024 5175 2142 5231 rint
2172 5176 2324 5232 nolle
2353 5178 2659 5249 deponere,
2696 5195 2799 5234 nec
2858 5179 3220 5249 propositum
3280 5193 3453 5233 suum
3505 5178 3671 5233 facile

2025 5269 2272 5336 mutare,
2297 5266 2397 5320 sed
2432 5265 2590 5320 salvo
2622 5267 2777 5321 inter
2807 5266 3057 5338 collegas
3108 5265 3268 5338 pacis
3319 5269 3375 5320 et
3428 5281 3669 5320 concor-

2025 5353 2131 5409 dia
2168 5354 2402 5410 vincula
2443 5354 2693 5426 quadam
2750 5358 2985 5427 propria
3032 5370 3156 5427 quae
3195 5355 3348 5426 apud
3396 5369 3455 5409 se
3505 5356 3669 5410 semel

2022 5444 2139 5500 sint
2162 5448 2433 5515 usurpata
2460 5446 2718 5512 retinere,
2753 5462 2869 5516 qua
2908 5444 2967 5499 in
2998 5461 3060 5500 re
3108 5462 3212 5501 nec
3271 5459 3377 5499 nos
3405 5442 3523 5499 vim
3556 5445 3675 5500 cui-

2026 5550 2202 5605 quam
2237 5533 2483 5591 facimus
2515 5537 2617 5591 aut.
2647 5533 2832 5607 legem
2849 5534 3084 5590 damus.
3120 5556 3148 5585 »
3170 5534 3349 5590 Nemo
3376 5549 3493 5589 non
3522 5534 3682 5589 videt

2023 5624 2375 5699 Cyprianum
2392 5622 2488 5681 hic
2518 5622 3164 5704 Stephanosigniﬁcare
3185 5638 3247 5682 se
3278 5620 3446 5679 facile
3467 5623 3538 5680 ob
3559 5637 3683 5679 em-
