  <div class='ocr_page' id='page_1' title='image "/cluster/home/n/w/nwhite01/storage/ocr_20150623/3/hvd.32044073549586/745.png"; bbox 0 0 4088 6174; ppageno 0'>
   <div class='ocr_carea' id='block_1_1' title="bbox 532 339 686 400">
    <p class='ocr_par' dir='ltr' id='par_1_1' title="bbox 532 339 686 400">
     <span class='ocr_line' id='line_1_1' title="bbox 532 339 686 400; baseline 0.006 -1"><span class='ocrx_word' id='word_1_1' title='bbox 532 339 686 400; x_wconf 77' lang='grc'>1383</span> 
     </span>
    </p>
   </div>
   <div class='ocr_carea' id='block_1_2' title="bbox 1568 329 2886 396">
    <p class='ocr_par' dir='ltr' id='par_1_2' title="bbox 1568 329 2886 396">
     <span class='ocr_line' id='line_1_2' title="bbox 1568 329 2886 396; baseline -0.007 1"><span class='ocrx_word' id='word_1_2' title='bbox 1568 336 1669 396; x_wconf 84' lang='lat' dir='ltr'>DE</span> <span class='ocrx_word' id='word_1_3' title='bbox 1715 330 2310 395; x_wconf 62' lang='lat' dir='ltr'>HERETICORUM</span> <span class='ocrx_word' id='word_1_4' title='bbox 2354 329 2886 392; x_wconf 82' lang='lat' dir='ltr'>BAPTISMATE.</span> 
     </span>
    </p>
   </div>
   <div class='ocr_carea' id='block_1_3' title="bbox 3695 342 3811 403">
    <p class='ocr_par' dir='ltr' id='par_1_3' title="bbox 3695 342 3811 403">
     <span class='ocr_line' id='line_1_3' title="bbox 3695 342 3811 403; baseline 0.052 -6"><span class='ocrx_word' id='word_1_5' title='bbox 3695 342 3811 403; x_wconf 64' lang='lat' dir='ltr'>l3bi</span> 
     </span>
    </p>
   </div>
   <div class='ocr_carea' id='block_1_4' title="bbox 516 463 3816 546">
    <p class='ocr_par' dir='ltr' id='par_1_4' title="bbox 516 463 3816 546">
     <span class='ocr_line' id='line_1_4' title="bbox 516 463 3816 546; baseline -0.001 -17"><span class='ocrx_word' id='word_1_6' title='bbox 516 479 856 546; x_wconf 89' lang='lat' dir='ltr'>peraturum</span> <span class='ocrx_word' id='word_1_7' title='bbox 901 489 1013 528; x_wconf 92' lang='lat' dir='ltr'>non</span> <span class='ocrx_word' id='word_1_8' title='bbox 1045 488 1172 529; x_wconf 88' lang='lat' dir='ltr'>esse</span> <span class='ocrx_word' id='word_1_9' title='bbox 1210 471 1369 528; x_wconf 90' lang='lat' dir='ltr'>illius</span> <span class='ocrx_word' id='word_1_10' title='bbox 1391 471 1616 544; x_wconf 90' lang='lat' dir='ltr'>judicio</span> <span class='ocrx_word' id='word_1_11' title='bbox 1645 468 2001 543; x_wconf 86' lang='lat' dir='ltr'>imprebanti</span> <span class='ocrx_word' id='word_1_12' title='bbox 2023 467 2170 524; x_wconf 86' lang='lat' dir='ltr'>Afri-</span> <span class='ocrx_word' id='word_1_13' title='bbox 2201 468 2257 534; x_wconf 78' lang='grc' dir='ltr'><strong>Α</strong></span> <span class='ocrx_word' id='word_1_14' title='bbox 2285 469 2412 522; x_wconf 89' lang='lat' dir='ltr'>tens</span> <span class='ocrx_word' id='word_1_15' title='bbox 2443 469 2532 522; x_wconf 89' lang='lat' dir='ltr'>est</span> <span class='ocrx_word' id='word_1_16' title='bbox 2554 465 2835 522; x_wconf 87' lang='lat' dir='ltr'>Dominus</span> <span class='ocrx_word' id='word_1_17' title='bbox 2888 463 3284 519; x_wconf 82' lang='lat' dir='ltr'>misericordia</span> <span class='ocrx_word' id='word_1_18' title='bbox 3327 481 3425 520; x_wconf 88' lang='lat' dir='ltr'>sua</span> <span class='ocrx_word' id='word_1_19' title='bbox 3475 466 3816 542; x_wconf 78' lang='lat' dir='ltr'>indulgentiam</span> 
     </span>
    </p>
   </div>
   <div class='ocr_carea' id='block_1_5' title="bbox 514 561 2168 635">
    <p class='ocr_par' dir='ltr' id='par_1_5' title="bbox 514 561 2168 635">
     <span class='ocr_line' id='line_1_5' title="bbox 514 561 2168 635; baseline -0.004 -16"><span class='ocrx_word' id='word_1_20' title='bbox 514 580 726 619; x_wconf 89' lang='lat' dir='ltr'>canum</span> <span class='ocrx_word' id='word_1_21' title='bbox 780 563 851 618; x_wconf 91' lang='lat' dir='ltr'>de</span> <span class='ocrx_word' id='word_1_22' title='bbox 889 562 1322 635; x_wconf 79' lang='lat' dir='ltr'>rebaptizandis</span> <span class='ocrx_word' id='word_1_23' title='bbox 1362 561 1652 618; x_wconf 84' lang='lat' dir='ltr'>haereticis</span> <span class='ocrx_word' id='word_1_24' title='bbox 1711 563 2020 626; x_wconf 88' lang='lat' dir='ltr'>statutum,</span> <span class='ocrx_word' id='word_1_25' title='bbox 2055 575 2168 613; x_wconf 91' lang='lat' dir='ltr'>non</span> 
     </span>
    </p>
   </div>
   <div class='ocr_carea' id='block_1_6' title="bbox 513 646 2170 723">
    <p class='ocr_par' dir='ltr' id='par_1_6' title="bbox 513 646 2170 723">
     <span class='ocr_line' id='line_1_6' title="bbox 513 646 2170 723; baseline -0.004 -17"><span class='ocrx_word' id='word_1_26' title='bbox 513 665 580 706; x_wconf 90' lang='lat' dir='ltr'>ea</span> <span class='ocrx_word' id='word_1_27' title='bbox 608 650 1031 723; x_wconf 89' lang='lat' dir='ltr'>ratione,quod</span> <span class='ocrx_word' id='word_1_28' title='bbox 1065 650 1232 706; x_wconf 80' lang='lat' dir='ltr'>Rom.</span> <span class='ocrx_word' id='word_1_29' title='bbox 1279 649 1576 706; x_wconf 85' lang='lat' dir='ltr'>Pontiﬁcis</span> <span class='ocrx_word' id='word_1_30' title='bbox 1615 648 1842 721; x_wconf 84' lang='lat' dir='ltr'>judicia</span> <span class='ocrx_word' id='word_1_31' title='bbox 1890 647 1946 702; x_wconf 92' lang='lat' dir='ltr'>in</span> <span class='ocrx_word' id='word_1_32' title='bbox 1995 646 2170 701; x_wconf 81' lang='lat' dir='ltr'>rebus</span> 
     </span>
    </p>
   </div>
   <div class='ocr_carea' id='block_1_7' title="bbox 513 736 2170 810">
    <p class='ocr_par' dir='ltr' id='par_1_7' title="bbox 513 736 2170 810">
     <span class='ocr_line' id='line_1_7' title="bbox 513 736 2170 810; baseline -0.003 -15"><span class='ocrx_word' id='word_1_33' title='bbox 513 739 649 796; x_wconf 85' lang='lat' dir='ltr'>ﬁdei</span> <span class='ocrx_word' id='word_1_34' title='bbox 705 739 1038 796; x_wconf 87' lang='lat' dir='ltr'>infallibilia</span> <span class='ocrx_word' id='word_1_35' title='bbox 1107 756 1222 795; x_wconf 89' lang='lat' dir='ltr'>non</span> <span class='ocrx_word' id='word_1_36' title='bbox 1263 739 1642 810; x_wconf 78' lang='lat' dir='ltr'>existimaret,</span> <span class='ocrx_word' id='word_1_37' title='bbox 1711 739 1810 794; x_wconf 91' lang='lat' dir='ltr'>sed</span> <span class='ocrx_word' id='word_1_38' title='bbox 1883 755 1948 793; x_wconf 91' lang='lat' dir='ltr'>eo</span> <span class='ocrx_word' id='word_1_39' title='bbox 1996 736 2170 791; x_wconf 86' lang='lat' dir='ltr'>nixus</span> 
     </span>
    </p>
   </div>
   <div class='ocr_carea' id='block_1_8' title="bbox 513 826 2164 902">
    <p class='ocr_par' dir='ltr' id='par_1_8' title="bbox 513 826 2164 902">
     <span class='ocr_line' id='line_1_8' title="bbox 513 826 2164 902; baseline -0.003 -18"><span class='ocrx_word' id='word_1_40' title='bbox 513 828 821 902; x_wconf 85' lang='lat' dir='ltr'>principio,</span> <span class='ocrx_word' id='word_1_41' title='bbox 853 830 1030 900; x_wconf 89' lang='lat' dir='ltr'>quod,</span> <span class='ocrx_word' id='word_1_42' title='bbox 1065 829 1241 885; x_wconf 87' lang='lat' dir='ltr'>etiam</span> <span class='ocrx_word' id='word_1_43' title='bbox 1273 830 1598 902; x_wconf 89' lang='lat' dir='ltr'>refragante</span> <span class='ocrx_word' id='word_1_44' title='bbox 1651 829 1818 884; x_wconf 83' lang='lat' dir='ltr'>Rem.</span> <span class='ocrx_word' id='word_1_45' title='bbox 1867 826 2164 891; x_wconf 85' lang='lat' dir='ltr'>Pontiﬁee,</span> 
     </span>
    </p>
   </div>
   <div class='ocr_carea' id='block_1_9' title="bbox 514 918 2166 990">
    <p class='ocr_par' dir='ltr' id='par_1_9' title="bbox 514 918 2166 990">
     <span class='ocr_line' id='line_1_9' title="bbox 514 918 2166 990; baseline -0.002 -16"><span class='ocrx_word' id='word_1_46' title='bbox 514 919 721 975; x_wconf 90' lang='lat' dir='ltr'>merito</span> <span class='ocrx_word' id='word_1_47' title='bbox 751 919 808 973; x_wconf 91' lang='lat' dir='ltr'>in</span> <span class='ocrx_word' id='word_1_48' title='bbox 865 918 1220 990; x_wconf 78' lang='lat' dir='ltr'>quibusdam</span> <span class='ocrx_word' id='word_1_49' title='bbox 1269 919 1585 990; x_wconf 85' lang='lat' dir='ltr'>provinciis</span> <span class='ocrx_word' id='word_1_50' title='bbox 1635 918 1866 974; x_wconf 85' lang='lat' dir='ltr'>retineri</span> <span class='ocrx_word' id='word_1_51' title='bbox 1900 919 2166 988; x_wconf 87' lang='lat' dir='ltr'>possunt,</span> 
     </span>
    </p>
   </div>
   <div class='ocr_carea' id='block_1_10' title="bbox 515 1005 2170 1081">
    <p class='ocr_par' dir='ltr' id='par_1_10' title="bbox 515 1005 2170 1081">
     <span class='ocr_line' id='line_1_10' title="bbox 515 1005 2170 1081; baseline -0.004 -17"><span class='ocrx_word' id='word_1_52' title='bbox 515 1007 799 1081; x_wconf 62' lang='lat' dir='ltr'>quaeipsis</span> <span class='ocrx_word' id='word_1_53' title='bbox 831 1012 969 1063; x_wconf 89' lang='lat' dir='ltr'>sunt</span> <span class='ocrx_word' id='word_1_54' title='bbox 993 1007 1227 1080; x_wconf 86' lang='lat' dir='ltr'>propria</span> <span class='ocrx_word' id='word_1_55' title='bbox 1241 1011 1297 1063; x_wconf 91' lang='lat' dir='ltr'>et</span> <span class='ocrx_word' id='word_1_56' title='bbox 1312 1025 1436 1078; x_wconf 77' lang='lat' dir='ltr'>quae</span> <span class='ocrx_word' id='word_1_57' title='bbox 1455 1009 1525 1062; x_wconf 87' lang='lat' dir='ltr'>ab</span> <span class='ocrx_word' id='word_1_58' title='bbox 1541 1007 1682 1079; x_wconf 90' lang='lat' dir='ltr'>ipsis</span> <span class='ocrx_word' id='word_1_59' title='bbox 1696 1005 1874 1063; x_wconf 87' lang='lat' dir='ltr'>semel</span> <span class='ocrx_word' id='word_1_60' title='bbox 1891 1008 2170 1076; x_wconf 88' lang='lat' dir='ltr'>usurpata</span> 
     </span>
    </p>
   </div>
   <div class='ocr_carea' id='block_1_11' title="bbox 513 1093 2165 1169">
    <p class='ocr_par' dir='ltr' id='par_1_11' title="bbox 513 1093 2165 1169">
     <span class='ocr_line' id='line_1_11' title="bbox 513 1093 2165 1169; baseline -0.003 -18"><span class='ocrx_word' id='word_1_61' title='bbox 513 1095 969 1169; x_wconf 86' lang='lat' dir='ltr'>fuerunt,qualis</span> <span class='ocrx_word' id='word_1_62' title='bbox 986 1100 1110 1152; x_wconf 90' lang='lat' dir='ltr'>erat</span> <span class='ocrx_word' id='word_1_63' title='bbox 1124 1095 1318 1168; x_wconf 82' lang='lat' dir='ltr'>praxis</span> <span class='ocrx_word' id='word_1_64' title='bbox 1333 1097 1401 1152; x_wconf 88' lang='lat' dir='ltr'>de</span> <span class='ocrx_word' id='word_1_65' title='bbox 1417 1095 1846 1169; x_wconf 84' lang='lat' dir='ltr'>rebaptizandis</span> <span class='ocrx_word' id='word_1_66' title='bbox 1860 1093 2165 1150; x_wconf 73' lang='lat' dir='ltr'>haereticis.</span> 
     </span>
    </p>
   </div>
   <div class='ocr_carea' id='block_1_12' title="bbox 581 1198 2167 1274">
    <p class='ocr_par' dir='ltr' id='par_1_12' title="bbox 581 1198 2167 1274">
     <span class='ocr_line' id='line_1_12' title="bbox 581 1198 2167 1274; baseline -0.003 -18"><span class='ocrx_word' id='word_1_67' title='bbox 581 1201 648 1258; x_wconf 93' lang='lat' dir='ltr'>V.</span> <span class='ocrx_word' id='word_1_68' title='bbox 682 1201 1004 1274; x_wconf 87' lang='lat' dir='ltr'>Cyprianus</span> <span class='ocrx_word' id='word_1_69' title='bbox 1026 1208 1222 1274; x_wconf 89' lang='lat' dir='ltr'>aperte</span> <span class='ocrx_word' id='word_1_70' title='bbox 1262 1200 1520 1256; x_wconf 84' lang='lat' dir='ltr'>declarat</span> <span class='ocrx_word' id='word_1_71' title='bbox 1549 1201 1619 1257; x_wconf 90' lang='lat' dir='ltr'>de</span> <span class='ocrx_word' id='word_1_72' title='bbox 1657 1218 1772 1255; x_wconf 90' lang='lat' dir='ltr'>una</span> <span class='ocrx_word' id='word_1_73' title='bbox 1801 1198 2167 1271; x_wconf 81' lang='lat' dir='ltr'>Stephanum</span> 
     </span>
    </p>
   </div>
   <div class='ocr_carea' id='block_1_13' title="bbox 512 1287 2167 1363">
    <p class='ocr_par' dir='ltr' id='par_1_13' title="bbox 512 1287 2167 1363">
     <span class='ocr_line' id='line_1_13' title="bbox 512 1287 2167 1363; baseline -0.003 -16"><span class='ocrx_word' id='word_1_74' title='bbox 512 1291 666 1347; x_wconf 89' lang='lat' dir='ltr'>inter</span> <span class='ocrx_word' id='word_1_75' title='bbox 712 1294 769 1346; x_wconf 89' lang='lat' dir='ltr'>et</span> <span class='ocrx_word' id='word_1_76' title='bbox 804 1290 1002 1363; x_wconf 91' lang='lat' dir='ltr'>ipsum</span> <span class='ocrx_word' id='word_1_77' title='bbox 1053 1291 1144 1362; x_wconf 85' lang='lat' dir='ltr'>agi</span> <span class='ocrx_word' id='word_1_78' title='bbox 1196 1290 1525 1362; x_wconf 89' lang='lat' dir='ltr'>disciplina.</span> <span class='ocrx_word' id='word_1_79' title='bbox 1585 1293 1726 1344; x_wconf 91' lang='lat' dir='ltr'>Cum</span> <span class='ocrx_word' id='word_1_80' title='bbox 1760 1289 1914 1344; x_wconf 89' lang='lat' dir='ltr'>enim</span> <span class='ocrx_word' id='word_1_81' title='bbox 1945 1288 2003 1343; x_wconf 91' lang='lat' dir='ltr'>S.</span> <span class='ocrx_word' id='word_1_82' title='bbox 2043 1287 2167 1342; x_wconf 90' lang='lat' dir='ltr'>Ste-</span> 
     </span>
    </p>
   </div>
   <div class='ocr_carea' id='block_1_14' title="bbox 512 1376 2166 1452">
    <p class='ocr_par' dir='ltr' id='par_1_14' title="bbox 512 1376 2166 1452">
     <span class='ocr_line' id='line_1_14' title="bbox 512 1376 2166 1452; baseline -0.002 -18"><span class='ocrx_word' id='word_1_83' title='bbox 512 1380 746 1452; x_wconf 89' lang='lat' dir='ltr'>phanus</span> <span class='ocrx_word' id='word_1_84' title='bbox 778 1396 882 1452; x_wconf 92' lang='lat' dir='ltr'>pro</span> <span class='ocrx_word' id='word_1_85' title='bbox 914 1396 1022 1434; x_wconf 90' lang='lat' dir='ltr'>sua</span> <span class='ocrx_word' id='word_1_86' title='bbox 1053 1376 1975 1451; x_wconf 85' lang='lat' dir='ltr'>epinieneattulissetexemplum</span> <span class='ocrx_word' id='word_1_87' title='bbox 2011 1377 2166 1447; x_wconf 90' lang='lat' dir='ltr'>ipse-</span> 
     </span>
    </p>
   </div>
   <div class='ocr_carea' id='block_1_15' title="bbox 515 1468 2167 1540">
    <p class='ocr_par' dir='ltr' id='par_1_15' title="bbox 515 1468 2167 1540">
     <span class='ocr_line' id='line_1_15' title="bbox 515 1468 2167 1540; baseline -0.002 -16"><span class='ocrx_word' id='word_1_88' title='bbox 515 1473 775 1524; x_wconf 90' lang='lat' dir='ltr'>rummet</span> <span class='ocrx_word' id='word_1_89' title='bbox 825 1468 1252 1540; x_wconf 62' lang='lat' dir='ltr'>haereticorum,</span> <span class='ocrx_word' id='word_1_90' title='bbox 1313 1469 1414 1540; x_wconf 90' lang='lat' dir='ltr'>qui</span> <span class='ocrx_word' id='word_1_91' title='bbox 1471 1469 1543 1523; x_wconf 90' lang='lat' dir='ltr'>ad</span> <span class='ocrx_word' id='word_1_92' title='bbox 1595 1485 1657 1524; x_wconf 91' lang='lat' dir='ltr'>se</span> <span class='ocrx_word' id='word_1_93' title='bbox 1694 1468 1992 1523; x_wconf 85' lang='lat' dir='ltr'>venientes</span> <span class='ocrx_word' id='word_1_94' title='bbox 2051 1482 2167 1520; x_wconf 90' lang='lat' dir='ltr'>non</span> 
     </span>
    </p>
   </div>
   <div class='ocr_carea' id='block_1_16' title="bbox 515 1553 2164 1630">
    <p class='ocr_par' dir='ltr' id='par_1_16' title="bbox 515 1553 2164 1630">
     <span class='ocr_line' id='line_1_16' title="bbox 515 1553 2164 1630; baseline -0.002 -17"><span class='ocrx_word' id='word_1_95' title='bbox 515 1558 911 1630; x_wconf 83' lang='lat' dir='ltr'>baptizabant,</span> <span class='ocrx_word' id='word_1_96' title='bbox 972 1559 1282 1630; x_wconf 87' lang='lat' dir='ltr'>respondet</span> <span class='ocrx_word' id='word_1_97' title='bbox 1338 1558 1398 1614; x_wconf 91' lang='lat' dir='ltr'>S.</span> <span class='ocrx_word' id='word_1_98' title='bbox 1463 1558 1784 1630; x_wconf 81' lang='lat' dir='ltr'>Cyprianus</span> <span class='ocrx_word' id='word_1_99' title='bbox 1821 1581 1840 1606; x_wconf 74' lang='grc' dir='ltr'>ι</span> <span class='ocrx_word' id='word_1_100' title='bbox 1897 1557 1964 1611; x_wconf 89' lang='lat' dir='ltr'>ad</span> <span class='ocrx_word' id='word_1_101' title='bbox 2022 1553 2164 1610; x_wconf 91' lang='lat' dir='ltr'>illud</span> 
     </span>
    </p>
   </div>
   <div class='ocr_carea' id='block_1_17' title="bbox 517 1644 2167 1703">
    <p class='ocr_par' dir='ltr' id='par_1_17' title="bbox 517 1644 2167 1703">
     <span class='ocr_line' id='line_1_17' title="bbox 517 1644 2167 1703; baseline -0.002 -1"><span class='ocrx_word' id='word_1_102' title='bbox 517 1646 806 1702; x_wconf 87' lang='lat' dir='ltr'>malorum</span> <span class='ocrx_word' id='word_1_103' title='bbox 847 1647 1175 1702; x_wconf 89' lang='lat' dir='ltr'>develutam</span> <span class='ocrx_word' id='word_1_104' title='bbox 1209 1664 1321 1702; x_wconf 90' lang='lat' dir='ltr'>non</span> <span class='ocrx_word' id='word_1_105' title='bbox 1357 1663 1485 1703; x_wconf 79' lang='lat' dir='ltr'>esse</span> <span class='ocrx_word' id='word_1_106' title='bbox 1515 1647 1612 1702; x_wconf 88' lang='lat' dir='ltr'>Dei</span> <span class='ocrx_word' id='word_1_107' title='bbox 1654 1646 1966 1701; x_wconf 75' lang='lat' dir='ltr'>Ecclesiam</span> <span class='ocrx_word' id='word_1_108' title='bbox 2000 1649 2063 1700; x_wconf 90' lang='lat' dir='ltr'>ut</span> <span class='ocrx_word' id='word_1_109' title='bbox 2095 1644 2167 1699; x_wconf 89' lang='lat' dir='ltr'>ab</span> 
     </span>
    </p>
   </div>
   <div class='ocr_carea' id='block_1_18' title="bbox 516 1734 2165 1808">
    <p class='ocr_par' dir='ltr' id='par_1_18' title="bbox 516 1734 2165 1808">
     <span class='ocr_line' id='line_1_18' title="bbox 516 1734 2165 1808; baseline -0.001 -17"><span class='ocrx_word' id='word_1_110' title='bbox 516 1736 806 1791; x_wconf 71' lang='lat' dir='ltr'>haereticis</span> <span class='ocrx_word' id='word_1_111' title='bbox 837 1742 1140 1791; x_wconf 86' lang='lat' dir='ltr'>mutuetur</span> <span class='ocrx_word' id='word_1_112' title='bbox 1172 1736 1546 1808; x_wconf 90' lang='lat' dir='ltr'>disciplinam</span> <span class='ocrx_word' id='word_1_113' title='bbox 1575 1737 1644 1790; x_wconf 89' lang='lat' dir='ltr'>ad</span> <span class='ocrx_word' id='word_1_114' title='bbox 1685 1735 2031 1791; x_wconf 88' lang='lat' dir='ltr'>celebranda</span> <span class='ocrx_word' id='word_1_115' title='bbox 2063 1734 2165 1790; x_wconf 87' lang='lat' dir='ltr'>Sa-</span> 
     </span>
    </p>
   </div>
   <div class='ocr_carea' id='block_1_19' title="bbox 517 1814 2168 1896">
    <p class='ocr_par' dir='ltr' id='par_1_19' title="bbox 517 1814 2168 1896">
     <span class='ocr_line' id='line_1_19' title="bbox 517 1814 2168 1896; baseline -0.002 -15"><span class='ocrx_word' id='word_1_116' title='bbox 517 1829 835 1882; x_wconf 86' lang='lat' dir='ltr'>cramenta.</span> <span class='ocrx_word' id='word_1_117' title='bbox 865 1845 892 1878; x_wconf 74' lang='grc' dir='ltr'><strong>ι</strong></span> <span class='ocrx_word' id='word_1_118' title='bbox 930 1826 1046 1880; x_wconf 84' lang='grc' dir='ltr'>Ηοο</span> <span class='ocrx_word' id='word_1_119' title='bbox 1077 1814 1213 1896; x_wconf 84' lang='lat' dir='ltr'>ergo</span> <span class='ocrx_word' id='word_1_120' title='bbox 1263 1825 1539 1896; x_wconf 82' lang='lat' dir='ltr'>Stephani</span> <span class='ocrx_word' id='word_1_121' title='bbox 1590 1825 1832 1894; x_wconf 87' lang='lat' dir='ltr'>crimen,</span> <span class='ocrx_word' id='word_1_122' title='bbox 1859 1825 2027 1894; x_wconf 87' lang='lat' dir='ltr'>juxta</span> <span class='ocrx_word' id='word_1_123' title='bbox 2061 1823 2168 1895; x_wconf 79' lang='lat' dir='ltr'>Cy-</span> 
     </span>
    </p>
   </div>
   <div class='ocr_carea' id='block_1_20' title="bbox 517 1910 2162 1988">
    <p class='ocr_par' dir='ltr' id='par_1_20' title="bbox 517 1910 2162 1988">
     <span class='ocr_line' id='line_1_20' title="bbox 517 1910 2162 1988; baseline -0.004 -18"><span class='ocrx_word' id='word_1_124' title='bbox 517 1914 812 1988; x_wconf 89' lang='lat' dir='ltr'>prianum,</span> <span class='ocrx_word' id='word_1_125' title='bbox 870 1914 1018 1984; x_wconf 86' lang='lat' dir='ltr'>quod</span> <span class='ocrx_word' id='word_1_126' title='bbox 1080 1914 1150 1969; x_wconf 89' lang='lat' dir='ltr'>ab</span> <span class='ocrx_word' id='word_1_127' title='bbox 1221 1914 1505 1970; x_wconf 68' lang='lat' dir='ltr'>haereticis</span> <span class='ocrx_word' id='word_1_128' title='bbox 1560 1919 1931 1968; x_wconf 88' lang='lat' dir='ltr'>mutuaretur</span> <span class='ocrx_word' id='word_1_129' title='bbox 1987 1910 2162 1966; x_wconf 90' lang='lat' dir='ltr'>disci-</span> 
     </span>
    </p>
   </div>
   <div class='ocr_carea' id='block_1_21' title="bbox 519 2000 2163 2078">
    <p class='ocr_par' dir='ltr' id='par_1_21' title="bbox 519 2000 2163 2078">
     <span class='ocr_line' id='line_1_21' title="bbox 519 2000 2163 2078; baseline -0.003 -19"><span class='ocrx_word' id='word_1_130' title='bbox 519 2004 738 2078; x_wconf 89' lang='lat' dir='ltr'>plinam</span> <span class='ocrx_word' id='word_1_131' title='bbox 788 2005 858 2058; x_wconf 86' lang='lat' dir='ltr'>ad</span> <span class='ocrx_word' id='word_1_132' title='bbox 916 2003 1263 2059; x_wconf 86' lang='lat' dir='ltr'>celebranda</span> <span class='ocrx_word' id='word_1_133' title='bbox 1328 2007 1742 2069; x_wconf 85' lang='lat' dir='ltr'>sacramenta;</span> <span class='ocrx_word' id='word_1_134' title='bbox 1793 2000 2163 2072; x_wconf 89' lang='lat' dir='ltr'>disciplinam</span> 
     </span>
    </p>
   </div>
   <div class='ocr_carea' id='block_1_22' title="bbox 519 2091 2163 2165">
    <p class='ocr_par' dir='ltr' id='par_1_22' title="bbox 519 2091 2163 2165">
     <span class='ocr_line' id='line_1_22' title="bbox 519 2091 2163 2165; baseline -0.002 -17"><span class='ocrx_word' id='word_1_135' title='bbox 519 2108 656 2165; x_wconf 85' lang='lat' dir='ltr'>ergo</span> <span class='ocrx_word' id='word_1_136' title='bbox 684 2097 850 2148; x_wconf 90' lang='lat' dir='ltr'>vocat</span> <span class='ocrx_word' id='word_1_137' title='bbox 871 2092 1192 2165; x_wconf 78' lang='lat' dir='ltr'>Cyprianus</span> <span class='ocrx_word' id='word_1_138' title='bbox 1214 2094 1366 2164; x_wconf 90' lang='lat' dir='ltr'>quod</span> <span class='ocrx_word' id='word_1_139' title='bbox 1392 2092 1724 2164; x_wconf 87' lang='lat' dir='ltr'>Stephanus</span> <span class='ocrx_word' id='word_1_140' title='bbox 1741 2091 2163 2164; x_wconf 81' lang='lat' dir='ltr'>prepugnabat.</span> 
     </span>
    </p>
   </div>
   <div class='ocr_carea' id='block_1_23' title="bbox 521 2179 2170 2255">
    <p class='ocr_par' dir='ltr' id='par_1_23' title="bbox 521 2179 2170 2255">
     <span class='ocr_line' id='line_1_23' title="bbox 521 2179 2170 2255; baseline -0.002 -18"><span class='ocrx_word' id='word_1_141' title='bbox 521 2182 602 2238; x_wconf 88' lang='lat' dir='ltr'>De</span> <span class='ocrx_word' id='word_1_142' title='bbox 631 2181 829 2255; x_wconf 88' lang='lat' dir='ltr'>aliqua</span> <span class='ocrx_word' id='word_1_143' title='bbox 857 2199 992 2254; x_wconf 87' lang='lat' dir='ltr'>ergo</span> <span class='ocrx_word' id='word_1_144' title='bbox 1022 2182 1351 2254; x_wconf 88' lang='lat' dir='ltr'>disciplina,</span> <span class='ocrx_word' id='word_1_145' title='bbox 1377 2182 1576 2253; x_wconf 86' lang='lat' dir='ltr'>judice</span> <span class='ocrx_word' id='word_1_146' title='bbox 1601 2181 1908 2254; x_wconf 88' lang='lat' dir='ltr'>Cypriane,</span> <span class='ocrx_word' id='word_1_147' title='bbox 1931 2179 2170 2251; x_wconf 86' lang='lat' dir='ltr'>Stepha-</span> 
     </span>
    </p>
   </div>
   <div class='ocr_carea' id='block_1_24' title="bbox 523 2267 2170 2343">
    <p class='ocr_par' dir='ltr' id='par_1_24' title="bbox 523 2267 2170 2343">
     <span class='ocr_line' id='line_1_24' title="bbox 523 2267 2170 2343; baseline -0.003 -15"><span class='ocrx_word' id='word_1_148' title='bbox 523 2290 667 2328; x_wconf 89' lang='lat' dir='ltr'>num</span> <span class='ocrx_word' id='word_1_149' title='bbox 695 2272 848 2326; x_wconf 85' lang='lat' dir='ltr'>inter</span> <span class='ocrx_word' id='word_1_150' title='bbox 876 2271 1146 2343; x_wconf 87' lang='lat' dir='ltr'>etipsum</span> <span class='ocrx_word' id='word_1_151' title='bbox 1201 2271 1656 2342; x_wconf 84' lang='lat' dir='ltr'>disputabatur;</span> <span class='ocrx_word' id='word_1_152' title='bbox 1707 2287 1779 2325; x_wconf 90' lang='lat' dir='ltr'>en</span> <span class='ocrx_word' id='word_1_153' title='bbox 1826 2270 2002 2324; x_wconf 88' lang='lat' dir='ltr'>verba</span> <span class='ocrx_word' id='word_1_154' title='bbox 2070 2267 2170 2341; x_wconf 87' lang='lat' dir='ltr'>Cy-</span> 
     </span>
    </p>
   </div>
   <div class='ocr_carea' id='block_1_25' title="bbox 525 2357 2169 2433">
    <p class='ocr_par' dir='ltr' id='par_1_25' title="bbox 525 2357 2169 2433">
     <span class='ocr_line' id='line_1_25' title="bbox 525 2357 2169 2433; baseline -0.002 -17"><span class='ocrx_word' id='word_1_155' title='bbox 525 2360 715 2433; x_wconf 90' lang='lat' dir='ltr'>priani</span> <span class='ocrx_word' id='word_1_156' title='bbox 739 2361 797 2415; x_wconf 94' lang='lat' dir='ltr'>in</span> <span class='ocrx_word' id='word_1_157' title='bbox 829 2359 999 2430; x_wconf 88' lang='lat' dir='ltr'>epist.</span> <span class='ocrx_word' id='word_1_158' title='bbox 1030 2360 1122 2426; x_wconf 82' lang='grc'>74,</span> <span class='ocrx_word' id='word_1_159' title='bbox 1153 2360 1226 2414; x_wconf 80' lang='lat' dir='ltr'>ad</span> <span class='ocrx_word' id='word_1_160' title='bbox 1262 2361 1582 2431; x_wconf 76' lang='lat' dir='ltr'>Pompeium</span> <span class='ocrx_word' id='word_1_161' title='bbox 1615 2377 1627 2414; x_wconf 94' lang='lat'>:</span> <span class='ocrx_word' id='word_1_162' title='bbox 1667 2382 1688 2405; x_wconf 75' lang='grc' dir='ltr'><strong><em>α</em></strong></span> <span class='ocrx_word' id='word_1_163' title='bbox 1715 2357 1991 2414; x_wconf 60' lang='lat' dir='ltr'>Praeclara</span> <span class='ocrx_word' id='word_1_164' title='bbox 2027 2373 2169 2412; x_wconf 86' lang='lat' dir='ltr'>sane</span> 
     </span>
    </p>
   </div>
   <div class='ocr_carea' id='block_1_26' title="bbox 529 2448 2169 2521">
    <p class='ocr_par' dir='ltr' id='par_1_26' title="bbox 529 2448 2169 2521">
     <span class='ocr_line' id='line_1_26' title="bbox 529 2448 2169 2521; baseline -0.003 -15"><span class='ocrx_word' id='word_1_165' title='bbox 529 2454 586 2506; x_wconf 88' lang='lat' dir='ltr'>et</span> <span class='ocrx_word' id='word_1_166' title='bbox 616 2448 878 2520; x_wconf 86' lang='lat' dir='ltr'>legitima</span> <span class='ocrx_word' id='word_1_167' title='bbox 907 2449 1140 2504; x_wconf 89' lang='lat' dir='ltr'>traditio</span> <span class='ocrx_word' id='word_1_168' title='bbox 1172 2450 1465 2521; x_wconf 85' lang='lat' dir='ltr'>Stephano</span> <span class='ocrx_word' id='word_1_169' title='bbox 1496 2451 1666 2505; x_wconf 80' lang='lat' dir='ltr'>fratre</span> <span class='ocrx_word' id='word_1_170' title='bbox 1706 2454 1904 2504; x_wconf 90' lang='lat' dir='ltr'>nostro</span> <span class='ocrx_word' id='word_1_171' title='bbox 1926 2449 2169 2502; x_wconf 89' lang='lat' dir='ltr'>docente</span> 
     </span>
    </p>
   </div>
   <div class='ocr_carea' id='block_1_27' title="bbox 530 2538 2171 2610">
    <p class='ocr_par' dir='ltr' id='par_1_27' title="bbox 530 2538 2171 2610">
     <span class='ocr_line' id='line_1_27' title="bbox 530 2538 2171 2610; baseline -0.001 -18"><span class='ocrx_word' id='word_1_172' title='bbox 530 2538 898 2610; x_wconf 90' lang='lat' dir='ltr'>proponitur,</span> <span class='ocrx_word' id='word_1_173' title='bbox 932 2555 1058 2609; x_wconf 65' lang='lat' dir='ltr'>quae</span> <span class='ocrx_word' id='word_1_174' title='bbox 1089 2539 1492 2594; x_wconf 86' lang='lat' dir='ltr'>auctoritatem</span> <span class='ocrx_word' id='word_1_175' title='bbox 1523 2538 1688 2594; x_wconf 87' lang='lat' dir='ltr'>nobis</span> <span class='ocrx_word' id='word_1_176' title='bbox 1728 2538 1997 2593; x_wconf 88' lang='lat' dir='ltr'>idoneam</span> <span class='ocrx_word' id='word_1_177' title='bbox 2033 2553 2171 2608; x_wconf 81' lang='lat' dir='ltr'>prae-</span> 
     </span>
    </p>
   </div>
   <div class='ocr_carea' id='block_1_28' title="bbox 531 2626 2172 2699">
    <p class='ocr_par' dir='ltr' id='par_1_28' title="bbox 531 2626 2172 2699">
     <span class='ocr_line' id='line_1_28' title="bbox 531 2626 2172 2699; baseline -0.001 -18"><span class='ocrx_word' id='word_1_178' title='bbox 531 2627 663 2683; x_wconf 86' lang='lat' dir='ltr'>beat</span> <span class='ocrx_word' id='word_1_179' title='bbox 697 2644 710 2696; x_wconf 90' lang='lat'><strong>;</strong></span> <span class='ocrx_word' id='word_1_180' title='bbox 741 2644 872 2682; x_wconf 89' lang='lat' dir='ltr'>nam</span> <span class='ocrx_word' id='word_1_181' title='bbox 907 2627 966 2682; x_wconf 90' lang='lat' dir='ltr'>in</span> <span class='ocrx_word' id='word_1_182' title='bbox 997 2628 1196 2683; x_wconf 85' lang='lat' dir='ltr'>eodem</span> <span class='ocrx_word' id='word_1_183' title='bbox 1247 2627 1372 2683; x_wconf 89' lang='lat' dir='ltr'>loco</span> <span class='ocrx_word' id='word_1_184' title='bbox 1403 2628 1659 2699; x_wconf 65' lang='lat' dir='ltr'>epistola:</span> <span class='ocrx_word' id='word_1_185' title='bbox 1709 2645 1827 2682; x_wconf 72' lang='lat' dir='ltr'>suae</span> <span class='ocrx_word' id='word_1_186' title='bbox 1861 2626 2086 2681; x_wconf 85' lang='lat' dir='ltr'>addidit</span> <span class='ocrx_word' id='word_1_187' title='bbox 2115 2629 2172 2680; x_wconf 90' lang='lat' dir='ltr'>et</span> 
     </span>
    </p>
   </div>
   <div class='ocr_carea' id='block_1_29' title="bbox 529 2715 2172 2788">
    <p class='ocr_par' dir='ltr' id='par_1_29' title="bbox 529 2715 2172 2788">
     <span class='ocr_line' id='line_1_29' title="bbox 529 2715 2172 2788; baseline 0 -17"><span class='ocrx_word' id='word_1_188' title='bbox 529 2715 760 2785; x_wconf 84' lang='lat' dir='ltr'>adjecit,</span> <span class='ocrx_word' id='word_1_189' title='bbox 785 2732 917 2770; x_wconf 85' lang='lat' dir='ltr'>cum</span> <span class='ocrx_word' id='word_1_190' title='bbox 942 2715 1054 2786; x_wconf 86' lang='lat' dir='ltr'>ipsi</span> <span class='ocrx_word' id='word_1_191' title='bbox 1081 2716 1334 2772; x_wconf 63' lang='lat' dir='ltr'>haretici</span> <span class='ocrx_word' id='word_1_192' title='bbox 1375 2718 1604 2788; x_wconf 88' lang='lat' dir='ltr'>proprie</span> <span class='ocrx_word' id='word_1_193' title='bbox 1634 2716 1979 2771; x_wconf 85' lang='lat' dir='ltr'>alterutrum</span> <span class='ocrx_word' id='word_1_194' title='bbox 2006 2716 2077 2770; x_wconf 87' lang='lat' dir='ltr'>ad</span> <span class='ocrx_word' id='word_1_195' title='bbox 2109 2731 2172 2771; x_wconf 83' lang='lat' dir='ltr'>se</span> 
     </span>
    </p>
   </div>
   <div class='ocr_carea' id='block_1_30' title="bbox 525 2804 2166 2876">
    <p class='ocr_par' dir='ltr' id='par_1_30' title="bbox 525 2804 2166 2876">
     <span class='ocr_line' id='line_1_30' title="bbox 525 2804 2166 2876; baseline 0 -18"><span class='ocrx_word' id='word_1_196' title='bbox 525 2804 820 2859; x_wconf 87' lang='lat' dir='ltr'>venientes</span> <span class='ocrx_word' id='word_1_197' title='bbox 852 2821 968 2858; x_wconf 91' lang='lat' dir='ltr'>non</span> <span class='ocrx_word' id='word_1_198' title='bbox 987 2804 1303 2876; x_wconf 90' lang='lat' dir='ltr'>baptizent,</span> <span class='ocrx_word' id='word_1_199' title='bbox 1329 2806 1429 2860; x_wconf 91' lang='lat' dir='ltr'>sed</span> <span class='ocrx_word' id='word_1_200' title='bbox 1449 2805 1884 2860; x_wconf 86' lang='lat' dir='ltr'>communicent</span> <span class='ocrx_word' id='word_1_201' title='bbox 1907 2809 2166 2872; x_wconf 87' lang='lat' dir='ltr'>tantum;</span> 
     </span>
    </p>
   </div>
   <div class='ocr_carea' id='block_1_31' title="bbox 527 2891 2174 2950">
    <p class='ocr_par' dir='ltr' id='par_1_31' title="bbox 527 2891 2174 2950">
     <span class='ocr_line' id='line_1_31' title="bbox 527 2891 2174 2950; baseline 0 -2"><span class='ocrx_word' id='word_1_202' title='bbox 527 2893 598 2948; x_wconf 86' lang='lat' dir='ltr'>ad</span> <span class='ocrx_word' id='word_1_203' title='bbox 629 2891 738 2947; x_wconf 91' lang='lat' dir='ltr'>hoc</span> <span class='ocrx_word' id='word_1_204' title='bbox 766 2892 921 2947; x_wconf 89' lang='lat' dir='ltr'>enim</span> <span class='ocrx_word' id='word_1_205' title='bbox 956 2892 1243 2948; x_wconf 90' lang='lat' dir='ltr'>malorum</span> <span class='ocrx_word' id='word_1_206' title='bbox 1276 2893 1547 2950; x_wconf 87' lang='lat' dir='ltr'>devoluta</span> <span class='ocrx_word' id='word_1_207' title='bbox 1573 2898 1661 2949; x_wconf 83' lang='lat' dir='ltr'>est</span> <span class='ocrx_word' id='word_1_208' title='bbox 1695 2892 1952 2948; x_wconf 85' lang='lat' dir='ltr'>Ecclesia</span> <span class='ocrx_word' id='word_1_209' title='bbox 1981 2893 2080 2948; x_wconf 90' lang='lat' dir='ltr'>Dei</span> <span class='ocrx_word' id='word_1_210' title='bbox 2116 2897 2174 2948; x_wconf 90' lang='lat' dir='ltr'>et</span> 
     </span>
    </p>
   </div>
   <div class='ocr_carea' id='block_1_32' title="bbox 527 2981 2169 3055">
    <p class='ocr_par' dir='ltr' id='par_1_32' title="bbox 527 2981 2169 3055">
     <span class='ocr_line' id='line_1_32' title="bbox 527 2981 2169 3055; baseline 0.001 -19"><span class='ocrx_word' id='word_1_211' title='bbox 527 2999 744 3054; x_wconf 90' lang='lat' dir='ltr'>sponsa</span> <span class='ocrx_word' id='word_1_212' title='bbox 773 2981 988 3040; x_wconf 85' lang='lat' dir='ltr'>Christi</span> <span class='ocrx_word' id='word_1_213' title='bbox 1016 2987 1078 3038; x_wconf 90' lang='lat' dir='ltr'>ut</span> <span class='ocrx_word' id='word_1_214' title='bbox 1119 2983 1524 3038; x_wconf 71' lang='lat' dir='ltr'>haereticorum</span> <span class='ocrx_word' id='word_1_215' title='bbox 1585 2982 1848 3055; x_wconf 82' lang='lat' dir='ltr'>exempla</span> <span class='ocrx_word' id='word_1_216' title='bbox 1897 2988 2169 3050; x_wconf 89' lang='lat' dir='ltr'>sectetur,</span> 
     </span>
    </p>
   </div>
   <div class='ocr_carea' id='block_1_33' title="bbox 529 3070 2174 3142">
    <p class='ocr_par' dir='ltr' id='par_1_33' title="bbox 529 3070 2174 3142">
     <span class='ocr_line' id='line_1_33' title="bbox 529 3070 2174 3142; baseline 0 -17"><span class='ocrx_word' id='word_1_217' title='bbox 529 3076 594 3126; x_wconf 91' lang='lat' dir='ltr'>ut</span> <span class='ocrx_word' id='word_1_218' title='bbox 621 3071 694 3126; x_wconf 90' lang='lat' dir='ltr'>ad</span> <span class='ocrx_word' id='word_1_219' title='bbox 725 3070 1075 3126; x_wconf 89' lang='lat' dir='ltr'>celebranda</span> <span class='ocrx_word' id='word_1_220' title='bbox 1131 3077 1498 3128; x_wconf 88' lang='lat' dir='ltr'>sacramenta</span> <span class='ocrx_word' id='word_1_221' title='bbox 1527 3072 1781 3127; x_wconf 59' lang='lat' dir='ltr'>caelestia</span> <span class='ocrx_word' id='word_1_222' title='bbox 1819 3071 2174 3142; x_wconf 73' lang='lat' dir='ltr'>disciplinam</span> 
     </span>
    </p>
   </div>
   <div class='ocr_carea' id='block_1_34' title="bbox 524 3159 2170 3218">
    <p class='ocr_par' dir='ltr' id='par_1_34' title="bbox 524 3159 2170 3218">
     <span class='ocr_line' id='line_1_34' title="bbox 524 3159 2170 3218; baseline -0.001 -4"><span class='ocrx_word' id='word_1_223' title='bbox 524 3162 638 3214; x_wconf 83' lang='lat' dir='ltr'>Jux</span> <span class='ocrx_word' id='word_1_224' title='bbox 666 3159 738 3214; x_wconf 91' lang='lat' dir='ltr'>de</span> <span class='ocrx_word' id='word_1_225' title='bbox 767 3159 1022 3216; x_wconf 87' lang='lat' dir='ltr'>tenebris</span> <span class='ocrx_word' id='word_1_226' title='bbox 1047 3165 1349 3217; x_wconf 88' lang='lat' dir='ltr'>mutuetur</span> <span class='ocrx_word' id='word_1_227' title='bbox 1377 3167 1435 3218; x_wconf 91' lang='lat' dir='ltr'>et</span> <span class='ocrx_word' id='word_1_228' title='bbox 1487 3161 1547 3217; x_wconf 90' lang='lat' dir='ltr'>id</span> <span class='ocrx_word' id='word_1_229' title='bbox 1588 3161 1804 3216; x_wconf 83' lang='lat' dir='ltr'>faciant</span> <span class='ocrx_word' id='word_1_230' title='bbox 1854 3159 2170 3217; x_wconf 87' lang='lat' dir='ltr'>Christiani</span> 
     </span>
    </p>
   </div>
   <div class='ocr_carea' id='block_1_35' title="bbox 531 3247 1392 3320">
    <p class='ocr_par' dir='ltr' id='par_1_35' title="bbox 531 3247 1392 3320">
     <span class='ocr_line' id='line_1_35' title="bbox 531 3247 1392 3320; baseline -0.002 -18"><span class='ocrx_word' id='word_1_231' title='bbox 531 3248 688 3320; x_wconf 86' lang='lat' dir='ltr'>quod</span> <span class='ocrx_word' id='word_1_232' title='bbox 719 3247 1046 3304; x_wconf 88' lang='lat' dir='ltr'>antichristi</span> <span class='ocrx_word' id='word_1_233' title='bbox 1088 3250 1328 3306; x_wconf 89' lang='lat' dir='ltr'>faciunt.</span> <span class='ocrx_word' id='word_1_234' title='bbox 1363 3272 1392 3301; x_wconf 84' lang='lat'><strong>»</strong></span> 
     </span>
    </p>
   </div>
   <div class='ocr_carea' id='block_1_36' title="bbox 594 3345 2172 3421">
    <p class='ocr_par' dir='ltr' id='par_1_36' title="bbox 594 3345 2172 3421">
     <span class='ocr_line' id='line_1_36' title="bbox 594 3345 2172 3421; baseline 0.001 -20"><span class='ocrx_word' id='word_1_235' title='bbox 594 3346 688 3401; x_wconf 86' lang='lat' dir='ltr'>VI.</span> <span class='ocrx_word' id='word_1_236' title='bbox 722 3345 778 3401; x_wconf 89' lang='lat' dir='ltr'>Si</span> <span class='ocrx_word' id='word_1_237' title='bbox 800 3347 1198 3404; x_wconf 83' lang='lat' dir='ltr'>existimasset</span> <span class='ocrx_word' id='word_1_238' title='bbox 1226 3348 1550 3421; x_wconf 88' lang='lat' dir='ltr'>Cyprianus</span> <span class='ocrx_word' id='word_1_239' title='bbox 1607 3347 1886 3420; x_wconf 88' lang='lat' dir='ltr'>Stephani</span> <span class='ocrx_word' id='word_1_240' title='bbox 1927 3362 2172 3402; x_wconf 86' lang='lat' dir='ltr'>consue-</span> 
     </span>
    </p>
   </div>
   <div class='ocr_carea' id='block_1_37' title="bbox 524 3435 2174 3509">
    <p class='ocr_par' dir='ltr' id='par_1_37' title="bbox 524 3435 2174 3509">
     <span class='ocr_line' id='line_1_37' title="bbox 524 3435 2174 3509; baseline -0.002 -17"><span class='ocrx_word' id='word_1_241' title='bbox 524 3436 791 3493; x_wconf 90' lang='lat' dir='ltr'>tudinem</span> <span class='ocrx_word' id='word_1_242' title='bbox 825 3437 952 3492; x_wconf 91' lang='lat' dir='ltr'>sine</span> <span class='ocrx_word' id='word_1_243' title='bbox 984 3437 1292 3508; x_wconf 90' lang='lat' dir='ltr'>dispendie</span> <span class='ocrx_word' id='word_1_244' title='bbox 1333 3437 1598 3494; x_wconf 91' lang='lat' dir='ltr'>catholici</span> <span class='ocrx_word' id='word_1_245' title='bbox 1635 3437 1928 3509; x_wconf 86' lang='lat' dir='ltr'>dogmatis</span> <span class='ocrx_word' id='word_1_246' title='bbox 1959 3435 2174 3492; x_wconf 89' lang='lat' dir='ltr'>servari</span> 
     </span>
    </p>
   </div>
   <div class='ocr_carea' id='block_1_38' title="bbox 527 3524 2176 3598">
    <p class='ocr_par' dir='ltr' id='par_1_38' title="bbox 527 3524 2176 3598">
     <span class='ocr_line' id='line_1_38' title="bbox 527 3524 2176 3598; baseline -0.001 -18"><span class='ocrx_word' id='word_1_247' title='bbox 527 3541 642 3582; x_wconf 92' lang='lat' dir='ltr'>non</span> <span class='ocrx_word' id='word_1_248' title='bbox 675 3541 868 3597; x_wconf 89' lang='lat' dir='ltr'>posse,</span> <span class='ocrx_word' id='word_1_249' title='bbox 902 3525 1217 3581; x_wconf 90' lang='lat' dir='ltr'>dicendum</span> <span class='ocrx_word' id='word_1_250' title='bbox 1277 3525 1422 3582; x_wconf 90' lang='lat' dir='ltr'>foret</span> <span class='ocrx_word' id='word_1_251' title='bbox 1476 3527 1530 3581; x_wconf 94' lang='lat' dir='ltr'>S.</span> <span class='ocrx_word' id='word_1_252' title='bbox 1581 3525 1932 3598; x_wconf 86' lang='lat' dir='ltr'>Cyprianum</span> <span class='ocrx_word' id='word_1_253' title='bbox 1982 3524 2176 3579; x_wconf 84' lang='lat' dir='ltr'>existi-</span> 
     </span>
    </p>
   </div>
   <div class='ocr_carea' id='block_1_39' title="bbox 529 3613 2173 3686">
    <p class='ocr_par' dir='ltr' id='par_1_39' title="bbox 529 3613 2173 3686">
     <span class='ocr_line' id='line_1_39' title="bbox 529 3613 2173 3686; baseline -0.001 -17"><span class='ocrx_word' id='word_1_254' title='bbox 529 3630 725 3669; x_wconf 92' lang='lat' dir='ltr'>masse</span> <span class='ocrx_word' id='word_1_255' title='bbox 754 3614 967 3684; x_wconf 81' lang='lat' dir='ltr'>dogma</span> <span class='ocrx_word' id='word_1_256' title='bbox 995 3613 1347 3670; x_wconf 88' lang='lat' dir='ltr'>catholicum</span> <span class='ocrx_word' id='word_1_257' title='bbox 1377 3620 1518 3670; x_wconf 88' lang='lat' dir='ltr'>tunc</span> <span class='ocrx_word' id='word_1_258' title='bbox 1555 3614 1836 3686; x_wconf 88' lang='lat' dir='ltr'>temporis</span> <span class='ocrx_word' id='word_1_259' title='bbox 1876 3631 1908 3669; x_wconf 90' lang='lat' dir='ltr'>a</span> <span class='ocrx_word' id='word_1_260' title='bbox 1938 3614 1996 3669; x_wconf 90' lang='lat' dir='ltr'>S.</span> <span class='ocrx_word' id='word_1_261' title='bbox 2043 3613 2173 3668; x_wconf 87' lang='lat' dir='ltr'>Ste-</span> 
     </span>
    </p>
   </div>
   <div class='ocr_carea' id='block_1_40' title="bbox 527 3701 2172 3775">
    <p class='ocr_par' dir='ltr' id='par_1_40' title="bbox 527 3701 2172 3775">
     <span class='ocr_line' id='line_1_40' title="bbox 527 3701 2172 3775; baseline 0.001 -19"><span class='ocrx_word' id='word_1_262' title='bbox 527 3701 722 3774; x_wconf 87' lang='lat' dir='ltr'>phano</span> <span class='ocrx_word' id='word_1_263' title='bbox 748 3701 1009 3758; x_wconf 81' lang='lat' dir='ltr'>Remane</span> <span class='ocrx_word' id='word_1_264' title='bbox 1041 3703 1313 3774; x_wconf 82' lang='lat' dir='ltr'>pontifice</span> <span class='ocrx_word' id='word_1_265' title='bbox 1344 3708 1399 3759; x_wconf 90' lang='lat' dir='ltr'>et</span> <span class='ocrx_word' id='word_1_266' title='bbox 1421 3721 1454 3759; x_wconf 91' lang='lat' dir='ltr'>a</span> <span class='ocrx_word' id='word_1_267' title='bbox 1482 3702 1652 3775; x_wconf 90' lang='lat' dir='ltr'>longe</span> <span class='ocrx_word' id='word_1_268' title='bbox 1703 3703 1907 3774; x_wconf 87' lang='lat' dir='ltr'>majori</span> <span class='ocrx_word' id='word_1_269' title='bbox 1949 3703 2172 3774; x_wconf 85' lang='lat' dir='ltr'>episce-</span> 
     </span>
    </p>
   </div>
   <div class='ocr_carea' id='block_1_41' title="bbox 527 3790 2174 3864">
    <p class='ocr_par' dir='ltr' id='par_1_41' title="bbox 527 3790 2174 3864">
     <span class='ocr_line' id='line_1_41' title="bbox 527 3790 2174 3864; baseline -0.001 -18"><span class='ocrx_word' id='word_1_270' title='bbox 527 3807 736 3862; x_wconf 90' lang='lat' dir='ltr'>perum</span> <span class='ocrx_word' id='word_1_271' title='bbox 768 3795 951 3863; x_wconf 87' lang='lat' dir='ltr'>parte,</span> <span class='ocrx_word' id='word_1_272' title='bbox 974 3791 1298 3864; x_wconf 89' lang='lat' dir='ltr'>antiquitus</span> <span class='ocrx_word' id='word_1_273' title='bbox 1329 3809 1458 3848; x_wconf 91' lang='lat' dir='ltr'>vero</span> <span class='ocrx_word' id='word_1_274' title='bbox 1489 3793 1560 3847; x_wconf 91' lang='lat' dir='ltr'>ab</span> <span class='ocrx_word' id='word_1_275' title='bbox 1592 3792 1864 3847; x_wconf 90' lang='lat' dir='ltr'>omnibus</span> <span class='ocrx_word' id='word_1_276' title='bbox 1884 3790 2174 3863; x_wconf 90' lang='lat' dir='ltr'>episeepis</span> 
     </span>
    </p>
   </div>
   <div class='ocr_carea' id='block_1_42' title="bbox 527 3879 2174 3953">
    <p class='ocr_par' dir='ltr' id='par_1_42' title="bbox 527 3879 2174 3953">
     <span class='ocr_line' id='line_1_42' title="bbox 527 3879 2174 3953; baseline 0.001 -18"><span class='ocrx_word' id='word_1_277' title='bbox 527 3879 834 3936; x_wconf 89' lang='lat' dir='ltr'>catholicis</span> <span class='ocrx_word' id='word_1_278' title='bbox 855 3879 1186 3953; x_wconf 89' lang='lat' dir='ltr'>impetitum</span> <span class='ocrx_word' id='word_1_279' title='bbox 1215 3882 1394 3937; x_wconf 90' lang='lat' dir='ltr'>fuisse</span> <span class='ocrx_word' id='word_1_280' title='bbox 1419 3899 1432 3948; x_wconf 85' lang='lat'><strong>;</strong></span> <span class='ocrx_word' id='word_1_281' title='bbox 1455 3886 1689 3936; x_wconf 88' lang='lat' dir='ltr'>neverat</span> <span class='ocrx_word' id='word_1_282' title='bbox 1716 3881 1893 3951; x_wconf 90' lang='lat' dir='ltr'>enim,</span> <span class='ocrx_word' id='word_1_283' title='bbox 1929 3886 1994 3935; x_wconf 90' lang='lat' dir='ltr'>ut</span> <span class='ocrx_word' id='word_1_284' title='bbox 2023 3881 2174 3936; x_wconf 90' lang='lat' dir='ltr'>infra</span> 
     </span>
    </p>
   </div>
   <div class='ocr_carea' id='block_1_43' title="bbox 528 3969 2176 4042">
    <p class='ocr_par' dir='ltr' id='par_1_43' title="bbox 528 3969 2176 4042">
     <span class='ocr_line' id='line_1_43' title="bbox 528 3969 2176 4042; baseline 0.001 -19"><span class='ocrx_word' id='word_1_285' title='bbox 528 3969 929 4040; x_wconf 88' lang='lat' dir='ltr'>probabimus,</span> <span class='ocrx_word' id='word_1_286' title='bbox 980 3971 1188 4026; x_wconf 77' lang='lat' dir='ltr'>I330</span> <span class='ocrx_word' id='word_1_287' title='bbox 1246 3988 1422 4042; x_wconf 89' lang='lat' dir='ltr'>quam</span> <span class='ocrx_word' id='word_1_288' title='bbox 1479 3971 1807 4040; x_wconf 88' lang='lat' dir='ltr'>Stephanus</span> <span class='ocrx_word' id='word_1_289' title='bbox 1845 3970 2176 4024; x_wconf 89' lang='lat' dir='ltr'>vindicabat</span> 
     </span>
    </p>
   </div>
   <div class='ocr_carea' id='block_1_44' title="bbox 527 4059 2174 4131">
    <p class='ocr_par' dir='ltr' id='par_1_44' title="bbox 527 4059 2174 4131">
     <span class='ocr_line' id='line_1_44' title="bbox 527 4059 2174 4131; baseline 0.001 -19"><span class='ocrx_word' id='word_1_290' title='bbox 527 4060 1012 4114; x_wconf 89' lang='lat' dir='ltr'>consuetudinem</span> <span class='ocrx_word' id='word_1_291' title='bbox 1045 4076 1078 4114; x_wconf 90' lang='lat' dir='ltr'>a</span> <span class='ocrx_word' id='word_1_292' title='bbox 1119 4059 1289 4131; x_wconf 90' lang='lat' dir='ltr'>longe</span> <span class='ocrx_word' id='word_1_293' title='bbox 1319 4059 1525 4131; x_wconf 84' lang='lat' dir='ltr'>majori</span> <span class='ocrx_word' id='word_1_294' title='bbox 1574 4060 1978 4131; x_wconf 81' lang='lat' dir='ltr'>episcoporum</span> <span class='ocrx_word' id='word_1_295' title='bbox 2015 4063 2174 4129; x_wconf 86' lang='lat' dir='ltr'>parte</span> 
     </span>
    </p>
   </div>
   <div class='ocr_carea' id='block_1_45' title="bbox 526 4147 2174 4222">
    <p class='ocr_par' dir='ltr' id='par_1_45' title="bbox 526 4147 2174 4222">
     <span class='ocr_line' id='line_1_45' title="bbox 526 4147 2174 4222; baseline 0.001 -20"><span class='ocrx_word' id='word_1_296' title='bbox 526 4151 667 4202; x_wconf 90' lang='lat' dir='ltr'>tunc</span> <span class='ocrx_word' id='word_1_297' title='bbox 688 4147 972 4219; x_wconf 91' lang='lat' dir='ltr'>temporis</span> <span class='ocrx_word' id='word_1_298' title='bbox 1001 4164 1129 4204; x_wconf 91' lang='lat' dir='ltr'>esse</span> <span class='ocrx_word' id='word_1_299' title='bbox 1174 4153 1491 4221; x_wconf 86' lang='lat' dir='ltr'>receptam,</span> <span class='ocrx_word' id='word_1_300' title='bbox 1539 4148 1867 4222; x_wconf 91' lang='lat' dir='ltr'>antiquitus</span> <span class='ocrx_word' id='word_1_301' title='bbox 1915 4164 2046 4203; x_wconf 92' lang='lat' dir='ltr'>vero</span> <span class='ocrx_word' id='word_1_302' title='bbox 2104 4147 2174 4203; x_wconf 89' lang='lat' dir='ltr'>ab</span> 
     </span>
    </p>
   </div>
   <div class='ocr_carea' id='block_1_46' title="bbox 527 4236 2176 4308">
    <p class='ocr_par' dir='ltr' id='par_1_46' title="bbox 527 4236 2176 4308">
     <span class='ocr_line' id='line_1_46' title="bbox 527 4236 2176 4308; baseline 0 -17"><span class='ocrx_word' id='word_1_303' title='bbox 527 4236 802 4291; x_wconf 91' lang='lat' dir='ltr'>omnibus</span> <span class='ocrx_word' id='word_1_304' title='bbox 857 4237 1144 4308; x_wconf 87' lang='lat' dir='ltr'>episcopis</span> <span class='ocrx_word' id='word_1_305' title='bbox 1194 4242 1483 4294; x_wconf 89' lang='lat' dir='ltr'>servatam</span> <span class='ocrx_word' id='word_1_306' title='bbox 1537 4237 1740 4294; x_wconf 90' lang='lat' dir='ltr'>fuisse.</span> <span class='ocrx_word' id='word_1_307' title='bbox 1784 4237 2000 4294; x_wconf 88' lang='lat' dir='ltr'>Verum</span> <span class='ocrx_word' id='word_1_308' title='bbox 2041 4236 2176 4307; x_wconf 90' lang='lat' dir='ltr'>quis</span> 
     </span>
    </p>
   </div>
   <div class='ocr_carea' id='block_1_47' title="bbox 528 4323 2177 4399">
    <p class='ocr_par' dir='ltr' id='par_1_47' title="bbox 528 4323 2177 4399">
     <span class='ocr_line' id='line_1_47' title="bbox 528 4323 2177 4399; baseline 0.001 -20"><span class='ocrx_word' id='word_1_309' title='bbox 528 4323 958 4380; x_wconf 89' lang='lat' dir='ltr'>Catholicorum</span> <span class='ocrx_word' id='word_1_310' title='bbox 984 4325 1106 4382; x_wconf 67' lang='lat' dir='ltr'>hec</span> <span class='ocrx_word' id='word_1_311' title='bbox 1148 4326 1438 4399; x_wconf 87' lang='lat' dir='ltr'>impingat</span> <span class='ocrx_word' id='word_1_312' title='bbox 1474 4331 1635 4383; x_wconf 89' lang='lat' dir='ltr'>tante</span> <span class='ocrx_word' id='word_1_313' title='bbox 1665 4326 1893 4382; x_wconf 88' lang='lat' dir='ltr'>Doctori</span> <span class='ocrx_word' id='word_1_314' title='bbox 1925 4327 1953 4381; x_wconf 83' lang='lat'><strong>?</strong></span> <span class='ocrx_word' id='word_1_315' title='bbox 1984 4330 2177 4381; x_wconf 77' lang='lat' dir='ltr'>Fatea-</span> 
     </span>
    </p>
   </div>
   <div class='ocr_carea' id='block_1_48' title="bbox 528 4412 2178 4489">
    <p class='ocr_par' dir='ltr' id='par_1_48' title="bbox 528 4412 2178 4489">
     <span class='ocr_line' id='line_1_48' title="bbox 528 4412 2178 4489; baseline 0.002 -22"><span class='ocrx_word' id='word_1_316' title='bbox 528 4412 608 4468; x_wconf 93' lang='lat' dir='ltr'>ris</span> <span class='ocrx_word' id='word_1_317' title='bbox 632 4429 766 4485; x_wconf 86' lang='lat' dir='ltr'>ergo</span> <span class='ocrx_word' id='word_1_318' title='bbox 798 4430 1035 4471; x_wconf 89' lang='lat' dir='ltr'>necesse</span> <span class='ocrx_word' id='word_1_319' title='bbox 1091 4419 1180 4471; x_wconf 89' lang='lat' dir='ltr'>est</span> <span class='ocrx_word' id='word_1_320' title='bbox 1232 4415 1383 4472; x_wconf 90' lang='lat' dir='ltr'>hanc</span> <span class='ocrx_word' id='word_1_321' title='bbox 1432 4416 1718 4489; x_wconf 88' lang='lat' dir='ltr'>Cypriane</span> <span class='ocrx_word' id='word_1_322' title='bbox 1765 4415 1950 4472; x_wconf 85' lang='lat' dir='ltr'>visam</span> <span class='ocrx_word' id='word_1_323' title='bbox 1997 4415 2178 4472; x_wconf 87' lang='lat' dir='ltr'>fuisse</span> 
     </span>
    </p>
   </div>
   <div class='ocr_carea' id='block_1_49' title="bbox 528 4502 1561 4575">
    <p class='ocr_par' dir='ltr' id='par_1_49' title="bbox 528 4502 1561 4575">
     <span class='ocr_line' id='line_1_49' title="bbox 528 4502 1561 4575; baseline 0.002 -17"><span class='ocrx_word' id='word_1_324' title='bbox 528 4518 702 4558; x_wconf 85' lang='lat' dir='ltr'>merae</span> <span class='ocrx_word' id='word_1_325' title='bbox 730 4502 1052 4575; x_wconf 64' lang='lat' dir='ltr'>disciplinae</span> <span class='ocrx_word' id='word_1_326' title='bbox 1083 4504 1561 4562; x_wconf 89' lang='lat' dir='ltr'>controversiam.</span> 
     </span>
    </p>
   </div>
   <div class='ocr_carea' id='block_1_50' title="bbox 2279 552 3819 626">
    <p class='ocr_par' dir='ltr' id='par_1_50' title="bbox 2279 552 3819 626">
     <span class='ocr_line' id='line_1_50' title="bbox 2279 552 3819 626; baseline 0.005 -15"><span class='ocrx_word' id='word_1_327' title='bbox 2279 557 2418 612; x_wconf 91' lang='lat' dir='ltr'>dare</span> <span class='ocrx_word' id='word_1_328' title='bbox 2447 559 2504 611; x_wconf 88' lang='lat' dir='ltr'>et</span> <span class='ocrx_word' id='word_1_329' title='bbox 2533 571 2632 611; x_wconf 90' lang='lat' dir='ltr'>eos</span> <span class='ocrx_word' id='word_1_330' title='bbox 2661 555 2758 626; x_wconf 89' lang='lat' dir='ltr'>qui</span> <span class='ocrx_word' id='word_1_331' title='bbox 2791 553 2861 610; x_wconf 90' lang='lat' dir='ltr'>ad</span> <span class='ocrx_word' id='word_1_332' title='bbox 2924 552 3238 608; x_wconf 85' lang='lat' dir='ltr'>Ecclesiam</span> <span class='ocrx_word' id='word_1_333' title='bbox 3285 552 3592 624; x_wconf 87' lang='lat' dir='ltr'>simpliciter</span> <span class='ocrx_word' id='word_1_334' title='bbox 3631 560 3819 618; x_wconf 85' lang='lat' dir='ltr'>admissi</span> 
     </span>
    </p>
   </div>
   <div class='ocr_carea' id='block_1_51' title="bbox 2279 641 3821 705">
    <p class='ocr_par' dir='ltr' id='par_1_51' title="bbox 2279 641 3821 705">
     <span class='ocr_line' id='line_1_51' title="bbox 2279 641 3821 705; baseline 0.004 -6"><span class='ocrx_word' id='word_1_335' title='bbox 2279 646 2340 700; x_wconf 92' lang='lat' dir='ltr'>in</span> <span class='ocrx_word' id='word_1_336' title='bbox 2370 644 2628 702; x_wconf 90' lang='lat' dir='ltr'>Ecclesia</span> <span class='ocrx_word' id='word_1_337' title='bbox 2657 641 3020 700; x_wconf 86' lang='lat' dir='ltr'>dormierunt</span> <span class='ocrx_word' id='word_1_338' title='bbox 3053 642 3124 697; x_wconf 86' lang='lat' dir='ltr'>ab</span> <span class='ocrx_word' id='word_1_339' title='bbox 3147 641 3398 698; x_wconf 76' lang='lat' dir='ltr'>Ecclesia:</span> <span class='ocrx_word' id='word_1_340' title='bbox 3427 661 3530 699; x_wconf 66' lang='lat' dir='ltr'>sua</span> <span class='ocrx_word' id='word_1_341' title='bbox 3552 649 3821 705; x_wconf 85' lang='lat' dir='ltr'>muneribus</span> 
     </span>
    </p>
   </div>
   <div class='ocr_carea' id='block_1_52' title="bbox 2279 731 3822 808">
    <p class='ocr_par' dir='ltr' id='par_1_52' title="bbox 2279 731 3822 808">
     <span class='ocr_line' id='line_1_52' title="bbox 2279 731 3822 808; baseline 0.003 -18"><span class='ocrx_word' id='word_1_342' title='bbox 2279 751 2394 790; x_wconf 91' lang='lat' dir='ltr'>non</span> <span class='ocrx_word' id='word_1_343' title='bbox 2430 751 2714 807; x_wconf 89' lang='lat' dir='ltr'>separare.</span> <span class='ocrx_word' id='word_1_344' title='bbox 2743 753 2768 784; x_wconf 74' lang='grc' dir='ltr'>ιι</span> <span class='ocrx_word' id='word_1_345' title='bbox 2808 731 2960 788; x_wconf 80' lang='lat' dir='ltr'>Audi</span> <span class='ocrx_word' id='word_1_346' title='bbox 2993 736 3048 788; x_wconf 88' lang='lat' dir='ltr'>et</span> <span class='ocrx_word' id='word_1_347' title='bbox 3081 732 3454 804; x_wconf 86' lang='lat' dir='ltr'>Augustinum</span> <span class='ocrx_word' id='word_1_348' title='bbox 3483 733 3532 788; x_wconf 91' lang='lat' dir='ltr'>id</span> <span class='ocrx_word' id='word_1_349' title='bbox 3573 737 3745 808; x_wconf 71' lang='lat' dir='ltr'>saepius</span> <span class='ocrx_word' id='word_1_350' title='bbox 3775 740 3822 795; x_wconf 84' lang='lat' dir='ltr'>de</span> 
     </span>
    </p>
   </div>
   <div class='ocr_carea' id='block_1_53' title="bbox 2279 822 3823 898">
    <p class='ocr_par' dir='ltr' id='par_1_53' title="bbox 2279 822 3823 898">
     <span class='ocr_line' id='line_1_53' title="bbox 2279 822 3823 898; baseline 0.001 -18"><span class='ocrx_word' id='word_1_351' title='bbox 2279 824 2564 897; x_wconf 90' lang='lat' dir='ltr'>Cypriane</span> <span class='ocrx_word' id='word_1_352' title='bbox 2595 827 2946 878; x_wconf 87' lang='lat' dir='ltr'>testantem:</span> <span class='ocrx_word' id='word_1_353' title='bbox 2984 845 3012 873; x_wconf 76' lang='grc' dir='ltr'>(ι</span> <span class='ocrx_word' id='word_1_354' title='bbox 3038 823 3181 878; x_wconf 88' lang='lat' dir='ltr'>Cum</span> <span class='ocrx_word' id='word_1_355' title='bbox 3239 822 3558 894; x_wconf 86' lang='lat' dir='ltr'>Cyprianus,</span> <span class='ocrx_word' id='word_1_356' title='bbox 3607 848 3624 873; x_wconf 80' lang='grc' dir='ltr'>ι</span> <span class='ocrx_word' id='word_1_357' title='bbox 3665 828 3823 898; x_wconf 89' lang='lat' dir='ltr'>inquit,</span> 
     </span>
    </p>
   </div>
   <div class='ocr_carea' id='block_1_54' title="bbox 2277 911 3825 987">
    <p class='ocr_par' dir='ltr' id='par_1_54' title="bbox 2277 911 3825 987">
     <span class='ocr_line' id='line_1_54' title="bbox 2277 911 3825 987; baseline 0.002 -20"><span class='ocrx_word' id='word_1_358' title='bbox 2277 912 2380 967; x_wconf 91' lang='lat' dir='ltr'>lib.</span> <span class='ocrx_word' id='word_1_359' title='bbox 2417 911 2551 969; x_wconf 85' lang='lat' dir='ltr'>nde</span> <span class='ocrx_word' id='word_1_360' title='bbox 2604 913 2799 984; x_wconf 83' lang='lat' dir='ltr'>Bapt.,</span> <span class='ocrx_word' id='word_1_361' title='bbox 2861 928 2987 984; x_wconf 90' lang='lat' dir='ltr'>cap.</span> <span class='ocrx_word' id='word_1_362' title='bbox 3059 911 3141 978; x_wconf 77' lang='lat'>13,</span> <span class='ocrx_word' id='word_1_363' title='bbox 3175 932 3203 960; x_wconf 85' lang='lat'><strong><em>«</em></strong></span> <span class='ocrx_word' id='word_1_364' title='bbox 3253 911 3602 967; x_wconf 87' lang='lat' dir='ltr'>arbitraretur</span> <span class='ocrx_word' id='word_1_365' title='bbox 3647 930 3725 969; x_wconf 85' lang='lat' dir='ltr'>eos</span> <span class='ocrx_word' id='word_1_366' title='bbox 3752 917 3825 987; x_wconf 88' lang='lat' dir='ltr'>qui</span> 
     </span>
    </p>
   </div>
   <div class='ocr_carea' id='block_1_55' title="bbox 2278 999 3826 1075">
    <p class='ocr_par' dir='ltr' id='par_1_55' title="bbox 2278 999 3826 1075">
     <span class='ocr_line' id='line_1_55' title="bbox 2278 999 3826 1075; baseline 0.001 -18"><span class='ocrx_word' id='word_1_367' title='bbox 2278 1007 2438 1058; x_wconf 88' lang='lat' dir='ltr'>extra</span> <span class='ocrx_word' id='word_1_368' title='bbox 2470 1001 2732 1057; x_wconf 69' lang='lat' dir='ltr'>Ecclesiae</span> <span class='ocrx_word' id='word_1_369' title='bbox 2765 999 3240 1056; x_wconf 87' lang='lat' dir='ltr'>communionem</span> <span class='ocrx_word' id='word_1_370' title='bbox 3281 1001 3826 1075; x_wconf 87' lang='lat' dir='ltr'>baptizarenturbapti-</span> 
     </span>
    </p>
   </div>
   <div class='ocr_carea' id='block_1_56' title="bbox 2278 1087 3824 1157">
    <p class='ocr_par' dir='ltr' id='par_1_56' title="bbox 2278 1087 3824 1157">
     <span class='ocr_line' id='line_1_56' title="bbox 2278 1087 3824 1157; baseline 0.001 -12"><span class='ocrx_word' id='word_1_371' title='bbox 2278 1107 2473 1145; x_wconf 90' lang='lat' dir='ltr'>smum</span> <span class='ocrx_word' id='word_1_372' title='bbox 2505 1107 2620 1146; x_wconf 91' lang='lat' dir='ltr'>non</span> <span class='ocrx_word' id='word_1_373' title='bbox 2644 1089 2878 1157; x_wconf 89' lang='lat' dir='ltr'>habere,</span> <span class='ocrx_word' id='word_1_374' title='bbox 2912 1087 3269 1146; x_wconf 89' lang='lat' dir='ltr'>crediditees</span> <span class='ocrx_word' id='word_1_375' title='bbox 3293 1095 3471 1144; x_wconf 90' lang='lat' dir='ltr'>tamen</span> <span class='ocrx_word' id='word_1_376' title='bbox 3499 1088 3550 1143; x_wconf 91' lang='lat' dir='ltr'>iu</span> <span class='ocrx_word' id='word_1_377' title='bbox 3581 1090 3824 1147; x_wconf 81' lang='lat' dir='ltr'>Ecclesiam</span> 
     </span>
    </p>
   </div>
   <div class='ocr_carea' id='block_1_57' title="bbox 2277 1177 3829 1252">
    <p class='ocr_par' dir='ltr' id='par_1_57' title="bbox 2277 1177 3829 1252">
     <span class='ocr_line' id='line_1_57' title="bbox 2277 1177 3829 1252; baseline -0.001 -16"><span class='ocrx_word' id='word_1_378' title='bbox 2277 1179 2624 1252; x_wconf 89' lang='lat' dir='ltr'>simpliciter</span> <span class='ocrx_word' id='word_1_379' title='bbox 2651 1179 2944 1236; x_wconf 87' lang='lat' dir='ltr'>admissos</span> <span class='ocrx_word' id='word_1_380' title='bbox 2975 1184 3212 1251; x_wconf 90' lang='lat' dir='ltr'>prepter</span> <span class='ocrx_word' id='word_1_381' title='bbox 3239 1177 3420 1251; x_wconf 90' lang='lat' dir='ltr'>ipsius</span> <span class='ocrx_word' id='word_1_382' title='bbox 3446 1178 3659 1234; x_wconf 87' lang='lat' dir='ltr'>unitatis</span> <span class='ocrx_word' id='word_1_383' title='bbox 3682 1180 3829 1236; x_wconf 86' lang='lat' dir='ltr'>vincu-</span> 
     </span>
    </p>
   </div>
   <div class='ocr_carea' id='block_1_58' title="bbox 2278 1267 3830 1340">
    <p class='ocr_par' dir='ltr' id='par_1_58' title="bbox 2278 1267 3830 1340">
     <span class='ocr_line' id='line_1_58' title="bbox 2278 1267 3830 1340; baseline 0.001 -18"><span class='ocrx_word' id='word_1_384' title='bbox 2278 1267 2401 1323; x_wconf 90' lang='lat' dir='ltr'>lum</span> <span class='ocrx_word' id='word_1_385' title='bbox 2465 1284 2637 1340; x_wconf 86' lang='lat' dir='ltr'>posse</span> <span class='ocrx_word' id='word_1_386' title='bbox 2694 1269 2765 1322; x_wconf 92' lang='lat' dir='ltr'>ad</span> <span class='ocrx_word' id='word_1_387' title='bbox 2808 1267 3040 1322; x_wconf 89' lang='lat' dir='ltr'>veniam</span> <span class='ocrx_word' id='word_1_388' title='bbox 3092 1267 3379 1339; x_wconf 88' lang='lat' dir='ltr'>pertinere</span> <span class='ocrx_word' id='word_1_389' title='bbox 3410 1285 3471 1334; x_wconf 87' lang='lat'>;»</span> <span class='ocrx_word' id='word_1_390' title='bbox 3516 1271 3565 1322; x_wconf 89' lang='lat' dir='ltr'>et</span> <span class='ocrx_word' id='word_1_391' title='bbox 3613 1284 3715 1339; x_wconf 88' lang='lat' dir='ltr'>cap.</span> <span class='ocrx_word' id='word_1_392' title='bbox 3750 1270 3830 1323; x_wconf 70' lang='lat' dir='ltr'>ti:</span> 
     </span>
    </p>
   </div>
   <div class='ocr_carea' id='block_1_59' title="bbox 2279 1356 3832 1430">
    <p class='ocr_par' dir='ltr' id='par_1_59' title="bbox 2279 1356 3832 1430">
     <span class='ocr_line' id='line_1_59' title="bbox 2279 1356 3832 1430; baseline 0.004 -24"><span class='ocrx_word' id='word_1_393' title='bbox 2279 1379 2307 1407; x_wconf 84' lang='lat'>«</span> <span class='ocrx_word' id='word_1_394' title='bbox 2341 1357 2400 1412; x_wconf 90' lang='lat' dir='ltr'>Si</span> <span class='ocrx_word' id='word_1_395' title='bbox 2423 1373 2559 1430; x_wconf 87' lang='lat' dir='ltr'>ergo</span> <span class='ocrx_word' id='word_1_396' title='bbox 2580 1357 2923 1430; x_wconf 89' lang='lat' dir='ltr'>Cyprianus,</span> <span class='ocrx_word' id='word_1_397' title='bbox 2959 1373 3103 1427; x_wconf 90' lang='lat' dir='ltr'>quos</span> <span class='ocrx_word' id='word_1_398' title='bbox 3143 1372 3270 1411; x_wconf 90' lang='lat' dir='ltr'>esse</span> <span class='ocrx_word' id='word_1_399' title='bbox 3325 1356 3443 1412; x_wconf 88' lang='lat' dir='ltr'>sine</span> <span class='ocrx_word' id='word_1_400' title='bbox 3495 1356 3741 1428; x_wconf 83' lang='lat' dir='ltr'>baptismo</span> <span class='ocrx_word' id='word_1_401' title='bbox 3764 1376 3832 1412; x_wconf 86' lang='lat' dir='ltr'>ar-</span> 
     </span>
    </p>
   </div>
   <div class='ocr_carea' id='block_1_60' title="bbox 2278 1443 3834 1518">
    <p class='ocr_par' dir='ltr' id='par_1_60' title="bbox 2278 1443 3834 1518">
     <span class='ocr_line' id='line_1_60' title="bbox 2278 1443 3834 1518; baseline -0.001 -15"><span class='ocrx_word' id='word_1_402' title='bbox 2278 1447 2627 1515; x_wconf 85' lang='lat' dir='ltr'>bitrabatur,</span> <span class='ocrx_word' id='word_1_403' title='bbox 2654 1452 2850 1503; x_wconf 89' lang='lat' dir='ltr'>tamen</span> <span class='ocrx_word' id='word_1_404' title='bbox 2877 1451 3115 1518; x_wconf 89' lang='lat' dir='ltr'>propter</span> <span class='ocrx_word' id='word_1_405' title='bbox 3137 1444 3377 1500; x_wconf 88' lang='lat' dir='ltr'>unitatis</span> <span class='ocrx_word' id='word_1_406' title='bbox 3404 1443 3668 1500; x_wconf 88' lang='lat' dir='ltr'>vinculum</span> <span class='ocrx_word' id='word_1_407' title='bbox 3695 1447 3748 1500; x_wconf 85' lang='lat' dir='ltr'>ad</span> <span class='ocrx_word' id='word_1_408' title='bbox 3774 1463 3834 1501; x_wconf 81' lang='lat' dir='ltr'>ve-</span> 
     </span>
    </p>
   </div>
   <div class='ocr_carea' id='block_1_61' title="bbox 2279 1535 3833 1608">
    <p class='ocr_par' dir='ltr' id='par_1_61' title="bbox 2279 1535 3833 1608">
     <span class='ocr_line' id='line_1_61' title="bbox 2279 1535 3833 1608; baseline -0.002 -16"><span class='ocrx_word' id='word_1_409' title='bbox 2279 1537 2436 1592; x_wconf 91' lang='lat' dir='ltr'>niam</span> <span class='ocrx_word' id='word_1_410' title='bbox 2470 1535 2762 1608; x_wconf 85' lang='lat' dir='ltr'>pertinere</span> <span class='ocrx_word' id='word_1_411' title='bbox 2812 1535 3203 1607; x_wconf 69' lang='lat' dir='ltr'>praesumebat</span> <span class='ocrx_word' id='word_1_412' title='bbox 3255 1551 3268 1600; x_wconf 85' lang='lat'><strong>;</strong></span> <span class='ocrx_word' id='word_1_413' title='bbox 3330 1557 3356 1583; x_wconf 85' lang='lat'><em>»</em></span> <span class='ocrx_word' id='word_1_414' title='bbox 3410 1539 3465 1589; x_wconf 87' lang='lat' dir='ltr'>et</span> <span class='ocrx_word' id='word_1_415' title='bbox 3491 1550 3605 1605; x_wconf 83' lang='lat' dir='ltr'>cap.</span> <span class='ocrx_word' id='word_1_416' title='bbox 3635 1535 3726 1589; x_wconf 76' lang='lat'>15&#39;.</span> <span class='ocrx_word' id='word_1_417' title='bbox 3756 1555 3770 1582; x_wconf 80' lang='grc' dir='ltr'>ι</span> <span class='ocrx_word' id='word_1_418' title='bbox 3794 1535 3833 1589; x_wconf 87' lang='lat' dir='ltr'>Si</span> 
     </span>
    </p>
   </div>
   <div class='ocr_carea' id='block_1_62' title="bbox 2277 1623 3832 1696">
    <p class='ocr_par' dir='ltr' id='par_1_62' title="bbox 2277 1623 3832 1696">
     <span class='ocr_line' id='line_1_62' title="bbox 2277 1623 3832 1696; baseline -0.001 -16"><span class='ocrx_word' id='word_1_419' title='bbox 2277 1625 2430 1680; x_wconf 90' lang='lat' dir='ltr'>enim</span> <span class='ocrx_word' id='word_1_420' title='bbox 2465 1643 2579 1681; x_wconf 92' lang='lat' dir='ltr'>non</span> <span class='ocrx_word' id='word_1_421' title='bbox 2631 1625 2926 1680; x_wconf 89' lang='lat' dir='ltr'>habebant</span> <span class='ocrx_word' id='word_1_422' title='bbox 2984 1624 3341 1696; x_wconf 89' lang='lat' dir='ltr'>baptismum</span> <span class='ocrx_word' id='word_1_423' title='bbox 3375 1623 3469 1695; x_wconf 90' lang='lat' dir='ltr'>qui</span> <span class='ocrx_word' id='word_1_424' title='bbox 3515 1623 3580 1678; x_wconf 91' lang='lat' dir='ltr'>ab</span> <span class='ocrx_word' id='word_1_425' title='bbox 3614 1623 3832 1678; x_wconf 63' lang='lat' dir='ltr'>hmreticis</span> 
     </span>
    </p>
   </div>
   <div class='ocr_carea' id='block_1_63' title="bbox 2276 1712 3834 1785">
    <p class='ocr_par' dir='ltr' id='par_1_63' title="bbox 2276 1712 3834 1785">
     <span class='ocr_line' id='line_1_63' title="bbox 2276 1712 3834 1785; baseline -0.002 -14"><span class='ocrx_word' id='word_1_426' title='bbox 2276 1715 2608 1782; x_wconf 76' lang='lat' dir='ltr'>veniebant,</span> <span class='ocrx_word' id='word_1_427' title='bbox 2644 1717 2797 1770; x_wconf 90' lang='lat' dir='ltr'>sicut</span> <span class='ocrx_word' id='word_1_428' title='bbox 2825 1714 3036 1770; x_wconf 88' lang='lat' dir='ltr'>asserit</span> <span class='ocrx_word' id='word_1_429' title='bbox 3083 1712 3424 1785; x_wconf 90' lang='lat' dir='ltr'>Cyprianus,</span> <span class='ocrx_word' id='word_1_430' title='bbox 3457 1729 3561 1767; x_wconf 92' lang='lat' dir='ltr'>non</span> <span class='ocrx_word' id='word_1_431' title='bbox 3604 1715 3728 1768; x_wconf 84' lang='lat' dir='ltr'>recte</span> <span class='ocrx_word' id='word_1_432' title='bbox 3771 1713 3834 1768; x_wconf 79' lang='lat' dir='ltr'>ad-</span> 
     </span>
    </p>
   </div>
   <div class='ocr_carea' id='block_1_64' title="bbox 2279 1800 3832 1875">
    <p class='ocr_par' dir='ltr' id='par_1_64' title="bbox 2279 1800 3832 1875">
     <span class='ocr_line' id='line_1_64' title="bbox 2279 1800 3832 1875; baseline -0.002 -16"><span class='ocrx_word' id='word_1_433' title='bbox 2279 1803 2684 1875; x_wconf 84' lang='lat' dir='ltr'>mittebantur,</span> <span class='ocrx_word' id='word_1_434' title='bbox 2710 1808 2765 1860; x_wconf 90' lang='lat' dir='ltr'>et</span> <span class='ocrx_word' id='word_1_435' title='bbox 2795 1808 2990 1858; x_wconf 90' lang='lat' dir='ltr'>tamen</span> <span class='ocrx_word' id='word_1_436' title='bbox 3023 1803 3247 1858; x_wconf 87' lang='lat' dir='ltr'>eisdem</span> <span class='ocrx_word' id='word_1_437' title='bbox 3267 1802 3389 1873; x_wconf 88' lang='lat' dir='ltr'>ipse</span> <span class='ocrx_word' id='word_1_438' title='bbox 3411 1800 3775 1873; x_wconf 85' lang='lat' dir='ltr'>indulgentiam</span> <span class='ocrx_word' id='word_1_439' title='bbox 3790 1801 3832 1856; x_wconf 83' lang='lat' dir='ltr'>de</span> 
     </span>
    </p>
   </div>
   <div class='ocr_carea' id='block_1_65' title="bbox 2277 1889 3834 1964">
    <p class='ocr_par' dir='ltr' id='par_1_65' title="bbox 2277 1889 3834 1964">
     <span class='ocr_line' id='line_1_65' title="bbox 2277 1889 3834 1964; baseline -0.003 -16"><span class='ocrx_word' id='word_1_440' title='bbox 2277 1892 2506 1948; x_wconf 90' lang='lat' dir='ltr'>Domini</span> <span class='ocrx_word' id='word_1_441' title='bbox 2551 1892 2956 1948; x_wconf 86' lang='lat' dir='ltr'>misericordia</span> <span class='ocrx_word' id='word_1_442' title='bbox 2988 1897 3223 1964; x_wconf 90' lang='lat' dir='ltr'>propter</span> <span class='ocrx_word' id='word_1_443' title='bbox 3241 1892 3513 1945; x_wconf 87' lang='lat' dir='ltr'>unitatem</span> <span class='ocrx_word' id='word_1_444' title='bbox 3539 1889 3834 1945; x_wconf 71' lang='lat' dir='ltr'>Ecclesiam</span> 
     </span>
    </p>
   </div>
   <div class='ocr_carea' id='block_1_66' title="bbox 2276 1978 3834 2054">
    <p class='ocr_par' dir='ltr' id='par_1_66' title="bbox 2276 1978 3834 2054">
     <span class='ocr_line' id='line_1_66' title="bbox 2276 1978 3834 2054; baseline -0.003 -19"><span class='ocrx_word' id='word_1_445' title='bbox 2276 1981 2618 2054; x_wconf 88' lang='lat' dir='ltr'>desperavit.</span> <span class='ocrx_word' id='word_1_446' title='bbox 2675 2003 2702 2031; x_wconf 85' lang='grc'><strong>››</strong></span> <span class='ocrx_word' id='word_1_447' title='bbox 2736 1982 2946 2036; x_wconf 84' lang='lat' dir='ltr'>Eadem</span> <span class='ocrx_word' id='word_1_448' title='bbox 2998 1980 3203 2036; x_wconf 91' lang='lat' dir='ltr'>scribit</span> <span class='ocrx_word' id='word_1_449' title='bbox 3260 1979 3359 2034; x_wconf 92' lang='lat' dir='ltr'>lib.</span> <span class='ocrx_word' id='word_1_450' title='bbox 3393 1996 3443 2050; x_wconf 88' lang='lat' dir='ltr'>v,</span> <span class='ocrx_word' id='word_1_451' title='bbox 3471 1996 3585 2051; x_wconf 88' lang='lat' dir='ltr'>cap.</span> <span class='ocrx_word' id='word_1_452' title='bbox 3613 1979 3682 2045; x_wconf 85' lang='lat'>2;</span> <span class='ocrx_word' id='word_1_453' title='bbox 3713 1978 3787 2033; x_wconf 90' lang='lat' dir='ltr'>lib.</span> <span class='ocrx_word' id='word_1_454' title='bbox 3811 1995 3834 2031; x_wconf 77' lang='grc' dir='ltr'>ιι</span> 
     </span>
    </p>
   </div>
   <div class='ocr_carea' id='block_1_67' title="bbox 2274 2067 3837 2140">
    <p class='ocr_par' dir='ltr' id='par_1_67' title="bbox 2274 2067 3837 2140">
     <span class='ocr_line' id='line_1_67' title="bbox 2274 2067 3837 2140; baseline -0.003 -16"><span class='ocrx_word' id='word_1_455' title='bbox 2274 2073 2449 2125; x_wconf 83' lang='lat' dir='ltr'>contr.</span> <span class='ocrx_word' id='word_1_456' title='bbox 2480 2070 2753 2135; x_wconf 78' lang='lat' dir='ltr'>Crescen.,</span> <span class='ocrx_word' id='word_1_457' title='bbox 2787 2086 2913 2140; x_wconf 86' lang='lat' dir='ltr'>cap.</span> <span class='ocrx_word' id='word_1_458' title='bbox 2947 2070 3037 2134; x_wconf 90' lang='lat'>33,</span> <span class='ocrx_word' id='word_1_459' title='bbox 3085 2074 3141 2124; x_wconf 90' lang='lat' dir='ltr'>et</span> <span class='ocrx_word' id='word_1_460' title='bbox 3172 2067 3306 2124; x_wconf 90' lang='lat' dir='ltr'>aliis</span> <span class='ocrx_word' id='word_1_461' title='bbox 3360 2068 3419 2122; x_wconf 92' lang='lat' dir='ltr'>in</span> <span class='ocrx_word' id='word_1_462' title='bbox 3473 2067 3620 2123; x_wconf 90' lang='lat' dir='ltr'>locis.</span> <span class='ocrx_word' id='word_1_463' title='bbox 3642 2067 3742 2123; x_wconf 84' lang='lat' dir='ltr'>Non</span> <span class='ocrx_word' id='word_1_464' title='bbox 3779 2071 3837 2121; x_wconf 83' lang='lat' dir='ltr'>est</span> 
     </span>
    </p>
   </div>
   <div class='ocr_carea' id='block_1_68' title="bbox 2277 2156 3834 2232">
    <p class='ocr_par' dir='ltr' id='par_1_68' title="bbox 2277 2156 3834 2232">
     <span class='ocr_line' id='line_1_68' title="bbox 2277 2156 3834 2232; baseline -0.001 -20"><span class='ocrx_word' id='word_1_465' title='bbox 2277 2159 2454 2230; x_wconf 89' lang='lat' dir='ltr'>igitur</span> <span class='ocrx_word' id='word_1_466' title='bbox 2478 2159 2928 2232; x_wconf 82' lang='lat' dir='ltr'>desperandum,</span> <span class='ocrx_word' id='word_1_467' title='bbox 2981 2158 3181 2229; x_wconf 88' lang='lat' dir='ltr'>judice</span> <span class='ocrx_word' id='word_1_468' title='bbox 3211 2158 3510 2230; x_wconf 89' lang='lat' dir='ltr'>Cypriane,</span> <span class='ocrx_word' id='word_1_469' title='bbox 3557 2158 3620 2212; x_wconf 91' lang='lat' dir='ltr'>de</span> <span class='ocrx_word' id='word_1_470' title='bbox 3668 2156 3834 2211; x_wconf 88' lang='lat' dir='ltr'>illorum</span> 
     </span>
    </p>
   </div>
   <div class='ocr_carea' id='block_1_69' title="bbox 2277 2245 3837 2320">
    <p class='ocr_par' dir='ltr' id='par_1_69' title="bbox 2277 2245 3837 2320">
     <span class='ocr_line' id='line_1_69' title="bbox 2277 2245 3837 2320; baseline -0.002 -17"><span class='ocrx_word' id='word_1_471' title='bbox 2277 2247 2487 2314; x_wconf 89' lang='lat' dir='ltr'>salute,</span> <span class='ocrx_word' id='word_1_472' title='bbox 2512 2249 2609 2320; x_wconf 85' lang='lat' dir='ltr'>qui</span> <span class='ocrx_word' id='word_1_473' title='bbox 2641 2265 2775 2304; x_wconf 89' lang='lat' dir='ltr'>cum</span> <span class='ocrx_word' id='word_1_474' title='bbox 2807 2248 2933 2304; x_wconf 89' lang='lat' dir='ltr'>sele</span> <span class='ocrx_word' id='word_1_475' title='bbox 2967 2248 3260 2319; x_wconf 88' lang='lat' dir='ltr'>baptismo</span> <span class='ocrx_word' id='word_1_476' title='bbox 3290 2248 3362 2302; x_wconf 84' lang='lat' dir='ltr'>ab</span> <span class='ocrx_word' id='word_1_477' title='bbox 3409 2246 3671 2301; x_wconf 64' lang='lat' dir='ltr'>haereticis</span> <span class='ocrx_word' id='word_1_478' title='bbox 3693 2245 3837 2300; x_wconf 75' lang='lat' dir='ltr'>collato</span> 
     </span>
    </p>
   </div>
   <div class='ocr_carea' id='block_1_70' title="bbox 2279 2335 3837 2404">
    <p class='ocr_par' dir='ltr' id='par_1_70' title="bbox 2279 2335 3837 2404">
     <span class='ocr_line' id='line_1_70' title="bbox 2279 2335 3837 2404; baseline -0.004 -10"><span class='ocrx_word' id='word_1_479' title='bbox 2279 2338 2569 2404; x_wconf 88' lang='lat' dir='ltr'>obierunt,</span> <span class='ocrx_word' id='word_1_480' title='bbox 2603 2339 2921 2394; x_wconf 89' lang='lat' dir='ltr'>dummodo</span> <span class='ocrx_word' id='word_1_481' title='bbox 2975 2338 3034 2392; x_wconf 92' lang='lat' dir='ltr'>in</span> <span class='ocrx_word' id='word_1_482' title='bbox 3089 2335 3363 2392; x_wconf 78' lang='lat' dir='ltr'>Ecclesiae</span> <span class='ocrx_word' id='word_1_483' title='bbox 3393 2335 3523 2392; x_wconf 91' lang='lat' dir='ltr'>sinu</span> <span class='ocrx_word' id='word_1_484' title='bbox 3555 2335 3837 2401; x_wconf 83' lang='lat' dir='ltr'>dormierint,</span> 
     </span>
    </p>
   </div>
   <div class='ocr_carea' id='block_1_71' title="bbox 2279 2424 3836 2484">
    <p class='ocr_par' dir='ltr' id='par_1_71' title="bbox 2279 2424 3836 2484">
     <span class='ocr_line' id='line_1_71' title="bbox 2279 2424 3836 2484; baseline -0.004 -2"><span class='ocrx_word' id='word_1_485' title='bbox 2279 2428 2599 2484; x_wconf 77' lang='lat' dir='ltr'>dummodo</span> <span class='ocrx_word' id='word_1_486' title='bbox 2658 2433 2816 2484; x_wconf 86' lang='lat' dir='ltr'>extra</span> <span class='ocrx_word' id='word_1_487' title='bbox 2857 2428 3138 2483; x_wconf 90' lang='lat' dir='ltr'>unitatem</span> <span class='ocrx_word' id='word_1_488' title='bbox 3199 2425 3463 2481; x_wconf 70' lang='lat' dir='ltr'>Ecclesiae</span> <span class='ocrx_word' id='word_1_489' title='bbox 3507 2441 3611 2480; x_wconf 92' lang='lat' dir='ltr'>non</span> <span class='ocrx_word' id='word_1_490' title='bbox 3637 2424 3836 2479; x_wconf 85' lang='lat' dir='ltr'>obierint.</span> 
     </span>
    </p>
   </div>
   <div class='ocr_carea' id='block_1_72' title="bbox 2280 2515 3843 2588">
    <p class='ocr_par' dir='ltr' id='par_1_72' title="bbox 2280 2515 3843 2588">
     <span class='ocr_line' id='line_1_72' title="bbox 2280 2515 3843 2588; baseline -0.004 -16"><span class='ocrx_word' id='word_1_491' title='bbox 2280 2517 2520 2588; x_wconf 88' lang='lat' dir='ltr'>Propter</span> <span class='ocrx_word' id='word_1_492' title='bbox 2550 2518 2707 2573; x_wconf 86' lang='lat' dir='ltr'>enim</span> <span class='ocrx_word' id='word_1_493' title='bbox 2746 2517 2925 2588; x_wconf 88' lang='lat' dir='ltr'>hujus</span> <span class='ocrx_word' id='word_1_494' title='bbox 2978 2516 3224 2571; x_wconf 89' lang='lat' dir='ltr'>unitatis</span> <span class='ocrx_word' id='word_1_495' title='bbox 3283 2515 3594 2583; x_wconf 91' lang='lat' dir='ltr'>vinculum,</span> <span class='ocrx_word' id='word_1_496' title='bbox 3629 2517 3748 2568; x_wconf 83' lang='lat' dir='ltr'>teste</span> <span class='ocrx_word' id='word_1_497' title='bbox 3769 2519 3843 2565; x_wconf 79' lang='lat' dir='ltr'>Au-</span> 
     </span>
    </p>
   </div>
   <div class='ocr_carea' id='block_1_73' title="bbox 2279 2604 3838 2678">
    <p class='ocr_par' dir='ltr' id='par_1_73' title="bbox 2279 2604 3838 2678">
     <span class='ocr_line' id='line_1_73' title="bbox 2279 2604 3838 2678; baseline -0.004 -18"><span class='ocrx_word' id='word_1_498' title='bbox 2279 2607 2537 2677; x_wconf 89' lang='lat' dir='ltr'>gustino,</span> <span class='ocrx_word' id='word_1_499' title='bbox 2571 2606 2894 2678; x_wconf 89' lang='lat' dir='ltr'>Cyprianus</span> <span class='ocrx_word' id='word_1_500' title='bbox 2924 2621 3023 2660; x_wconf 88' lang='lat' dir='ltr'>eos</span> <span class='ocrx_word' id='word_1_501' title='bbox 3047 2605 3115 2660; x_wconf 89' lang='lat' dir='ltr'>ad</span> <span class='ocrx_word' id='word_1_502' title='bbox 3142 2604 3372 2660; x_wconf 88' lang='lat' dir='ltr'>veniam</span> <span class='ocrx_word' id='word_1_503' title='bbox 3397 2605 3659 2676; x_wconf 89' lang='lat' dir='ltr'>pertinere</span> <span class='ocrx_word' id='word_1_504' title='bbox 3684 2616 3838 2672; x_wconf 72' lang='lat' dir='ltr'>presu-</span> 
     </span>
    </p>
   </div>
   <div class='ocr_carea' id='block_1_74' title="bbox 2282 2690 3840 2766">
    <p class='ocr_par' dir='ltr' id='par_1_74' title="bbox 2282 2690 3840 2766">
     <span class='ocr_line' id='line_1_74' title="bbox 2282 2690 3840 2766; baseline -0.004 -17"><span class='ocrx_word' id='word_1_505' title='bbox 2282 2695 2513 2750; x_wconf 89' lang='lat' dir='ltr'>mebat:</span> <span class='ocrx_word' id='word_1_506' title='bbox 2549 2712 2662 2750; x_wconf 93' lang='lat' dir='ltr'>non</span> <span class='ocrx_word' id='word_1_507' title='bbox 2686 2700 2775 2750; x_wconf 91' lang='lat' dir='ltr'>est</span> <span class='ocrx_word' id='word_1_508' title='bbox 2794 2711 2930 2766; x_wconf 88' lang='lat' dir='ltr'>ergo</span> <span class='ocrx_word' id='word_1_509' title='bbox 2951 2694 3390 2766; x_wconf 88' lang='lat' dir='ltr'>desperandum</span> <span class='ocrx_word' id='word_1_510' title='bbox 3422 2693 3491 2748; x_wconf 92' lang='lat' dir='ltr'>de</span> <span class='ocrx_word' id='word_1_511' title='bbox 3521 2692 3685 2747; x_wconf 86' lang='lat' dir='ltr'>salute</span> <span class='ocrx_word' id='word_1_512' title='bbox 3711 2690 3840 2744; x_wconf 76' lang='lat' dir='ltr'>infan-</span> 
     </span>
    </p>
   </div>
   <div class='ocr_carea' id='block_1_75' title="bbox 2280 2778 3838 2855">
    <p class='ocr_par' dir='ltr' id='par_1_75' title="bbox 2280 2778 3838 2855">
     <span class='ocr_line' id='line_1_75' title="bbox 2280 2778 3838 2855; baseline -0.006 -15"><span class='ocrx_word' id='word_1_513' title='bbox 2280 2785 2429 2840; x_wconf 88' lang='lat' dir='ltr'>tium</span> <span class='ocrx_word' id='word_1_514' title='bbox 2463 2800 2598 2840; x_wconf 90' lang='lat' dir='ltr'>cum</span> <span class='ocrx_word' id='word_1_515' title='bbox 2632 2783 2754 2839; x_wconf 91' lang='lat' dir='ltr'>sole</span> <span class='ocrx_word' id='word_1_516' title='bbox 2800 2783 3092 2855; x_wconf 85' lang='lat' dir='ltr'>baptismo</span> <span class='ocrx_word' id='word_1_517' title='bbox 3153 2783 3228 2838; x_wconf 89' lang='lat' dir='ltr'>ab</span> <span class='ocrx_word' id='word_1_518' title='bbox 3262 2781 3543 2837; x_wconf 62' lang='lat' dir='ltr'>haereticis</span> <span class='ocrx_word' id='word_1_519' title='bbox 3571 2779 3742 2835; x_wconf 86' lang='lat' dir='ltr'>collato</span> <span class='ocrx_word' id='word_1_520' title='bbox 3764 2778 3838 2830; x_wconf 73' lang='lat' dir='ltr'>vita</span> 
     </span>
    </p>
   </div>
   <div class='ocr_carea' id='block_1_76' title="bbox 2282 2867 3838 2941">
    <p class='ocr_par' dir='ltr' id='par_1_76' title="bbox 2282 2867 3838 2941">
     <span class='ocr_line' id='line_1_76' title="bbox 2282 2867 3838 2941; baseline -0.006 -13"><span class='ocrx_word' id='word_1_521' title='bbox 2282 2875 2614 2929; x_wconf 89' lang='lat' dir='ltr'>functorum</span> <span class='ocrx_word' id='word_1_522' title='bbox 2652 2892 2666 2941; x_wconf 91' lang='lat'><strong>;</strong></span> <span class='ocrx_word' id='word_1_523' title='bbox 2700 2873 2740 2928; x_wconf 92' lang='lat' dir='ltr'>ii</span> <span class='ocrx_word' id='word_1_524' title='bbox 2762 2875 2917 2928; x_wconf 89' lang='lat' dir='ltr'>enim</span> <span class='ocrx_word' id='word_1_525' title='bbox 2968 2873 3132 2927; x_wconf 90' lang='lat' dir='ltr'>nulla</span> <span class='ocrx_word' id='word_1_526' title='bbox 3163 2873 3451 2927; x_wconf 66' lang='lat' dir='ltr'>haereseos</span> <span class='ocrx_word' id='word_1_527' title='bbox 3507 2869 3626 2926; x_wconf 88' lang='lat' dir='ltr'>labe</span> <span class='ocrx_word' id='word_1_528' title='bbox 3649 2867 3838 2924; x_wconf 86' lang='lat' dir='ltr'>nondum</span> 
     </span>
    </p>
   </div>
   <div class='ocr_carea' id='block_1_77' title="bbox 2283 2955 3841 3025">
    <p class='ocr_par' dir='ltr' id='par_1_77' title="bbox 2283 2955 3841 3025">
     <span class='ocr_line' id='line_1_77' title="bbox 2283 2955 3841 3025; baseline -0.007 -6"><span class='ocrx_word' id='word_1_529' title='bbox 2283 2963 2558 3018; x_wconf 88' lang='lat' dir='ltr'>maculati</span> <span class='ocrx_word' id='word_1_530' title='bbox 2592 2963 2648 3016; x_wconf 92' lang='lat' dir='ltr'>in</span> <span class='ocrx_word' id='word_1_531' title='bbox 2675 2961 2940 3017; x_wconf 70' lang='lat' dir='ltr'>Ecclesiae</span> <span class='ocrx_word' id='word_1_532' title='bbox 2963 2963 3096 3017; x_wconf 90' lang='lat' dir='ltr'>sinu</span> <span class='ocrx_word' id='word_1_533' title='bbox 3130 2961 3516 3025; x_wconf 87' lang='lat' dir='ltr'>dormierunt,</span> <span class='ocrx_word' id='word_1_534' title='bbox 3541 2965 3681 3013; x_wconf 81' lang='lat' dir='ltr'>extra</span> <span class='ocrx_word' id='word_1_535' title='bbox 3706 2955 3841 3010; x_wconf 82' lang='lat' dir='ltr'>unita-</span> 
     </span>
    </p>
   </div>
   <div class='ocr_carea' id='block_1_78' title="bbox 2281 3041 3843 3121">
    <p class='ocr_par' dir='ltr' id='par_1_78' title="bbox 2281 3041 3843 3121">
     <span class='ocr_line' id='line_1_78' title="bbox 2281 3041 3843 3121; baseline -0.005 -15"><span class='ocrx_word' id='word_1_536' title='bbox 2281 3056 2400 3106; x_wconf 88' lang='lat' dir='ltr'>tem</span> <span class='ocrx_word' id='word_1_537' title='bbox 2435 3052 2696 3106; x_wconf 80' lang='lat' dir='ltr'>Ecclesiae</span> <span class='ocrx_word' id='word_1_538' title='bbox 2730 3067 2840 3107; x_wconf 92' lang='lat' dir='ltr'>nen</span> <span class='ocrx_word' id='word_1_539' title='bbox 2875 3051 3165 3106; x_wconf 86' lang='lat' dir='ltr'>obierunt.</span> <span class='ocrx_word' id='word_1_540' title='bbox 3206 3052 3281 3105; x_wconf 85' lang='lat' dir='ltr'>At</span> <span class='ocrx_word' id='word_1_541' title='bbox 3313 3047 3594 3121; x_wconf 88' lang='lat' dir='ltr'>numquid</span> <span class='ocrx_word' id='word_1_542' title='bbox 3637 3046 3756 3101; x_wconf 87' lang='lat' dir='ltr'>hanc</span> <span class='ocrx_word' id='word_1_543' title='bbox 3778 3041 3843 3099; x_wconf 79' lang='lat' dir='ltr'>Dei</span> 
     </span>
    </p>
   </div>
   <div class='ocr_carea' id='block_1_79' title="bbox 2282 3134 3844 3213">
    <p class='ocr_par' dir='ltr' id='par_1_79' title="bbox 2282 3134 3844 3213">
     <span class='ocr_line' id='line_1_79' title="bbox 2282 3134 3844 3213; baseline -0.006 -18"><span class='ocrx_word' id='word_1_544' title='bbox 2282 3140 2707 3213; x_wconf 87' lang='lat' dir='ltr'>indulgentiam</span> <span class='ocrx_word' id='word_1_545' title='bbox 2738 3139 3065 3195; x_wconf 89' lang='lat' dir='ltr'>infantibus</span> <span class='ocrx_word' id='word_1_546' title='bbox 3104 3139 3234 3194; x_wconf 90' lang='lat' dir='ltr'>sine</span> <span class='ocrx_word' id='word_1_547' title='bbox 3295 3139 3413 3194; x_wconf 91' lang='lat' dir='ltr'>ullo</span> <span class='ocrx_word' id='word_1_548' title='bbox 3447 3136 3706 3208; x_wconf 85' lang='lat' dir='ltr'>baptismo</span> <span class='ocrx_word' id='word_1_549' title='bbox 3730 3134 3844 3188; x_wconf 81' lang='lat' dir='ltr'>dece-</span> 
     </span>
    </p>
   </div>
   <div class='ocr_carea' id='block_1_80' title="bbox 2204 3223 3844 3297">
    <p class='ocr_par' dir='ltr' id='par_1_80' title="bbox 2204 3223 3844 3297">
     <span class='ocr_line' id='line_1_80' title="bbox 2204 3223 3844 3297; baseline -0.005 -13"><span class='ocrx_word' id='word_1_550' title='bbox 2204 3228 2248 3297; x_wconf 83' lang='lat' dir='ltr'>C</span> <span class='ocrx_word' id='word_1_551' title='bbox 2284 3229 2560 3286; x_wconf 89' lang='lat' dir='ltr'>dentibus</span> <span class='ocrx_word' id='word_1_552' title='bbox 2590 3229 2881 3284; x_wconf 89' lang='lat' dir='ltr'>tribuebat</span> <span class='ocrx_word' id='word_1_553' title='bbox 2904 3229 2962 3284; x_wconf 92' lang='lat' dir='ltr'>S.</span> <span class='ocrx_word' id='word_1_554' title='bbox 2999 3228 3257 3283; x_wconf 84' lang='lat' dir='ltr'>Doctor?</span> <span class='ocrx_word' id='word_1_555' title='bbox 3281 3227 3410 3282; x_wconf 88' lang='lat' dir='ltr'>Non</span> <span class='ocrx_word' id='word_1_556' title='bbox 3446 3226 3528 3281; x_wconf 90' lang='lat' dir='ltr'>ita</span> <span class='ocrx_word' id='word_1_557' title='bbox 3554 3239 3693 3280; x_wconf 88' lang='lat' dir='ltr'>sane.</span> <span class='ocrx_word' id='word_1_558' title='bbox 3717 3223 3844 3288; x_wconf 79' lang='lat' dir='ltr'>Quare</span> 
     </span>
    </p>
   </div>
   <div class='ocr_carea' id='block_1_81' title="bbox 2286 3311 3845 3390">
    <p class='ocr_par' dir='ltr' id='par_1_81' title="bbox 2286 3311 3845 3390">
     <span class='ocr_line' id='line_1_81' title="bbox 2286 3311 3845 3390; baseline -0.009 -16"><span class='ocrx_word' id='word_1_559' title='bbox 2286 3334 2422 3390; x_wconf 89' lang='lat' dir='ltr'>ergo</span> <span class='ocrx_word' id='word_1_560' title='bbox 2447 3335 2578 3374; x_wconf 90' lang='lat' dir='ltr'>eam</span> <span class='ocrx_word' id='word_1_561' title='bbox 2604 3318 2926 3374; x_wconf 88' lang='lat' dir='ltr'>infantibus</span> <span class='ocrx_word' id='word_1_562' title='bbox 2944 3316 3070 3373; x_wconf 91' lang='lat' dir='ltr'>sine</span> <span class='ocrx_word' id='word_1_563' title='bbox 3099 3316 3404 3388; x_wconf 87' lang='lat' dir='ltr'>baptismo</span> <span class='ocrx_word' id='word_1_564' title='bbox 3427 3333 3462 3371; x_wconf 90' lang='lat' dir='ltr'>a</span> <span class='ocrx_word' id='word_1_565' title='bbox 3481 3311 3845 3370; x_wconf 83' lang='lat' dir='ltr'>catholicisdato</span> 
     </span>
    </p>
   </div>
   <div class='ocr_carea' id='block_1_82' title="bbox 2285 3399 3847 3478">
    <p class='ocr_par' dir='ltr' id='par_1_82' title="bbox 2285 3399 3847 3478">
     <span class='ocr_line' id='line_1_82' title="bbox 2285 3399 3847 3478; baseline -0.008 -16"><span class='ocrx_word' id='word_1_566' title='bbox 2285 3407 2580 3462; x_wconf 90' lang='lat' dir='ltr'>defunctis</span> <span class='ocrx_word' id='word_1_567' title='bbox 2601 3406 2940 3478; x_wconf 89' lang='lat' dir='ltr'>impertitur</span> <span class='ocrx_word' id='word_1_568' title='bbox 2966 3405 2994 3459; x_wconf 87' lang='lat'><strong>?</strong></span> <span class='ocrx_word' id='word_1_569' title='bbox 3025 3405 3136 3461; x_wconf 89' lang='lat' dir='ltr'>nisi</span> <span class='ocrx_word' id='word_1_570' title='bbox 3161 3405 3309 3476; x_wconf 89' lang='lat' dir='ltr'>quia</span> <span class='ocrx_word' id='word_1_571' title='bbox 3336 3404 3602 3460; x_wconf 79' lang='lat' dir='ltr'>traditam</span> <span class='ocrx_word' id='word_1_572' title='bbox 3632 3418 3662 3456; x_wconf 93' lang='lat' dir='ltr'>a</span> <span class='ocrx_word' id='word_1_573' title='bbox 3681 3399 3847 3467; x_wconf 80' lang='lat' dir='ltr'>Deoju-</span> 
     </span>
    </p>
   </div>
   <div class='ocr_carea' id='block_1_83' title="bbox 2283 3487 3846 3566">
    <p class='ocr_par' dir='ltr' id='par_1_83' title="bbox 2283 3487 3846 3566">
     <span class='ocr_line' id='line_1_83' title="bbox 2283 3487 3846 3566; baseline -0.008 -15"><span class='ocrx_word' id='word_1_574' title='bbox 2283 3495 2517 3551; x_wconf 92' lang='lat' dir='ltr'>dicabat</span> <span class='ocrx_word' id='word_1_575' title='bbox 2548 3495 2954 3551; x_wconf 88' lang='lat' dir='ltr'>necessitatem</span> <span class='ocrx_word' id='word_1_576' title='bbox 2988 3493 3272 3566; x_wconf 89' lang='lat' dir='ltr'>baptismi</span> <span class='ocrx_word' id='word_1_577' title='bbox 3307 3493 3553 3562; x_wconf 89' lang='lat' dir='ltr'>alicujus</span> <span class='ocrx_word' id='word_1_578' title='bbox 3580 3491 3643 3545; x_wconf 88' lang='lat' dir='ltr'>ad</span> <span class='ocrx_word' id='word_1_579' title='bbox 3669 3487 3846 3544; x_wconf 83' lang='lat' dir='ltr'>salutem</span> 
     </span>
    </p>
   </div>
   <div class='ocr_carea' id='block_1_84' title="bbox 2282 3573 3846 3657">
    <p class='ocr_par' dir='ltr' id='par_1_84' title="bbox 2282 3573 3846 3657">
     <span class='ocr_line' id='line_1_84' title="bbox 2282 3573 3846 3657; baseline -0.009 -17"><span class='ocrx_word' id='word_1_580' title='bbox 2282 3585 2780 3657; x_wconf 89' lang='lat' dir='ltr'>consequendam,</span> <span class='ocrx_word' id='word_1_581' title='bbox 2815 3601 2928 3638; x_wconf 92' lang='lat' dir='ltr'>non</span> <span class='ocrx_word' id='word_1_582' title='bbox 2961 3583 3098 3638; x_wconf 90' lang='lat' dir='ltr'>item</span> <span class='ocrx_word' id='word_1_583' title='bbox 3145 3581 3433 3655; x_wconf 86' lang='lat' dir='ltr'>baptismi</span> <span class='ocrx_word' id='word_1_584' title='bbox 3457 3599 3490 3636; x_wconf 91' lang='lat' dir='ltr'>a</span> <span class='ocrx_word' id='word_1_585' title='bbox 3517 3577 3755 3636; x_wconf 88' lang='lat' dir='ltr'>catholico</span> <span class='ocrx_word' id='word_1_586' title='bbox 3770 3573 3846 3628; x_wconf 49' lang='lat' dir='ltr'>cel.</span> 
     </span>
    </p>
   </div>
   <div class='ocr_carea' id='block_1_85' title="bbox 2281 3669 3848 3745">
    <p class='ocr_par' dir='ltr' id='par_1_85' title="bbox 2281 3669 3848 3745">
     <span class='ocr_line' id='line_1_85' title="bbox 2281 3669 3848 3745; baseline -0.008 -17"><span class='ocrx_word' id='word_1_587' title='bbox 2281 3673 2406 3740; x_wconf 88' lang='lat' dir='ltr'>lati,</span> <span class='ocrx_word' id='word_1_588' title='bbox 2441 3680 2498 3729; x_wconf 91' lang='lat' dir='ltr'>et</span> <span class='ocrx_word' id='word_1_589' title='bbox 2522 3677 2946 3745; x_wconf 89' lang='lat' dir='ltr'>consequenter</span> <span class='ocrx_word' id='word_1_590' title='bbox 3002 3673 3050 3727; x_wconf 93' lang='lat' dir='ltr'>si</span> <span class='ocrx_word' id='word_1_591' title='bbox 3109 3672 3485 3744; x_wconf 80' lang='lat' dir='ltr'>baptismum</span> <span class='ocrx_word' id='word_1_592' title='bbox 3535 3669 3848 3724; x_wconf 65' lang='lat' dir='ltr'>hereticorum</span> 
     </span>
    </p>
   </div>
   <div class='ocr_carea' id='block_1_86' title="bbox 2284 3756 3849 3833">
    <p class='ocr_par' dir='ltr' id='par_1_86' title="bbox 2284 3756 3849 3833">
     <span class='ocr_line' id='line_1_86' title="bbox 2284 3756 3849 3833; baseline -0.005 -16"><span class='ocrx_word' id='word_1_593' title='bbox 2284 3763 2662 3833; x_wconf 91' lang='lat' dir='ltr'>rejiciendum</span> <span class='ocrx_word' id='word_1_594' title='bbox 2695 3778 2824 3818; x_wconf 90' lang='lat' dir='ltr'>esse</span> <span class='ocrx_word' id='word_1_595' title='bbox 2854 3761 3266 3828; x_wconf 81' lang='lat' dir='ltr'>contendebat,</span> <span class='ocrx_word' id='word_1_596' title='bbox 3305 3761 3437 3829; x_wconf 90' lang='lat' dir='ltr'>hoc,</span> <span class='ocrx_word' id='word_1_597' title='bbox 3461 3776 3569 3814; x_wconf 92' lang='lat' dir='ltr'>non</span> <span class='ocrx_word' id='word_1_598' title='bbox 3599 3756 3712 3828; x_wconf 84' lang='lat' dir='ltr'>quia</span> <span class='ocrx_word' id='word_1_599' title='bbox 3731 3771 3756 3807; x_wconf 74' lang='grc' dir='ltr'>τι</span> <span class='ocrx_word' id='word_1_600' title='bbox 3778 3757 3849 3805; x_wconf 74' lang='lat' dir='ltr'>Deo</span> 
     </span>
    </p>
   </div>
   <div class='ocr_carea' id='block_1_87' title="bbox 2283 3839 3850 3914">
    <p class='ocr_par' dir='ltr' id='par_1_87' title="bbox 2283 3839 3850 3914">
     <span class='ocr_line' id='line_1_87' title="bbox 2283 3839 3850 3914; baseline -0.008 -8"><span class='ocrx_word' id='word_1_601' title='bbox 2283 3851 2600 3907; x_wconf 84' lang='lat' dir='ltr'>revelatum</span> <span class='ocrx_word' id='word_1_602' title='bbox 2631 3851 2910 3914; x_wconf 89' lang='lat' dir='ltr'>crederet,</span> <span class='ocrx_word' id='word_1_603' title='bbox 2933 3851 3033 3906; x_wconf 79' lang='lat' dir='ltr'>sed</span> <span class='ocrx_word' id='word_1_604' title='bbox 3057 3851 3130 3905; x_wconf 91' lang='lat' dir='ltr'>ob</span> <span class='ocrx_word' id='word_1_605' title='bbox 3162 3849 3316 3905; x_wconf 87' lang='lat' dir='ltr'>alias</span> <span class='ocrx_word' id='word_1_606' title='bbox 3349 3851 3596 3904; x_wconf 86' lang='lat' dir='ltr'>rationes</span> <span class='ocrx_word' id='word_1_607' title='bbox 3643 3843 3762 3899; x_wconf 87' lang='lat' dir='ltr'>infra</span> <span class='ocrx_word' id='word_1_608' title='bbox 3794 3839 3850 3893; x_wconf 84' lang='lat' dir='ltr'>di-</span> 
     </span>
    </p>
   </div>
   <div class='ocr_carea' id='block_1_88' title="bbox 2282 3928 3850 4012">
    <p class='ocr_par' dir='ltr' id='par_1_88' title="bbox 2282 3928 3850 4012">
     <span class='ocr_line' id='line_1_88' title="bbox 2282 3928 3850 4012; baseline -0.01 -16"><span class='ocrx_word' id='word_1_609' title='bbox 2282 3943 2497 3996; x_wconf 84' lang='lat' dir='ltr'>cendas</span> <span class='ocrx_word' id='word_1_610' title='bbox 2521 3959 2534 4008; x_wconf 89' lang='lat'><strong>;</strong></span> <span class='ocrx_word' id='word_1_611' title='bbox 2558 3957 2669 3997; x_wconf 92' lang='lat' dir='ltr'>neu</span> <span class='ocrx_word' id='word_1_612' title='bbox 2701 3939 2881 4012; x_wconf 87' lang='lat' dir='ltr'>igitur</span> <span class='ocrx_word' id='word_1_613' title='bbox 2911 3939 3043 3994; x_wconf 86' lang='lat' dir='ltr'>fidei</span> <span class='ocrx_word' id='word_1_614' title='bbox 3089 3954 3262 3994; x_wconf 90' lang='lat' dir='ltr'>suam</span> <span class='ocrx_word' id='word_1_615' title='bbox 3315 3938 3628 4010; x_wconf 85' lang='lat' dir='ltr'>Cyprianus</span> <span class='ocrx_word' id='word_1_616' title='bbox 3668 3934 3724 3987; x_wconf 86' lang='lat' dir='ltr'>de</span> <span class='ocrx_word' id='word_1_617' title='bbox 3740 3928 3850 3984; x_wconf 76' lang='lat' dir='ltr'>reba-</span> 
     </span>
    </p>
   </div>
   <div class='ocr_carea' id='block_1_89' title="bbox 2285 4027 3613 4102">
    <p class='ocr_par' dir='ltr' id='par_1_89' title="bbox 2285 4027 3613 4102">
     <span class='ocr_line' id='line_1_89' title="bbox 2285 4027 3613 4102; baseline -0.005 -17"><span class='ocrx_word' id='word_1_618' title='bbox 2285 4030 2574 4102; x_wconf 87' lang='lat' dir='ltr'>ptizandis</span> <span class='ocrx_word' id='word_1_619' title='bbox 2593 4029 2882 4084; x_wconf 67' lang='lat' dir='ltr'>haereticis</span> <span class='ocrx_word' id='word_1_620' title='bbox 2914 4028 3252 4100; x_wconf 83' lang='lat' dir='ltr'>Opinionem</span> <span class='ocrx_word' id='word_1_621' title='bbox 3286 4027 3613 4082; x_wconf 86' lang='lat' dir='ltr'>devovebat.</span> 
     </span>
    </p>
   </div>
   <div class='ocr_carea' id='block_1_90' title="bbox 2353 4141 3852 4224">
    <p class='ocr_par' dir='ltr' id='par_1_90' title="bbox 2353 4141 3852 4224">
     <span class='ocr_line' id='line_1_90' title="bbox 2353 4141 3852 4224; baseline -0.009 -17"><span class='ocrx_word' id='word_1_622' title='bbox 2353 4154 2471 4210; x_wconf 91' lang='lat' dir='ltr'><strong>VII.</strong></span> <span class='ocrx_word' id='word_1_623' title='bbox 2505 4154 2794 4210; x_wconf 89' lang='lat' dir='ltr'>Constans</span> <span class='ocrx_word' id='word_1_624' title='bbox 2824 4157 2912 4209; x_wconf 91' lang='lat' dir='ltr'>est</span> <span class='ocrx_word' id='word_1_625' title='bbox 2941 4169 3007 4209; x_wconf 92' lang='lat' dir='ltr'>ac</span> <span class='ocrx_word' id='word_1_626' title='bbox 3057 4152 3346 4224; x_wconf 90' lang='lat' dir='ltr'>perpicua</span> <span class='ocrx_word' id='word_1_627' title='bbox 3377 4147 3637 4224; x_wconf 87' lang='lat' dir='ltr'>Cypriani</span> <span class='ocrx_word' id='word_1_628' title='bbox 3663 4141 3852 4201; x_wconf 76' lang='lat' dir='ltr'>doctrina</span> 
     </span>
    </p>
   </div>
   <div class='ocr_carea' id='block_1_91' title="bbox 2286 4238 3852 4315">
    <p class='ocr_par' dir='ltr' id='par_1_91' title="bbox 2286 4238 3852 4315">
     <span class='ocr_line' id='line_1_91' title="bbox 2286 4238 3852 4315; baseline -0.011 -15"><span class='ocrx_word' id='word_1_629' title='bbox 2286 4245 2487 4300; x_wconf 73' lang='lat'>138]</span> <span class='ocrx_word' id='word_1_630' title='bbox 2516 4242 2756 4299; x_wconf 91' lang='lat' dir='ltr'>cuilibet</span> <span class='ocrx_word' id='word_1_631' title='bbox 2787 4241 3056 4315; x_wconf 90' lang='lat' dir='ltr'>episcopo</span> <span class='ocrx_word' id='word_1_632' title='bbox 3087 4240 3351 4296; x_wconf 89' lang='lat' dir='ltr'>liberum</span> <span class='ocrx_word' id='word_1_633' title='bbox 3383 4257 3513 4296; x_wconf 88' lang='lat' dir='ltr'>esse</span> <span class='ocrx_word' id='word_1_634' title='bbox 3543 4240 3596 4294; x_wconf 91' lang='lat' dir='ltr'>in</span> <span class='ocrx_word' id='word_1_635' title='bbox 3637 4238 3724 4291; x_wconf 87' lang='lat' dir='ltr'>hac</span> <span class='ocrx_word' id='word_1_636' title='bbox 3750 4246 3852 4302; x_wconf 72' lang='lat' dir='ltr'>que-</span> 
     </span>
    </p>
   </div>
   <div class='ocr_carea' id='block_1_92' title="bbox 2286 4328 3855 4402">
    <p class='ocr_par' dir='ltr' id='par_1_92' title="bbox 2286 4328 3855 4402">
     <span class='ocr_line' id='line_1_92' title="bbox 2286 4328 3855 4402; baseline -0.013 -12"><span class='ocrx_word' id='word_1_637' title='bbox 2286 4334 2476 4390; x_wconf 89' lang='lat' dir='ltr'>stiene</span> <span class='ocrx_word' id='word_1_638' title='bbox 2506 4333 2802 4388; x_wconf 90' lang='lat' dir='ltr'>diversum</span> <span class='ocrx_word' id='word_1_639' title='bbox 2863 4331 3100 4402; x_wconf 90' lang='lat' dir='ltr'>sentire,</span> <span class='ocrx_word' id='word_1_640' title='bbox 3147 4334 3206 4385; x_wconf 90' lang='lat' dir='ltr'>et</span> <span class='ocrx_word' id='word_1_641' title='bbox 3252 4329 3450 4386; x_wconf 88' lang='lat' dir='ltr'>varias</span> <span class='ocrx_word' id='word_1_642' title='bbox 3498 4329 3555 4382; x_wconf 92' lang='lat' dir='ltr'>in</span> <span class='ocrx_word' id='word_1_643' title='bbox 3610 4328 3744 4399; x_wconf 82' lang='lat' dir='ltr'>parte</span> <span class='ocrx_word' id='word_1_644' title='bbox 3772 4331 3855 4373; x_wconf 81' lang='lat' dir='ltr'>sese</span> 
     </span>
    </p>
   </div>
   <div class='ocr_carea' id='block_1_93' title="bbox 2286 4406 3855 4493">
    <p class='ocr_par' dir='ltr' id='par_1_93' title="bbox 2286 4406 3855 4493">
     <span class='ocr_line' id='line_1_93' title="bbox 2286 4406 3855 4493; baseline -0.004 -15"><span class='ocrx_word' id='word_1_645' title='bbox 2286 4421 2604 4478; x_wconf 89' lang='lat' dir='ltr'>inclinare:</span> <span class='ocrx_word' id='word_1_646' title='bbox 2633 4445 2660 4472; x_wconf 84' lang='lat'><strong>«</strong></span> <span class='ocrx_word' id='word_1_647' title='bbox 2714 4420 3024 4493; x_wconf 84' lang='lat' dir='ltr'>Rescripsi,</span> <span class='ocrx_word' id='word_1_648' title='bbox 3057 4419 3138 4474; x_wconf 83' lang='lat' dir='ltr'>ﬁli</span> <span class='ocrx_word' id='word_1_649' title='bbox 3174 4418 3552 4486; x_wconf 82' lang='lat' dir='ltr'>charissima,</span> <span class='ocrx_word' id='word_1_650' title='bbox 3583 4439 3608 4466; x_wconf 86' lang='lat'>»</span> <span class='ocrx_word' id='word_1_651' title='bbox 3637 4411 3788 4485; x_wconf 60' lang='lat' dir='ltr'>inquit</span> <span class='ocrx_word' id='word_1_652' title='bbox 3819 4406 3855 4459; x_wconf 68' lang='lat' dir='ltr'><strong>in</strong></span> 
     </span>
    </p>
   </div>
   <div class='ocr_carea' id='block_1_94' title="bbox 2289 4501 3854 4586">
    <p class='ocr_par' dir='ltr' id='par_1_94' title="bbox 2289 4501 3854 4586">
     <span class='ocr_line' id='line_1_94' title="bbox 2289 4501 3854 4586; baseline -0.012 -18"><span class='ocrx_word' id='word_1_653' title='bbox 2289 4513 2451 4586; x_wconf 85' lang='lat' dir='ltr'>epist.</span> <span class='ocrx_word' id='word_1_654' title='bbox 2483 4513 2573 4578; x_wconf 87' lang='lat'>69,</span> <span class='ocrx_word' id='word_1_655' title='bbox 2598 4512 2668 4567; x_wconf 83' lang='lat' dir='ltr'>ad</span> <span class='ocrx_word' id='word_1_656' title='bbox 2698 4515 2988 4582; x_wconf 81' lang='lat' dir='ltr'>Magnum,</span> <span class='ocrx_word' id='word_1_657' title='bbox 3023 4531 3051 4560; x_wconf 89' lang='lat'><strong>«</strong></span> <span class='ocrx_word' id='word_1_658' title='bbox 3080 4509 3152 4564; x_wconf 80' lang='lat' dir='ltr'>ad</span> <span class='ocrx_word' id='word_1_659' title='bbox 3214 4509 3445 4564; x_wconf 85' lang='lat' dir='ltr'>litteras</span> <span class='ocrx_word' id='word_1_660' title='bbox 3487 4513 3611 4563; x_wconf 87' lang='lat' dir='ltr'>tuas</span> <span class='ocrx_word' id='word_1_661' title='bbox 3645 4501 3854 4586; x_wconf 70' lang='lat' dir='ltr'>quantum</span> 
     </span>
    </p>
   </div>
   <div class='ocr_carea' id='block_1_95' title="bbox 591 4583 3854 4674">
    <p class='ocr_par' dir='ltr' id='par_1_95' title="bbox 591 4583 3854 4674">
     <span class='ocr_line' id='line_1_95' title="bbox 591 4583 3854 4674; baseline -0.003 -21"><span class='ocrx_word' id='word_1_662' title='bbox 591 4599 712 4655; x_wconf 88' lang='lat' dir='ltr'>VII.</span> <span class='ocrx_word' id='word_1_663' title='bbox 744 4600 804 4656; x_wconf 93' lang='lat' dir='ltr'>Si</span> <span class='ocrx_word' id='word_1_664' title='bbox 845 4601 1172 4673; x_wconf 89' lang='lat' dir='ltr'>Cyprianus</span> <span class='ocrx_word' id='word_1_665' title='bbox 1230 4619 1264 4657; x_wconf 92' lang='lat' dir='ltr'>a</span> <span class='ocrx_word' id='word_1_666' title='bbox 1321 4607 1434 4658; x_wconf 92' lang='lat' dir='ltr'>Dee</span> <span class='ocrx_word' id='word_1_667' title='bbox 1486 4602 1803 4659; x_wconf 88' lang='lat' dir='ltr'>revelatum</span> <span class='ocrx_word' id='word_1_668' title='bbox 1853 4602 2178 4658; x_wconf 88' lang='lat' dir='ltr'>censuisset</span> <span class='ocrx_word' id='word_1_669' title='bbox 2205 4590 2252 4656; x_wconf 88' lang='lat' dir='ltr'>D</span> <span class='ocrx_word' id='word_1_670' title='bbox 2285 4583 2460 4674; x_wconf 79' lang='lat' dir='ltr'>parva</span> <span class='ocrx_word' id='word_1_671' title='bbox 2491 4605 2686 4658; x_wconf 90' lang='lat' dir='ltr'>nostra</span> <span class='ocrx_word' id='word_1_672' title='bbox 2720 4599 3093 4656; x_wconf 87' lang='lat' dir='ltr'>mediocritas</span> <span class='ocrx_word' id='word_1_673' title='bbox 3114 4598 3323 4669; x_wconf 88' lang='lat' dir='ltr'>valuit,</span> <span class='ocrx_word' id='word_1_674' title='bbox 3387 4604 3444 4655; x_wconf 90' lang='lat' dir='ltr'>et</span> <span class='ocrx_word' id='word_1_675' title='bbox 3503 4594 3730 4654; x_wconf 84' lang='lat' dir='ltr'>ostendit</span> <span class='ocrx_word' id='word_1_676' title='bbox 3765 4583 3854 4660; x_wconf 73' lang='lat' dir='ltr'>quid</span> 
     </span>
    </p>
   </div>
   <div class='ocr_carea' id='block_1_96' title="bbox 522 4687 2178 4764">
    <p class='ocr_par' dir='ltr' id='par_1_96' title="bbox 522 4687 2178 4764">
     <span class='ocr_line' id='line_1_96' title="bbox 522 4687 2178 4764; baseline 0.003 -22"><span class='ocrx_word' id='word_1_677' title='bbox 522 4687 755 4743; x_wconf 91' lang='lat' dir='ltr'>nullum</span> <span class='ocrx_word' id='word_1_678' title='bbox 791 4705 918 4744; x_wconf 87' lang='lat' dir='ltr'>esse</span> <span class='ocrx_word' id='word_1_679' title='bbox 941 4690 1234 4761; x_wconf 88' lang='lat' dir='ltr'>baptisma</span> <span class='ocrx_word' id='word_1_680' title='bbox 1265 4691 1337 4747; x_wconf 90' lang='lat' dir='ltr'>ab</span> <span class='ocrx_word' id='word_1_681' title='bbox 1359 4691 1646 4748; x_wconf 72' lang='lat' dir='ltr'>haereticis</span> <span class='ocrx_word' id='word_1_682' title='bbox 1659 4691 2178 4764; x_wconf 86' lang='lat' dir='ltr'>cellatum,despe-</span> 
     </span>
    </p>
   </div>
   <div class='ocr_carea' id='block_1_97' title="bbox 526 4778 2176 4852">
    <p class='ocr_par' dir='ltr' id='par_1_97' title="bbox 526 4778 2176 4852">
     <span class='ocr_line' id='line_1_97' title="bbox 526 4778 2176 4852; baseline 0.003 -21"><span class='ocrx_word' id='word_1_683' title='bbox 526 4781 716 4832; x_wconf 90' lang='lat' dir='ltr'>rasset</span> <span class='ocrx_word' id='word_1_684' title='bbox 744 4778 1000 4848; x_wconf 90' lang='lat' dir='ltr'>profecto</span> <span class='ocrx_word' id='word_1_685' title='bbox 1028 4781 1098 4837; x_wconf 89' lang='lat' dir='ltr'>de</span> <span class='ocrx_word' id='word_1_686' title='bbox 1125 4780 1358 4836; x_wconf 91' lang='lat' dir='ltr'>illorum</span> <span class='ocrx_word' id='word_1_687' title='bbox 1393 4781 1707 4837; x_wconf 85' lang='lat' dir='ltr'>infantium</span> <span class='ocrx_word' id='word_1_688' title='bbox 1747 4779 1955 4846; x_wconf 90' lang='lat' dir='ltr'>salute,</span> <span class='ocrx_word' id='word_1_689' title='bbox 1986 4781 2086 4852; x_wconf 91' lang='lat' dir='ltr'>qui</span> <span class='ocrx_word' id='word_1_690' title='bbox 2117 4782 2176 4836; x_wconf 93' lang='lat' dir='ltr'>in</span> 
     </span>
    </p>
   </div>
   <div class='ocr_carea' id='block_1_98' title="bbox 529 4866 2177 4944">
    <p class='ocr_par' dir='ltr' id='par_1_98' title="bbox 529 4866 2177 4944">
     <span class='ocr_line' id='line_1_98' title="bbox 529 4866 2177 4944; baseline 0.003 -23"><span class='ocrx_word' id='word_1_691' title='bbox 529 4866 890 4939; x_wconf 70' lang='lat' dir='ltr'>praeteritum</span> <span class='ocrx_word' id='word_1_692' title='bbox 922 4885 1056 4924; x_wconf 90' lang='lat' dir='ltr'>cum</span> <span class='ocrx_word' id='word_1_693' title='bbox 1107 4870 1231 4928; x_wconf 88' lang='lat' dir='ltr'>sele</span> <span class='ocrx_word' id='word_1_694' title='bbox 1263 4872 1558 4944; x_wconf 84' lang='lat' dir='ltr'>baptismo</span> <span class='ocrx_word' id='word_1_695' title='bbox 1589 4871 1661 4928; x_wconf 92' lang='lat' dir='ltr'>ab</span> <span class='ocrx_word' id='word_1_696' title='bbox 1718 4869 2003 4926; x_wconf 65' lang='lat' dir='ltr'>haereticis</span> <span class='ocrx_word' id='word_1_697' title='bbox 2041 4871 2177 4927; x_wconf 89' lang='lat' dir='ltr'>dato</span> 
     </span>
    </p>
   </div>
   <div class='ocr_carea' id='block_1_99' title="bbox 528 4956 2176 5034">
    <p class='ocr_par' dir='ltr' id='par_1_99' title="bbox 528 4956 2176 5034">
     <span class='ocr_line' id='line_1_99' title="bbox 528 4956 2176 5034; baseline 0.002 -23"><span class='ocrx_word' id='word_1_698' title='bbox 528 4957 647 5013; x_wconf 91' lang='lat' dir='ltr'>vita</span> <span class='ocrx_word' id='word_1_699' title='bbox 677 4956 857 5013; x_wconf 88' lang='lat' dir='ltr'>functi</span> <span class='ocrx_word' id='word_1_700' title='bbox 900 4963 1064 5014; x_wconf 89' lang='lat' dir='ltr'>erant</span> <span class='ocrx_word' id='word_1_701' title='bbox 1106 4978 1118 5027; x_wconf 92' lang='lat'><strong>;</strong></span> <span class='ocrx_word' id='word_1_702' title='bbox 1153 4977 1266 5016; x_wconf 89' lang='lat' dir='ltr'>non</span> <span class='ocrx_word' id='word_1_703' title='bbox 1312 4962 1467 5017; x_wconf 88' lang='lat' dir='ltr'>enim</span> <span class='ocrx_word' id='word_1_704' title='bbox 1527 4961 1831 5034; x_wconf 90' lang='lat' dir='ltr'>ignorabat</span> <span class='ocrx_word' id='word_1_705' title='bbox 1869 4960 2042 5016; x_wconf 86' lang='lat' dir='ltr'>validi</span> <span class='ocrx_word' id='word_1_706' title='bbox 2075 4961 2176 5015; x_wconf 88' lang='lat' dir='ltr'>ba-</span> 
     </span>
    </p>
   </div>
   <div class='ocr_carea' id='block_1_100' title="bbox 529 5045 2179 5122">
    <p class='ocr_par' dir='ltr' id='par_1_100' title="bbox 529 5045 2179 5122">
     <span class='ocr_line' id='line_1_100' title="bbox 529 5045 2179 5122; baseline 0.004 -22"><span class='ocrx_word' id='word_1_707' title='bbox 529 5045 731 5116; x_wconf 91' lang='lat' dir='ltr'>ptismi</span> <span class='ocrx_word' id='word_1_708' title='bbox 748 5047 1150 5104; x_wconf 88' lang='lat' dir='ltr'>necessitatem</span> <span class='ocrx_word' id='word_1_709' title='bbox 1168 5050 1237 5104; x_wconf 87' lang='lat' dir='ltr'>ad</span> <span class='ocrx_word' id='word_1_710' title='bbox 1255 5049 1502 5104; x_wconf 91' lang='lat' dir='ltr'>salutem</span> <span class='ocrx_word' id='word_1_711' title='bbox 1516 5049 2179 5122; x_wconf 85' lang='lat' dir='ltr'>censequendam;atqui</span> 
     </span>
    </p>
   </div>
   <div class='ocr_carea' id='block_1_101' title="bbox 531 5135 2176 5208">
    <p class='ocr_par' dir='ltr' id='par_1_101' title="bbox 531 5135 2176 5208">
     <span class='ocr_line' id='line_1_101' title="bbox 531 5135 2176 5208; baseline 0.004 -19"><span class='ocrx_word' id='word_1_712' title='bbox 531 5140 725 5190; x_wconf 90' lang='lat' dir='ltr'>tamen</span> <span class='ocrx_word' id='word_1_713' title='bbox 751 5135 878 5207; x_wconf 89' lang='lat' dir='ltr'>ipse</span> <span class='ocrx_word' id='word_1_714' title='bbox 910 5137 1124 5192; x_wconf 87' lang='lat' dir='ltr'>fatetur</span> <span class='ocrx_word' id='word_1_715' title='bbox 1159 5139 1588 5208; x_wconf 88' lang='lat' dir='ltr'>desperandum</span> <span class='ocrx_word' id='word_1_716' title='bbox 1644 5156 1757 5194; x_wconf 92' lang='lat' dir='ltr'>non</span> <span class='ocrx_word' id='word_1_717' title='bbox 1808 5155 1938 5194; x_wconf 88' lang='lat' dir='ltr'>esse</span> <span class='ocrx_word' id='word_1_718' title='bbox 1981 5139 2052 5195; x_wconf 90' lang='lat' dir='ltr'>de</span> <span class='ocrx_word' id='word_1_719' title='bbox 2081 5155 2176 5195; x_wconf 89' lang='lat' dir='ltr'>ee-</span> 
     </span>
    </p>
   </div>
   <div class='ocr_carea' id='block_1_102' title="bbox 529 5226 2177 5300">
    <p class='ocr_par' dir='ltr' id='par_1_102' title="bbox 529 5226 2177 5300">
     <span class='ocr_line' id='line_1_102' title="bbox 529 5226 2177 5300; baseline 0.003 -21"><span class='ocrx_word' id='word_1_720' title='bbox 529 5241 663 5280; x_wconf 91' lang='lat' dir='ltr'>rum</span> <span class='ocrx_word' id='word_1_721' title='bbox 688 5226 953 5280; x_wconf 91' lang='lat' dir='ltr'>omnium</span> <span class='ocrx_word' id='word_1_722' title='bbox 970 5226 1180 5292; x_wconf 87' lang='lat' dir='ltr'>salute,</span> <span class='ocrx_word' id='word_1_723' title='bbox 1212 5227 1309 5298; x_wconf 90' lang='lat' dir='ltr'>qui</span> <span class='ocrx_word' id='word_1_724' title='bbox 1337 5227 1642 5299; x_wconf 60' lang='lat' dir='ltr'>praeteritis</span> <span class='ocrx_word' id='word_1_725' title='bbox 1665 5227 2177 5300; x_wconf 85' lang='lat' dir='ltr'>temporibuscum</span> 
     </span>
    </p>
   </div>
   <div class='ocr_carea' id='block_1_103' title="bbox 532 5312 2177 5386">
    <p class='ocr_par' dir='ltr' id='par_1_103' title="bbox 532 5312 2177 5386">
     <span class='ocr_line' id='line_1_103' title="bbox 532 5312 2177 5386; baseline 0.002 -18"><span class='ocrx_word' id='word_1_726' title='bbox 532 5312 656 5368; x_wconf 90' lang='lat' dir='ltr'>solo</span> <span class='ocrx_word' id='word_1_727' title='bbox 704 5313 1002 5386; x_wconf 89' lang='lat' dir='ltr'>baptismo</span> <span class='ocrx_word' id='word_1_728' title='bbox 1059 5315 1132 5370; x_wconf 92' lang='lat' dir='ltr'>ab</span> <span class='ocrx_word' id='word_1_729' title='bbox 1190 5314 1476 5372; x_wconf 73' lang='lat' dir='ltr'>haereticis</span> <span class='ocrx_word' id='word_1_730' title='bbox 1507 5317 1640 5373; x_wconf 87' lang='lat' dir='ltr'>dato</span> <span class='ocrx_word' id='word_1_731' title='bbox 1690 5317 1976 5384; x_wconf 88' lang='lat' dir='ltr'>obierant,</span> <span class='ocrx_word' id='word_1_732' title='bbox 2009 5317 2177 5372; x_wconf 90' lang='lat' dir='ltr'>dum-</span> 
     </span>
    </p>
   </div>
   <div class='ocr_carea' id='block_1_104' title="bbox 533 5401 2179 5480">
    <p class='ocr_par' dir='ltr' id='par_1_104' title="bbox 533 5401 2179 5480">
     <span class='ocr_line' id='line_1_104' title="bbox 533 5401 2179 5480; baseline 0.003 -23"><span class='ocrx_word' id='word_1_733' title='bbox 533 5403 704 5458; x_wconf 91' lang='lat' dir='ltr'>modo</span> <span class='ocrx_word' id='word_1_734' title='bbox 738 5402 797 5458; x_wconf 90' lang='lat' dir='ltr'>in</span> <span class='ocrx_word' id='word_1_735' title='bbox 835 5401 1102 5459; x_wconf 86' lang='lat' dir='ltr'>Ecclesiae</span> <span class='ocrx_word' id='word_1_736' title='bbox 1143 5403 1273 5460; x_wconf 91' lang='lat' dir='ltr'>sinu</span> <span class='ocrx_word' id='word_1_737' title='bbox 1315 5406 1657 5462; x_wconf 87' lang='lat' dir='ltr'>dormierint</span> <span class='ocrx_word' id='word_1_738' title='bbox 1689 5424 1702 5474; x_wconf 93' lang='lat'><strong>;</strong></span> <span class='ocrx_word' id='word_1_739' title='bbox 1736 5405 2032 5463; x_wconf 89' lang='lat' dir='ltr'>auscultes</span> <span class='ocrx_word' id='word_1_740' title='bbox 2064 5407 2179 5480; x_wconf 88' lang='lat' dir='ltr'>ipsi</span> 
     </span>
    </p>
   </div>
   <div class='ocr_carea' id='block_1_105' title="bbox 529 5491 2178 5569">
    <p class='ocr_par' dir='ltr' id='par_1_105' title="bbox 529 5491 2178 5569">
     <span class='ocr_line' id='line_1_105' title="bbox 529 5491 2178 5569; baseline 0.004 -23"><span class='ocrx_word' id='word_1_741' title='bbox 529 5491 892 5547; x_wconf 90' lang='lat' dir='ltr'>Jubaianum</span> <span class='ocrx_word' id='word_1_742' title='bbox 925 5491 1282 5564; x_wconf 86' lang='lat' dir='ltr'>allequenti:</span> <span class='ocrx_word' id='word_1_743' title='bbox 1318 5518 1347 5546; x_wconf 87' lang='lat'><strong>«</strong></span> <span class='ocrx_word' id='word_1_744' title='bbox 1380 5497 1528 5563; x_wconf 89' lang='lat' dir='ltr'>Quid</span> <span class='ocrx_word' id='word_1_745' title='bbox 1558 5512 1694 5569; x_wconf 89' lang='lat' dir='ltr'>ergo</span> <span class='ocrx_word' id='word_1_746' title='bbox 1730 5497 1848 5566; x_wconf 81' lang='lat' dir='ltr'>fiet,</span> <span class='ocrx_word' id='word_1_747' title='bbox 1894 5517 1914 5546; x_wconf 74' lang='grc' dir='ltr'><strong>ο</strong></span> <span class='ocrx_word' id='word_1_748' title='bbox 1966 5496 2178 5568; x_wconf 89' lang='lat' dir='ltr'>inquit,</span> 
     </span>
    </p>
   </div>
   <div class='ocr_carea' id='block_1_106' title="bbox 531 5578 2178 5654">
    <p class='ocr_par' dir='ltr' id='par_1_106' title="bbox 531 5578 2178 5654">
     <span class='ocr_line' id='line_1_106' title="bbox 531 5578 2178 5654; baseline 0.004 -19"><span class='ocrx_word' id='word_1_749' title='bbox 531 5601 559 5627; x_wconf 86' lang='lat'><strong><em>«</em></strong></span> <span class='ocrx_word' id='word_1_750' title='bbox 593 5580 666 5635; x_wconf 91' lang='lat' dir='ltr'>de</span> <span class='ocrx_word' id='word_1_751' title='bbox 695 5578 769 5634; x_wconf 89' lang='lat' dir='ltr'>iis</span> <span class='ocrx_word' id='word_1_752' title='bbox 801 5580 900 5650; x_wconf 91' lang='lat' dir='ltr'>qui</span> <span class='ocrx_word' id='word_1_753' title='bbox 934 5578 994 5635; x_wconf 92' lang='lat' dir='ltr'>in</span> <span class='ocrx_word' id='word_1_754' title='bbox 1023 5584 1379 5654; x_wconf 78' lang='lat' dir='ltr'>praeteritum</span> <span class='ocrx_word' id='word_1_755' title='bbox 1420 5585 1490 5642; x_wconf 90' lang='lat' dir='ltr'>de</span> <span class='ocrx_word' id='word_1_756' title='bbox 1521 5584 1723 5642; x_wconf 85' lang='lat' dir='ltr'>haeresi</span> <span class='ocrx_word' id='word_1_757' title='bbox 1756 5587 1828 5642; x_wconf 90' lang='lat' dir='ltr'>ad</span> <span class='ocrx_word' id='word_1_758' title='bbox 1862 5585 2178 5642; x_wconf 90' lang='lat' dir='ltr'>Ecclesiam</span> 
     </span>
    </p>
   </div>
   <div class='ocr_carea' id='block_1_107' title="bbox 527 5669 2178 5752">
    <p class='ocr_par' dir='ltr' id='par_1_107' title="bbox 527 5669 2178 5752">
     <span class='ocr_line' id='line_1_107' title="bbox 527 5669 2178 5752; baseline 0.005 -27"><span class='ocrx_word' id='word_1_759' title='bbox 527 5669 825 5727; x_wconf 89' lang='lat' dir='ltr'>venientes</span> <span class='ocrx_word' id='word_1_760' title='bbox 853 5669 977 5728; x_wconf 89' lang='lat' dir='ltr'>sine</span> <span class='ocrx_word' id='word_1_761' title='bbox 1008 5670 1301 5752; x_wconf 86' lang='lat' dir='ltr'>baptismo</span> <span class='ocrx_word' id='word_1_762' title='bbox 1324 5675 1542 5734; x_wconf 89' lang='lat' dir='ltr'>mortui</span> <span class='ocrx_word' id='word_1_763' title='bbox 1571 5674 1814 5734; x_wconf 88' lang='lat' dir='ltr'>admissi</span> <span class='ocrx_word' id='word_1_764' title='bbox 1842 5680 1984 5736; x_wconf 84' lang='lat' dir='ltr'>sunt</span> <span class='ocrx_word' id='word_1_765' title='bbox 2011 5676 2039 5734; x_wconf 72' lang='lat'>‘2</span> <span class='ocrx_word' id='word_1_766' title='bbox 2071 5681 2178 5734; x_wconf 84' lang='lat' dir='ltr'>Po-</span> 
     </span>
    </p>
   </div>
   <div class='ocr_carea' id='block_1_108' title="bbox 2289 4677 3852 4765">
    <p class='ocr_par' dir='ltr' id='par_1_108' title="bbox 2289 4677 3852 4765">
     <span class='ocr_line' id='line_1_108' title="bbox 2289 4677 3852 4765; baseline -0.01 -17"><span class='ocrx_word' id='word_1_767' title='bbox 2289 4709 2394 4748; x_wconf 91' lang='lat' dir='ltr'>nos</span> <span class='ocrx_word' id='word_1_768' title='bbox 2419 4696 2706 4765; x_wconf 91' lang='lat' dir='ltr'>quantum</span> <span class='ocrx_word' id='word_1_769' title='bbox 2730 4690 2788 4746; x_wconf 92' lang='lat' dir='ltr'>in</span> <span class='ocrx_word' id='word_1_770' title='bbox 2821 4689 2990 4746; x_wconf 90' lang='lat' dir='ltr'>nobis</span> <span class='ocrx_word' id='word_1_771' title='bbox 3036 4694 3124 4744; x_wconf 90' lang='lat' dir='ltr'>est</span> <span class='ocrx_word' id='word_1_772' title='bbox 3149 4688 3487 4744; x_wconf 88' lang='lat' dir='ltr'>sentiamus</span> <span class='ocrx_word' id='word_1_773' title='bbox 3515 4687 3603 4756; x_wconf 90' lang='lat' dir='ltr'>(de</span> <span class='ocrx_word' id='word_1_774' title='bbox 3633 4677 3852 4737; x_wconf 65' lang='lat' dir='ltr'>haeretico-</span> 
     </span>
    </p>
   </div>
   <div class='ocr_carea' id='block_1_109' title="bbox 2287 4774 3858 4852">
    <p class='ocr_par' dir='ltr' id='par_1_109' title="bbox 2287 4774 3858 4852">
     <span class='ocr_line' id='line_1_109' title="bbox 2287 4774 3858 4852; baseline -0.008 -16"><span class='ocrx_word' id='word_1_775' title='bbox 2287 4798 2418 4837; x_wconf 88' lang='lat' dir='ltr'>rum</span> <span class='ocrx_word' id='word_1_776' title='bbox 2446 4780 2666 4836; x_wconf 86' lang='lat' dir='ltr'>scilicet</span> <span class='ocrx_word' id='word_1_777' title='bbox 2695 4777 3029 4852; x_wconf 81' lang='lat' dir='ltr'>baptisme),</span> <span class='ocrx_word' id='word_1_778' title='bbox 3064 4776 3288 4834; x_wconf 91' lang='lat' dir='ltr'>nemini</span> <span class='ocrx_word' id='word_1_779' title='bbox 3322 4774 3733 4851; x_wconf 68' lang='lat' dir='ltr'>praescribentes</span> <span class='ocrx_word' id='word_1_780' title='bbox 3770 4777 3858 4836; x_wconf 74' lang='lat' dir='ltr'>qu0°</span> 
     </span>
    </p>
   </div>
   <div class='ocr_carea' id='block_1_110' title="bbox 2287 4855 3856 4941">
    <p class='ocr_par' dir='ltr' id='par_1_110' title="bbox 2287 4855 3856 4941">
     <span class='ocr_line' id='line_1_110' title="bbox 2287 4855 3856 4941; baseline -0.015 -13"><span class='ocrx_word' id='word_1_781' title='bbox 2287 4871 2484 4929; x_wconf 90' lang='lat' dir='ltr'>minus</span> <span class='ocrx_word' id='word_1_782' title='bbox 2506 4873 2728 4926; x_wconf 87' lang='lat' dir='ltr'>statuat</span> <span class='ocrx_word' id='word_1_783' title='bbox 2770 4869 2924 4940; x_wconf 90' lang='lat' dir='ltr'>quod</span> <span class='ocrx_word' id='word_1_784' title='bbox 2956 4872 3123 4941; x_wconf 88' lang='lat' dir='ltr'>putat</span> <span class='ocrx_word' id='word_1_785' title='bbox 3156 4868 3571 4940; x_wconf 88' lang='lat' dir='ltr'>unusquisque</span> <span class='ocrx_word' id='word_1_786' title='bbox 3599 4855 3856 4936; x_wconf 63' lang='lat' dir='ltr'>prepositus</span> 
     </span>
    </p>
   </div>
   <div class='ocr_carea' id='block_1_111' title="bbox 2287 4941 3857 5018">
    <p class='ocr_par' dir='ltr' id='par_1_111' title="bbox 2287 4941 3857 5018">
     <span class='ocr_line' id='line_1_111' title="bbox 2287 4941 3857 5018; baseline -0.008 0"><span class='ocrx_word' id='word_1_787' title='bbox 2287 4967 2454 5018; x_wconf 89' lang='lat' dir='ltr'>actus</span> <span class='ocrx_word' id='word_1_788' title='bbox 2507 4960 2597 5015; x_wconf 90' lang='lat' dir='ltr'>sui</span> <span class='ocrx_word' id='word_1_789' title='bbox 2649 4964 2931 5014; x_wconf 88' lang='lat' dir='ltr'>ralionem</span> <span class='ocrx_word' id='word_1_790' title='bbox 2966 4957 3208 5012; x_wconf 84' lang='lat' dir='ltr'>Domine</span> <span class='ocrx_word' id='word_1_791' title='bbox 3272 4957 3627 5012; x_wconf 89' lang='lat' dir='ltr'>redditurus.</span> <span class='ocrx_word' id='word_1_792' title='bbox 3680 4974 3703 4999; x_wconf 77' lang='grc' dir='ltr'><strong>υ</strong></span> <span class='ocrx_word' id='word_1_793' title='bbox 3741 4950 3792 5001; x_wconf 71' lang='lat' dir='ltr'>Et</span> <span class='ocrx_word' id='word_1_794' title='bbox 3824 4941 3857 4992; x_wconf 68' lang='lat' dir='ltr'>in</span> 
     </span>
    </p>
   </div>
   <div class='ocr_carea' id='block_1_112' title="bbox 2287 5033 3856 5126">
    <p class='ocr_par' dir='ltr' id='par_1_112' title="bbox 2287 5033 3856 5126">
     <span class='ocr_line' id='line_1_112' title="bbox 2287 5033 3856 5126; baseline -0.013 -18"><span class='ocrx_word' id='word_1_795' title='bbox 2287 5051 2460 5123; x_wconf 86' lang='lat' dir='ltr'>epist.</span> <span class='ocrx_word' id='word_1_796' title='bbox 2497 5052 2587 5103; x_wconf 87' lang='lat'>72.</span> <span class='ocrx_word' id='word_1_797' title='bbox 2611 5049 2689 5104; x_wconf 86' lang='lat' dir='ltr'>ad</span> <span class='ocrx_word' id='word_1_798' title='bbox 2719 5047 3053 5118; x_wconf 77' lang='lat' dir='ltr'>Stephanum</span> <span class='ocrx_word' id='word_1_799' title='bbox 3083 5046 3143 5100; x_wconf 74' lang='grc' dir='ltr'>Β.</span> <span class='ocrx_word' id='word_1_800' title='bbox 3179 5046 3505 5115; x_wconf 78' lang='lat' dir='ltr'>Ponti/irem</span> <span class='ocrx_word' id='word_1_801' title='bbox 3539 5060 3601 5097; x_wconf 84' lang='grc'>;‹‹</span> <span class='ocrx_word' id='word_1_802' title='bbox 3633 5040 3737 5102; x_wconf 86' lang='lat' dir='ltr'>Qua</span> <span class='ocrx_word' id='word_1_803' title='bbox 3759 5033 3856 5126; x_wconf 34' lang='lat' dir='ltr'>in.”</span> 
     </span>
    </p>
   </div>
   <div class='ocr_carea' id='block_1_113' title="bbox 2288 5131 3853 5213">
    <p class='ocr_par' dir='ltr' id='par_1_113' title="bbox 2288 5131 3853 5213">
     <span class='ocr_line' id='line_1_113' title="bbox 2288 5131 3853 5213; baseline -0.01 -19"><span class='ocrx_word' id='word_1_804' title='bbox 2288 5141 2370 5213; x_wconf 91' lang='lat' dir='ltr'>(in</span> <span class='ocrx_word' id='word_1_805' title='bbox 2393 5138 2623 5211; x_wconf 88' lang='lat' dir='ltr'>negotio</span> <span class='ocrx_word' id='word_1_806' title='bbox 2654 5135 3024 5208; x_wconf 88' lang='lat' dir='ltr'>baptismatis</span> <span class='ocrx_word' id='word_1_807' title='bbox 3052 5131 3490 5204; x_wconf 72' lang='lat' dir='ltr'>haereticorum)</span> <span class='ocrx_word' id='word_1_808' title='bbox 3530 5146 3626 5186; x_wconf 88' lang='lat' dir='ltr'>nec</span> <span class='ocrx_word' id='word_1_809' title='bbox 3657 5142 3744 5182; x_wconf 85' lang='lat' dir='ltr'>nos</span> <span class='ocrx_word' id='word_1_810' title='bbox 3775 5131 3853 5213; x_wconf 47' lang='lat' dir='ltr'>imi</span> 
     </span>
    </p>
   </div>
   <div class='ocr_carea' id='block_1_114' title="bbox 2288 5209 3855 5302">
    <p class='ocr_par' dir='ltr' id='par_1_114' title="bbox 2288 5209 3855 5302">
     <span class='ocr_line' id='line_1_114' title="bbox 2288 5209 3855 5302; baseline -0.013 -17"><span class='ocrx_word' id='word_1_811' title='bbox 2288 5209 2562 5302; x_wconf 78' lang='lat' dir='ltr'>cuiquam</span> <span class='ocrx_word' id='word_1_812' title='bbox 2597 5227 2866 5295; x_wconf 89' lang='lat' dir='ltr'>facimus,</span> <span class='ocrx_word' id='word_1_813' title='bbox 2901 5227 3001 5279; x_wconf 89' lang='lat' dir='ltr'>aut</span> <span class='ocrx_word' id='word_1_814' title='bbox 3035 5223 3220 5296; x_wconf 87' lang='lat' dir='ltr'>legem</span> <span class='ocrx_word' id='word_1_815' title='bbox 3286 5224 3521 5289; x_wconf 89' lang='lat' dir='ltr'>damus,</span> <span class='ocrx_word' id='word_1_816' title='bbox 3565 5235 3682 5275; x_wconf 88' lang='lat' dir='ltr'>cum</span> <span class='ocrx_word' id='word_1_817' title='bbox 3709 5209 3855 5302; x_wconf 48' lang='lat' dir='ltr'>hebeti</span> 
     </span>
    </p>
   </div>
   <div class='ocr_carea' id='block_1_115' title="bbox 2290 5294 3856 5375">
    <p class='ocr_par' dir='ltr' id='par_1_115' title="bbox 2290 5294 3856 5375">
     <span class='ocr_line' id='line_1_115' title="bbox 2290 5294 3856 5375; baseline -0.01 0"><span class='ocrx_word' id='word_1_818' title='bbox 2290 5320 2350 5375; x_wconf 89' lang='lat' dir='ltr'>in</span> <span class='ocrx_word' id='word_1_819' title='bbox 2372 5294 2636 5374; x_wconf 71' lang='lat' dir='ltr'>Ecclesiae</span> <span class='ocrx_word' id='word_1_820' title='bbox 2695 5294 3206 5370; x_wconf 82' lang='lat' dir='ltr'>administratione</span> <span class='ocrx_word' id='word_1_821' title='bbox 3252 5309 3571 5368; x_wconf 89' lang='lat' dir='ltr'>voluntatis</span> <span class='ocrx_word' id='word_1_822' title='bbox 3627 5319 3728 5361; x_wconf 63' lang='lat' dir='ltr'>sua:</span> <span class='ocrx_word' id='word_1_823' title='bbox 3761 5294 3856 5354; x_wconf 65' lang='lat' dir='ltr'>arbl&#39;</span> 
     </span>
    </p>
   </div>
   <div class='ocr_carea' id='block_1_116' title="bbox 2289 5390 3854 5481">
    <p class='ocr_par' dir='ltr' id='par_1_116' title="bbox 2289 5390 3854 5481">
     <span class='ocr_line' id='line_1_116' title="bbox 2289 5390 3854 5481; baseline -0.014 -17"><span class='ocrx_word' id='word_1_824' title='bbox 2289 5408 2466 5464; x_wconf 92' lang='lat' dir='ltr'>trium</span> <span class='ocrx_word' id='word_1_825' title='bbox 2507 5406 2751 5462; x_wconf 89' lang='lat' dir='ltr'>liberum</span> <span class='ocrx_word' id='word_1_826' title='bbox 2801 5402 3210 5476; x_wconf 88' lang='lat' dir='ltr'>unusquisque</span> <span class='ocrx_word' id='word_1_827' title='bbox 3260 5400 3606 5474; x_wconf 81' lang='lat' dir='ltr'>praepositus</span> <span class='ocrx_word' id='word_1_828' title='bbox 3652 5390 3854 5481; x_wconf 37' lang='lat' dir='ltr'>ratione?</span> 
     </span>
    </p>
   </div>
   <div class='ocr_carea' id='block_1_117' title="bbox 2291 5465 3854 5571">
    <p class='ocr_par' dir='ltr' id='par_1_117' title="bbox 2291 5465 3854 5571">
     <span class='ocr_line' id='line_1_117' title="bbox 2291 5465 3854 5571; baseline -0.014 -16"><span class='ocrx_word' id='word_1_829' title='bbox 2291 5502 2456 5555; x_wconf 91' lang='lat' dir='ltr'>actus</span> <span class='ocrx_word' id='word_1_830' title='bbox 2487 5495 2578 5552; x_wconf 89' lang='lat' dir='ltr'>sui</span> <span class='ocrx_word' id='word_1_831' title='bbox 2598 5493 2843 5550; x_wconf 92' lang='lat' dir='ltr'>Domino</span> <span class='ocrx_word' id='word_1_832' title='bbox 2867 5465 3220 5548; x_wconf 70' lang='lat' dir='ltr'>redditurus.</span> <span class='ocrx_word' id='word_1_833' title='bbox 3252 5465 3280 5540; x_wconf 59' lang='grc' dir='ltr'><em>ξ</em></span> <span class='ocrx_word' id='word_1_834' title='bbox 3334 5465 3406 5546; x_wconf 77' lang='lat' dir='ltr'>Et</span> <span class='ocrx_word' id='word_1_835' title='bbox 3434 5489 3494 5545; x_wconf 89' lang='lat' dir='ltr'>in</span> <span class='ocrx_word' id='word_1_836' title='bbox 3543 5465 3854 5571; x_wconf 39' lang='lat' dir='ltr'>epist.&#39;75,_.¢‘i</span> 
     </span>
    </p>
   </div>
   <div class='ocr_carea' id='block_1_118' title="bbox 2287 5563 3851 5654">
    <p class='ocr_par' dir='ltr' id='par_1_118' title="bbox 2287 5563 3851 5654">
     <span class='ocr_line' id='line_1_118' title="bbox 2287 5563 3851 5654; baseline -0.016 -8"><span class='ocrx_word' id='word_1_837' title='bbox 2287 5589 2550 5646; x_wconf 81' lang='lat' dir='ltr'>Jubaian.</span> <span class='ocrx_word' id='word_1_838' title='bbox 2587 5601 2601 5641; x_wconf 87' lang='lat'><strong>:</strong></span> <span class='ocrx_word' id='word_1_839' title='bbox 2633 5606 2662 5634; x_wconf 85' lang='lat'>«</span> <span class='ocrx_word' id='word_1_840' title='bbox 2694 5582 2825 5639; x_wconf 63' lang='lat' dir='ltr'>Haec</span> <span class='ocrx_word' id='word_1_841' title='bbox 2855 5582 2962 5637; x_wconf 90' lang='lat' dir='ltr'>tibi</span> <span class='ocrx_word' id='word_1_842' title='bbox 3010 5577 3257 5638; x_wconf 55' lang='lat' dir='ltr'>bre‘viter</span> <span class='ocrx_word' id='word_1_843' title='bbox 3307 5597 3416 5654; x_wconf 90' lang='lat' dir='ltr'>pro</span> <span class='ocrx_word' id='word_1_844' title='bbox 3464 5580 3652 5635; x_wconf 78' lang='lat' dir='ltr'>nostra</span> <span class='ocrx_word' id='word_1_845' title='bbox 3699 5563 3851 5623; x_wconf 74' lang='lat' dir='ltr'>medio-</span> 
     </span>
    </p>
   </div>
   <div class='ocr_carea' id='block_1_119' title="bbox 2289 5655 3855 5750">
    <p class='ocr_par' dir='ltr' id='par_1_119' title="bbox 2289 5655 3855 5750">
     <span class='ocr_line' id='line_1_119' title="bbox 2289 5655 3855 5750; baseline -0.013 -15"><span class='ocrx_word' id='word_1_846' title='bbox 2289 5676 2493 5735; x_wconf 87' lang='lat' dir='ltr'>critate</span> <span class='ocrx_word' id='word_1_847' title='bbox 2514 5671 2944 5750; x_wconf 87' lang='lat' dir='ltr'>rescripsimus,</span> <span class='ocrx_word' id='word_1_848' title='bbox 2971 5669 3525 5742; x_wconf 87' lang='lat' dir='ltr'>fratercharissime,</span> <span class='ocrx_word' id='word_1_849' title='bbox 3555 5655 3745 5722; x_wconf 85' lang='lat' dir='ltr'>nemini</span> <span class='ocrx_word' id='word_1_850' title='bbox 3762 5663 3855 5728; x_wconf 58' lang='lat' dir='ltr'>pri“</span> 
     </span>
    </p>
   </div>
  </div>
