4088 6174
233 300 368 363 1385

1144 298 1349 361 PARS
1396 298 1475 359 Il.
1510 332 1586 342 —
1620 298 2185 363 RECENTIURUM
2233 302 2665 365 EXCURSUS.

3452 309 3612 369 1386

221 434 523 489 scribentes
553 434 655 488 aut
687 431 1152 504 prmjudicantes,
1182 431 1501 501 quominus
1536 431 1851 501 unusquis-
1883 445 1933 506 Α
1966 433 2224 487 vioribus
2256 433 2516 490 Ecclesia
2548 433 2734 506 pcenis
2782 435 3138 506 puniendam
3202 438 3259 492 in
3293 439 3389 493 cit.
3439 442 3612 509 epist.

219 540 317 595 que
344 523 751 595 episcoporum
784 522 939 592 quod
968 524 1136 592 putat
1158 520 1352 587 faciat,
1370 520 1590 576 habens
1623 520 1851 576 arbitrii
1960 522 2035 577 ad
2062 523 2359 577 Antonian.
2394 528 2452 578 et
2482 525 2555 579 ad
2615 523 2802 596 Steph.
2836 526 2945 593 68;
3001 527 3145 582 adeo
3176 528 3403 583 alienus
3430 534 3553 584 erat
3581 546 3617 584 a

220 614 300 669 sui
331 613 568 668 liberam
599 614 961 683 potestatem,
1005 626 1112 665 nos
1144 612 1430 681 quantum
1462 608 1521 665 in
1574 609 1743 665 nobis
1767 616 1855 665 est
1964 610 2252 666 credendo
2275 611 2420 683 ipsis
2470 612 2653 669 fuisse
2683 611 2936 670 liberum
2967 615 3027 670 in
3063 616 3169 671 hoc
3198 616 3334 673 ﬁdei
3383 618 3615 690 negotio

219 710 436 775 propter
464 700 768 757 haereticos
798 715 932 755 cum
994 698 1234 771 collegis
1288 702 1343 754 et
1386 698 1716 769 coepicopis
1745 715 1854 753 no-

221 792 345 848 stris
384 808 498 847 non
529 790 965 855 contendimus,
998 804 1130 843 cum
1174 787 1390 859 quibus
1422 787 1677 842 divinam
1714 803 1852 843 con-

221 880 461 936 cordiam
494 884 551 934 et
599 876 953 933 dominicam
1014 893 1214 949 pacem
1272 879 1610 932 tenemus.»
1671 875 1736 931 Et
1792 876 1851 931 in

220 968 436 1025 exordio
490 968 716 1023 concilii
746 966 1008 1036 Carthag.
1043 982 1125 1033 ιιι,
1161 965 1243 1020 sic
1276 964 1571 1036 loquitur:
1612 986 1633 1013 α
1668 965 1851 1036 Supe-

223 1062 327 1113 rest
356 1061 417 1112 ut
444 1058 514 1112 de
544 1057 652 1112 hac
682 1071 743 1111 re
773 1053 992 1127 singuli
1051 1053 1191 1125 quid
1239 1053 1566 1109 sentiamus
1594 1053 1851 1126 profera-

224 1164 344 1202 mus
374 1145 665 1202 neminem
709 1144 1044 1216 judicantes
1074 1147 1175 1199 aut
1204 1145 1394 1215 ajure
1425 1141 1858 1199 communionis

223 1236 459 1306 aliquom
483 1234 531 1289 si
580 1234 875 1289 diversum
935 1232 1183 1289 senserit
1232 1236 1609 1301 amoventes;
1671 1247 1860 1303 neque

220 1324 361 1381 enim
385 1323 698 1396 quisquam
731 1326 996 1378 nostrum
1055 1321 1395 1393 episc0pum
1447 1338 1508 1376 se
1558 1320 1859 1393 episcOpo-

220 1430 339 1468 rum
373 1411 697 1479 constituit,
732 1410 1149 1483 auttyrannico
1170 1413 1390 1465 terrore
1408 1411 1478 1464 ad
1498 1407 1861 1481 obsequendi

219 1501 612 1558 necessitatem
644 1499 896 1571 collegas
948 1516 1087 1556 suos
1136 1499 1342 1571 adigit,
1379 1497 1861 1571 quandoquidem

219 1592 418 1647 habeat
443 1588 633 1645 omnis
683 1589 996 1661 episcopus
1043 1604 1147 1659 pro
1206 1587 1444 1643 licentia
1484 1586 1775 1642 libertatis
1804 1588 1863 1641 et

221 1680 513 1753 potestatis
541 1696 657 1735 suae
680 1678 988 1734 arbitrium
1024 1675 1346 1749 proprium.
1381 1697 1411 1728 ››

1966 699 2184 755 sentire
2219 700 2361 770 quid
2391 699 2625 757 vellent.

2039 805 2353 861 Censuitne
2383 804 2633 862 liberum
2665 806 2904 864 cuilibet
2922 808 3195 883 episcopo
3253 812 3337 867 uti
3367 812 3501 868 vino
3532 813 3620 869 vel

1968 908 2122 966 aqua
2150 894 2209 949 in
2232 894 2411 950 calice
2428 895 2728 952 Dominico
2748 898 3041 953 offerendo
3056 898 3083 953 ?
3104 901 3250 955 Audi
3269 901 3621 973 Cyprianum

1968 981 2028 1037 in
2063 983 2234 1054 epist.
2285 984 2376 1053 63,
2435 984 2505 1039 ad
2564 984 2869 1041 Cecilium:
2924 1006 2947 1035 ι
2980 986 3225 1056 Viderit,
3284 989 3464 1045 frater
3525 1006 3622 1045 ca-

1968 1070 2223 1138 rissime,
2247 1071 2296 1127 si
2328 1072 2462 1144 quis
2493 1074 2563 1129 de
2593 1075 3067 1132 antecessoribus
3099 1078 3315 1133 nostris
3343 1077 3430 1134 vel
3456 1078 3623 1151 igno-

1968 1165 2167 1216 ranter
2195 1160 2285 1216 vel
2316 1161 2660 1233 simpliciter
2689 1179 2805 1218 non
2835 1162 2946 1219 hoc
2976 1166 3303 1222 observavit
3332 1172 3389 1222 et
3438 1167 3627 1223 tenuit

1968 1250 2123 1321 quod
2159 1266 2264 1305 nos
2294 1249 2581 1306 Dominus
2638 1251 2824 1307 facere
2880 1252 3143 1324 exemplo
3174 1259 3231 1309 et
3287 1254 3624 1326 magisterio

1970 1355 2076 1394 suo
2098 1338 2316 1405 docuit,
2349 1344 2540 1410 potest
2575 1340 2937 1413 simplicitati
2996 1342 3124 1413 ejus
3155 1344 3227 1398 de
3258 1344 3628 1416 indulgentia

1969 1427 2199 1484 veniam
2231 1428 2490 1498 concedi,
2524 1429 2693 1485 nobis
2715 1447 2847 1486 vero
2878 1448 2994 1486 non
3017 1433 3229 1503 poterit
3275 1432 3495 1503 ignosci
3527 1432 3630 1504 qui

1972 1533 2184 1572 nunca
2214 1517 2462 1573 Domino
2513 1518 2796 1574 admoniti
2853 1524 2910 1574 et
2963 1520 3239 1576 instructi
3287 1537 3519 1591 sumus,
3566 1526 3632 1578 ut

1973 1604 2213 1661 calicem
2247 1607 2618 1662 Dominicum
2649 1608 2783 1663 vino
2837 1608 3080 1664 mistum
3114 1610 3441 1665 secundum
3475 1609 3630 1681 quod

1976 1694 2260 1750 Dominus
2290 1694 2506 1750 obtulit
2533 1695 2869 1763 oll‘eramus,
2929 1702 2986 1753 et
3051 1698 3122 1754 de
3149 1698 3260 1754 hoc
3291 1715 3526 1770 quoque
3558 1699 3631 1754 ad

286 1787 405 1841 Haec
431 1802 601 1858 porro
650 1784 938 1841 sentiendi
977 1783 1237 1851 libertas,
1297 1800 1476 1877 quam
1538 1781 1865 1877 Cyprianus
1898 1811 1945 1877 Β
1976 1782 2235 1877 collegas
2256 1789 2488 1840 nostros
2518 1785 2741 1841 litteras
2798 1786 3146 1859 dirigamus,
3207 1791 3272 1842 ut
3293 1788 3510 1859 ubique
3542 1786 3633 1842 lex

220 1876 448 1932 cuilibet
477 1874 744 1947 episcopo
769 1874 827 1928 in
851 1890 1028 1928 causa
1060 1873 1433 1945 baptismatis
1456 1871 1863 1928 haereticorum
1898 1870 1939 1877 ”
1975 1870 2310 1943 evangelica
2336 1877 2393 1928 et
2421 1873 2657 1929 traditio
2706 1873 3009 1930 Dominica
3065 1879 3329 1931 servetur
3374 1881 3432 1931 et
3462 1875 3534 1930 ab
3565 1890 3631 1930 eo

219 1964 580 2031 concedebat,
614 1964 823 2018 invicte
864 1964 1230 2018 demonstrat
1286 1962 1483 2034 ipsum
1528 1960 1866 2016 nullatenus

222 2055 370 2118 ﬁdei,
395 2054 495 2109 sed
528 2053 652 2121 uni,
685 2069 812 2125 quae
868 2052 1029 2107 varia
1076 2068 1206 2107 esse
1264 2056 1473 2123 potest,
1515 2050 1665 2106 hanc
1715 2065 1869 2120 quas-

220 2144 462 2200 stionem
494 2142 764 2198 retulisse
796 2141 1139 2212 disciplinae.
1174 2140 1315 2206 Quis
1346 2140 1501 2195 enim
1535 2140 1735 2195 credat
1764 2137 1868 2209 Cy-

220 2233 488 2304 prianum
520 2231 888 2287 existimasse
919 2230 1075 2301 quod
1121 2228 1361 2285 cuilibet
1413 2229 1688 2301 episcopo
1733 2226 1873 2281 libe-

223 2340 349 2378 rum
379 2325 534 2377 esset
566 2321 623 2374 in
656 2320 829 2375 rebus
862 2319 1009 2374 ﬁdei
1042 2318 1261 2374 sentire
1309 2318 1450 2389 quid
1480 2315 1699 2373 vellet?
1729 2316 1872 2372 Cen-

223 2412 433 2468 suisset
464 2409 643 2482 igitur
673 2408 915 2464 antistes
946 2406 1421 2480 Carthaginensis
1452 2406 1691 2462 cuilibet
1719 2403 1873 2476 epis-

224 2516 361 2572 c0po
418 2498 667 2554 liberum
726 2497 907 2553 fuisse
964 2495 1142 2552 Verbi
1195 2495 1584 2563 divinitatem,
1617 2495 1765 2549 duas
1813 2493 1874 2547 in

224 2589 448 2647 Christo
480 2591 742 2656 naturas,
778 2592 913 2655 etc.,
949 2603 1076 2658 quae
1136 2590 1222 2642 tot
1274 2585 1408 2640 ﬁdei
1440 2590 1651 2640 nostra:
1684 2582 1878 2653 capita

225 2677 493 2734 credebat
523 2677 827 2731 admittere
858 2675 944 2730 vel
1003 2676 1290 2747 denegare
1310 2673 1338 2729 ?
1372 2672 1584 2729 inscite
1636 2686 1878 2744 prorsus

233 2766 520 2821 diceretur
549 2765 726 2820 talem
770 2781 803 2819 a
852 2764 1138 2837 Cypriano
1193 2762 1483 2833 episcopis
1540 2774 1877 2817 concessam

231 2856 411 2910 fuisse
458 2854 784 2909 libertatem
818 2853 876 2908 in
936 2851 1049 2923 his,
1116 2869 1241 2923 quae
1300 2851 1560 2923 plenario
1615 2848 1879 2904 nondum

230 2944 471 3000 deﬁnita
501 2950 666 3001 erant
695 2942 978 3009 concilio;
1016 2941 1148 3013 quis
1182 2941 1336 2996 enim
1361 2939 1448 2997 vel
1470 2956 1536 2995 ex
1568 2935 1880 2994 tirunculis

230 3033 452 3089 nesciat
482 3032 563 3087 nil
593 3030 862 3103 Cypriani
904 3030 1270 3102 temporibus
1319 3047 1353 3084 a
1386 3027 1660 3100 plenariis
1692 3025 1883 3081 adhuc

1975 1961 2132 2033 quod
2164 1959 2433 2017 Christus
2458 1966 2515 2017 et
2543 1962 2744 2018 docuit
2795 1968 2854 2018 et
2913 1962 3047 2019 fecit
3078 1981 3192 2020 non
3245 1964 3568 2020 recedatur.
3605 1984 3633 2013 υ

1978 2050 2218 2106 Frustra
2247 2050 2529 2121 Cypriano
2586 2052 2962 2124 apponebant
3005 2052 3262 2125 episcopi
3316 2053 3543 2125 aquarii
3576 2069 3638 2108 se

1977 2144 2240 2195 veterum
2256 2138 2633 2195 ecclesiarum
2665 2157 2907 2196 suarum
2936 2142 3422 2197 consuetudinem
3447 2141 3636 2213 sequi,

1979 2232 2155 2300 atque
2187 2244 2431 2283 suorum
2462 2232 2901 2285 antecessorum
2924 2229 3190 2301 vestigiis
3214 2230 3517 2300 inhaerere,
3539 2230 3641 2302 qui

1977 2317 2103 2373 sine
2133 2316 2265 2373 vino
2296 2316 2535 2373 calicem
2565 2318 2938 2375 Dominicum
2969 2320 3161 2374 offerri
3205 2336 3375 2391 posse
3397 2319 3635 2390 judica-

1983 2411 2202 2461 verant.
2238 2405 2337 2461 His
2369 2408 2646 2463 omnibus
2676 2407 2917 2479 auditis,
2966 2412 3025 2463 et
3080 2408 3329 2464 viriliter
3372 2407 3643 2464 refutatis

1983 2494 2312 2567 Cyprianus
2369 2502 2568 2567 aperte
2617 2497 2958 2568 pronuntiat
2988 2497 3189 2554 vinum
3229 2497 3289 2552 in
3321 2497 3498 2553 calice
3529 2497 3643 2553 Do-

1988 2582 2204 2638 minico
2235 2584 2529 2639 oﬁ‘erendo
2560 2586 2632 2639 ab
2681 2585 2956 2643 omnibus
2989 2608 3017 2636 α
3049 2586 3268 2659 ubique
3304 2610 3324 2637 ι
3361 2586 3644 2643 adhiben-

1988 2672 2130 2726 dum
2161 2688 2328 2740 esse;
2362 2676 2422 2728 at
2443 2672 2721 2744 quoniam
2781 2675 3019 2731 tandem
3069 2679 3285 2730 motivo
3318 2676 3647 2731 ducebatur

1989 2765 2047 2820 S.
2082 2765 2294 2821 Doctor
2349 2761 2421 2816 ad
2455 2777 2577 2816 rem
2610 2762 2869 2834 aquariis
2890 2763 3184 2835 episcopis
3215 2763 3644 2835 denegandam,

1990 2872 2117 2927 quae
2149 2870 2182 2908 a
2215 2850 2376 2907 nullo
2420 2850 2610 2906 adhuc
2641 2851 2867 2906 sancita
2915 2856 3039 2906 erat
3064 2851 3336 2907 Ecclesiae
3366 2853 3595 2907 decreto
3616 2852 3645 2907 τ

1990 2944 2077 2998 Ab
2111 2944 2237 3014 ipso
2280 2940 2477 2997 disce:
2544 2961 2571 2991 α
2600 2940 2886 3010 Christus,
2920 2940 3115 3012 inquit
3145 2940 3204 2995 in
3236 2940 3407 3012 epist.
3441 2940 3640 3013 citata,

1991 3032 2189 3087 docuit
2220 3039 2280 3086 ul
2312 3030 2554 3085 calicem
2577 3028 2947 3084 Dominicum
2984 3030 3118 3085 vino
3162 3030 3404 3085 mistum
3434 3029 3642 3085 offera-

227 3121 533 3177 deﬁnitum
559 3119 741 3175 fuisse
768 3118 1079 3174 conciliis?
1113 3119 1362 3189 Regeres
1411 3118 1655 3172 fortasse
1701 3129 1883 3170 unam
1919 3182 1951 3190 _
1993 3138 2147 3176 mus.
2182 3120 2353 3175 Porro
2376 3122 2639 3173 servetur
2669 3117 2881 3187 ubique
2923 3116 3014 3172 lex
3059 3118 3409 3190 evangelica,
3446 3118 3644 3174 Domi-

228 3216 366 3266 tunc
391 3210 673 3281 temporis
696 3209 764 3263 de
782 3207 1089 3263 divinitate
1109 3182 1282 3262 Verbi
1316 3206 1372 3260 in
1408 3204 1663 3261 Ecclesia
1696 3203 1879 3258 fuisse
1910 3182 1953 3248 (ἶ
1993 3211 2124 3266 nica
2152 3207 2427 3269 traditio;
2457 3207 2529 3261 ab
2556 3222 2622 3261 eo
2653 3182 2809 3277 quod
2839 3206 3104 3263 Christus
3127 3182 3325 3263 docuit
3346 3182 3463 3263 non
3487 3224 3645 3263 rece-

227 3298 600 3363 sententiam,
635 3315 751 3353 non
782 3296 919 3352 item
971 3297 1042 3352 de
1100 3296 1391 3368 baptismo
1424 3294 1830 3349 haereticorum
1851 3291 1880 3347 ?

228 3388 502 3443 Pluribus
534 3403 670 3459 ergo
701 3385 875 3441 Verbi
908 3384 1271 3439 divinitatem
1322 3383 1739 3455 impetentibus
1760 3381 1881 3437 exi-

228 3479 529 3533 stimasset
558 3476 879 3548 Cyprianus
912 3473 1152 3529 cuilibet
1202 3474 1474 3546 episcopo
1531 3472 1714 3527 fuisse
1739 3471 1883 3526 libe-

228 3582 363 3621 rum
397 3566 466 3621 de
496 3564 796 3620 divinitate
822 3562 997 3618 Verbi
1028 3563 1247 3619 sentire
1278 3563 1420 3635 quid
1458 3560 1673 3617 vellet?
1729 3560 1884 3615 Satis

228 3671 369 3727 ergo
400 3660 523 3710 erat
552 3653 836 3727 Cypriano
868 3655 1083 3725 dogma
1113 3652 1348 3724 aliquod
1383 3669 1417 3707 a
1464 3650 1731 3721 pluribus
1764 3648 1885 3720 epi-

228 3744 427 3816 scopis
471 3744 826 3816 impugnari,
889 3746 954 3797 ut
1011 3742 1260 3797 liberum
1319 3740 1557 3796 cuilibet
1613 3739 1885 3811 episcopo

218 3834 348 3904 jam
383 3832 529 3887 foret
556 3831 699 3886 illud
730 3832 985 3900 credere,
1006 3830 1097 3886 vel
1129 3847 1245 3885 non
1277 3829 1510 3885 credere
1531 3828 1559 3883 ?
1597 3826 1759 3883 Talia
1816 3826 1887 3881 de

231 3922 523 3994 Cypriano
581 3921 1015 3976 somniantibus
1096 3918 1631 3976 commiserandum
1694 3916 1888 3988 potius

230 4026 415 4082 quam
440 4010 933 4081 respondendum.

306 4117 623 4172 Censuitne
653 4115 902 4171 liberum
935 4115 1177 4170 cuilibet
1221 4114 1494 4186 episcopo
1542 4117 1889 4186 potestatem

231 4206 575 4262 remittendi
609 4211 840 4277 peccata
863 4204 1063 4260 omnia
1108 4203 1375 4260 Ecclesiae
1438 4204 1756 4259 concedere
1806 4199 1893 4258 vel

233 4297 531 4366 denegare
553 4295 580 4349 ?
612 4294 690 4349 De
724 4295 830 4349 hac
863 4311 922 4349 re
944 4298 1138 4349 tamen
1174 4293 1400 4348 nullum
1428 4292 1620 4348 adhuc
1651 4291 1896 4365 plenarii

232 4385 451 4441 1322
479 4382 710 4439 concilii
742 4382 1035 4454 prodierat
1056 4381 1370 4454 judicium,
1405 4398 1510 4438 nec
1568 4398 1687 4437 una
1741 4381 1896 4453 apud

232 4489 450 4530 omnes
482 4473 801 4544 episcopos
831 4471 1008 4527 etiam
1034 4476 1159 4527 erat
1188 4472 1499 4539 sententia,
1534 4470 1709 4525 talem
1740 4470 1898 4526 enim

1992 3300 2231 3355 datur.»
2270 3296 2396 3352 Non
2447 3312 2583 3366 ergo
2643 3294 3013 3350 existimabat
3060 3294 3383 3367 Cyprianus
3435 3297 3495 3350 in
3528 3295 3643 3365 his,

1992 3404 2120 3458 quae
2152 3404 2183 3441 a
2211 3385 2291 3442 Cb
2304 3384 2444 3439 risto
2465 3383 2680 3439 tradita
2709 3382 2794 3438 vel
2830 3389 3115 3455 praecepta
3143 3385 3462 3450 asserebat,
3496 3384 3650 3440 libe-

1994 3492 2125 3530 rum
2158 3472 2397 3529 cuilibet
2454 3472 2728 3544 episcopo
2758 3488 2887 3528 esse
2933 3473 3149 3529 sentire
3177 3473 3263 3529 vel
3304 3489 3474 3546 agere
3504 3473 3649 3546 quid

1996 3564 2183 3621 vellet.

2067 3672 2196 3727 Haec
2225 3671 2406 3744 igitur
2434 3688 2568 3727 vera
2624 3671 2890 3743 Cypriani
2914 3672 3197 3744 doctrina,
3230 3673 3289 3729 in
3324 3674 3499 3731 rebus
3532 3672 3649 3731 sci-

1997 3760 2131 3817 licet
2151 3761 2286 3817 ﬁdei
2320 3760 2769 3816 unanimitatem
2827 3760 2885 3815 in
2917 3760 3174 3819 Ecclesia
3216 3763 3542 3819 necessario
3572 3763 3645 3819 ab

1996 3848 2273 3905 omnibus
2305 3865 2434 3904 esse
2466 3850 2849 3918 servandam;
2882 3848 3024 3917 haec,
3060 3850 3232 3919 addo,
3264 3851 3419 3924 apud
3452 3852 3648 3923 ipsum

1999 3940 2276 3994 constans
2307 3954 2373 3993 ac
2395 3943 2711 4009 perpetua;
2763 3959 2789 3990 α
2818 3937 3085 3995 Christus
3118 3940 3329 4011 inquit,
3361 3939 3419 3995 in
3450 3939 3550 3995 lib.
3584 3940 3651 3997 de

2004 4029 2219 4086 Unitate
2246 4026 2523 4092 Ecclesiae,
2557 4028 2616 4082 in
2647 4026 2904 4083 Ecclesia
2949 4028 3263 4084 concordes
3294 4033 3473 4101 atque
3503 4046 3649 4085 una-

2002 4117 2187 4172 nimes
2215 4132 2346 4173 esse
2375 4116 2718 4189 praecepit...
2756 4116 2931 4171 Docet
2965 4116 3245 4173 Dominus
3292 4122 3349 4174 et
3377 4119 3655 4174 admonet

2004 4224 2036 4261 a
2064 4206 2281 4262 talibus
2310 4205 2598 4279 (reprobis
2630 4206 2778 4260 circa
2831 4205 3032 4277 ﬁdem)
3079 4206 3489 4262 recedendum.
3528 4229 3556 4257 »
3586 4208 3657 4263 Et

2004 4295 2065 4351 in
2113 4294 2282 4367 epist.
2342 4298 2432 4361 25,
2482 4295 2553 4351 ad
2610 4295 2984 4350 Caldonium:
3041 4317 3069 4345 «
3113 4293 3185 4350 Ut
3237 4296 3393 4368 apud
3452 4311 3658 4352 omnes

2008 4401 2164 4438 unus
2204 4388 2369 4439 actus
2401 4388 2457 4439 et
2506 4400 2623 4438 una
2679 4385 2985 4440 consensio
3037 4384 3367 4439 secundum
3426 4383 3656 4439 Domini

2012 4477 2301 4544 praecepta
2331 4477 2632 4527 teneatur:
2670 4496 2691 4524 ι
2747 4477 2804 4527 et
2853 4471 2911 4527 in
2946 4472 3115 4544 epist.
3165 4473 3255 4541 32,
3306 4471 3377 4528 ad
3423 4473 3661 4545 Presby-

234 4566 598 4635 potestatem
630 4560 898 4617 Ecclesia:
921 4561 1247 4632 denegabat
1284 4560 1662 4624 Novatianus.
1723 4576 1895 4631 quem
1928 4553 1975 4617 D
2009 4566 2151 4617 teras
2191 4560 2509 4631 Carthagin.
2550 4561 2750 4616 I333
2787 4581 2815 4610 «
2864 4560 2933 4615 Et
2961 4561 3021 4615 in
3079 4559 3473 4617 Ecclesiarum
3505 4566 3658 4617 statu

239 4651 450 4724 plures
472 4668 539 4705 ex
594 4650 808 4716 Africa,
839 4649 1117 4705 Numidia
1170 4653 1227 4704 et
1277 4648 1464 4705 Gallia
1510 4649 1908 4720 sequebantur

238 4740 687 4813 episcopi,teste
713 4740 999 4812 Cypriano
1028 4738 1087 4794 in
1138 4738 1415 4811 Epistolis
1446 4738 1515 4792 ad
1535 4739 1909 4794 Antonianum

239 4831 345 4900 55,
380 4828 449 4883 ad
482 4828 797 4884 Cornelium
825 4829 883 4882 S.
912 4828 1225 4899 pontiﬁcem
1253 4827 1343 4891 59,
1375 4834 1423 4882 et
1453 4826 1523 4881 ad
1560 4826 1909 4898 Stephanum

238 4918 303 4972 S.
338 4917 654 4988 pontiﬁcem
685 4918 769 4972 68.
812 4918 955 4989 Lege
986 4922 1208 4985 tamen,
1235 4915 1463 4987 perlege
1524 4916 1743 4986 scripta
1798 4916 1908 4989 Cy-

238 5005 467 5079 priani,
496 5005 705 5061 nullibi
739 5022 1075 5061 concessam
1110 5006 1183 5059 ab
1212 5005 1339 5077 ipso
1370 5004 1703 5060 Novatianis
1752 5005 1909 5060 inve-

237 5095 381 5151 nies
433 5093 606 5151 talem
640 5094 927 5150 sentiendi
969 5095 1298 5150 libertatem
1335 5110 1349 5160 ;
1383 5109 1519 5148 cum
1550 5093 1705 5149 enim
1760 5093 1912 5148 hanc

238 5184 714 5239 Novatianorum
750 5183 1086 5255 opinionem
1136 5182 1323 5238 Verbo
1362 5182 1485 5249 Dei,
1519 5199 1642 5249 seu,
1679 5186 1741 5237 ut
1786 5182 1913 5253 ipse

234 5272 541 5344 loquitur,
573 5271 632 5326 in
692 5274 850 5328 citat.
902 5273 1080 5342 Epist.
1139 5271 1210 5327 ad
1267 5272 1572 5327 Antonian.
1607 5288 1626 5327 :
1666 5293 1694 5321 «
1756 5270 1911 5327 Fidei

251 5362 702 5433 Scripturarum
752 5360 1080 5416 divinarum
1116 5383 1143 5409 ››
1193 5360 1497 5415 adversam
1531 5360 1911 5416 existimaret.

239 5451 613 5508 Novatianos
646 5455 709 5505 ut
734 5448 1036 5505 haereticos
1079 5448 1332 5505 traducit
1360 5449 1419 5504 in
1451 5451 1624 5521 Epist.
1685 5450 1755 5505 ad
1809 5450 1918 5506 An-

241 5542 473 5599 tonian.
508 5540 751 5596 Illorum
792 5538 1127 5611 Opinionem
1146 5538 1416 5595 haeresim
1440 5538 1715 5610 appellat,
1734 5538 1915 5595 haere-

246 5630 393 5690 ticae
424 5627 900 5703 praesumptionis
931 5628 1312 5687 durissimum
1358 5626 1708 5705 pravitatem
1740 5646 1756 5701 ς
1783 5645 1918 5705 gra-

586 5757 851 5821 Pnaon.
895 5753 1004 5820 III.

2015 4649 2416 4721 componendo
2448 4654 2711 4704 servetur
2740 4649 2813 4703 ab
2843 4648 3119 4705 omnibus
3152 4666 3269 4706 una
3301 4654 3357 4706 et
3388 4650 3505 4706 ﬁda
3534 4666 3665 4705 con-

2016 4738 2302 4795 sensio:»
2356 4742 2413 4793 et
2460 4737 2516 4791 in
2563 4740 2732 4809 epist.
2791 4737 2881 4805 43,
2932 4737 3003 4792 ad
3045 4739 3257 4811 plebem
3312 4741 3664 4795 universam:

2018 4851 2045 4879 ‹‹
2079 4826 2185 4893 Qui
2219 4826 2561 4881 mandatum
2582 4825 2681 4882 Dei
2712 4826 2985 4898 rejiciunt
3008 4831 3063 4882 et
3091 4828 3465 4885 traditionem
3498 4843 3664 4884 suam

2018 4920 2271 4972 statuere
2302 4920 2609 4986 conantur,
2644 4916 2873 4971 fortiter
2897 4932 2930 4971 a
2984 4916 3147 4972 vobis
3179 4922 3235 4973 et
3300 4916 3547 4972 ﬁrmiter
3586 4932 3669 4972 re-

2019 5010 2329 5077 spuantur.
2390 5005 2458 5059 Et
2506 5004 2564 5059 in
2619 5006 2790 5077 epist.
2853 5005 2941 5075 46,
2993 5007 3072 5061 ad
3099 5006 3403 5061 Maximum
3432 5010 3485 5062 et
3510 5006 3669 5063 Nico-

2018 5104 2264 5156 stratum
2292 5095 2657 5163 eonfessores:
2683 5115 2704 5142 α
2730 5093 2876 5150 Nam
2908 5111 3042 5150 cum
3068 5094 3426 5151 unanimitas
3454 5100 3512 5151 et
3532 5112 3676 5150 con-

2022 5188 2220 5247 cordia
2249 5186 2451 5240 nostra
2481 5182 2670 5238 scindi
2730 5182 2970 5239 omnino
3030 5200 3145 5238 non
3195 5184 3421 5240 debeat.
3458 5206 3487 5234 »
3519 5184 3589 5239 Et
3618 5184 3678 5238 in

2023 5279 2193 5351 epist.
2220 5274 2313 5339 59,
2344 5288 2409 5326 ae
2442 5269 2762 5326 Cornelium
2806 5271 2862 5327 S.
2921 5272 3279 5343 Pontiﬁcem:
3323 5294 3350 5322 «
3383 5272 3558 5329 Nulla
3591 5288 3681 5328 so-

2026 5368 2203 5425 cietas
2234 5361 2367 5418 ﬁdei
2397 5366 2454 5416 et
2486 5360 2737 5431 perﬁdiae
2776 5377 2905 5417 esse
2958 5365 3171 5433 potest.
3207 5384 3235 5412 »
3293 5362 3364 5418 Et
3396 5363 3455 5417 in
3505 5361 3679 5434 epist.

2023 5456 2112 5522 69,
2146 5453 2219 5508 ad
2249 5450 2508 5520 Magnum
2543 5464 2609 5502 ;‹‹
2644 5446 2705 5501 In
2766 5447 3024 5502 Ecclesia
3072 5447 3172 5503 Dei
3206 5466 3320 5503 non
3373 5449 3488 5505 nisi
3542 5464 3680 5503 con-

2027 5542 2230 5601 cordes
2295 5542 2472 5609 atque
2547 5535 2859 5593 unanimes
2946 5535 3306 5595 habitant....
3365 5536 3683 5611 Apostolus

2027 5630 2242 5693 Paulus
2264 5629 2432 5685 docet
2453 5631 2510 5683 et
2557 5623 2826 5699 praecipit
2851 5624 3187 5685 haereticum
3216 5627 3522 5687 vitandum
3551 5638 3685 5683 esse

3284 5758 3361 5821 44
