4088 6174
558 376 716 439 1387

1597 373 1700 434 DE
1745 367 2338 433 HﬂRETICORUM
2384 367 2920 430 BAPTISMATE.

3716 373 3837 436 1388

558 518 623 567 ut
645 525 978 584 perversum
1003 513 1062 565 et
1108 511 1494 581 peccatorem.
1534 528 1562 558 »
1608 507 1778 562 Paria
1807 508 1991 563 missa
2023 507 2201 572 facio;
2238 513 2291 576 Α
2326 519 2462 574 ergo
2503 503 2792 574 pertinere
2847 518 2962 558 non
3016 500 3294 572 judicavit
3339 499 3476 588 hanc
3516 500 3576 558 de
3608 500 3838 576 Baptismo

561 607 620 657 at
650 617 718 656 ex
741 599 940 656 relatis
958 600 1041 654 sic
1065 596 1399 654 ratiocinari
1422 596 1576 664 licet,
1607 597 2031 668 quijudicabat
2062 611 2204 650 una-

558 686 884 743 nimitatem
908 686 968 741 in
987 686 1098 741 fide
1126 686 1207 740 ita
1237 701 1362 741 esse
1377 683 1773 740 necessarium
1799 689 1860 739 ut
1884 701 1918 739 a
1948 681 2210 756 reprobis

558 778 714 835 circa
740 775 913 832 ﬁdem
946 775 1332 831 recedendum
1360 779 1536 842 esset,
1568 774 1667 845 qui
1699 790 1876 830 unam
1917 773 1989 829 ob
2021 771 2209 828 omni-

561 867 673 924 bus
701 863 1143 922 consensionem
1179 864 1522 920 servandam
1552 880 1679 920 esse
1707 879 1776 918 ex
1807 861 2020 918 Christi
2043 877 2210 916 man-

559 956 695 1012 dato
725 955 1017 1024 credebat,
1043 954 1142 1025 qui
1174 952 1398 1008 nullam
1444 953 1578 1009 fidei
1626 957 1683 1008 et
1726 952 1978 1023 perﬁdia:
2028 950 2211 1007 socie-

557 1051 739 1101 tatem
770 1060 899 1101 esse
931 1059 1102 1115 posse
1133 1042 1424 1114 censebat,
1448 1041 1549 1098 ille
1580 1044 1836 1114 profecto
1869 1057 1986 1097 non
2012 1039 2212 1096 existi-

559 1134 760 1189 mabat
787 1131 1028 1188 cuilibet
1058 1132 1330 1203 episcopo
1352 1130 1604 1186 liberum
1627 1146 1754 1186 esse
1779 1130 1840 1185 in
1871 1131 2047 1186 rebus
2079 1128 2213 1184 ﬁdei

557 1223 716 1278 varie
746 1223 997 1289 sentire;
1023 1221 1163 1292 quid
1195 1219 1352 1276 enim
1376 1219 1748 1276 unanimitati
1767 1219 1956 1291 magis
1977 1222 2214 1274 contra-

559 1313 713 1368 rium
748 1329 924 1385 quam
958 1312 1081 1367 haec
1111 1311 1403 1368 sentiendi
1444 1311 1685 1367 libertas
1713 1310 1740 1364 ?
1769 1310 1944 1382 Atqui
1975 1309 2214 1383 Cypria-

559 1419 673 1458 nus
697 1401 1005 1473 judicabat
1035 1401 1482 1456 unanimitatem
1514 1400 1573 1454 in
1602 1401 1714 1455 ﬁde
1743 1399 1825 1455 ita
1844 1404 1981 1470 jesse
2012 1414 2210 1454 neces-

561 1491 777 1548 sariam
807 1495 873 1547 ut
903 1507 937 1546 a
974 1490 1239 1562 reprobis
1296 1490 1449 1546 circa
1490 1489 1665 1545 fidem
1706 1489 2094 1545 recedendum
2125 1503 2214 1544 es-

561 1586 668 1649 set,
694 1585 830 1648 etc.,
859 1583 924 1636 ut
955 1585 1114 1654 patet
1134 1596 1203 1636 ex
1230 1579 1490 1636 textibus
1520 1578 1713 1635 citatis
1738 1599 1754 1649 ς
1787 1593 1946 1650 ergo.

631 1733 712 1789 Ex
769 1733 863 1789 his
925 1733 1201 1788 omnibus
1251 1732 1366 1787 duo
1423 1734 1730 1788 constant:
1770 1732 1826 1786 1ο
1853 1732 1914 1786 In
1965 1731 2039 1786 iis
2087 1747 2212 1802 quae

559 1822 884 1897 Cyprianus
902 1823 970 1878 ad
986 1822 1159 1878 ﬁdem
1181 1820 1468 1877 referebat
1484 1819 1704 1876 nemini
1735 1820 1890 1876 varie
1921 1819 2213 1876 sentiendi

557 1889 891 1969 libertatem
919 1911 1116 1984 ipsum
1149 1910 1481 1966 concedere.
1505 1911 1567 1964 2ο
1596 1909 1952 1982 Cyprianum
1975 1908 2215 1965 cuilibet
2242 1889 2291 1955 B

560 2001 833 2075 episcopo
880 2000 1212 2057 libertatem
1261 1999 1623 2056 concessisse
1682 2003 1886 2055 contra
1915 2015 2084 2055 suam
2141 1998 2212 2054 de

562 2091 860 2164 Baptismo
893 2090 1296 2146 hereticorum
1330 2089 1664 2160 opinionem
1699 2087 2024 2144 sentiendi:
2059 2088 2213 2143 unde

559 2179 1042 2237 manifestissime
1073 2182 1232 2250 patet
1273 2181 1330 2232 S.
1383 2176 1740 2249 Cyprianum
1775 2193 1889 2232 non
1924 2192 2043 2232 rem
2077 2175 2213 2232 fidei

560 2270 662 2326 sed
697 2285 872 2326 merae
901 2265 1225 2339 disciplinae
1255 2264 1556 2322 censuisse
1585 2269 1769 2322 totam
1799 2265 1952 2321 hanc
1977 2265 2050 2321 de
2070 2265 2215 2337 Bap-

560 2358 739 2415 tismo
769 2355 1177 2414 haereticorum
1217 2352 1614 2426 quaestionem.

633 2511 709 2566 At
735 2508 974 2564 tandem
1011 2507 1082 2563 ad
1117 2504 1478 2562 occludenda
1509 2505 1707 2562 omnia
1747 2505 2214 2563 adversariorum

571 2595 787 2672 effugia
806 2597 884 2654 sit
912 2596 971 2652 in
1003 2595 1331 2667 exemplum
1383 2595 1506 2651 haec
1535 2595 1786 2667 ipsemet
1813 2596 1884 2651 de
1917 2595 2214 2668 Baptismo

569 2688 976 2745 hmreticorum
1010 2685 1420 2741 controversia.
1455 2684 1768 2740 Censuitne
1810 2683 2058 2740 liberum
2093 2687 2216 2741 cui-

568 2777 712 2834 libet
741 2777 1012 2850 episcopo
1043 2774 1114 2830 ab
1145 2773 1431 2829 haereticis
1473 2773 1796 2846 baptizatos
1855 2774 2066 2830 iterato
2105 2776 2217 2830 tin-

563 2883 700 2940 gere
727 2865 817 2922 vel
849 2881 964 2921 non
993 2864 1218 2936 tingere
1248 2862 1558 2934 baptismo,
1600 2863 1660 2918 in
1720 2863 2024 2936 hypothesi
2057 2863 2214 2935 quod

562 2956 624 3012 in
656 2954 972 3028 Scripturis
1004 2952 1090 3009 vel
1119 2953 1179 3008 in
1222 2952 1534 3008 traditione
1588 2952 1924 3024 Apostoiica
1953 2954 2216 3008 contine-

563 3050 727 3102 retur
755 3061 854 3101 eos
884 3060 998 3099 non
1027 3058 1156 3099 esse
1202 3041 1650 3113 rebaptizandos
1674 3041 1702 3096 ‘I
1730 3041 1875 3098 Cum
1903 3041 2060 3098 enim
2092 3042 2215 3098 Ste-

563 3135 796 3208 phanus
845 3132 1108 3189 Pontifex
1152 3129 1446 3186 maximus
1504 3128 1793 3186 Africanis
1852 3132 2214 3200 mandasset,

563 3230 627 3280 ut
647 3222 1018 3279 traditionem
1034 3221 1104 3276 de
1127 3235 1242 3274 non
1267 3217 1695 3290 rebaptizandis
1708 3217 1996 3275 haereticis
2020 3220 2216 3276 obser-

2323 601 2726 656 hzereticorum
2760 599 3239 656 controversiam.

2392 707 2481 763 IX.
2529 708 2582 762 S.
2634 706 2957 780 Cyprianus
3008 704 3235 762 nullum
3288 705 3340 760 in
3393 707 3544 762 terris
3577 709 3841 780 agnoscebat

2320 795 2600 868 tribunal,
2627 798 2719 852 cui
2743 797 2800 851 in
2832 813 3012 853 causa
3040 795 3398 868 baptismatis
3425 795 3762 853 haereticorum
3785 817 3844 856 ce-

2319 886 2455 942 dere
2501 887 2757 952 deberet,
2789 887 2890 942 uni
2945 892 3003 943 et
3059 885 3165 942 soli
3221 885 3430 941 Christo
3482 891 3760 958 potestatem
3797 889 3845 943 de

2320 979 2451 1032 actu
2513 993 2620 1032 suo
2663 975 2972 1048 judicandi
3009 975 3340 1032 tribuebat:
3371 999 3396 1025 «
3425 975 3761 1047 Expectemus,
3783 978 3844 1032 in-

2321 1064 2450 1137 quit
2500 1064 2559 1121 in
2590 1066 2825 1122 exordio
2854 1082 3005 1122 conc.
3064 1064 3319 1134 Carthag.
3364 1082 3440 1129 ιιι,
3488 1064 3700 1120 universi
3728 1067 3844 1138 judi-

2321 1153 2477 1209 cium
2510 1154 2736 1210 Domini
2770 1155 2954 1211 nostri
2975 1156 3111 1211 Jesu
3142 1153 3368 1222 Christi,
3399 1153 3486 1226 qui
3519 1171 3646 1211 unus
3670 1160 3713 1210 et
3735 1157 3845 1211 solus

2321 1242 2497 1298 habet
2525 1248 2873 1316 potestatem
2905 1245 2978 1300 de
3021 1249 3155 1300 actu
3188 1248 3378 1300 nostro
3400 1244 3682 1315 judicandi.
3709 1268 3730 1292 υ
3753 1245 3846 1300 Fere

2321 1331 2542 1388 similia
2571 1333 2864 1390 scribebat
2893 1334 2950 1390 S.
2984 1335 3190 1390 Doctor
3233 1333 3300 1388 ad
3333 1333 3584 1404 Magnum
3609 1339 3654 1388 et
3687 1335 3742 1388 ad
3762 1334 3847 1389 Ste-

2322 1421 2583 1495 phanum
2618 1423 2685 1478 Β.
2719 1421 3082 1479 Pontiﬁcem.
3102 1425 3175 1478 At
3202 1437 3466 1478 verumne
3494 1427 3624 1477 esset
3661 1423 3708 1477 in
3731 1423 3847 1478 rebus

2322 1510 2455 1566 fidei
2489 1509 2598 1567 hoc
2612 1512 2881 1584 Cypriani
2898 1512 3342 1585 pronuntiatum
3361 1511 3386 1566 7
3402 1511 3660 1584 Numquid
3672 1512 3717 1566 in
3731 1514 3846 1567 rebus

2322 1599 2456 1655 fidei
2489 1601 2736 1670 quilibet
2764 1600 3100 1675 episcopus,
3132 1602 3251 1658 imo
3283 1600 3430 1656 natio
3461 1601 3656 1673 integra
3681 1600 3847 1656 concilio

2321 1688 2578 1760 generali
2610 1706 2832 1746 morem
2863 1707 3060 1762 gerere
3091 1708 3208 1747 non
3240 1690 3447 1746 debet?
3473 1688 3723 1760 Numquid
3747 1705 3846 1743 unus

2321 1781 2377 1832 et
2409 1776 2570 1832 solus
2598 1778 2862 1835 Christus
2885 1783 3232 1851 potestatem
3251 1779 3419 1834 habet
3439 1777 3704 1849 judicandi
3727 1777 3850 1832 deali-

2323 1866 2492 1936 cujus
2523 1867 2778 1940 episcopi
2810 1867 2898 1923 vel
2959 1867 3188 1924 concilii
3248 1866 3591 1940 particularis
3637 1871 3756 1933 actu,
3787 1865 3847 1935 qui

2322 1955 2497 2010 fidem
2531 1955 2900 2028 aliquatenus
2957 1959 3292 2030 spectaret?
3348 1957 3534 2012 Restat
3581 1957 3725 2028 igitur
3749 1961 3793 2008 ut
3812 1955 3846 2008 S.

2321 2045 2644 2117 Cyprianus
2674 2045 2824 2102 hanc
2853 2047 2924 2102 de
2946 2046 3239 2118 baptismo
3270 2045 3640 2100 haereticorum
3665 2044 3848 2115 quastio-

2323 2150 2455 2188 nem
2489 2134 2562 2189 iis
2605 2150 2774 2190 mere
2807 2135 3072 2191 retulerit
3127 2133 3443 2208 disciplinae
3491 2133 3748 2206 capitibus,
3771 2147 3846 2202 qua

2321 2222 2497 2278 certis
2529 2223 2586 2277 in
2620 2222 2936 2295 provinciis
2966 2224 3048 2279 ita
3079 2225 3374 2280 mordicus
3418 2222 3626 2278 retineri
3667 2223 3846 2292 possunt,

2323 2315 2390 2367 ut
2419 2311 2490 2366 ad
2521 2327 2588 2368 ea
2641 2313 2926 2369 mutanda
2947 2330 3052 2369 nec
3083 2313 3273 2370 valeat
3303 2313 3340 2369 S
3373 2311 3638 2368 Pontiﬁcis
3664 2315 3742 2365 aut
3763 2324 3848 2364 con-

2323 2399 2441 2455 cilii
2473 2400 2765 2474 generalis
2794 2403 3131 2460 auctoritas.
3167 2402 3274 2458 Hic
3303 2401 3449 2469 vide,
3472 2417 3661 2473 quaso,
3685 2397 3847 2454 candide

2321 2487 2524 2557 lector,
2579 2494 2864 2562 quantum
2923 2490 3212 2548 haereticis
3269 2491 3684 2565 patrocinentur,
3711 2486 3782 2560 qui
3812 2500 3850 2538 rx

2323 2577 2631 2634 Catholicis
2662 2580 2733 2634 ad
2764 2581 3271 2652 pessumdandam
3290 2577 3848 2636 RomaniPontificisau-

2324 2666 2652 2724 ctoritatem
2683 2667 2982 2726 clamitare
3014 2687 3129 2725 non
3191 2674 3440 2735 cessant,
3493 2665 3775 2742 Cyprianum
3812 2661 3847 2715 in

2322 2757 2432 2813 hac
2461 2759 2857 2815 controversia
2885 2759 3019 2814 fidei
3050 2759 3268 2831 dogma
3297 2759 3575 2815 vindicare
3599 2755 3800 2812 voluisse.
3814 2749 3850 2804 Si

2323 2845 2434 2902 hoc
2465 2846 2646 2902 semel
2701 2847 2847 2919 ipsis
2877 2849 3254 2920 concedatur,
3305 2847 3697 2904 concedendum
3719 2841 3792 2897 erit
3814 2843 3848 2892 et

2323 2935 2612 2991 heereticis
2644 2951 2749 2992 nec
2770 2935 3086 2992 concilium
3117 2937 3412 3009 generale,
3431 2936 3611 3007 judice
3637 2930 3847 3004 Cypriane,

2324 3040 2666 3095 supremum
2719 3024 2779 3080 in
2828 3024 3174 3081 dirimendis
3225 3026 3361 3081 ﬁdei
3408 3019 3750 3080 controversiis
3770 3028 3847 3070 esse

2323 3112 2582 3168 tribunal
2610 3131 2623 3181 ;
2656 3113 2793 3169 huic
2821 3114 2979 3169 enim
3010 3131 3174 3186 aeque
3233 3132 3299 3171 ac
3352 3116 3410 3170 S.
3442 3110 3669 3169 Pontifici
3690 3105 3850 3175 denegat

2325 3201 2386 3257 S.
2419 3205 2628 3258 Doctor
2651 3206 2995 3275 potestatem
3045 3205 3116 3259 de
3147 3211 3285 3260 actu
3339 3221 3442 3260 suo
3489 3197 3754 3274 judicandi,
3775 3198 3847 3247 tam

567 3262 627 3280 ..ι
652 3262 1018 3279 numnunc...
1035 3262 1104 3276 ..ν
1127 3262 1242 3274 μυ..
1267 3262 1995 3290 ,νυκτη-..μνηημηηηωυ
2021 3262 2182 3276 νην.

559 3316 782 3382 varent,
807 3310 1122 3383 respondet
1151 3307 1476 3381 Cyprianus
1497 3309 1729 3380 justum
1764 3325 1830 3364 ac
1883 3308 2214 3380 legitimum

2328 3290 2528 3359 nitide,
2580 3262 2701 3347 tam
2753 3296 2951 3364 aperte
2981 3293 3105 3359 uni,
3165 3298 3225 3349 et
3277 3293 3386 3350 soli
3441 3262 3643 3350 Christo
3667 3302 3760 3342 eam
3787 3279 3849 3336 tri-

566 3401 670 3458 hoc
721 3398 1002 3473 Stephani
1041 3413 1170 3454 esse
1228 3397 1596 3465 mandatum,
1630 3401 1688 3452 et
1727 3413 1920 3453 revera
1969 3397 2042 3453 ab
2071 3398 2218 3454 Afri-

565 3491 728 3548 canis
776 3488 1124 3545 servandam
1155 3503 1284 3543 esse
1313 3485 1464 3540 hanc
1496 3485 1776 3557 Stephani
1817 3486 2212 3559 traditionem,

564 3580 626 3636 in
657 3577 965 3652 hypothesi
991 3575 1143 3648 quod
1202 3574 1324 3630 haec
1373 3573 1611 3630 traditio
1641 3575 1719 3630 sit
1752 3574 2098 3648 Evangelica
2129 3576 2214 3632 vel

566 3665 916 3740 apostolica:
952 3681 1023 3720 en
1041 3663 1214 3721 verba
1242 3661 1513 3736 Cypriani
1561 3663 1874 3720 scribentis
1931 3665 2004 3720 ad
2045 3665 2215 3720 Pom-

567 3761 802 3834 peium:
836 3780 865 3809 ‹‹
900 3755 1058 3814 Nihil
1089 3755 1417 3826 innovetur,
1476 3753 1671 3826 inquit
1710 3755 2068 3827 Stephanus,
2102 3756 2215 3813 nisi

567 3849 723 3924 quod
759 3847 1045 3904 traditum
1075 3848 1182 3900 est.
1211 3843 1375 3900 Unde
1403 3847 1492 3900 est
1521 3843 1637 3900 ista
1665 3845 1900 3900 traditio
1921 3845 1948 3900 ?
1977 3849 2215 3901 Utrum-

565 3957 638 3996 ne
659 3940 731 3995 de
763 3935 1066 3994 Dominica
1119 3937 1177 3990 et
1231 3932 1566 4006 evangelica
1597 3933 1942 3990 auctoritate
1981 3935 2217 3991 descen-

564 4027 709 4083 dens
731 4023 758 4079 ?
787 4027 874 4080 An
907 4023 979 4078 de
999 4018 1403 4094 Apostolorum
1436 4021 1733 4077 mandatis
1754 4025 1929 4094 atque
1952 4022 2215 4096 epistolis

561 4113 847 4172 veniens?
876 4111 956 4168 Ea
987 4109 1143 4166 enim
1176 4109 1442 4164 facienda
1473 4125 1600 4165 esse
1632 4125 1757 4182 quas
1808 4110 2026 4184 scripta
2077 4116 2217 4168 sunt

569 4212 718 4261 Deus
749 4207 998 4259 testatur
1027 4204 1084 4254 et
1112 4197 1385 4270 proponit
1437 4197 1508 4252 ad
1555 4198 1759 4254 Jesum
1789 4199 1942 4254 Nave
1973 4200 2172 4256 dicens
2198 4217 2212 4256 :

565 4295 692 4351 Non
725 4291 953 4347 recebet
981 4288 1130 4342 liber
1157 4286 1324 4358 Legis
1354 4285 1533 4357 hujus
1563 4302 1632 4342 ex
1661 4303 1759 4343 ore
1806 4291 1928 4358 tuo,
1958 4289 2059 4344 sed
2094 4305 2215 4344 me-

570 4380 850 4439 ditaberis
882 4379 938 4434 in
971 4395 1037 4434 eo
1086 4376 1180 4432 die
1237 4391 1304 4430 ao
1361 4380 1528 4431 nocte
1582 4382 1648 4431 ut
1702 4377 1974 4432 observes
2031 4377 2216 4435 facere

571 4472 770 4531 omnia
789 4486 916 4544 quae
976 4466 1192 4538 scripta
1222 4469 1398 4533 sunt;
1430 4464 1488 4518 in
1517 4481 1584 4521 eo
1606 4465 1743 4520 item
1767 4465 2052 4522 Dominus
2077 4483 2217 4540 apo-

576 4560 758 4619 stolos
817 4573 956 4614 suos
1015 4554 1256 4610 mittens
1308 4554 1552 4609 mandat
1605 4553 1890 4626 baptizari
1920 4560 2121 4627 gentes
2160 4559 2219 4612 et

2326 3378 2509 3434 buens
2538 3397 2552 3437 :
2588 3403 2608 3430 ι
2642 3379 2751 3444 Qui
2780 3397 2955 3450 unus,
2979 3380 3194 3452 inquit,
3221 3386 3278 3438 et
3307 3381 3465 3438 solus
3512 3379 3661 3434 habet
3682 3375 3847 3447 potesta-

2323 3472 2440 3524 tem
2475 3469 2544 3524 de
2573 3473 2704 3524 actu
2737 3475 2936 3526 nostro
2959 3471 3292 3542 judicandi.
3327 3495 3354 3523 η
3387 3469 3622 3526 Profecto
3649 3455 3851 3537 prosequi-

2325 3562 2424 3613 tur
2452 3558 2728 3615 eminent.
2779 3560 2851 3614 de
2897 3558 3039 3615 Bissi
3100 3560 3159 3615 in
3219 3561 3394 3617 citato
3443 3561 3558 3632 jam
3609 3551 3849 3611 documento

2325 3646 2626 3718 pastorali,
2680 3665 2776 3703 an.
2837 3649 2996 3720 1728,
3047 3665 3185 3722 pag.
3244 3651 3352 3705 62:
3414 3651 3572 3705 Est-ce
3619 3645 3661 3699 ιά
3697 3638 3852 3696 dictum

2323 3734 2485 3806 (Ιαόη
2545 3735 2654 3792 δέπ
2742 3743 2998 3809 rapporte
3050 3740 3086 3793 ἀ
3143 3741 3201 3795 ια
3254 3739 3487 3795 άέείείοη
3559 3735 3663 3791 d’un
3719 3724 3850 3784 comite

2317 3825 2534 3897 plénier
2554 3828 2582 3880 ?

2397 3936 2467 3988 Χ.
2501 3933 2560 3988 S.
2602 3932 2928 4006 Cyprianus
2950 3951 3082 3990 cum
3106 3934 3184 3992 iis
3216 3937 3318 4009 qui
3350 3954 3383 3992 a
3419 3951 3520 3992 sua
3547 3929 3759 4004 Opinione
3797 3934 3851 3974 η·

2325 4021 2609 4077 cedebant
2666 4038 2891 4094 pacem,
2951 4025 3328 4080 concordiam
3395 4040 3458 4080 ac
3501 4014 3851 4078 communione!n

2325 4112 2800 4168 constantissime
2832 4114 3117 4170 servavit:
3186 4137 3214 4165 ‹‹
3246 4116 3386 4184 Nos,
3438 4113 3627 4185 inquit,
3656 4119 3776 4162 suam
3807 4095 3849 4150 ad

2324 4201 2681 4258 Jubaianum
2714 4203 3022 4274 epistolam
3039 4205 3416 4272 concludens,
3439 4187 3851 4276 quantuminnobis
3956 4187 3957 4265 1

2323 4295 2415 4346 est
2445 4296 2679 4363 propter
2706 4292 3011 4349 haereticos
3067 4310 3202 4350 cum
3257 4293 3491 4367 collegis
3528 4296 3578 4348 et
3602 4276 3850 4357 coepisti)?is

2325 4379 2542 4434 nostris
2603 4397 2717 4435 non
2775 4381 3208 4453 contendimus,
3265 4399 3401 4439 cum
3440 4380 3633 4454 quibus
3684 4369 3851 4429 divinam
3954 4451 3955 4463 χ

2325 4467 2697 4524 concordiam
2729 4474 2786 4525 et
2833 4469 3198 4527 Dominicam
3233 4489 3432 4545 pacem
3463 4477 3760 4526 τευθίδων..
3782 4470 3850 4548 ser-

2324 4562 2493 4612 vatur
2524 4575 2558 4613 a
2583 4556 2752 4613 nobis
2785 4558 3075 4629 patienter
3105 4565 3164 4616 et
3193 4561 3441 4617 ﬁrmiter
3479 4555 3698 4614 charitas
3721 4547 3845 4605 animi.

577 4648 770 4707 doceri
802 4653 865 4703 ut
895 4646 1201 4703 observent
1232 4642 1432 4698 omnia
1462 4659 1826 4715 quacunque
1855 4643 1953 4699 ille
2000 4662 2216 4717 praece-
2247 4631 2294 4697 D
2327 4645 2555 4719 collegii
2585 4646 2792 4714 honor,
2824 4648 3122 4704 vinculum
3155 4651 3318 4718 fidei,
3351 4655 3408 4706 et
3452 4643 3718 4705 concordia
3739 4646 3850 4692 sacer-

577 4741 695 4815 pit;
728 4739 777 4794 si
834 4751 971 4808 ergo
1000 4739 1103 4789 aut
1158 4733 1220 4788 in
1274 4730 1584 4805 Evangelio
1623 4731 1957 4805 praecipitur
2011 4735 2221 4791 1884

576 4835 678 4889 aut
706 4828 765 4883 in
796 4823 1193 4900 apostolorum
1229 4821 1504 4894 Epistolis
1562 4825 1664 4877 aut
1709 4823 1936 4879 actibus
1967 4824 2223 4880 contine-

573 4927 691 4994 tur,
724 4923 788 4975 ut
817 4935 852 4974 a
881 4928 1232 4986 quacunque
1289 4910 1491 4966 haeresi
1554 4910 1854 4967 venientes
1889 4930 2002 4968 non
2035 4911 2222 4985 bapti-

572 5015 796 5079 zentur,
831 5005 929 5062 sed
965 5007 1193 5059 tantum
1248 5015 1460 5054 manus
1492 4997 1609 5054 illis
1641 5000 1978 5073 imponatur
2007 5001 2066 5056 in
2102 5017 2220 5074 p03-

572 5099 904 5162 nitentium,
932 5095 1275 5149 observetur
1312 5087 1512 5142 divina
1541 5087 1662 5143 haec
1693 5095 1749 5144 et
1798 5096 2001 5146 sancta
2046 5090 2223 5145 tradi-

571 5190 673 5247 tio.
706 5209 734 5238 »
768 5183 1221 5250 Observariergo
1248 5177 1741 5248 debebaturjuxta
1772 5178 1830 5233 S.
1865 5179 2221 5252 Cyprianum

573 5278 730 5353 quod
763 5293 797 5331 a
825 5270 1055 5328 Christo
1086 5265 1172 5322 vel
1207 5265 1279 5320 ab
1297 5265 1576 5337 apostolis
1605 5266 1664 5320 in
1696 5267 1803 5322 hac
1833 5267 1904 5323 de
1933 5269 2222 5340 baptismo

572 5366 977 5425 haereticorum
1045 5354 1440 5412 controversia
1518 5355 1972 5412 determinatam
2058 5363 2222 5427 erat;

575 5474 712 5516 cum
745 5469 883 5526 ergo
933 5448 1260 5504 libertatem
1292 5442 1528 5501 cuilibet
1564 5445 1836 5520 episcopo
1871 5447 2227 5503 concesserit

578 5542 880 5603 haereticos
913 5532 1330 5608 rebaptizandi,
1361 5531 1450 5590 vel
1481 5551 1598 5590 non
1624 5536 2045 5609 rebaptizandi,
2087 5552 2226 5609 pro-

580 5638 727 5694 fecto
757 5623 1113 5686 existimavit
1144 5623 1225 5680 nil
1253 5623 1407 5680 circa
1449 5624 1965 5697 rebaptizationem
1994 5643 2028 5682 a
2057 5624 2228 5683 Chri-

584 5737 697 5802 sto,
727 5721 817 5781 vel
847 5720 919 5780 ab
951 5713 1230 5791 apostolis
1255 5713 1942 5788 determinatumfuisse;
1965 5714 2038 5774 ad
2051 5715 2226 5776 fidem

2330 4735 2498 4791 dotii.
2536 4758 2565 4785 »
2617 4740 2683 4790 Et
2714 4735 2773 4790 in
2831 4736 3005 4808 epist.
3061 4738 3133 4792 72
3187 4739 3260 4793 ad
3289 4738 3608 4811 Stephanum
3633 4723 3848 4811 Rom.ij

2329 4825 2554 4896 Iiﬁcem.
2614 4847 2641 4874 «
2698 4802 2980 4881 Caeterum
3032 4825 3260 4883 scimus
3291 4802 3565 4900 quosdam
3593 4818 3717 4893 quod
3745 4802 3848 4868 δι’ωά

2330 4912 2668 4968 imbiberint
2697 4912 2848 4968 nolle
2904 4915 3218 4988 deponere,
3270 4933 3374 4972 nec
3405 4910 3718 4987 propositum
3747 4906 3847 4988 suun

2332 5001 2497 5058 facile
2526 5009 2789 5070 mutare;
2823 5003 2924 5058 sed
2957 4985 3113 5059 salvo
3174 5005 3327 5061 inter
3374 4985 3603 5074 collegas
3664 4991 3779 5066 pacis
3819 4985 3849 5034 εἴ
3948 5039 3949 5057 η

2331 5091 2648 5147 concordiae
2679 5091 2930 5158 vinculo,
2966 5093 3232 5164 quadam
3287 5093 3530 5165 propria,
3561 5102 3668 5160 qua
3693 5075 3847 5152 δρυδεθ

2331 5179 2509 5236 semel
2543 5179 2662 5235 sint
2693 5187 2978 5252 usurpata
3005 5183 3274 5239 retinere.
3311 5183 3503 5238 1385
3535 5179 3641 5241 Qua
3667 5174 3711 5227 in
3739 5171 3848 5255 rente

2333 5286 2438 5324 nos
2454 5268 2569 5324 vim
2589 5269 2863 5342 cuiquam
2885 5269 3130 5327 facimus
3155 5277 3259 5326 aut
3285 5270 3465 5344 legem
3490 5269 3704 5322 damus:
3734 5278 3752 5302 υ
3773 5256 3846 5344 ei”

2331 5358 2567 5416 exordio
2595 5339 2818 5415 concilii
2847 5358 3100 5431 Carthag.
3148 5377 3211 5415 ιιι
3233 5379 3254 5415 ,ο
3309 5339 3621 5431 «δειιρθι-εει
3647 5354 3697 5406 ut
3722 5346 3771 5400 de
3790 5339 3847 5392 hic

2334 5448 2462 5520 ipsa
2484 5464 2543 5504 re
2558 5447 2929 5521 singuliquid
2955 5447 3274 5504 sentiamus
3306 5448 3640 5520 proferamus
3655 5431 3845 5521 nemine}?

2327 5537 2663 5610 judicantes
2692 5541 2793 5593 aut
2817 5555 2852 5592 a
2876 5537 3006 5610 jure
3037 5538 3464 5595 communionis
3484 5534 3721 5604 aliquem.
3741 5519 3774 5576 εί

2335 5643 2568 5683 versum
2628 5625 2944 5694 censuerit,
2991 5632 3342 5685 amoventes.
3378 5650 3406 5679 »
3459 5625 3532 5682 De
3571 5615 3788 5692 Cypriano
3815 5596 3846 5653 Id

2337 5731 2606 5789 expresse
2636 5719 2885 5772 testatur
2909 5715 2969 5779 S.
3007 5714 3393 5794 Hieronymus
3419 5715 3478 5777 in
3515 5709 3704 5782 Dialogo
3728 5694 3848 5761 adt“:
