4088 6174
254 302 415 365 1389

1206 299 1410 361 PARS
1456 298 1534 361 ll.
1565 331 1644 343 —
1674 296 2241 361 RECENTIORUM
2286 296 2723 361 EXCURSUS.

3514 304 3673 364 1390

251 450 347 490 sus
372 430 639 502 Luci/im,
667 446 718 486 c.
748 430 784 484 9
816 448 830 498 ;
858 430 914 484 id
944 430 1165 485 centies
1195 430 1523 485 afﬁrmatS.
1546 429 1911 502 Augustinus
1940 435 1992 497 Α
2026 445 2091 483 ac
2137 430 2550 485 communione
2606 428 2965 499 privandos?
3020 428 3188 485 Absit
3238 445 3373 501 ergo
3423 435 3487 485 ut
3524 430 3671 487 illud

256 524 317 578 in
350 522 474 579 suis
502 522 569 577 de
606 522 888 592 Baptismo
937 520 1195 576 adversus
1252 521 1569 575 Donatistas
1622 520 1807 574 libris.
1842 520 1910 575 Et

258 612 417 685 quod
466 610 639 667 velim
666 611 957 677 observes,
992 625 1192 680 pacem
1227 608 1376 664 hanc
1408 624 1542 664 cum
1576 607 1745 665 aliter
1775 624 1909 663 sen-

257 701 569 768 tientibus,
593 705 733 755 tunc
760 699 938 755 etiam
961 715 1023 754 se
1047 698 1307 754 tenuisse
1334 699 1639 769 proﬁtetur
1666 698 1911 753 antistes

259 789 759 862 Carthaginensis,
791 789 1026 860 quando
1074 788 1436 843 contrarium
1488 787 1655 843 Rom.
1709 786 1910 842 Ponti-

261 878 706 950 ﬁcisjudicium
738 878 999 933 nondum
1049 881 1324 949 expertus
1383 877 1591 941 fuerat,
1643 879 1707 931 ut
1756 878 1909 946 patet

259 983 329 1022 ex
341 966 535 1021 verbis
557 964 774 1033 citatis,
803 970 930 1020 tum
954 966 1132 1036 Epist.
1151 964 1223 1020 ad
1240 965 1525 1034 Jubaian.,
1565 968 1693 1019 tum
1731 965 1907 1035 Epist.

259 1054 330 1109 ad
357 1054 724 1126 Stephanum.
757 1052 973 1110 Verum
1007 1054 1163 1109 itane
1194 1069 1256 1109 se
1287 1053 1567 1125 gessisset
1605 1052 1664 1108 S.
1705 1056 1912 1108 Doctor

258 1162 394 1200 cum
418 1143 767 1199 adversariis
792 1160 826 1198 a
844 1143 1059 1215 quibus
1082 1142 1257 1198 ﬁdem
1279 1141 1613 1214 impugnari
1652 1141 1911 1197 censuis-

258 1238 376 1295 set;
400 1232 745 1305 Cyprianus,
769 1231 1036 1304 inquam,
1062 1232 1219 1304 quia
1241 1231 1505 1303 reprobis
1530 1231 1685 1287 circa
1732 1231 1909 1286 ﬁdem

256 1322 646 1378 recedendum
671 1338 822 1392 esse,
854 1326 911 1377 et
941 1320 1179 1393 quidem
1238 1338 1306 1376 ex
1354 1324 1638 1392 praecepto
1688 1319 1903 1388 divino,

257 1413 515 1468 afﬁrmat
544 1411 602 1466 in
642 1411 744 1466 lib.
794 1411 858 1467 de
908 1412 1123 1468 Unitate
1162 1409 1458 1467 Ecclesiae?
1508 1409 1613 1472 Qui
1664 1409 1909 1464 ﬁrmiter

256 1501 620 1572 respuendos
652 1516 753 1555 eos
783 1516 911 1555 esse
944 1501 1113 1555 docet
1142 1498 1240 1570 qui
1273 1498 1612 1554 traditiones
1636 1514 1774 1553 suas
1808 1486 1908 1553 Dei

259 1590 555 1645 mandatis
583 1588 905 1644 contrarias
941 1593 1201 1644 statuere
1223 1593 1507 1643 conantur
1536 1587 1594 1642 in
1638 1587 1806 1659 epist.
1840 1587 1910 1643 ad

250 1680 469 1751 plebem
492 1681 810 1734 uniuersam
832 1679 901 1733 43
923 1677 950 1732 ‘I
981 1678 1088 1743 Qui
1120 1676 1342 1733 nullam
1376 1677 1510 1732 ﬁdei
1545 1680 1600 1733 et
1654 1676 1908 1749 perﬁdia

261 1770 597 1824 societatem
629 1785 757 1824 esse
789 1784 961 1839 posse
990 1768 1190 1835 tradit,
1232 1767 1292 1822 in
1324 1768 1492 1837 epist.
1519 1767 1609 1835 56,
1660 1766 1731 1822 ad
1775 1769 1905 1823 Cor-

257 1859 519 1913 nelium?
549 1857 656 1922 Qui
689 1858 927 1913 tandem
963 1858 1034 1912 ab
1066 1857 1138 1913 iis
1160 1857 1579 1913 discedendum
1618 1871 1746 1912 esse
1777 1872 1907 1927 pro-

261 1947 517 2013 nuntiat,
550 1946 650 2018 qui
681 1945 896 2001 Christi
927 1946 1205 2001 doctrina:
1238 1962 1350 2001 non
1403 1944 1806 2016 acquiescunt,
1847 1944 1906 1999 in

258 2037 428 2107 Epist.
455 2034 525 2089 ad
544 2036 957 2106 Pompeium?«
990 2035 1050 2090 Si
1082 2034 1237 2107 quis,
1269 2034 1463 2105 inquit
1521 2032 1906 2088 Tomassinus

255 2124 493 2180 dissert.
527 2127 561 2178 2
585 2123 651 2179 de
673 2126 828 2195 Bapt.
867 2123 1081 2194 Ιιεϊνειη
1125 2140 1181 2195 p.
1224 2124 1313 2193 48,
1354 2123 1423 2177 de
1464 2121 1575 2176 ﬁde
1606 2137 1639 2175 a
1668 2120 1905 2193 collegis

254 2212 604 2271 dissenserit
626 2218 941 2269 contumax
962 2230 997 2268 a
1030 2229 1171 2285 pace
1194 2210 1516 2283 ejiciendus
1538 2214 1628 2265 est
1665 2213 1722 2266 et
1752 2225 1905 2265 com-

252 2304 552 2360 munione.
588 2325 616 2353 »
660 2303 805 2359 Cum
861 2319 998 2375 ergo
1046 2302 1104 2357 S.
1153 2301 1493 2373 Cyprianus,
1544 2298 1703 2355 salvo
1751 2299 1905 2354 inter

250 2393 503 2466 collegas
532 2392 691 2465 pacis
722 2397 777 2448 et
807 2392 1127 2448 concordia:
1148 2389 1377 2446 vinculo
1397 2391 1467 2444 de
1494 2388 1601 2444 hac
1623 2388 1902 2461 baptismi

249 2482 649 2539 controversia
695 2480 983 2552 disputari
1029 2496 1203 2552 posse
1250 2478 1581 2545 crediderit,
1654 2482 1711 2534 et
1767 2494 1901 2533 cum

251 2572 547 2628 diversum
581 2569 972 2626 sentientibus
1002 2568 1477 2625 communionem
1508 2567 1756 2623 ﬁrmiter
1777 2583 1903 2622 ser-

252 2660 493 2729 vaverit,
528 2659 903 2716 manifestum
933 2662 1023 2714 est
1047 2659 1243 2730 ipsum
1268 2656 1636 2713 existimasse
1660 2655 1904 2711 illae-sam

254 2755 312 2807 et
344 2750 621 2805 intactam
651 2750 710 2804 in
743 2752 865 2805 toto
897 2747 1006 2803 hoc
1057 2746 1302 2803 dissidio
1356 2747 1531 2801 ﬁdem
1582 2761 1904 2814 remanere,

255 2856 327 2895 ac
358 2837 696 2895 nullatenus
725 2855 759 2893 a
788 2837 913 2893 suis
934 2835 1281 2893 adversariis
1307 2834 1507 2906 impeti
1558 2832 1646 2889 vel
1693 2833 1903 2889 obscu-

259 2929 397 2985 rari.
435 2928 559 2984 Non
615 2944 751 3000 ergo
801 2926 958 2997 ﬁdei,
1012 2926 1113 2982 sed
1161 2941 1334 2981 mera
1382 2921 1703 2994 disciplinas
1754 2922 1903 2977 hanc

250 3032 381 3075 esse
411 3016 870 3073 controversiam
895 3014 1206 3087 judicavit.

321 3146 413 3213 At,
438 3141 691 3214 inquies,
716 3158 830 3197 non
873 3139 1003 3195 ideo
1025 3154 1225 3211 pacem
1258 3154 1393 3194 cum
1440 3136 1610 3193 aliter
1638 3136 1900 3192 sentien-

247 3231 412 3288 tibus
443 3230 689 3287 servavit
718 3231 776 3286 S.
810 3230 1153 3302 Cyprianus,
1185 3227 1327 3300 quia
1368 3228 1439 3284 de
1479 3227 1594 3283 ﬁde
1640 3242 1757 3282 non
1807 3224 1901 3298 agi

246 3322 309 3377 in
360 3320 468 3376 hac
514 3320 915 3376 controversia
965 3322 1215 3391 putaret,
1270 3318 1371 3373 sed
1432 3316 1571 3389 quia
1629 3315 1906 3371 censebat

250 3425 456 3482 pacem
500 3426 634 3464 cum
682 3408 754 3464 iis
802 3424 915 3463 non
969 3424 1097 3463 esse
1144 3406 1555 3477 rumpendam,
1606 3421 1640 3459 a
1689 3404 1903 3476 quibus

251 3500 432 3555 etiam
490 3500 637 3553 ﬁdes
690 3498 1093 3569 impeteretur,
1157 3496 1439 3567 quamdiu
1526 3510 1617 3549 res
1696 3492 1904 3548 ultimo

253 3587 520 3644 Ecclesia;
542 3587 768 3658 judicio
801 3586 1059 3641 nondum
1091 3594 1175 3641 est
1206 3584 1465 3649 deﬁnita,
1516 3581 1711 3655 qualis
1762 3586 1904 3637 tunc

245 3676 532 3749 temporis
561 3680 685 3731 erat
715 3676 960 3747 quaestio
1001 3674 1070 3729 de
1112 3672 1542 3743 rebaptizandis
1588 3670 1899 3727 haereticis.

248 3766 533 3821 Pudenda
560 3769 915 3833 commenta,
950 3762 1165 3834 quibus
1196 3762 1303 3818 soli
1337 3764 1651 3833 pascantur
1680 3760 1779 3830 qui
1812 3758 1901 3812 in-

245 3859 423 3910 venta
452 3870 698 3926 quaeque
724 3852 1092 3924 deglutiun‘t;
1147 3851 1196 3906 si
1241 3849 1559 3921 Cyprianus
1605 3848 1902 3904 existima-

250 3946 354 3999 bat
384 3944 583 3999 hostes
614 3942 751 3998 lidei
782 3959 815 3997 a
843 3940 1105 3996 conciliis
1133 3938 1584 4011 particularibus
1615 3938 1903 3992 damnan-

254 4034 363 4087 dos
412 4049 524 4087 non
584 4048 732 4097 esse,
792 4046 897 4086 nec
948 4028 1359 4085 communione
1407 4027 1721 4099 privandos
1769 4028 1904 4079 ante

251 4120 524 4177 ultimam
567 4119 842 4175 Ecclesiae
900 4118 1319 4183 deﬁnitionem,
1381 4114 1532 4170 male
1589 4130 1723 4185 ergo
1780 4118 1901 4168 tam

253 4210 490 4281 sapius,
522 4214 642 4264 tam
701 4208 991 4279 generice,
1041 4206 1270 4261 dicebat
1308 4222 1395 4260 «a
1439 4204 1703 4275 reprobis
1749 4202 1905 4257 circa

251 4298 429 4353 ﬁdem
463 4298 853 4352 recedendum
894 4310 1047 4361 esse,
1102 4294 1351 4349 ﬁrmiter
1398 4292 1755 4364 respuendos
1804 4307 1903 4346 eos

246 4386 379 4443 esse
409 4386 507 4457 qui
540 4385 883 4441 traditiones
915 4400 1054 4439 suas
1089 4383 1185 4438 Dei
1236 4381 1532 4438 mandatis
1581 4379 1904 4436 contrarias

250 4478 511 4530 statuere
540 4478 915 4540 conarentur,
949 4472 1021 4527 ab
1052 4471 1123 4527 iis
1167 4470 1587 4526 discedendum
1619 4484 1749 4523 esse
1805 4467 1903 4537 qui

2023 517 2305 590 Cypriano
2326 519 2676 586 tribuamus,
2700 520 2855 590 quod
2880 534 3016 574 cum
3041 518 3266 574 nullum
3292 519 3351 573 in
3378 519 3508 589 ejus
3528 521 3670 573 scri-

2019 606 2138 678 ptis
2170 606 2386 663 habeat
2416 607 2890 675 fundamentum,
2924 624 2957 662 a
2987 611 3249 662 veterum
3280 607 3518 663 Patrum
3537 623 3669 663 sen-

2020 711 2091 750 su
2120 700 2177 751 et
2205 696 2415 767 agendi
2447 696 2673 751 ratione
2704 700 2825 751 tam
2859 695 2937 751 sit
2966 694 3251 752 alienum.

2092 797 2369 849 Praeterea
2398 794 2597 849 dicant
2628 793 2797 849 nobis
2829 793 3165 864 adversarii,
3216 809 3290 848 an
3346 791 3671 866 Cyprianus

2018 898 2122 953 pro
2152 883 2274 937 zelo
2305 899 2371 937 ac
2402 882 2597 939 studio
2626 886 2857 938 tuendas
2888 882 3024 937 ﬁdei
3054 881 3407 954 integritatis
3451 881 3673 938 debue-

2018 970 2095 1025 rit
2120 986 2321 1042 pacem
2359 976 2417 1026 et
2438 972 2914 1027 communionem
2938 987 3074 1027 cum
3104 970 3179 1026 iis
3228 976 3443 1042 tenere,
3476 987 3511 1027 a
3538 970 3671 1042 qui-

2019 1058 2151 1129 bus,
2210 1062 2261 1115 si
2317 1060 2667 1116 adversariis
2724 1060 3043 1128 credimus,
3106 1060 3469 1132 pracipuum
3534 1059 3671 1117 ﬁdei

2018 1153 2231 1204 nostrae
2288 1150 2503 1222 dogma
2553 1154 2753 1221 spreta
2804 1148 3187 1205 conciliorum
3261 1148 3668 1205 Africanorum

2019 1237 2367 1293 auctoritate
2423 1238 2793 1310 pessumdari
2848 1239 3143 1310 putabat?
3195 1238 3439 1293 Demum
3496 1239 3545 1293 si
3594 1238 3668 1294 ad

2020 1332 2275 1383 mentem
2308 1328 2575 1400 Cypriani
2609 1332 2742 1383 ante
2776 1326 3043 1383 ultimam
3079 1326 3345 1383 Ecclesiae
3376 1327 3668 1383 deﬁnitio-

2019 1432 2153 1470 nem
2194 1432 2227 1471 a
2256 1415 2519 1473 conciliis
2541 1416 2993 1489 particularibus
3016 1415 3335 1471 damnandi
3360 1433 3475 1471 non
3502 1420 3669 1473 erant

1976 1524 1979 1525 '
2019 1522 2123 1560 nec
2146 1506 2561 1562 communione
2584 1507 2846 1579 privandi
2874 1504 2973 1577 qui
3018 1506 3191 1560 ﬁdem
3215 1504 3667 1578 impugnabant,

2019 1595 2297 1666 profecto,
2337 1596 2465 1667 jam
2525 1594 2687 1650 nullo
2746 1595 2918 1650 modo
2976 1594 3051 1650 ab
3100 1592 3355 1649 Ecclesia
3396 1593 3667 1649 damnari

2018 1685 2349 1755 potuissent
2370 1701 2437 1740 ac
2460 1683 2872 1740 communione
2894 1682 3129 1755 privari.
3160 1682 3282 1737 Non
3315 1684 3553 1755 quidem
3594 1683 3666 1738 ab

2019 1772 2274 1829 Ecclesia
2294 1773 2352 1827 in
2382 1772 2628 1829 concilio
2654 1772 2909 1845 generali
2936 1777 3311 1843 congregata,
3344 1772 3479 1827 talis
3510 1772 3665 1828 enim

2016 1862 2389 1933 congregatio
2429 1867 2567 1917 tunc
2626 1862 2905 1934 temporis
2957 1860 3255 1916 moraliter
3280 1859 3668 1932 impossibilis

2016 1956 2160 2017 erat,
2194 1967 2307 2005 non
2339 1950 2514 2007 etiam
2548 1952 2621 2007 ab
2654 1950 2930 2015 Ecclesia,
2965 1954 3029 2004 ut
3070 1949 3244 2022 vulgo
3290 1949 3525 2018 dicitur,
3576 1949 3664 2004 di-

2016 2040 2550 2110 spersa,judicium
2583 2041 2737 2096 enim
2771 2038 3037 2095 Ecclesiae
3070 2039 3347 2111 dispersa:
3390 2038 3603 2110 pendet
3630 2056 3665 2095 a

2006 2128 2252 2199 judiciis
2282 2128 2658 2185 ecclesiarum
2689 2128 3159 2200 particularium,
3192 2144 3441 2199 quarum
3501 2126 3664 2183 nulla

2012 2217 2072 2271 in
2105 2216 2413 2290 hypothesi
2449 2218 2620 2289 juxta
2661 2216 3013 2290 Cyprianum
3062 2233 3162 2272 eos
3207 2221 3343 2272 ante
3393 2215 3660 2272 Ecclesiae

2012 2306 2415 2362 deﬁnitionem
2447 2306 2728 2362 damnare
2759 2305 3023 2372 debebat,
3066 2306 3359 2376 quomodo
3408 2320 3544 2378 ergo
3588 2303 3661 2361 ab

2012 2393 2268 2450 Ecclesia
2298 2412 2363 2450 ac
2396 2395 2662 2467 dispersa
2699 2392 2961 2450 damnati
3018 2391 3338 2465 aliquando
3386 2393 3660 2465 fuissent,

2012 2500 2160 2556 quos
2192 2483 2357 2539 nulla
2387 2484 2729 2540 damnasset
2750 2481 3061 2555 peculiaris
3084 2480 3384 2538 Ecclesia?
3409 2482 3511 2538 His
3540 2481 3659 2538 hie-

2012 2576 2179 2627 reant
2209 2572 2524 2628 adversarii
2556 2587 2793 2628 necesse
2843 2574 2950 2641 est,
3004 2575 3107 2627 aut
3154 2571 3268 2627 alia
3309 2571 3659 2644 excogitant.

2013 2661 2327 2717 Immotum
2360 2660 2538 2733 igitur
2570 2664 2822 2728 maneat,
2857 2659 3211 2733 Cyprianum
3244 2658 3452 2716 abillis
3482 2659 3659 2717 ﬁdem

2013 2750 2214 2821 impeti
2247 2766 2360 2805 non
2391 2749 2780 2821 existimasse,
2814 2766 2959 2821 quos
2990 2766 3024 2805 a
3053 2747 3313 2804 conciliis
3361 2748 3661 2822 Carthagi-

2012 2839 2296 2894 nensibus
2318 2838 2586 2894 damnari
2617 2837 2823 2905 noluit,
2854 2842 2911 2893 et
2942 2854 3075 2893 cum
3108 2838 3325 2910 quibus
3354 2854 3558 2910 pacem
3590 2852 3658 2894 ao

2013 2927 2487 2983 communionem
2517 2931 2857 2985 constanter
2887 2926 3155 2983 servavit.

2085 3016 2215 3073 Haec
2244 3016 2603 3089 quibusdam
2634 3016 2767 3073 aliis
2823 3015 3153 3088 compendii
3201 3031 3380 3072 causa
3423 3022 3657 3089 prater-

2014 3106 2237 3178 missis,
2266 3106 2592 3162 luculenter
2637 3106 2915 3162 evincunt
2962 3109 3260 3162 momenta
3300 3121 3539 3162 causam
3587 3106 3659 3162 de

2012 3195 2363 3269 baptismate
2420 3195 2827 3252 hereticorum
2874 3195 3159 3269 Cypriano
3227 3194 3415 3251 visam
3478 3194 3663 3251 fuisse

2012 3302 2136 3342 rem
2169 3303 2284 3342 non
2316 3286 2472 3353 ﬁdei,
2506 3286 2609 3343 sed
2639 3302 2810 3341 merae
2843 3284 3202 3357 disciplinae;
3234 3282 3351 3341 sive
3381 3283 3537 3340 enim
3568 3300 3661 3340 res

2012 3376 2143 3447 ipsa
2172 3376 2243 3431 ad
2288 3374 2559 3447 Cypriani
2621 3379 2876 3431 mentem
2934 3372 3316 3437 examinetur,
3367 3374 3485 3429 sive
3532 3374 3662 3444 ejus

2013 3464 2073 3519 in
2096 3464 2203 3520 hac
2225 3463 2623 3519 controversia
2644 3463 2853 3536 agendi
2886 3462 3030 3517 ratio
3049 3463 3407 3533 attendatur,
3432 3467 3664 3519 utrum-

2014 3569 2129 3626 que
2158 3551 2501 3609 assertionis
2536 3556 2745 3607 nostra:
2775 3551 3078 3606 veritatem
3103 3551 3380 3607 ostendit.

2082 3653 2129 3705 A
2150 3650 2436 3722 Cypriane
2458 3649 2615 3705 disce
2637 3650 2942 3721 originem,
2972 3648 3132 3705 disce
3181 3654 3473 3720 naturam,
3508 3648 3668 3705 disce

2014 3739 2373 3795 consectaria
2390 3755 2508 3793 suae
2533 3738 2825 3809 Opinionis
2854 3742 2910 3793 et
2931 3736 3125 3810 praxis
3150 3742 3208 3793 et
3230 3739 3301 3792 ad
3328 3738 3500 3793 ﬁdem
3538 3755 3666 3794 eam

2014 3845 2218 3884 revoca
2264 3828 2315 3883 si
2374 3833 2563 3898 potes,
2622 3827 2781 3882 illius
2837 3826 2993 3882 enim
3055 3826 3344 3897 originem
3402 3843 3518 3883 non
3601 3826 3663 3883 in

2013 3916 2264 3983 Christo,
2292 3933 2407 3971 non
2435 3916 2489 3970 in
2511 3915 2811 3987 apostolis,
2836 3916 2938 3971 sed
2979 3915 3039 3969 in
3088 3915 3407 3987 Agrippino
3446 3915 3664 3971 consti-

2012 4007 2145 4061 tuit.
2180 4004 2345 4059 Illam
2380 4009 2714 4077 propugnat
2744 4022 2858 4059 non
2893 4009 2957 4059 ut
2990 4003 3101 4059 ﬁde
3138 4004 3512 4074 credendam,
3546 4020 3661 4059 non

2015 4099 2080 4150 ut
2111 4094 2491 4166 pertinentem
2526 4094 2598 4148 ad
2630 4094 2829 4162 ﬁdem,
2852 4093 2952 4149 sed
2985 4097 3217 4147 tantum
3252 4095 3315 4147 ut
3345 4091 3481 4147 ﬁdei
3521 4107 3663 4148 con-

2015 4188 2321 4255 gruentem
2355 4186 2411 4237 et
2440 4183 2512 4237 ad
2543 4198 2671 4237 eam
2713 4182 2901 4253 magis
2957 4182 3355 4248 accedentem,
3410 4185 3477 4236 ut
3522 4181 3658 4252 quid

2016 4270 2247 4339 melius,
2283 4276 2347 4326 ut
2378 4270 2519 4342 quid
2550 4270 2780 4337 utilius,
2812 4276 2876 4324 ut
2906 4268 3128 4341 aliquid
3160 4269 3465 4341 proprium
3494 4270 3669 4327 certis

2015 4359 2347 4432 provinciis,
2375 4364 2432 4415 et
2454 4360 2590 4430 jure
2634 4358 3029 4427 retinendum,
3083 4358 3318 4430 quando
3363 4358 3544 4414 semel
3594 4360 3667 4415 ab

2014 4448 2160 4519 ipsis
2193 4454 2283 4504 est
2320 4452 2697 4519 usurpatum,
2738 4464 2855 4503 uno
2904 4448 3075 4503 verbo
3127 4447 3198 4502 de
3247 4446 3559 4520 disciplina
3605 4465 3667 4505 se

250 4563 469 4620 Christi
514 4562 790 4618 doctrinae
843 4578 958 4617 non
1007 4559 1474 4631 acquiescerent;
1508 4576 1535 4609 ιι
1588 4556 1780 4611 dicere
1810 4556 1904 4611 de-

2020 4537 2364 4592 contendere
2395 4540 2593 4608 aperte
2623 4535 2949 4607 proﬁtetur.

251 4652 482 4709 buisset
512 4670 545 4707 a
576 4651 793 4707 talibus
823 4666 941 4706 non
973 4649 1086 4705 nisi
1120 4653 1252 4720 post
1301 4645 1567 4702 Ecclesia:
1610 4644 1901 4700 deﬁnitio-

250 4757 388 4797 nem
422 4758 551 4797 esse
600 4740 1030 4808 recedendum;
1089 4742 1145 4793 et
1202 4752 1333 4792 vero
1388 4735 1585 4790 hazcne
1640 4738 1902 4790 veterum

250 4830 494 4886 Patrum
518 4829 727 4902 agendi
752 4828 897 4884 ratio
914 4844 1053 4900 erga
1073 4842 1192 4891 eos,
1217 4843 1251 4881 a
1272 4826 1487 4897 quibus
1512 4824 1685 4878 ﬁdem
1708 4823 1903 4894 impu-

251 4920 422 4991 gnari
451 4917 853 4990 judicabant?
884 4917 1042 4973 Itane
1091 4931 1152 4971 se
1201 4919 1510 4987 gesserunt
1558 4911 1900 4968 Antiocheni

253 5009 456 5064 Patres
478 5025 617 5081 erga
635 5007 877 5062 Paulum
895 5008 1338 5061 Samosatenum
1357 5004 1601 5073 ejusque
1615 4999 1902 5056 asseclas?

252 5098 413 5152 itane
434 5098 631 5153 Patres
669 5095 1045 5151 Alexandrini
1091 5108 1229 5164 erga
1268 5090 1472 5146 Arium
1510 5094 1567 5146 et
1597 5090 1901 5161 episcopos

253 5186 369 5258 ipsi
401 5186 705 5241 faventes?
737 5185 897 5239 Itane
941 5183 1148 5239 1336
1202 5181 1397 5237 Patres
1442 5178 1901 5235 Mediolancnses

252 5290 391 5347 erga
436 5273 796 5331 Photinum?
842 5279 1005 5328 ltane
1064 5276 1267 5327 Patres
1324 5268 1695 5325 Alexandrini
1761 5283 1901 5339 erga

251 5364 563 5435 Origenem
580 5364 630 5435 ej
641 5380 827 5434 usque
848 5359 1204 5418 sectatores?
1227 5364 1387 5414 ltane
1407 5363 1606 5413 Patres
1624 5358 1902 5413 Constan-

251 5453 623 5524 tinopolitani
646 5469 784 5525 erga
807 5450 1177 5523 Eutychetem
1199 5447 1226 5502 ?
1251 5448 1409 5503 Itane
1454 5448 1650 5502 Patres
1688 5448 1902 5502 Caesar-

252 5542 570 5615 augustani
599 5558 736 5614 erga
792 5537 1235 5597 Priscillianos?
1264 5537 1761 5609 Exspectaruntne
1807 5551 1903 5592 su-

248 5647 517 5717 premam
546 5630 816 5689 Ecclesiae
846 5627 1245 5689 deﬁnitionem
1278 5626 1352 5687 ad
1382 5642 1483 5686 eos
1530 5624 1901 5687 damnandos

2084 4634 2144 4689 Si
2175 4635 2245 4689 de
2304 4634 2417 4689 ﬁde
2464 4633 2752 4690 tenuisset
2795 4631 3025 4688 nullum
3076 4648 3204 4689 esse
3250 4632 3543 4706 baptisma
3591 4636 3663 4691 ab

2011 4722 2306 4778 haereticis
2350 4722 2649 4793 collatum,
2695 4721 2918 4777 nullam
2969 4727 3399 4794 consequenter
3453 4724 3664 4779 salutis

2011 4810 2327 4867 infantium
2359 4827 2491 4866 cum
2526 4810 2649 4867 solo
2682 4810 3086 4867 hereticorum
3131 4810 3422 4883 baptismo
3454 4812 3662 4866 defun-

2012 4906 2243 4956 ctorum
2270 4917 2437 4973 spem
2469 4900 2773 4957 habuisset
2799 4918 2813 4969 ;
2846 4906 3042 4956 tamen
3066 4900 3322 4956 afﬁrmat
3357 4901 3426 4955 de
3456 4915 3659 4955 eorum

2012 4989 2205 5045 salute
2234 4990 2667 5061 desperandum
2702 5006 2815 5046 non
2847 5006 3007 5057 esse;
3043 4988 3091 5044 si
3127 4989 3299 5044 ﬁdem
3352 4987 3424 5043 ab
3467 4990 3665 5045 adver-

2012 5080 2184 5135 sariis
2218 5080 2587 5152 pessumdari
2612 5080 2669 5135 in
2695 5080 2801 5135 hac
2825 5078 3143 5150 quaestione
3184 5077 3525 5144 censuisset,
3572 5078 3661 5132 di-

2012 5168 2260 5224 cendum
2286 5169 2452 5235 foret,
2485 5170 2640 5241 quod
2664 5184 2834 5223 nemo
2873 5167 3026 5222 dicet
3064 5166 3407 5233 catholicus,
3429 5165 3488 5221 S.
3513 5166 3660 5222 Pon-

2009 5258 2225 5313 tiﬁcem
2251 5257 2494 5324 scilicet,
2522 5261 2578 5313 et
2600 5273 2732 5312 cum
2760 5256 2885 5326 ipso
2912 5256 3230 5310 maximam
3254 5254 3659 5326 episcoporum

2008 5352 2236 5421 partem
2292 5346 2565 5419 Cypriani
2617 5345 2842 5417 judicio
2900 5350 3040 5399 tunc
3100 5343 3383 5415 temporis
3434 5342 3491 5398 in
3544 5344 3659 5399 ﬁde

2009 5452 2257 5503 errasse,
2289 5436 2408 5491 imo
2440 5435 2642 5490 1337
2682 5434 2985 5489 universas
3026 5432 3206 5489 totius
3257 5432 3415 5489 orbis
3464 5432 3658 5489 Eccle-

2008 5526 2129 5583 sias
2159 5531 2295 5581 ante
2323 5523 2739 5597 Agrippinum.

2078 5624 2140 5681 Si
2170 5622 2440 5698 Cypriani
2501 5624 2733 5696 spectes
2784 5620 2995 5697 agendi
3050 5620 3363 5700 rationem,
3418 5620 3664 5682 cuilibet
