4088 6174
515 323 668 384 1391
1558 321 1658 382 DE
1705 322 2296 387 HERETICORUM
2339 323 2869 386 BAPTISMATE.
3655 339 3771 401 {392

516 453 786 526 episcopo
838 451 1170 509 libertatem
1240 452 1505 509 concedit
1552 453 1611 508 in
1661 453 1768 510 hac
1837 455 2158 526 quaestione
2189 463 2232 528 Α
2271 456 2450 511 tionis
2471 457 2679 512 1338
2711 472 2897 527 genus
2929 455 2988 510 in
3022 457 3194 512 rebus
3217 474 3368 514 meras
3387 460 3640 535 disciplina
3659 486 3775 541 eque

519 542 819 598 sentiendi
842 541 982 613 quid
1015 541 1154 608 vult,
1187 559 1320 597 cum
1351 541 1519 598 aliter
1547 543 1935 599 sentientibus
1955 561 2158 616 pacem
2269 561 2334 600 ac
2366 546 2498 600 ﬁdei
2531 563 2564 600 a
2593 545 2878 618 Cypriano
2909 548 3312 618 usurpabatur.
3347 548 3473 606 Male
3498 553 3636 625 igitur
3659 575 3711 614 ex
3731 577 3776 616 eo

518 632 891 688 concordiam
923 637 979 687 et
1007 630 1482 688 communionem
1513 633 1990 689 constantissime
2039 650 2158 689 ser-
2270 633 2636 690 concluditur
2659 635 2714 690 S.
2751 635 3106 707 Cyprianum
3146 653 3302 692 suam
3349 639 3410 694 de
3451 642 3778 716 rebaptizandis

516 725 637 794 vat,
667 721 768 778 uni
798 725 856 777 et
887 720 995 777 soli
1027 720 1252 777 Christo
1284 721 1489 777 tribuit
1517 726 1861 794 potestatem
1909 724 1979 778 de
2027 727 2159 778 actu
2268 721 2553 779 haereticis
2583 724 2915 795 opinionem
2951 725 3082 781 ﬁdei
3117 725 3481 799 adscripsisse.

521 827 629 904 ⁸90
654 810 1002 904 ἇυάίφῐιάξὶ
1046 827 1215 904 ΡίξξῪο
1264 811 1323 866 in
1374 811 1708 904 disciplina?
1747 813 1976 904 “9870iio
2025 828 2159 904 09m
2342 830 2463 885 Dixi
2493 831 2617 887 dato
2647 831 3030 889 antecedente:
3067 849 3359 904 nunquam
3387 837 3518 892 enim
3551 839 3592 893 S.
3637 842 3782 900 Doctor

519 900 924 999 ξιίίιιιίξροιρτεξ
946 900 1066 956 ὕδεο
1087 900 1480 999 ἀίεεέἳυηῖιξτν
1586 902 1773 999 Capit?
1793 902 1927 999 βξίθί
1951 901 2161 999 Pal-119'
2269 936 2434 975 suam
2469 919 2801 991 opinionem
2835 937 2902 976 ex
2931 900 3245 992 Scripturis
3273 923 3462 981 directe
3503 928 3708 999 probavit
3740 938 3783 988 ut

516 990 639 1046 Ῑίοδε
667 989 1242 1086 al_i?ni§9i[¥13393°m
1264 989 1480 1086 ξπηηίει·
1503 989 1668 1047 Νυηο
1693 991 1765 1047 δά
1790 990 2162 1048 ἀίεεοῙνθΠάθι
2267 1009 2396 1079 ejus
2429 1009 2485 1063 in
2506 989 2626 1064 bac
2658 1010 2975 1082 quazstione
3004 989 3222 1082 scripta
3268 1015 3459 1068 attente
3499 989 3783 1086 perlustranti

517 1096 644 1152 quae
677 1079 1048 1151 objectantur
1071 1079 1475 1151 procedamus.

2267 1098 2508 1170 patebit.
2534 1079 2745 1155 Probat
2765 1099 3002 1172 quidem
3024 1115 3092 1155 ex
3105 1079 3661 1173 Scripturishaareticos
3676 1106 3785 1163 Chri-

2267 1186 2346 1242 sti
2375 1203 2504 1243 esse
2548 1188 2913 1245 adversarios
2957 1189 3018 1244 in
3075 1189 3248 1262 epist.
3294 1190 3357 1246 ad
3396 1192 3632 1263 Jubaian.,
3666 1200 3708 1251 et
3741 1196 3788 1252 ad

2266 1277 2586 1347 Pompeium
2603 1293 2624 1339 ;
2671 1275 2988 1334 Ecclesiam
3038 1294 3218 1334 unam
3267 1295 3384 1335 esse
3426 1281 3571 1353 epist.
3610 1282 3664 1337 ad
3713 1285 3787 1340 lla-

547 1451 552 1456 .
585 1383 910 1456 Objiciunt:
937 1386 990 1441 1°
1015 1384 1337 1457 Cyprianus
1360 1400 1529 1439 suam
1552 1384 1622 1439 de
1642 1383 1926 1439 haereticis
1958 1383 2161 1456 rebap-

2265 1381 2438 1437 gnum
2467 1369 2525 1420 et
2554 1366 2629 1422 ad
2661 1367 3016 1439 Pompeium;
3050 1384 3235 1423 unum
3283 1368 3546 1441 baptisma
3581 1376 3628 1427 et
3666 1390 3789 1428 unam

513 1454 763 1529 tizandis
794 1454 1126 1545 opinionem
1158 1471 1364 1528 multis
1395 1474 1604 1545 probat
1637 1473 1946 1545 Scriptura
1991 1454 2159 1528 text—i-
2268 1470 2397 1510 ⁸⁸⁸⁸
2426 1454 2601 1545 ﬁdem
2633 1455 2709 1545 ίοί
2742 1457 2919 1528 ePist-
2967 1456 3038 1513 αά
3087 1459 3364 1530 Episcopo“
3406 1460 3640 1518 Νωηίάίόε
3673 1466 3714 1517 et
3743 1462 3790 1517 ad

511 1561 647 1634 bus,
681 1567 748 1618 ut
778 1544 972 1619 videre
1002 1568 1092 1618 est
1130 1561 1190 1616 in
1247 1544 1418 1634 epist;
1479 1562 1550 1616 ad
1596 1544 1871 1633 Magnam,
1921 1562 2030 1630 59;
2089 1561 2159 1618 ad
2268 1544 2587 1634 Pompeium
2609 1544 2784 1634 ,jillos
2810 1545 2969 1603 solos
2991 1547 3275 1619 Spiritum
3296 1552 3538 1604 sanctum
3554 1550 3795 1623 dareposse

515 1631 791 1724 episcopos
821 1650 1123 1717 Numidiae,
1152 1650 1224 1704 7o
1248 1668 1260 1718 ;
1285 1631 1359 1704 ἱιά
1385 1631 1721 1722 Stephanum
1749 1651 1808 1706 Β.
1842 1652 1932 1719 P.,
1962 1651 2062 1719 72;
2089 1651 2160 1706 ad
2270 1633 2369 1724 sui
2397 1631 2596 1724 ipsum
2631 1633 2954 1724 habentiin
2983 1636 3158 1708 epist.
3194 1637 3264 1692 ad
3291 1637 3551 1709 Magnum;
3580 1639 3691 1695 solis
3727 1641 3794 1696 Eo-

513 1721 797 1810 Jubaiun.,
828 1741 933 1808 73;
966 1745 1021 1796 et
1050 1739 1119 1794 ad
1147 1721 1487 1811 Pompeium,
1512 1740 1601 1794 74.
1637 1741 1782 1812 Ergo
1812 1757 1939 1795 eam
1973 1758 2006 1796 a
2047 1745 2158 1796 Deo
2269 1721 2457 1812 φΙθείεθ
2491 1723 2818 1812 praepositis
2849 1723 3021 1780 licere
3052 1725 3342 1796 baptizare
3366 1726 3419 1780 in
3469 1727 3612 1798 epist.
3654 1730 3706 1782 ad
3735 1730 3797 1784 Ju-

514 1829 793 1884 traditam
825 1829 1055 1885 censuit
1083 1833 1140 1885 et
1165 1810 1591 1900 consequenter
1619 1810 1736 1884 ﬁde
1787 1829 2128 1884 credendam

2190 1835 2238 1900 Β
2271 1810 2456 1866 baian.
2475 1828 2497 1874 ;
2531 1811 3006 1884 blasphemantas
3037 1814 3095 1869 in
3128 1814 3350 1870 Patrem
3372 1832 3476 1871 non
3501 1832 3642 1886 posse
3657 1833 3795 1872 conse-

587 1917 949 1990 Respondeo.
987 1921 1129 1972 Dato
1158 1899 1554 1982 antecedente,
1604 1933 1750 1989 nego
1800 1935 2158 1988 consequen-
2193 1899 2201 1900 ί

2193 1899 2226 1900 ί
2269 1899 2370 1972 qui
2404 1900 2812 1957 remissionem
2846 1907 3220 1974 peccatorum
3253 1905 3308 1959 in
3331 1904 3796 1976 epist.adlubaian.;

515 2008 694 2074 tiam;
725 2023 840 2063 non
865 2006 1021 2062 enim
1043 2006 1102 2061 in
1126 2007 1302 2062 rebus
1326 2006 1457 2061 ﬁdei
1479 2010 1731 2071 tantum,
1753 2023 1955 2062 verum
1981 2008 2129 2063 etian

2268 1988 2455 2044 solam
2487 1989 2802 2046 Ecclesiam
2834 1991 2950 2047 Deo
2978 1992 3130 2048 ﬁlios
3160 2008 3446 2066 generare,
3485 1994 3536 2048 in
3583 1995 3717 2066 epist.
3753 1995 3796 2048 ad

513 2097 575 2152 in
606 2096 779 2152 rebus
811 2112 982 2151 mare
1015 2094 1337 2167 disciplinae
1387 2096 1601 2167 saepius
1630 2096 1954 2152 afferuntur
1982 2113 2158 2152 sacras
2267 2078 2628 2149 Pompeium;
2686 2083 2743 2134 et
2785 2081 3022 2136 tandem
3072 2081 3351 2153 baptismi
3392 2082 3732 2138 Πθοθθδίῖαίθω
3762 2085 3799 2137 in

514 2185 824 2257 Scripturis
856 2185 1000 2252 loca,
1037 2185 1107 2239 ad
1139 2185 1560 2240 ostendendam
1592 2184 1815 2240 scilicet
1842 2202 2128 2257 congruen

2269 2168 2440 2239 epist.
2471 2169 2562 2235 72,
2595 2167 2666 2222 ad
2707 2168 3064 2240 Stephanum.
3113 2170 3196 2225 Ex
3238 2170 3310 2226 iis
3346 2171 3592 2227 omnibus
3631 2189 3726 2242 qua
3759 2188 3799 2226 ex

513 2275 654 2329 tiam
676 2273 925 2345 alicujus
946 2272 1268 2345 disciplinae
1291 2289 1423 2328 cum
1446 2272 1518 2327 iis
1543 2290 1668 2344 qum
1699 2292 1733 2328 a
1767 2278 1878 2329 Deo
1901 2278 2040 2330 sunt
2070 2290 2158 2330 re-
2257 2257 2584 2330 Scripturis
2622 2259 3026 2325 confirmabat,
3066 2257 3288 2331 aliquid
3313 2259 3618 2316 concludere
3637 2260 3800 2315 infavo-

511 2363 720 2429 velata,
752 2367 820 2418 ut
847 2380 915 2418 ex
944 2362 1053 2418 hac
1083 2361 1462 2434 congruentia
1507 2361 1666 2418 illius
1695 2363 1941 2434 aequitas
1971 2364 2158 2419 νίηάί-
2269 2363 2392 2403 rem
2426 2363 2548 2403 suae
2573 2346 2865 2418 opinionis
2897 2347 3069 2404 variis
3101 2347 3418 2404 ratiociniis
3455 2350 3744 2414 conabatur;
3767 2353 3802 2402 at

515 2455 698 2507 catur.
722 2450 815 2506 Sic
844 2451 902 2507 S.
929 2449 1198 2522 Basilius,
1236 2450 1407 2522 epist.
1449 2451 1572 2518 199,
1602 2452 1774 2523 juxta
1808 2468 2017 2509 novam
2043 2453 2129 2508 edi

2271 2451 2564 2506 nunquam
2603 2451 2672 2490 ex
2730 2435 3048 2508 Scripturis
3106 2437 3324 2494 directe
3381 2439 3614 2510 probavit
3661 2436 3801 2492 invali-

447 2561 450 2565 ·
514 2539 736 2596 tionem
755 2541 829 2596 ad
848 2539 1309 2612 Amphilochium,
1333 2556 1460 2611 cap.
1483 2541 1573 2609 32,
1598 2557 1665 2596 ex
1686 2539 2005 2612 Scripturis
2027 2559 2061 2614 p

2271 2525 2412 2580 dum
2445 2541 2572 2580 esse
2604 2524 2899 2598 baptisma
2929 2527 3001 2582 ab
3032 2525 3319 2584 haereticis
3335 2527 3602 2594 collatum,
3624 2528 3680 2582 ab
3695 2526 3803 2614 hei-ea

519 2630 620 2685 bat
647 2629 1010 2701 episcopum,
1043 2628 1471 2700 presbyterum,
1504 2629 1815 2685 diaconum
1864 2613 2163 2702 depogitos
2270 2614 2405 2670 ticis
2435 2615 2758 2687 baptizatos
2790 2615 2862 2670 ad
2894 2614 3214 2672 Ecclesiam
3249 2617 3528 2672 venientes
3553 2615 3716 2670 iterato
3749 2613 3809 2666 ba-

519 2721 760 2791 propter
789 2715 1025 2791 aliquod
1059 2717 1282 2773 crimen
1315 2735 1429 2774 non
1458 2717 1667 2774 debere
1717 2722 1954 2790 propter
2007 2718 2133 2774 iden

1399 2735 1429 2772 n
1458 2717 1667 2774 debere
1717 2722 1954 2790 propter
2007 2718 2162 2774 idem
2274 2702 2491 2791 Ρίίβαιο
2521 2719 2650 2758 esse
2680 2703 3013 2775 ιίοεθοάοε·

521 2789 744 2864 crimen
775 2789 1190 2863 communione
1249 2806 1643 2862 ecclesiastica
1680 2789 1915 2878 privari.
1958 2807 2052 2863 Sic
2094 2807 2135 2864 D

2346 2790 2530 2862 Objic.
2547 2808 2607 2846 ιι.
2635 2791 2959 2863 Cyprianus
2981 2792 3194 2848 asserit
3215 2809 3283 2848 ex
3296 2792 3400 2848 hac
3422 2793 3487 2847 de
3506 2789 3805 2846 haereticorum

523 2897 927 2968 Hieronymus,
977 2896 1148 2968 Epist.
1181 2894 1255 2951 ad
1296 2895 1549 2966 Theoph.,
1591 2876 1870 2951 adversus
1911 2912 2137 2952 erroren

2275 2879 2570 2951 baptismo
2600 2881 2920 2951 quaestione
2945 2881 3198 2953 pendere
3221 2882 3494 2954 originem
3518 2879 3630 2935 ﬁdei
3648 2884 3691 2934 et
3707 2876 3811 2932 salu-

520 2967 764 3041 Joannis
789 2967 1177 3058 Hierosolym.
1206 2985 1412 3057 probat
1431 2984 1774 3040 auctoritate
1795 2988 1922 3040 tum
1944 2985 2134 3041 Veteri

2277 2967 2354 3024 tis
2376 2973 2635 3024 aeternae:
2664 2990 2693 3019 ‹‹
2718 2969 2917 3040 Neque
2947 2969 3125 3040 enim,
3162 2970 3357 3043 inquit
3386 2970 3440 3024 in
3485 2970 3630 3041 epist.
3669 2967 3720 3021 ad
3745 2969 3809 3021 Ju-

526 3078 585 3128 et
613 3073 754 3129 Novi
808 3055 1167 3130 Testamenti
1209 3055 1548 3146 legitimam
1609 3073 1790 3129 fuisse
1839 3074 2140 3130 Paulinian

2281 3059 2492 3125 catam,
2523 3074 2700 3129 parva
2728 3073 2820 3113 res
2861 3063 2918 3113 et
2967 3059 3200 3115 modica
3250 3059 3570 3116 conceditur
3609 3055 3817 3129 quando:

524 3163 737 3218 factam
770 3181 803 3218 a
842 3163 900 3219 S.
936 3161 1257 3235 Epiphanio
1308 3161 1756 3230 ordinationem,
1791 3162 2171 3220 Paulinianus
2201 3207 2244 3239 η
2282 3147 2458 3239 Ροβίε-
2483 3147 2779 3239 δὲΡξίεωδ
2804 3149 3100 3239 θίῖτυῖξιίίιὲ
3146 3155 3450 3222 acceptum
3493 3147 3697 3239 ξθίθτίυτ
3733 3155 3814 3239 cii”

524 3207 737 3218 ...η-η.
771 3207 803 3218 ..
843 3207 900 3219 ν.
936 3207 1256 3235 “rrum..-
1308 3207 1756 3230 -...-....-.-..-.-.,
1791 3207 1812 3216 -
1836 3207 2135 3218 ...............

523 3255 654 3308 tum
676 3252 1039 3325 temporibus
1070 3252 1311 3324 triginta
1339 3255 1565 3307 tantum
1591 3267 1776 3307 annos
1799 3256 1952 3308 esset
1973 3257 2137 3310 natus

2204 3207 2244 3274 θ
2281 3236 2416 3292 inde
2449 3207 2688 3309 incipiat
2717 3235 2909 3292 omnis
2956 3237 3093 3292 ﬁdei
3146 3207 3313 3310 origo
3359 3244 3414 3294 et
3457 3237 3524 3292 ad
3571 3250 3703 3308 spem
3735 3230 3818 3326 vita

520 3342 613 3398 Sic
641 3341 698 3397 s.
735 3341 1106 3415 Augustinus
1157 3340 1260 3398 lib.
1305 3340 1371 3396 de
1407 3340 1538 3396 Fide
1581 3343 1630 3395 et
1679 3339 1963 3412 operibus,
1995 3357 2045 3398 c.
2077 3343 2167 3412 26,
2279 3329 2502 3380 aeternae
2529 3325 2807 3415 salutaris
2839 3325 3147 3397 ingressio
3188 3348 3218 3376 »
3245 3327 3419 3398 Atqui
3439 3341 3504 3382 ex
3530 3325 3819 3415 90n_tr0i'e§‘~‘“

521 3431 730 3504 probat
761 3413 1106 3488 auctoritate
1136 3431 1195 3487 S.
1227 3430 1541 3502 Scripturis
1573 3431 1840 3500 quasdam
1881 3448 2010 3488 esse
2058 3432 2135 3487 cri

2280 3430 2452 3470 mera
2485 3413 2808 3486 disciplinae
2839 3431 2953 3470 non
2988 3415 3207 3487 pendet
3237 3415 3369 3472 ﬁdei
3400 3417 3455 3471 et
3481 3413 3659 3470 salutis
3697 3413 3816 3504 origo.

519 3521 683 3576 mina
696 3519 1299 3577 excommunicatione
1318 3520 1641 3590 plectenda,
1660 3521 1926 3592 quaedam
1943 3537 2055 3576 non
2073 3537 2133 3594 pc

2279 3519 2415 3575 ergo
2448 3507 2512 3559 ut
2541 3519 2716 3559 meris
2745 3502 3070 3575 disciplinas
3098 3505 3484 3576 quaestionem
3505 3520 3606 3558 non
3626 3497 3816 3570 inspexit

520 3609 677 3665 blica
707 3609 1046 3681 poenitentia
1076 3611 1176 3665 sed
1202 3609 1554 3681 quibusdam
1589 3609 2022 3681 correptionum
2047 3627 2169 3666 me-
2347 3615 2519 3683 Resp.
2542 3610 2698 3683 Nego
2722 3611 3025 3682 majorem,
3045 3629 3163 3667 non
3187 3613 3348 3668 enim
3369 3627 3437 3668 ex
3451 3599 3818 3681 rebaptizationis

519 3699 869 3755 dicamentis
903 3699 1167 3755 sananda
1191 3717 1205 3768 ;
1240 3698 1323 3755 sic
1353 3698 1413 3754 S.
1448 3698 1560 3755 Leo
1582 3699 1854 3771 Magnus,
1883 3700 2052 3772 epist.
2077 3703 2167 3769 92,
2277 3697 2400 3768 lite,
2423 3699 2526 3754 sed
2548 3716 2616 3754 ex
2645 3699 2939 3772 baptismo
2973 3700 3231 3771 pendere
3261 3700 3396 3756 ﬁdei
3425 3703 3481 3755 et
3519 3695 3691 3753 salutis
3712 3697 3820 3744 ater-

521 3788 592 3844 ad
624 3789 913 3846 Rusticum
941 3789 1180 3845 Narbon.
1237 3793 1568 3861 episwpum,
1626 3805 1675 3844 c.
1733 3791 1786 3856 2,
1847 3790 2054 3861 probat
2100 3806 2170 3846 ex
2277 3805 2364 3843 nae
2395 3788 2681 3860 originem
2714 3788 3056 3860 pronuntiat
3107 3789 3168 3845 in
3200 3794 3366 3846 textu
3395 3788 3577 3854 allato,
3605 3799 3706 3856 que
3728 3779 3818 3844 duo.

522 3879 826 3952 Scriptura
851 3878 1225 3951 presbyteros
1256 3881 1313 3934 et
1342 3877 1620 3934 diaconos
1651 3894 1768 3933 non
1818 3894 1947 3935 esse
1992 3881 2171 3951 pceni-
2277 3875 2337 3931 ni
2368 3875 2556 3948 fallor,
2591 3882 2731 3932 sunt
2760 3875 2932 3949 plane
2981 3877 3256 3947 diversa;
3310 3879 3426 3933 imo
3474 3877 3518 3932 si
3564 3871 3821 3945 Cyprianum

524 3969 717 4024 tentias
740 3967 985 4040 publicae
1009 3967 1431 4040 subjiciendos,
1457 3984 1584 4039 qua:
1617 3973 1769 4022 certe
1799 3968 1996 4024 omnia
2045 3968 2170 4024 nul-
2276 3965 2518 4038 propius
2565 3967 2856 4034 attendas,
2908 3967 3274 4023 contrarium
3331 3983 3399 4023 ex
3443 3967 3559 4038 ipso
3603 3956 3820 4018 manifeste

519 4058 752 4114 latenus
776 4057 973 4124 ﬁdem,
993 4057 1094 4112 sed
1119 4073 1297 4112 unam
1321 4059 1589 4128 spectant
1610 4056 1870 4112 Ecclesia:
1905 4057 2167 4130 discipli-
2276 4055 2532 4122 eruitur;
2557 4072 2690 4110 cum
2715 4056 2871 4110 enim
2896 4061 3120 4111 asserat
3141 4057 3205 4112 in
3240 4058 3440 4113 eadem
3467 4050 3676 4126 epistola
3700 4048 3750 4100 de
3763 4057 3823 4130 eu-

523 4148 1022 4220 nam.Estoigitur
1042 4127 1374 4219 probaverit
1404 4146 1462 4201 S.
1489 4145 1699 4201 Doctor
1734 4162 1901 4201 suam
1948 4127 2171 4218 opinio-
2276 4161 2408 4200 rum
2439 4143 2626 4199 salute
2659 4161 2772 4199 non
2799 4159 2928 4199 esse
2957 4145 3418 4217 desperandum,
3472 4143 3565 4214 qui
3604 4153 3707 4194 cum
3743 4127 3821 4186 8010

519 4254 649 4293 nem
675 4236 882 4293 multis
903 4236 1214 4308 Scripturas
1237 4234 1512 4303 textibus,
1536 4251 1649 4289 non
1670 4235 1798 4291 ideo
1837 4236 2065 4292 censuit
2095 4236 2166 4292 ad
2275 4231 2678 4288 hereticorum
2711 4233 3002 4305 baptismo
3029 4234 3327 4303 obierunt,
3360 4233 3501 4289 satis
3552 4223 3752 4284 ostendit
3781 4232 3825 4270 ex

518 4326 693 4382 ﬁdem
724 4343 853 4382 eam
886 4325 1198 4398 pertinere.
2275 4338 2384 4378 sua
2413 4321 2684 4393 opinione
2707 4339 2821 4377 non
2846 4323 3098 4394 pendere
3130 4323 3272 4378 ﬁdei
3293 4327 3352 4379 et
3377 4319 3572 4378 salutis
3602 4311 3822 4386 originem.

589 4417 658 4472 Et
679 4432 812 4472 vero
839 4432 1034 4471 nonne
1055 4413 1380 4486 Cyprianus
1395 4412 1518 4485 ipse
1530 4411 1698 4484 plura
1716 4411 2025 4485 Scriptura:
2041 4413 2170 4471 loca
2275 4414 2453 4466 Porro
2475 4427 2544 4466 ex
2564 4427 2630 4467 eo
2651 4411 2807 4482 quod
2834 4410 3156 4483 Cyprianus
3179 4413 3396 4469 dixerit
3417 4428 3449 4467 a
3468 4406 3717 4480 baptism0
3734 4411 3824 4486 Ροηῖ

520 4505 718 4561 retulit
746 4505 816 4560 ad
850 4521 918 4560 ea
948 4484 1301 4560 stabilienda
1331 4484 1461 4574 quae
1497 4501 1761 4556 omnium
1785 4484 2008 4572 judicio
2051 4519 2163 4560 me-
2199 4577 2232 4581 _
2276 4500 2410 4556 dere
2445 4500 2578 4556 ﬁdei
2609 4504 2668 4555 et
2697 4499 2909 4557 salutis
2949 4501 3264 4574 originem,
3326 4499 3515 4570 colligi
3557 4511 3656 4550 non
3696 4484 3823 4581 pot-etit

519 4611 644 4650 ram
677 4594 1022 4666 spectabant
1051 4590 1472 4664 disciplinam?
1501 4590 1639 4654 Quis
1670 4595 1842 4663 neget
1877 4607 2001 4647 rem
2041 4608 2169 4650 esse
2197 4577 2245 4643 D
2276 4589 2471 4661 ipsum
2503 4589 2764 4661 dogmati
2823 4606 2994 4646 suam
3045 4591 3116 4646 de
3167 4585 3587 4664 rebaptizandis
3621 4574 3825 4638 heretici!

519 4681 1012 4758 purasdisciplinm
1035 4681 1216 4754 lapsis
1239 4680 1554 4736 concedere
1576 4696 1776 4751 pacem
1794 4686 1852 4735 et
1897 4697 2163 4737 commu-
2271 4679 2566 4734 addixisse
2592 4678 2966 4736 sententiam.

518 4751 1218 4830 nionemecclesiasticam
1242 4767 1949 4841 ante,velpostperactam
1977 4772 2161 4842 pocni-
2343 4767 2524 4839 Objic.
2584 4775 2664 4823 In.
2722 4767 2780 4823 S.
2843 4768 3167 4842 Cyprianus
3227 4783 3496 4842 expresse
3538 4751 3823 4819 docetaDeo

519 4862 765 4919 tentiam
798 4860 1185 4917 canonicam?
1215 4865 1356 4931 Lege
1385 4862 1582 4914 tamen
1637 4857 1903 4931 Cypriani
1955 4863 2161 4916 tracta-
2270 4856 2585 4912 revelatum
2619 4872 2766 4924 esse,
2801 4859 2955 4929 quod
2991 4859 3277 4916 adversus
3335 4855 3668 4928 Stephanum
3708 4845 3820 4898 Βοω·

516 4957 643 5008 tum
671 4951 738 5007 de
759 4952 974 5022 Lapsis,
998 4953 1127 5022 ejus
1145 4947 1437 5020 Epistolas
1457 4947 1526 5002 ad
1550 4948 1892 5021 presbyteros
1929 4947 2159 5006 Cartha-
2270 4946 2610 5002 Pontiﬁeem
2636 4947 2944 5003 tUcbatur:
2979 4972 3004 5002 ει
3036 4949 3307 5019 Proinde,
3341 4945 3529 5019 inquit
3554 4942 3605 4996 in
3654 4932 3825 5026 laudata

511 5044 610 5114 gin
658 5041 748 5111 16,
805 5040 875 5096 ad
919 5043 1260 5111 presbyteros
1288 5038 1554 5092 Romanos
1593 5037 1681 5103 30,
1728 5037 1798 5092 ad
1837 5037 2034 5110 Lapsos
2068 5039 2159 5109 33,
2271 5038 2434 5108 Epist.
2469 5035 2540 5091 ad
2569 5036 2850 5104 Jubaz'an.,
2885 5037 3100 5094 frustra
3125 5039 3370 5110 quidam
3403 5034 3498 5107 qui
3529 5027 3716 5114 ratione
3739 5031 3823 5070 τωο

511 5111 584 5186 ad
612 5131 961 5202 presbyteros
1003 5126 1360 5197 CarthagSt,
1385 5124 1554 5197 plura
1581 5126 1890 5197 Scriptura:
1920 5127 2047 5184 loca
2077 5145 2160 5184 re-
2270 5131 2500 5195 cuntur,
2533 5126 3014 5183 consuetudinem
3047 5128 3221 5184 nobis
3252 5125 3548 5200 opponunt
3579 5111 3718 5190 quasi
3741 5120 3825 5206 oet!-

509 5219 706 5291 peries
738 5236 771 5274 a
801 5219 1084 5291 Cypriane
1117 5215 1296 5272 citata
1332 5216 1402 5269 ad
1457 5230 1626 5269 suam
1677 5213 1736 5270 in
1782 5215 1890 5271 hoc
1930 5219 2157 5290 negotio
2271 5215 2521 5271 suetudo
2553 5217 2742 5286 major
2771 5215 2845 5272 sit
2875 5217 3134 5283 veritate,
3167 5224 3272 5273 aut
3304 5217 3360 5271 id
3395 5229 3503 5269 non
3533 5210 3602 5264 sit
3637 5207 3695 5296 in
3709 5209 3824 5296 5;)le

511 5286 1301 5381 opinionem'stabiliendam.
1326 5303 1466 5367 Quis
1489 5307 1659 5375 neget
1680 5321 1801 5359 rem
1842 5321 1970 5361 esse
1999 5286 2157 5379 parte
2270 5303 2532 5361 tualibus
2563 5305 2928 5376 sequendum
2963 5308 3117 5377 quod
3149 5306 3207 5361 in
3229 5286 3823 5386 meliusfueritaSpitit‘i

514 5379 835 5469 disciplinas
860 5394 1404 5467 meriqueprascepti
1430 5391 1810 5449 ecclesiastici
1830 5410 1994 5466 aquis
2024 5397 2158 5454 vino
2210 5457 2215 5464 ,
2270 5397 2471 5450 sancto
2502 5391 2856 5464 revelatum;
2893 5394 3116 5467 ignosci
3145 5396 3307 5451 enim
3341 5396 3523 5466 potest
3558 5379 3825 5469 simpliciter

517 5467 852 5542 mistionem
877 5485 936 5540 in
958 5483 1135 5540 calice
1155 5480 1458 5541 Dominico
1495 5482 2038 5556 ofl‘erendo?Atque
2069 5491 2159 5543 ta-
2269 5480 2505 5552 erranti,
2538 5486 2673 5552 post
2703 5480 3149 5553 inspirationem
3208 5499 3348 5540 vero
3396 5483 3452 5536 et
3490 5467 3819 5556 revolution!!!n

513 5589 647 5631 men
679 5574 1083 5632 necessitatem
1134 5590 1203 5631 ex
1251 5571 1468 5630 divinis
1497 5570 1814 5644 Scripturis
1853 5552 2062 5646 probat
2095 5576 2157 5634 S.
2267 5574 2478 5628 factam
2503 5569 2601 5641 qui
2628 5569 2687 5626 in
2708 5586 2775 5625 eo
2793 5552 2949 5643 quod
2973 5577 3288 5643 erraverat,
3316 5552 3822 5644 perseveratprudsnﬂ

513 5662 837 5743 Cyprianus
857 5665 915 5723 in
934 5665 1106 5740 epist.
1128 5665 1200 5722 63
1219 5663 1289 5723 ad
1307 5661 1632 5732 Caecilium;
1658 5660 1766 5721 hoc
1791 5679 1928 5738 ergo
1944 5665 2156 5741 proba-
2266 5668 2325 5721 et
2345 5660 2557 5730 sciens,
2589 5659 2717 5718 sine
2745 5661 2916 5723 venia
2943 5663 3284 5737 ignorantia
3327 5661 3547 5737 peccat;
3574 5650 3822 5728 praesumit

939 1255 1278 1296 BOLVUNTUB
1336 1256 1727 1297 OBJECTIONES.
