4088 6174
273 300 433 360 1393

1236 296 1435 358 PARS
1480 297 1557 359 II.
1590 330 1668 343 ο-
1694 296 2269 361 RECENTIORUM
2316 296 2756 362 EXCURSUS.

3545 300 3701 361 1394

271 430 430 487 tione
460 428 618 485 enim
650 432 821 500 atque
850 427 1241 485 obstinatione
1284 430 1540 501 quadam
1574 429 1780 486 nititur
1799 445 1929 486 cum
1955 430 2012 499 Α
2040 429 2327 502 inspirata
2356 430 2478 487 sive
2508 430 2759 487 revelata
2792 448 2825 487 a
2855 430 2971 486 Deo
3019 429 3196 485 fidem
3230 428 3584 501 respiciunt;
3620 448 3705 487 re-

270 519 496 576 ratiene
527 523 859 591 superetur.
892 542 920 569 »
956 523 1104 591 Ergo
1134 518 1281 574 illud
1320 519 1451 575 fidei
1482 519 1785 575 referebat.

344 619 548 675 1839
601 620 772 689 Resp.
833 617 1138 690 Distingue
1187 619 1557 675 antecedens.
1607 618 1929 691 Cyprianus

269 710 439 766 docet
468 709 619 780 quod
669 708 948 763 adversus
1009 707 1373 780 Stephanum
1430 708 1769 764 tuebatura
1820 709 1929 764 Deo

267 815 396 855 esse
428 797 745 854 revelatum
778 798 1158 867 quibusdam,
1191 802 1473 870 tanquam
1525 798 1664 870 quid
1717 796 1929 853 melius

266 893 325 944 et
347 887 573 949 utilius:
600 888 851 942 concedo
875 886 1241 955 antecedens;
1267 904 1300 942 a
1325 892 1431 942 Dee
1450 903 1577 943 esse
1608 886 1927 943 revelatum

264 994 399 1032 vera
428 981 485 1031 et
513 976 745 1049 proprie
776 975 932 1031 dicta
982 975 1330 1041 revelatione
1360 975 1416 1031 in
1449 976 1623 1031 verbo
1656 976 1754 1031 Dei
1786 974 1928 1031 scri-

266 1072 365 1140 pto
396 1064 485 1120 vel
510 1065 719 1121 tradito
741 1069 1033 1121 contenta:
1058 1082 1203 1137 nego
1227 1066 1596 1121 antecedens.
1618 1067 1817 1136 Itaque
1839 1081 1926 1120 re-

266 1155 613 1212 velationem
649 1155 851 1210 fusieri
884 1154 1216 1226 significatu
1266 1154 1357 1209 hic
1398 1156 1579 1211 sumit
1607 1159 1662 1210 S.
1696 1155 1928 1221 Doctor,

265 1249 440 1318 prout
468 1244 663 1300 omnis
692 1244 903 1299 veritas
925 1245 1353 1316 cujuscumque
1385 1245 1463 1300 sit
1497 1244 1721 1300 ordinis
1752 1262 1785 1299 a
1810 1244 1926 1300 Deo

267 1333 697 1404 manifestatur,
727 1334 827 1405 qui
860 1333 1047 1406 prima
1075 1334 1291 1390 veritas
1320 1338 1427 1405 est,
1460 1337 1517 1389 et
1546 1338 1719 1406 prout
1753 1350 1927 1390 omne

265 1424 487 1479 donum
518 1424 832 1479 desursum
856 1434 946 1478 est
971 1423 1333 1479 descendens
1371 1441 1404 1479 a
1434 1428 1600 1478 Patre
1630 1422 1922 1479 luminum

265 1518 460 1586 prout,
494 1512 936 1584 inquam,emne
967 1512 1121 1583 quod
1153 1512 1240 1568 vel
1271 1513 1342 1568 ad
1376 1512 1574 1580 ﬁdem,
1605 1512 1692 1568 vel
1725 1512 1797 1567 ad
1817 1513 1922 1567 Ec-

264 1602 453 1657 clesia
484 1600 858 1673 disciplinam
891 1605 948 1656 et
981 1601 1241 1674 regimen
1292 1606 1537 1674 spectat,
1571 1601 1803 1670 revelat,
1835 1602 1922 1657 in-

264 1692 450 1764 spirat
478 1691 734 1762 Spiritus
765 1694 1029 1746 sanctus.

339 1781 397 1834 1°
424 1779 588 1873 Enim
620 1779 1056 1873 Cypr‘ianusnin
1090 1783 1249 1873 textu
1312 1780 1600 1851 objectato
1633 1796 1749 1835 non
1782 1778 1924 1835 dicit
1952 1808 1999 1873 B

266 1868 609 1942 simpliciter
630 1869 733 1924 sed
766 1868 825 1924 in
859 1868 1069 1925 melius
1090 1868 1427 1937 revelatum,
1459 1871 1612 1941 quod
1636 1870 1919 1925 adversus

265 1960 629 2031 Stephanum
656 1959 947 2027 tuebatur,
974 1975 1087 2014 non
1111 1959 1251 2014 dicit
1280 1959 1544 2015 Ecclesia
1577 1958 1917 2025 revelatum,

268 2050 367 2105 sed
392 2048 746 2120 quibusdam
766 2049 920 2103 inter
941 2048 1317 2119 fideles,ques
1340 2047 1770 2104 inexcusabiles
1791 2064 1919 2104 esse

267 2138 570 2195 contendit
585 2142 716 2210 post
730 2136 903 2193 talem
921 2137 1367 2210 inspirationem
1387 2156 1451 2193 ac
1471 2137 1918 2206 revelationem;

268 2245 439 2301 porro
472 2227 592 2282 hac
622 2227 737 2283 duo
770 2226 1011 2299 intelligi
1073 2244 1188 2283 non
1220 2232 1468 2300 possunt
1498 2228 1567 2284 de
1593 2244 1726 2283 vera
1756 2244 1921 2283 reve-

266 2317 481 2373 latiene
498 2334 623 2389 qua
642 2318 855 2389 dogma
873 2315 1224 2373 catholicum
1244 2316 1920 2390 exhibeat,degmaenim

270 2407 403 2462 fidei
438 2423 551 2462 non
584 2405 897 2473 reveletur,
928 2411 994 2461 ut
1025 2406 1165 2477 quid
1196 2404 1406 2461 melius
1435 2411 1492 2461 et
1522 2407 1663 2478 quid
1698 2405 1921 2475 utilius,

271 2512 375 2551 nec
406 2511 470 2550 ac
502 2495 675 2550 fidem
700 2494 895 2550 subito
920 2499 1238 2566 revocatur,
1272 2496 1428 2566 quod
1452 2495 1805 2566 quibusdam
1830 2495 1924 2549 in-

268 2588 359 2641 ter
390 2584 588 2641 fideles
617 2601 649 2639 a
678 2584 793 2640 Dee
824 2583 1166 2656 inspiratur,
1199 2600 1266 2640 ac
1296 2584 1603 2640 reveletur.

342 2682 404 2735 2°
432 2682 535 2747 Qui
565 2680 907 2737 revelatieni
939 2686 994 2736 et
1040 2680 1434 2752 inspirationi,
1469 2682 1540 2736 de
1572 2697 1686 2752 qua
1715 2680 1810 2735 hic
1842 2679 1928 2736 le-

274 2770 477 2843 quitur
616 2770 939 2842 Cyprianus
999 2769 1436 2841 resistit,juxta
1487 2770 1683 2841 ipsum
1716 2769 1929 2825 rationi

279 2860 519 2928 resistit,
553 2876 655 2915 seu
686 2876 720 2915 a
750 2861 965 2915 ratione
990 2867 1304 2931 superatur.
1338 2857 1632 2915 Revelatio
1680 2875 1816 2930 ergo
1846 2858 1929 2914 la-

274 2948 409 3004 tieri
441 2966 617 3004 sensu
652 2948 746 3004 hic
777 2966 812 3003 a
848 2948 1133 3021 Cypriane
1168 2951 1507 3020 usurpatur,
1548 2951 1720 3019 prout
1751 2964 1933 3019 quas-

279 3037 422 3093 libet
473 3038 741 3093 veritates
801 3036 1099 3094 naturales
1155 3036 1563 3109 complectitur
1604 3053 1748 3107 quas
1778 3036 1934 3092 Deus

280 3126 494 3183 revelat
523 3132 580 3183 et
602 3127 873 3199 inspirat.

349 3226 408 3281 3°
432 3227 489 3281 S.
534 3226 861 3297 Cyprianus
920 3225 979 3280 in
1033 3225 1279 3297 Epistola
1332 3224 1403 3280 ad
1428 3224 1697 3292 Quintum
1753 3224 1934 3280 nitide

274 3314 531 3371 ostendit
561 3332 675 3387 quo
706 3332 881 3371 sensu
936 3314 1146 3371 dixerit
1195 3332 1228 3370 a
1259 3314 1373 3371 Dee
1405 3313 1745 3383 revelatum,
1778 3315 1933 3386 quod

275 3404 556 3460 adversus
614 3403 977 3475 Stephanum
1026 3405 1301 3459 tuebatur
1348 3403 1440 3459 his
1471 3404 1703 3459 verbis:
1740 3404 1933 3468 «Qua

274 3492 590 3564 aliquando
616 3510 650 3547 a
679 3492 960 3548 fratribus
993 3498 1048 3548 et
1093 3491 1331 3565 collegis
1380 3492 1597 3547 nostris
1628 3491 1850 3547 utiliter
1879 3496 1936 3548 et

272 3582 587 3639 salubriter
617 3582 1089 3654 suggeruntur,si
1114 3583 1233 3637 sint
1262 3598 1397 3638 vera
1426 3587 1484 3636 et
1516 3581 1934 3654 legitima,ipsa

274 3672 469 3743 potius
501 3678 698 3728 nostra
742 3672 1154 3741 ducamus,cui
1186 3671 1266 3727 rei
1303 3670 1517 3726 Paulus
1546 3689 1779 3743 quoque
1802 3689 1931 3741 pre-

273 3761 527 3833 spiciens
550 3762 609 3816 in
631 3760 878 3833 epistola
927 3778 1035 3817 sua
1066 3760 1262 3833 posuit
1291 3761 1531 3816 dicens:
1566 3782 1594 3811 «
1632 3760 1930 3831 Propheta

273 3854 470 3906 autem
502 3850 617 3905 duo
646 3854 746 3905 aut
776 3854 894 3905 tres
924 3848 1244 3921 loquantur
1268 3854 1326 3905 et
1355 3850 1545 3905 caeteri
1577 3849 1928 3920 examinent,

272 3937 324 3994 si
355 3943 553 3994 autem
607 3937 705 3993 alii
758 3937 1075 3993 revelatum
1134 3938 1311 3993 fuerit
1339 3937 1587 4004 sedenti,
1646 3936 1742 3992 ille
1772 3938 1931 4009 prior

270 4031 495 4083 taceat:
519 4048 547 4077 ››
573 4042 689 4098 qua
719 4026 776 4082 in
811 4031 974 4098 parte
1004 4027 1203 4081 docuit
1232 4030 1288 4081 et
1304 4027 1561 4082 ostendit
1581 4025 1772 4082 multa
1812 4026 1930 4082 sin-

270 4113 425 4187 gulis
442 4116 499 4170 in
524 4115 734 4170 melius
751 4115 1062 4171 revelariet
1078 4115 1288 4170 debere
1311 4130 1795 4187 unumquemque
1813 4131 1927 4170 non

268 4221 372 4276 pro
402 4221 490 4270 eo,
515 4205 670 4276 quod
690 4204 869 4260 semel
893 4204 1208 4260 imbiberat
1229 4208 1287 4259 et
1306 4204 1542 4259 tenebat
1554 4203 1930 4275 pertinaciter

266 4295 563 4367 congredi,
598 4296 698 4350 sed
731 4297 779 4351 si
814 4295 954 4367 quid
982 4295 1193 4352 melius
1223 4302 1281 4350 et
1311 4295 1516 4351 utilius
1548 4294 1926 4360 exstiterit,li-

266 4384 470 4439 benter
497 4384 809 4456 amplecti;
836 4401 951 4441 non
983 4385 1140 4440 enim
1171 4384 1462 4440 vincimur
1492 4385 1727 4455 quando
1759 4384 1928 4440 nobis

266 4472 594 4528 offeruntur
624 4473 883 4529 meliora.
919 4494 948 4522 »
1008 4473 1147 4539 Quis
1205 4490 1320 4529 non
1354 4474 1545 4529 videat
1591 4474 1925 4545 opinionem

2039 520 2248 576 velatio
2296 520 2477 594 igitur
2505 522 2625 576 sive
2655 520 2962 593 inspiratie
2993 518 3188 574 divina
3233 518 3550 592 aliquando
3580 537 3615 576 a
3642 521 3697 576 S.

2041 608 2324 682 Cypriane
2349 610 2550 666 fusieri
2579 609 2836 665 sumitur
2863 608 3218 681 significatu,
3256 623 3369 664 non
3401 624 3537 681 ergo
3568 612 3700 665 tan-

2039 698 2173 753 dem
2208 699 2500 755 subtiliter
2542 699 2902 770 inventa,sed
2955 715 2989 753 a
3018 697 3301 770 Cypriane
3325 697 3452 769 ipso
3485 715 3698 770 suppe‘

2040 786 2222 843 ditata
2254 793 2454 845 nostra
2484 788 2806 861 responsio.

2113 887 2321 942 1340
2350 886 2559 957 Obiici.
2596 904 2669 942 1v.
2703 886 2782 942 De
2822 886 2935 942 ﬁde
2967 886 3241 941 credebat
3268 890 3325 940 8.
3357 885 3570 942 Doctor
3597 902 3697 944 eos

2043 974 2330 1045 baptizare
2361 992 2477 1031 non
2510 992 2681 1047 posse
2710 974 2926 1048 quibus
2957 992 2990 1029 a
3020 974 3248 1031 Christo
3278 990 3557 1031 concessa
3577 993 3694 1032 non

2038 1069 2161 1120 erat
2192 1066 2527 1137 baptizandi
2550 1068 2841 1137 potestas;
2866 1069 2926 1120 at
2955 1064 3243 1119 hareticis
3272 1064 3448 1120 talem
3480 1082 3514 1119 a
3538 1065 3696 1121 Chri-

2036 1157 2126 1210 sto
2157 1154 2357 1209 datam
2391 1154 2574 1210 fuisse
2625 1158 2972 1226 potestatem
3031 1152 3281 1225 negabat
3308 1153 3646 1225 ,Cyprianus
3676 1172 3689 1210 :

2037 1265 2067 1292 «
2093 1243 2464 1299 Manifestum
2487 1248 2596 1311 est,
2622 1243 2814 1315 inquit
2849 1242 2909 1298 in
2938 1242 3187 1314 Epistad
3212 1241 3494 1311 Jubaian.,
3515 1242 3614 1297 ubi
3638 1246 3696 1298 et

2035 1349 2139 1404 per
2169 1349 2318 1404 quos
2349 1337 2405 1388 et
2436 1333 2689 1389 remissa
2709 1336 3083 1404 peccatorum
3116 1331 3241 1387 dari
3266 1331 3451 1402 possit
3482 1331 3693 1403 quain

2033 1421 2327 1494 baptismo
2345 1421 2570 1478 scilicet
2586 1423 2775 1482 datur:
2795 1439 2931 1478 nam
2943 1423 3111 1478 Petro
3124 1422 3382 1494 primum
3410 1421 3690 1477 Dominus

2032 1527 2212 1583 super
2241 1528 2414 1585 quem
2447 1512 2756 1567 aedificavit
2811 1511 3126 1567 Ecclesiam
3160 1511 3315 1567 unde
3362 1515 3420 1566 et
3449 1510 3691 1567 unitatis

2032 1602 2318 1674 originem
2352 1601 2613 1657 instituit
2644 1606 2700 1657 et
2725 1600 3353 1672 ostendit,potestatem
3388 1598 3560 1655 istam
3587 1600 3691 1654 de-

2032 1691 2137 1761 dit,
2171 1695 2236 1746 ut
2263 1691 2321 1747 id
2345 1690 2667 1746 solveretur
2712 1690 2772 1745 in
2804 1689 2963 1746 caelis
2995 1689 3151 1762 quod
3184 1688 3281 1744 ille
3330 1686 3597 1743 solvisset
3627 1687 3687 1742 in

2032 1779 2236 1836 terris:
2273 1784 2328 1835 et
2357 1783 2488 1852 post
2508 1779 2991 1835 resurrectionem
3025 1794 3257 1851 quoque
3286 1777 3360 1833 ad
3390 1775 3687 1849 apostolos

2028 1867 2292 1940 loquitur
2322 1869 2521 1924 dicens
2547 1887 2560 1924 :
2595 1869 2752 1925 Sicut
2780 1870 2935 1923 misit
2981 1884 3068 1923 me
3116 1869 3301 1936 Pater,
3332 1875 3382 1922 et
3411 1882 3508 1937 ego
3530 1867 3683 1921 mitto

2026 1973 2156 2020 ves;
2181 1957 2279 2013 hoc
2308 1973 2432 2012 cum
2469 1958 2699 2013 dixisset
2730 1958 3031 2029 inspiraait
3058 1959 3108 2012 et
3137 1959 3220 2013 ait
3266 1956 3412 2012 illis:
3446 1956 3683 2026 Accipite

2025 2050 2299 2120 Spiritum
2331 2052 2618 2110 sanctum;
2659 2050 2711 2104 si
2737 2048 2891 2119 cujus
2942 2047 3272 2103 remiseritis
3320 2053 3562 2118 peccata,
3596 2060 3679 2101 re-

2028 2143 2322 2195 mittuntur
2351 2140 2480 2203 illi;
2508 2143 2559 2195 si
2586 2145 2751 2212 cujus
2779 2142 3092 2208 tenueritis,
3125 2141 3491 2206 tenebuntur;
3526 2138 3683 2193 unde

2028 2227 2411 2300 intelligimus
2442 2246 2556 2284 non
2615 2229 2728 2284 nisi
2762 2229 2821 2283 in
2880 2227 3138 2284 Ecclesia
3184 2227 3511 2300 praepositis
3534 2232 3591 2282 et
3619 2227 3679 2281 in

2030 2317 2377 2390 Evangelica
2403 2317 2531 2391 lege
2562 2335 2628 2373 ac
2676 2318 2980 2373 Deminica
3026 2317 3393 2374 ordinatione
3424 2315 3683 2372 fundatis

2031 2407 2206 2463 licere
2232 2407 2526 2479 baptizare
2550 2412 2607 2464 et
2635 2408 2944 2463 remissam
2975 2411 3344 2478 peccatorum
3376 2404 3685 2473 dare,feris

2035 2502 2231 2554 autem
2260 2513 2366 2553 nec
2396 2497 2565 2569 ligari
2589 2496 2813 2568 aliquid
2834 2512 3006 2568 posse
3038 2512 3143 2550 nec
3173 2494 3320 2551 solvi
3344 2494 3445 2550 ubi
3468 2511 3584 2550 non
3608 2494 3687 2549 sit

2036 2586 2137 2658 qui
2159 2591 2261 2641 aut
2288 2585 2469 2659 ligare
2494 2585 2677 2657 possit
2704 2585 2927 2656 aliquid
2956 2589 3059 2639 aut
3086 2583 3327 2640 solvere.
3349 2605 3378 2634 ››
3408 2584 3577 2654 Ergo.

2108 2684 2400 2755 Respend.
2435 2682 2743 2754 Distingue
2793 2682 3103 2737 minorem.
3134 2685 3305 2738 Juxta
3331 2680 3691 2752 Cyprianum

2042 2772 2321 2828 bareticis
2352 2773 2487 2828 data
2517 2789 2550 2827 a
2580 2771 2808 2827 Christo
2839 2787 2955 2825 non
2987 2774 3111 2826 erat
3168 2769 3500 2840 baptizandi
3532 2774 3692 2840 pote-

2041 2866 2184 2927 stas;
2221 2867 2394 2931 atque
2424 2861 2481 2915 id
2513 2861 2692 2915 variis
2725 2858 3047 2915 ratiociniis
3071 2862 3372 2929 utcunque
3387 2858 3693 2913 ostendere

2041 2951 2383 3006 conabatur:
2408 2950 2683 3017 concedo;
2706 2954 2763 3004 et
2779 2949 2834 3004 id
2865 2954 3147 3019 tanquam
3168 2947 3238 3002 de
3270 2947 3695 3018 fide,tanquam

2043 3044 2267 3094 certum
2290 3040 2573 3094 tradebat:
2604 3054 2749 3111 nego
2782 3037 3208 3108 miner.ltaque
3229 3036 3301 3091 ad
3329 3035 3695 3107 probandam

2048 3144 2218 3184 suam
2250 3129 2321 3183 de
2361 3128 2648 3183 haereticis
2679 3126 3108 3198 rebaptizandis
3148 3124 3499 3181 sententiam
3521 3123 3697 3180 variis

2048 3217 2411 3273 illatienibus
2442 3222 2741 3290 utcunque
2782 3216 3086 3272 ostendere
3124 3218 3365 3291 conatur
3395 3215 3454 3271 S.
3488 3214 3701 3270 Doctor

2043 3307 2333 3363 hareticis
2364 3322 2700 3362 concessam
2740 3323 2775 3361 a
2804 3305 3032 3362 Christo
3062 3320 3178 3360 non
3209 3318 3338 3360 esse
3365 3303 3703 3375 baptizandi

2043 3401 2389 3470 potestatem
2424 3414 2436 3451 :
2472 3396 2530 3450 in
2568 3399 2729 3450 textu
2790 3394 2946 3450 enim
2986 3394 3293 3465 ebjectate,
3326 3409 3396 3448 ex
3447 3408 3514 3447 eo
3544 3392 3702 3464 quod

2042 3485 2308 3541 Christus
2339 3486 2503 3541 Petro
2534 3489 2593 3540 et
2639 3482 2919 3555 apostolis
2950 3481 3167 3555 ligandi
3202 3486 3257 3537 et
3287 3480 3550 3537 solvendi
3602 3496 3701 3552 po-

2041 3578 2315 3629 testatem
2346 3573 2587 3639 dederit,
2617 3572 2793 3627 infert
2848 3570 2988 3627 solis
3040 3569 3308 3625 Ecclesia
3364 3568 3693 3641 praepositis

2044 3667 2389 3734 potestatem
2412 3662 2747 3717 remittendi
2769 3664 3006 3731 peccata
3028 3676 3061 3714 a
3092 3658 3323 3715 Christo
3355 3658 3541 3714 fuisse
3561 3674 3696 3714 con-

2043 3752 2437 3809 eessam.Inde
2454 3751 2673 3825 colligit
2694 3749 3028 3822 baptizandi
3053 3747 3390 3804 facultatem
3412 3747 3701 3805 hareticis

2043 3841 2289 3897 minime
2318 3845 2738 3913 cempetere,ex
2768 3856 2884 3911 quo
2918 3838 3155 3894 tandem
3185 3835 3503 3905 concludit,
3535 3836 3697 3893 iuva-

2042 3929 2158 3987 lide
2186 3931 2320 4001 quia
2350 3929 2574 4001 illicito,
2607 3930 2678 3985 ab
2708 3928 2994 3984 hareticis
3019 3924 3324 3998 baptizari.

2111 4028 2329 4083 Verum
2353 4028 2507 4099 quod
2538 4043 2607 4082 ex
2635 4025 2951 4097 Scripturis
2972 4024 3276 4095 judicatur
3302 4021 3499 4093 alique
3521 4022 3694 4078 modo

2037 4116 2244 4172 deduci
2277 4132 2465 4188 posse,
2497 4116 2833 4171 crediturae
2862 4114 2936 4168 ad
2969 4113 3145 4168 ﬁdem
3179 4110 3500 4183 pertinere?
3530 4110 3585 4167 Si
3616 4112 3689 4167 ad

2037 4206 2215 4261 ﬁdem
2247 4209 2590 4261 revocantur
2617 4220 2745 4275 qua
2776 4219 2811 4257 a
2841 4203 2952 4257 Dee
3002 4204 3143 4258 sunt
3172 4198 3511 4256 immediate
3540 4215 3697 4256 reve-

2036 4293 2177 4361 lata,
2213 4294 2502 4366 numquid
2535 4298 2592 4348 et
2621 4310 2689 4347 ea
2718 4308 2845 4363 qua
2883 4307 2951 4346 ex
2981 4288 3248 4345 revelatis
3279 4293 3694 4360 uteunqueva-

2037 4384 2140 4440 riis
2170 4383 2493 4439 ratiociniis
2536 4382 2738 4438 inferri
2798 4396 2970 4453 posse
2997 4376 3405 4434 arbitrantur?
3451 4377 3693 4442 Quando

2036 4472 2360 4545 Cyprianus
2413 4471 2583 4544 plura
2639 4470 2950 4541 Scriptura
3006 4466 3135 4523 loca
3182 4466 3461 4522 afferebat
3516 4467 3589 4522 ad
3627 4483 3694 4523 ea

268 4563 339 4617 de
371 4563 803 4634 rebaptizandis
861 4563 1150 4619 haereticis
1181 4581 1215 4618 a
1269 4563 1555 4635 Cypriane
1591 4563 1663 4618 iis
1694 4562 1927 4629 ascribi,
1961 4550 2007 4615 D
2040 4563 2360 4633 probanda,
2397 4578 2524 4633 qua
2555 4560 2818 4616 omnium
2844 4557 3071 4628 judicio
3100 4554 3431 4611 versatilem
3459 4560 3690 4627 specta-

265 4667 395 4722 qua
417 4651 571 4707 Deus
591 4651 942 4722 quibusdam
965 4652 1211 4723 inspirat
1230 4656 1287 4707 et
1304 4650 1518 4708 revelat
1534 4652 1605 4706 ad
1639 4653 1922 4721 majorem

270 4740 535 4797 Ecclesia
567 4740 879 4796 utilitatem
900 4740 928 4793 ?
977 4741 1109 4805 Qua
1133 4741 1390 4813 profecto
1439 4739 1711 4797 revelatio
1743 4756 1921 4795 unam

267 4829 505 4900 respicit
534 4829 801 4885 Ecclesia
832 4829 1242 4895 oeconomiam,
1274 4846 1341 4884 ae
1365 4828 1923 4901 disciplinam,unde

266 4918 484 4973 nedum
506 4918 696 4974 faveat
716 4918 1474 4984 adversariis,assertionem
1510 4923 1767 4973 nostram
1792 4934 1922 4972 cen-

264 5007 481 5077 firmat,
516 5012 580 5062 ut
609 5025 791 5080 supra
811 5008 1091 5064 vidimus.

335 5107 392 5160 4ο
424 5106 607 5161 Totae
638 5106 771 5162 fidei
830 5108 1108 5177 dogmata
1165 5104 1470 5161 crediderit
1500 5104 1558 5160 S.
1592 5103 1920 5177 Cyprianus

260 5210 390 5264 qua
423 5194 481 5248 in
514 5198 763 5249 tractatu
796 5196 867 5250 de
899 5196 1046 5250 Bono
1080 5197 1370 5250 Patientia
1401 5194 1759 5265 scripserat?
1794 5195 1920 5248 Hac

259 5288 457 5337 tamen
490 5300 523 5337 a
552 5283 669 5338 Deo
700 5284 987 5354 inspirata
1033 5300 1159 5341 esse
1207 5282 1582 5357 pronuntiat:
1623 5307 1642 5331 α
1686 5283 1921 5353 Propter

259 5371 392 5440 hoc,
425 5372 620 5441 inquit
648 5373 707 5427 in
758 5374 932 5444 Epist.
989 5373 1060 5429 ad
1113 5375 1398 5440 Jubaian.,
1430 5373 1605 5428 etiam
1652 5370 1916 5427 libellum

261 5459 328 5516 de
361 5465 504 5516 Bono
535 5463 822 5517 Patientia
847 5466 1132 5534 quantum
1164 5462 1346 5517 valuit
1375 5465 1576 5517 nostra
1608 5459 1915 5516 mediocri-

260 5554 356 5605 tas
391 5552 761 5621 permittente
796 5553 1034 5608 Demine
1092 5557 1149 5607 et
1192 5552 1514 5623 inspirante
1560 5549 1913 5620 conscripsi-

266 5654 439 5712 mus;
474 5663 503 5693 »
537 5658 649 5699 non
681 5641 880 5698 omnia
908 5656 1044 5713 ergo
1076 5658 1202 5714 qua
1261 5657 1295 5697 a
1323 5639 1606 5713 Cypriane
1639 5640 1917 5695 dicuntur

2034 4653 2173 4705 bant
2202 4650 2668 4721 disciplinam,ut
2690 4665 2869 4720 supra
2890 4646 3169 4714 vidimus,
3203 4644 3359 4716 quod
3392 4644 3690 4722 tupbatur,

2031 4756 2101 4795 ex
2132 4740 2201 4795 iis
2233 4756 2361 4812 qua
2382 4739 2601 4795 citabat
2629 4738 2934 4809 Scriptura
2966 4734 3107 4790 locis
3138 4733 3338 4789 inferri
3370 4748 3540 4804 posse
3560 4748 3691 4812 pre-

2030 4830 2180 4884 fecto
2211 4808 2821 4893 eiistimahatﬁdeene
2842 4824 2989 4880 illud
3013 4823 3148 4879 fidei
3172 4822 3516 4878 devovebat?
3535 4808 3684 4893 Ergo

2030 4916 2167 4973 licet
2188 4918 2242 4972 S.
2277 4916 2602 4989 Cyprianus
2659 4932 2729 4971 ex
2780 4913 3098 4987 Scripturis
3128 4912 3329 4968 inferri
3362 4926 3532 4982 posse
3562 4926 3689 4965 cre-

2029 5007 2243 5063 diderit
2272 5006 2563 5062 hareticis
2613 5020 2951 5062 concessam
3001 5019 3035 5058 a
3063 5002 3295 5057 Christe
3351 5016 3465 5055 non
3504 4999 3686 5055 fuisse

2028 5096 2362 5168 baptizandi
2394 5099 2760 5168 potestatem,
2788 5110 2902 5150 non
2920 5093 3048 5148 ideo
3080 5088 3308 5147 censuit
3332 5089 3403 5145 de
3424 5089 3537 5144 fide
3557 5101 3685 5144 esse

2028 5201 2127 5242 eos
2159 5186 2334 5241 talem
2367 5202 2481 5240 non
2513 5185 2727 5241 habere
2756 5185 3125 5255 potestatem.

2097 5284 2259 5339 Addo
2292 5284 2643 5355 Cyprianum
2678 5297 2782 5336 nec
2812 5279 3112 5336 censuisse
3138 5277 3196 5332 id
3228 5280 3385 5331 certe
3416 5279 3472 5331 et
3494 5291 3687 5330 neces-

2027 5373 2179 5429 sario
2210 5390 2279 5426 ex
2307 5371 2621 5442 Scripturis
2651 5369 2852 5425 inferri
2885 5383 3056 5440 posse
3077 5383 3098 5429 ,·
3140 5382 3277 5423 nam
3310 5366 3366 5420 1ο
3394 5363 3455 5421 Si
3484 5363 3683 5419 existi-

2028 5469 2244 5518 massct
2270 5479 2337 5517 ex
2369 5459 2685 5533 Scripturis
2726 5457 3051 5530 necessario
3095 5455 3293 5512 inferri
3316 5453 3456 5510 solis
3486 5451 3679 5508 Eccle-

2024 5552 2121 5607 sia
2158 5552 2482 5623 praepositis
2513 5551 2712 5604 datam
2743 5564 2870 5605 esse
2896 5564 2929 5601 a
2959 5545 3187 5601 Christo
3220 5542 3555 5614 baptizandi
3586 5558 3685 5611 po-

2023 5644 2319 5711 testatem,
2354 5639 2505 5698 hanc
2528 5638 2697 5696 laicis
2759 5635 3059 5698 catholicis
3090 5636 3241 5692 sicut
3286 5638 3344 5690 et
3372 5630 3688 5688 haereticis.
