4112 6174
291 265 318 325 1
332 265 449 327 397

1241 261 1446 322 PARS
1489 261 1568 323 ΙΙ.
1600 291 1679 308 -
1707 259 2279 324 RECENTIORUM
2324 260 2763 325 EXCURSUS.

3546 264 3571 324 Ι
3584 262 3705 327 398

286 397 349 452 in
382 394 639 452 Ecclesia
661 410 811 461 esse,
861 397 927 450 ut
969 393 1227 450 haretici
1265 410 1371 450 nec
1414 392 1570 449 licite
1614 410 1718 450 nec
1750 392 1939 450 valide
1968 392 2025 461 Α
2053 392 2343 451 hareticis
2372 396 2654 451 meliorem
2682 401 2736 451 et
2759 393 3061 458 utilzorem,
3090 395 3157 448 ut
3186 392 3264 449 ait
3294 394 3613 467 Cyprianus
3642 396 3703 452 in

286 485 585 557 baptizare
614 482 929 556 potuerint.
973 482 1091 538 Hoc
1122 498 1291 555 porro
1334 498 1636 553 nunquam
1669 481 1937 554 probabi-

285 581 422 645 tur;
485 576 593 631 hoc
644 574 853 630 nullibi
903 575 1057 647 apud
1107 574 1464 647 Cyprianum
1508 573 1770 648 legetur;
1822 574 1939 629 imo

286 666 647 723 contrarium
698 664 784 720 vel
842 681 910 720 ex
958 664 1189 720 hacmet
1235 663 1482 737 epistola
1523 664 1813 735 objectata
1838 664 1934 719 de-

286 758 673 811 monstratur.

358 844 501 899 Cum
518 844 673 899 enim
697 843 1030 908 Stephanus
1043 840 1286 896 dixisset
1309 857 1366 895 :«
1390 840 1553 906 Quod
1569 840 1641 895 ab
1658 838 1937 911 apostolis

286 934 618 1007 accepimus
640 937 929 999 tenemus,
954 954 983 981 »
1016 932 1155 1002 quid
1188 931 1511 1004 Cyprianus
1533 931 1603 985 ad
1627 929 1775 985 hanc
1798 946 1937 1001 apo-

285 1023 571 1080 stolorum
602 1023 1006 1078 auctoritatem
1029 1020 1056 1075 ?
1088 1042 1115 1069 n
1146 1019 1426 1093 Apostoli,
1459 1019 1792 1091 respondet,
1826 1018 1937 1073 ha-

285 1112 496 1168 reticos
526 1110 917 1167 Antichristos
949 1110 1348 1177 nominarunt,
1382 1126 1480 1165 eos
1503 1124 1631 1164 esse
1663 1108 1934 1165 vitandos

282 1200 763 1274 pronuntiarunt,
797 1200 1003 1254 1343
1036 1197 1243 1253 nullibi
1276 1198 1431 1269 apud
1461 1197 1756 1269 apostolos
1789 1215 1933 1269 pra-

282 1294 515 1362 ceptum
561 1289 854 1345 invenitur
900 1292 963 1343 ut
1007 1286 1294 1343 hareticis
1343 1290 1573 1342 tantum
1628 1302 1841 1342 manus
1874 1287 1931 1342 in

281 1379 684 1451 paenitentiam
709 1378 1119 1449 imponantur;
1142 1399 1169 1425 »
1192 1392 1291 1431 eos
1313 1375 1591 1431 nimirum
1611 1374 1932 1430 intralimi-

279 1474 369 1525 tes
390 1486 454 1524 se
482 1468 741 1524 continet
758 1472 823 1522 ut
844 1466 1111 1523 ostendat
1137 1465 1497 1537 Stephanum
1522 1465 1744 1536 absque
1766 1463 1930 1520 titulo

282 1558 599 1630 apostolica
647 1556 961 1611 traditione
1008 1554 1267 1625 gloriari,
1301 1557 1358 1610 et
1404 1553 1543 1625 quid
1585 1553 1738 1609 circa
1767 1555 1931 1625 ejus-

278 1647 437 1703 modi
470 1647 831 1719 baptismum
876 1644 1123 1715 apostoli
1172 1644 1465 1699 senserint
1512 1641 1709 1699 latere.
1753 1643 1928 1699 Porro

278 1736 329 1793 si
361 1737 420 1793 S.
454 1736 778 1809 Cyprianus
810 1751 976 1790 suam
1019 1732 1367 1789 sententiam
1399 1732 1470 1788 ab
1498 1731 1774 1803 apostolis
1804 1736 1928 1788 tra-

282 1826 464 1883 ditam
496 1824 907 1894 existimasset,
932 1823 1083 1877 hanc
1124 1822 1494 1877 traditionem
1534 1822 1789 1893 profecto
1838 1822 1932 1877 hic

291 1916 664 1988 appellasset,
698 1930 977 1985 reponere
1027 1915 1181 1967 certe
1212 1927 1325 1965 non
1358 1910 1655 1965 omisisset
1684 1910 1940 1982 pessima

281 2005 521 2061 omnino
554 2005 666 2059 ﬁde
715 2002 1095 2075 apostolicam
1148 1999 1555 2056 auctoritatem
1584 2017 1617 2055 a
1645 1999 1937 2071 Stephano

283 2094 535 2159 laudari,
567 2110 700 2149 cum
724 2092 836 2148 sibi
858 2092 969 2164 ipsi
1003 2090 1241 2146 omnino
1275 2090 1523 2157 faveret;
1557 2089 1940 2161 opportunior

271 2184 386 2255 ipsi
410 2183 570 2239 nulla
597 2184 705 2238 fuit
731 2182 958 2237 occasio
981 2179 1433 2252 peremptoriam
1452 2178 1627 2233 istam
1647 2178 1935 2251 allegandi

276 2272 675 2341 traditionem,
709 2288 825 2344 qua
847 2269 1165 2325 adversarii
1197 2268 1431 2340 penitus
1462 2268 1932 2327 retunderentur.

282 2363 342 2418 Id
375 2366 570 2419 tamen
603 2379 717 2417 non
751 2358 1019 2433 prastitit
1066 2358 1390 2430 Cyprianus
1418 2400 1432 2424 ,
1486 2373 1600 2411 non
1633 2374 1768 2430 ergo
1800 2375 1932 2414 cen-

270 2453 389 2507 suit
420 2451 491 2507 ab
546 2449 826 2522 apostolis
871 2448 1153 2504 traditum
1206 2446 1497 2518 baptisma
1526 2446 1930 2503 hereticorum

266 2539 591 2597 invalidum
620 2555 767 2595 esse.

340 2629 591 2701 Opponit
621 2627 858 2701 quidem
911 2626 969 2681 S.
1021 2625 1232 2681 Doctor
1278 2623 1557 2696 Stephani
1602 2624 1922 2695 traditioni,

265 2735 446 2791 quam
477 2718 797 2773 humanam
842 2714 1193 2787 appellabat,
1242 2712 1633 2785 evangelicam
1683 2718 1741 2769 et
1779 2714 1923 2770 divi-

266 2824 428 2874 nam,
450 2824 625 2878 quam
651 2805 1115 2876 anteponendam
1140 2820 1267 2859 esse
1289 2802 1429 2858 dicit
1454 2802 1919 2874 dispositionem,

261 2914 381 2953 non
408 2895 575 2967 quasi
608 2895 667 2950 in
714 2895 823 2950 hac
855 2893 1268 2960 contineretur,
1304 2895 1404 2947 aut
1446 2891 1922 2947 manifestaretur

264 3002 375 3041 sua
404 2985 475 3040 de
504 2983 935 3056 rebaptizandis
988 2981 1269 3038 haretiois
1316 2978 1644 3049 sententia;
1686 2985 1915 3037 contra-

260 3074 417 3129 rium
449 3074 607 3129 enim
636 3072 724 3128 vel
756 3089 824 3127 ex
854 3072 1089 3127 hacmet
1124 3069 1373 3142 epistola
1401 3068 1575 3125 modo
1606 3069 1914 3125 evinceba-

2048 485 2218 554 Epist.
2279 485 2352 540 ad
2411 486 2697 554 Quintum,
2752 501 2868 539 non
2907 483 3220 555 judicaret,
3272 483 3517 555 ideoque
3574 500 3703 541 eam

2050 573 2426 643 rejiciendam
2452 572 2642 630 vellet.

2119 683 2251 735 Hac
2298 682 2371 737 de
2430 680 2698 754 Cypriani
2748 680 2819 735 ad
2865 681 3188 751 Pompeium
3243 681 3489 752 epistola
3535 683 3702 739 sufﬁ-

2047 768 2245 825 ciant:
2280 792 2308 821 «
2346 770 2452 825 Illa
2476 770 2633 825 enim
2679 770 2891 841 (verbis
2938 774 3070 824 utor
3115 770 3454 841 Augustini)
3483 788 3610 843 qua
3639 773 3700 828 in

2048 857 2413 930 Stephanum
2443 859 2706 915 irritatus
2730 858 2934 913 effudit
2954 862 3267 914 retractare
3300 858 3453 926 nolo,
3487 861 3626 930 quia
3645 866 3703 917 et

2045 963 2161 1002 non
2211 964 2380 1019 opus,
2433 955 2488 1003 et
2536 965 2603 1003 ea
2650 948 2943 1019 praterire
2994 946 3205 1003 melius
3236 952 3325 1003 est
3354 949 3701 1019 (detestans,

2046 1051 2180 1091 cum
2215 1036 2545 1093 Vincentior
2575 1036 2754 1095 Lirin.
2780 1036 3001 1107 optimo
3027 1035 3213 1107 Gallo)
3236 1035 3470 1092 illorum
3502 1039 3704 1110 nequi-

2043 1124 2187 1181 tiam
2222 1125 2321 1197 qui
2343 1126 2531 1182 sancti
2558 1126 2662 1181 viri
2688 1124 2998 1197 (Cypriani)
3023 1124 3386 1193 memoriam,
3420 1129 3700 1199 tanquam

2044 1214 2265 1285 sopitos
2288 1214 2414 1285 jam
2442 1214 2665 1269 cineres
2689 1213 2931 1285 profana
2954 1228 3133 1267 manu
3165 1212 3466 1282 ventilant,
3499 1219 3555 1269 et
3576 1232 3702 1285 qua

2042 1301 2273 1360 silentio
2324 1304 2558 1376 sepeliri
2609 1302 2932 1375 oportebat,
2983 1301 3240 1358 rediviva
3287 1302 3559 1373 opinione
3590 1304 3703 1359 dif-

2038 1393 2293 1449 fumant.
2333 1415 2352 1443 ιι

2111 1499 2301 1570 Objic,
2334 1499 2569 1555 tandem
2620 1497 2921 1571 probabile
2949 1514 3066 1553 non
3116 1501 3207 1553 est
3238 1498 3297 1554 S.
3344 1498 3701 1571 Cyprianum

2038 1603 2213 1645 mera
2247 1588 2547 1645 devovisse
2592 1587 2915 1659 disciplina
2968 1586 3446 1658 controversiam,
3481 1588 3541 1643 in
3587 1606 3702 1661 qua

2038 1678 2110 1733 de
2139 1676 2436 1733 validitate
2457 1682 2558 1732 aut
2578 1675 2937 1732 invaliditate
2962 1675 3240 1747 baptismi
3269 1676 3569 1748 agebatur,
3593 1693 3700 1734 nec

1959 1768 2008 1833 B
2038 1770 2229 1838 potest
2276 1765 2522 1837 concipi,
2577 1766 2871 1837 quomodo
2923 1764 3006 1819 ita
3052 1764 3271 1820 sentire
3317 1766 3571 1836 potuerit
3612 1767 3701 1822 vir

2050 1854 2409 1927 perspicacia
2439 1856 2647 1911 1344
2678 1855 2931 1909 maxime
2952 1853 3256 1925 praditus,
3278 1870 3345 1909 ac
3374 1854 3703 1913 eruditione

2047 1943 2431 2001 clarissimus.

2120 2052 2412 2124 Respond.
2445 2052 2555 2106 Tot
2583 2052 2639 2105 et
2667 2048 2848 2105 tantis
2876 2047 3083 2103 nititur
3112 2049 3358 2106 assertio
3380 2054 3585 2107 nostra
3615 2068 3705 2109 ar-

2044 2140 2364 2213 gumentis,
2383 2144 2450 2194 ut
2471 2156 2595 2196 eam
2620 2138 3031 2212 probabilitate
3053 2154 3249 2194 carere
3270 2139 3433 2196 solus
3453 2140 3550 2197 ille
3572 2158 3703 2198 con-

2043 2231 2266 2297 tendat,
2316 2229 2417 2301 qui
2465 2228 2664 2301 palpet
2706 2227 2767 2282 in
2819 2227 3084 2283 meridie.
3131 2228 3438 2285 Enimvero
3479 2233 3543 2285 ut
3563 2231 3701 2301 jure

2043 2320 2363 2389 meritoque
2418 2317 2647 2373 dicatur
2701 2316 3051 2389 Cyprianum
3120 2317 3489 2374 existimasse
3546 2318 3697 2377 hanc

2042 2407 2223 2464 fuisse
2272 2422 2442 2463 mera
2492 2405 2816 2478 disciplina
2866 2406 3344 2474 controversiam,
3403 2408 3691 2480 numquid

2038 2513 2275 2553 necesse
2296 2500 2385 2553 est
2405 2496 2647 2552 modum
2671 2493 3041 2566 investigare,
3066 2494 3355 2568 detegere,
3371 2496 3688 2567 vindicare,

2036 2604 2151 2659 quo
2182 2585 2355 2643 talem
2397 2584 2731 2657 judicavit?
2778 2583 3084 2656 Ignoretur
3130 2586 3364 2657 modus,
3397 2584 3447 2642 si
3477 2586 3691 2658 placet,

2033 2675 2254 2732 lateant
2308 2692 2415 2730 nos
2462 2673 2750 2746 principia
2796 2673 3013 2745 quibus
3058 2674 3129 2729 ad
3170 2674 3253 2729 ita
3291 2675 3685 2745 judicandum

2032 2768 2361 2821 moveretur
2415 2764 2469 2818 S.
2521 2763 2755 2830 Doctor,
2813 2762 3133 2818 dummodo
3180 2763 3289 2818 hac
3335 2763 3395 2819 in
3454 2768 3685 2821 contro-

2027 2854 2220 2911 versia
2266 2870 2335 2909 ea
2383 2852 2624 2925 protulit
2671 2868 2798 2924 qua
2849 2869 2964 2907 non
3013 2852 3128 2907 nisi
3160 2869 3331 2909 mera
3362 2853 3683 2925 disciplina

2028 2944 2411 3016 quastionem
2458 2942 2810 3010 exhibeant;
2862 2943 3182 2999 dummodo
3228 2942 3421 3000 taliter
3467 2944 3526 3000 in
3574 2945 3686 3002 boc

2026 3034 2259 3107 negotio
2293 3049 2355 3090 se
2385 3032 2655 3106 gesserit,
2687 3032 2938 3104 qualiter
2965 3033 3026 3087 in
3056 3033 3288 3105 negotio
3326 3034 3500 3091 fidem
3534 3051 3685 3091 nun-

260 3122 417 3129 ----
452 3122 607 3129 "um
650 3122 724 3128 -ν-
761 3122 824 3127 ν-
855 3122 1086 3127 -π---ν-
1129 3122 1371 3142 Tm“-
1406 3122 1561 3125 γ
1617 3122 1627 3124 τ
1678 3122 1881 3125 ηκ--η
2468 3123 2478 3133 .
2942 3122 2955 3134 ,
3517 3124 3528 3135 ,

260 3180 417 3229 mus,
446 3164 544 3219 sed
579 3161 719 3235 quia
747 3178 815 3217 ex
863 3161 969 3217 hac
1001 3160 1279 3215 humanis
1328 3158 1667 3226 ratiociniis,
1701 3159 1819 3215 sive
1850 3166 1915 3216 ut
1944 3139 1987 3207 C
2026 3126 2813 3235 ??_§is‘ﬁilf_se_tiﬁ€:m
2852 3125 2910 3178 et
2939 3126 3184 3178 Immo“
3234 3122 3559 3180 remaneblt
3587 3140 3686 3181 ve'

254 3250 515 3323 loquitur
546 3252 855 3307 Facundus
906 3250 1225 3318 Hermian.,
1272 3249 1518 3304 humana
1548 3252 1911 3320 argumenta-

254 3343 401 3397 tione
430 3358 595 3397 suam
648 3340 996 3396 sententiam
1045 3355 1245 3395 eruere
1294 3338 1717 3393 contendebat:
1762 3339 1911 3404 Quid

253 3429 411 3485 enim
444 3430 699 3486 ostendit
723 3432 894 3501 juxta
921 3428 1273 3501 Cyprianum
1305 3427 1633 3498 evangelica
1683 3427 1822 3495 hac,
1857 3432 1914 3483 et

253 3520 454 3574 divina
510 3518 838 3591 dispositio,
890 3535 1069 3591 quam
1123 3516 1217 3572 hic
1271 3516 1568 3588 Stephano
1616 3516 1912 3589 opponit?

252 3608 585 3664 ostenditne
645 3606 873 3663 nullum
935 3622 1062 3662 esse
1110 3606 1513 3660 haereticorum
1572 3606 1912 3678 baptisma?

249 3697 563 3752 Hareticos
609 3696 799 3752 valide
849 3696 1143 3768 baptizare
1193 3710 1308 3750 non
1357 3697 1576 3766 posse?
1627 3694 1906 3761 Minime;

250 3786 362 3842 hoc
394 3803 496 3841 nec
528 3786 631 3857 ibi,
684 3802 789 3841 nec
836 3785 975 3841 alibi
1025 3803 1058 3840 a
1096 3783 1380 3857 Cypriane
1425 3783 1727 3839 asseritur.
1759 3783 1907 3847 Quid

248 3875 435 3947 ergo?
464 3875 731 3931 Ostendit
778 3876 1063 3932 haereticos
1102 3890 1216 3930 esse
1256 3873 1639 3940 Antia/tristes,
1688 3889 1799 3928 esse
1826 3873 1907 3928 υἰ-

250 3965 464 4031 tandos,
514 3965 771 4021 ostendit
815 3966 1076 4036 baptismi
1120 3965 1426 4023 unitatem;
1476 3979 1545 4017 en
1578 3962 1678 4018 illa
1716 3963 1912 4017 divina

255 4051 587 4124 dispositio,
618 4069 794 4123 quam
826 4054 1151 4124 Cyprianus
1181 4051 1474 4123 Stephano
1495 4050 1755 4122 opponit,
1788 4050 1913 4122 plu-

248 4158 343 4197 res
376 4139 595 4196 scilicet
639 4141 1001 4213 evangelicae
1054 4140 1297 4212 opponit
1347 4140 1634 4205 veritates,
1683 4157 1751 4195 ex
1781 4140 1912 4211 qui-

249 4230 362 4284 bus
382 4246 551 4285 suam
577 4230 926 4285 sententiam
948 4228 1127 4284 variis
1151 4229 1514 4301 argumentis
1536 4246 1734 4285 eruere
1758 4228 1911 4285 labo-

247 4319 439 4375 rabat.
468 4319 642 4375 Porro
668 4320 820 4390 quod
845 4336 912 4374 ex
932 4334 1018 4389 eo,
1039 4319 1193 4390 quod
1213 4319 1535 4391 Cyprianus
1554 4335 1621 4374 ex
1644 4318 1912 4390 pluribus

247 4408 564 4479 Scriptura
597 4409 853 4465 textibus
877 4426 1044 4465 suam
1064 4410 1135 4464 de
1167 4408 1600 4481 rebaptizandis
1622 4408 1908 4463 hareticis

2024 3216 2167 3270 ritas
2198 3213 2539 3270 assertionis
2568 3217 2798 3268 nostra.

2093 3320 2400 3377 Eruditum
2425 3319 2801 3393 Cyprianum,
2828 3319 2947 3377 imo
2965 3318 3463 3391 fulgentissimum
3494 3322 3683 3379 Eccle-

2024 3410 2121 3466 sia
2153 3410 2375 3475 lumen,
2399 3414 2454 3465 et
2485 3410 2780 3465 doctorem
2806 3408 3185 3481 conspicuum
3210 3409 3342 3480 quis
3373 3412 3591 3482 neget?
3609 3414 3682 3468 At

2021 3500 2317 3554 eruditum
2348 3503 2405 3554 et
2435 3503 2574 3571 puto
2619 3497 2926 3567 Basilium,
2976 3498 3270 3554 eruditum
3321 3504 3378 3554 et
3422 3499 3677 3557 Athana-

2021 3589 2197 3657 nium,
2245 3589 2316 3644 iis
2366 3592 2563 3644 tamen
2624 3604 2796 3643 mera
2843 3586 3163 3660 disciplina
3221 3590 3675 3647 controversiam

2019 3679 2170 3734 hanc
2196 3678 2379 3733 visam
2410 3677 2613 3746 fuisse,
2647 3681 2704 3733 et
2724 3677 2835 3749 ipsi
2868 3677 3091 3750 passim
3114 3678 3323 3734 docent
3352 3678 3498 3736 Galli
3530 3680 3676 3737 scri-

2019 3772 2214 3841 ptores
2236 3783 2302 3822 ac
2334 3764 2589 3839 theologi
2623 3765 2722 3838 (1).

2090 3873 2377 3929 Caterum
2436 3888 2553 3927 non
2600 3871 2895 3928 immerito
2949 3872 3258 3945 conjicitur
3308 3889 3437 3930 eam
3492 3875 3678 3934 fuisse

2019 3962 2291 4036 Cypriani
2341 3961 2693 4017 sententiam
2738 3962 2891 4033 quod
2941 3962 3219 4034 baptismi
3268 3963 3675 4021 hareticorum

2017 4052 2288 4109 validitas
2338 4051 2613 4122 penderet
2660 4051 2730 4106 ab
2781 4050 3012 4119 usibus,
3062 4052 3583 4112 consuetudinibus
3621 4059 3679 4111 et

2021 4141 2509 4214 dispositionibus
2528 4138 2886 4212 privatarum
2908 4140 3325 4210 Ecclesiarum,
3351 4159 3481 4216 qua
3501 4142 3679 4202 bare-

2019 4232 2167 4288 ticos
2216 4230 2287 4286 ad
2342 4230 2760 4302 baptizandum
2804 4229 3096 4286 inhabiles
3140 4232 3381 4288 reddere
3412 4238 3675 4305 possent,

2019 4322 2188 4390 Nam,
2226 4322 2281 4375 1°
2310 4319 2658 4392 Cyprianus,
2695 4323 2758 4374 ut
2787 4318 3064 4389 vidimus,
3097 4319 3222 4374 suis
3258 4321 3529 4392 permisit
3558 4322 3675 4379 col-

2022 4409 2165 4483 legis
2197 4410 2267 4465 de
2317 4406 2773 4479 rebaptizatione
2815 4406 2970 4463 varie
3008 4406 3243 4476 sentire,
3296 4426 3401 4465 nec
3438 4410 3498 4465 in
3530 4410 3675 4469 alios

248 4497 605 4552 sententiam
664 4498 789 4553 erui
840 4516 1011 4569 posse
1056 4498 1383 4565 crediderit,
1437 4496 1902 4553 concludendum
1937 4507 1982 4573 ι)
2013 4516 2190 4571 quam
2235 4498 2293 4553 in
2347 4497 2712 4569 Stephanum
2765 4496 2997 4551 videtur
3044 4496 3367 4570 insurgere,
3409 4516 3477 4555 eo
3516 4502 3673 4572 quod

248 4601 364 4640 non
396 4591 487 4641 est
517 4586 713 4658 ipsum
762 4587 854 4659 agi
900 4588 971 4642 de
1004 4588 1114 4643 ﬁde
1164 4586 1222 4641 in
1270 4586 1375 4641 hac
1422 4586 1734 4656 quastione
1766 4603 1900 4642 cen-

247 4674 459 4742 suisse,
494 4680 560 4731 ut
589 4692 769 4747 supra
795 4676 1190 4747 probavimus.

318 4762 441 4818 Non
474 4780 669 4819 moror
717 4766 869 4836 quod
918 4765 977 4819 in
1028 4765 1137 4820 hac
1188 4763 1434 4837 epistola
1479 4765 1533 4819 S.
1580 4764 1900 4835 Cyprianus

246 4853 305 4909 S.
345 4852 710 4924 Stephanum
755 4853 967 4910 erroris
1017 4858 1289 4923 accuset;
1342 4870 1456 4908 non
1502 4852 1694 4909 omnis
1742 4852 1900 4908 enim

243 4958 405 4998 error
448 4942 661 4998 militat
709 4947 911 4999 contra
962 4944 1160 5009 ﬁdem,
1210 4946 1267 4998 et
1324 4959 1520 4998 revera
1566 4942 1902 5014 Stephanus

243 5030 459 5087 erroris
485 5032 719 5103 quidem
769 5032 1059 5103 arguitur,
1108 5048 1412 5103 nunquam
1454 5036 1648 5087 tamen
1688 5032 1902 5087 erroris

244 5124 446 5175 contra
479 5121 691 5189 fidem;
727 5120 785 5174 in
834 5137 900 5176 eo
947 5126 1142 5177 autem
1197 5121 1431 5176 errabat
1478 5121 1809 5193 Stephanus
1841 5121 1902 5176 in

247 5214 444 5264 mente
475 5209 765 5282 Cypriani,
800 5210 954 5281 quod
987 5209 1339 5266 sententiam
1378 5210 1449 5265 de
1476 5210 1903 5282 rebaptizandis

318 5384 395 5457 (4)
426 5385 569 5441 Vide
602 5386 789 5443 Illust.
841 5388 913 5443 de
960 5387 1169 5443 Saleon
1221 5387 1397 5443 Ruth.
1448 5388 1626 5459 episc.
1673 5387 1734 5443 in
1776 5390 1900 5444 Doc.

248 5457 411 5512 Part.
446 5460 514 5513 de
544 5460 739 5514 Eccles.
772 5460 936 5515 decis.
982 5462 1336 5529 auctoritate,
1372 5457 1519 5531 part.
1564 5478 1603 5527 ι,
1637 5476 1769 5532 pag.
1800 5462 1908 5515 222

243 5532 311 5602 pt
342 5546 505 5605 5e11,;
568 5531 935 5601 'l‘homassin,
962 5604 965 5605 ν
995 5533 1230 5605 dissert.
1279 5538 1315 5587 2
1360 5536 1427 5587 de
1480 5531 1652 5605 Bapt.’
1685 5531 1905 5603 Haret.,

243 5601 374 5676 eag.
407 5601 511 5673 48;
547 5618 672 5675 seu,
720 5607 889 5663 tract.
939 5604 1004 5662 de
1052 5604 1304 5677 Legibus,
1356 5601 1569 5676 quast.
1609 5605 1664 5674 7,
1709 5609 1817 5662 art.
1850 5601 1905 5672 3,

2010 4589 2343 4645 Africanam
2376 4586 2551 4642 etiam
2586 4584 2901 4641 Ecclesiam
2953 4585 3229 4641 Romana
3259 4589 3673 4661 consuetudini

2012 4677 2345 4747 mancipare
2402 4674 2610 4730 vellet:
2673 4690 2843 4746 porro
2902 4673 3148 4730 liberam
3190 4675 3364 4731 istam
3414 4678 3672 4750 rebapti-

2011 4766 2178 4822 zandi
2209 4764 2295 4821 vel
2328 4780 2442 4818 non
2474 4762 2875 4836 rebaptizandi
2898 4762 3233 4820 facultatem
3259 4782 3362 4838 pro
3393 4783 3500 4822 suo
3533 4782 3672 4841 erga

2013 4855 2261 4912 salutem
2300 4853 2632 4909 animarum
2675 4852 2869 4909 studio
2920 4853 3159 4909 minime
3206 4855 3590 4927 permisisset,
3620 4857 3672 4913 si

2012 4942 2374 5017 baptismum
2406 4942 2476 4998 ab
2512 4942 2800 4999 haereticis
2843 4942 3121 4999 collatum
3170 4944 3380 4999 nullibi
3410 4943 3670 5001 validum

2013 5034 2193 5090 fuisse
2224 5036 2508 5104 putasset.
2544 5032 2692 5088 lliud
2745 5049 2881 5105 ergo
2916 5048 3149 5089 necesse
3180 5037 3269 5089 est
3313 5038 3380 5089 ut
3408 5033 3669 5090 validum

2013 5124 2073 5179 in
2092 5121 2447 5195 quibusdam
2472 5121 2756 5189 ecclesiis,
2772 5121 3005 5177 irritum
3024 5126 3219 5178 autem
3241 5122 3302 5179 in
3324 5121 3456 5179 aliis
3475 5123 3673 5179 existi-

2013 5212 2292 5269 maverit:
2354 5212 2523 5281 cujus
2582 5212 2820 5284 quidem
2870 5210 3233 5267 discriminis
3326 5228 3502 5269 causa
3555 5229 3673 5269 non

2015 5392 2350 5477 pag.n252i
2395 5390 2725 5477 Jueninmde
2762 5391 3042 5477 Sagram.”
3093 5393 3301 5471 quast.
3350 5391 3405 5460 6,
3455 5391 3675 5477 ⁸(ηψπ-,2

2014 5462 2123 5521 art.
2156 5466 2210 5525 3,
2248 5490 2265 5514 ι
2318 5464 2371 5525 3,
2425 5479 2551 5533 pug.
2605 5463 2674 5515 98
2724 5467 2780 5517 et
2827 5462 2935 5528 92;
2988 5462 3340 5533 Launoium,
3379 5462 3553 5539 epist;
3581 5465 3669 5533 15,

2015 5536 2089 5592 ad
2118 5536 2385 5605 Bcvtluq.,
2417 5550 2549 5605 pag.
2583 5535 2712 5599 287,
2745 5538 2801 5590 et
2827 5532 2971 5589 alios
3002 5533 3346 5605 permultos.
