4112 6174
510 306 665 368 I399

1545 308 1650 370 DE
1699 306 2291 370 HERETICORUM
2338 306 2437 367 BA
2450 305 2875 367 PTISMATE.

3678 313 3797 381 “00

507 438 742 496 aliunde
774 440 955 513 repeti
988 456 1160 515 posse
1188 440 1438 513 videtur,
1472 459 1650 517 quam
1672 460 1739 499 ex
1768 442 1993 499 ratione
2024 459 2157 499 mox
2185 443 2239 511 Α
2270 441 2425 514 apud
2457 439 2589 496 illos
2622 440 2960 513 (Romanos)
2992 440 3231 513 Aliquas
3259 440 3593 516 diversitates,
3620 464 3703 508 nec
3726 454 3800 510 ob.

505 528 703 586 allata.

574 618 637 673 2°
673 618 883 693 Magno
904 620 1222 693 inquirenti
1251 623 1321 677 de
1343 620 1697 678 Clinicorum
1731 624 2011 679 tinctione
2042 639 2161 678 res-

506 704 722 781 pondet
742 710 800 765 S.
826 710 1149 783 Cyprianus
1174 711 1431 767 validum
1454 728 1581 768 esse
1609 713 1970 785 baptismum
1994 712 2165 767 Clini-

506 799 589 854 cis
620 798 897 855 collatum
927 818 940 869 ;
990 806 1246 857 attamen
1299 802 1424 858 vult
1454 802 1511 857 in
1562 803 1670 858 hac
1711 804 1839 874 ipsa
1869 803 2041 874 epist.
2071 802 2164 874 69,

503 897 575 953 ad
620 898 896 969 Magnum,
953 898 1204 954 Clinicos
1261 900 1468 954 iterum
1520 901 1797 971 baptizari
1863 902 2014 972 apud
2066 917 2163 972 eos

506 985 604 1059 qui
637 986 814 1059 hujus
863 988 1142 1059 baptismi
1202 987 1560 1043 validitatem
1613 971 2014 1062 denegabant:
2050 1011 2077 1039 ‹‹
2108 971 2163 1042 Si

507 1074 743 1147 aliquis,
795 1076 1008 1148 inquit,
1062 1077 1355 1132 existimat
1401 1094 1499 1133 eos
1548 1077 1798 1133 Clinicos
1848 1078 1991 1133 nihil
2024 1095 2160 1133 con-

506 1169 760 1236 secutos,
795 1182 907 1221 non
941 1166 1329 1238 decipiantur,
1365 1171 1429 1221 ut
1462 1167 1511 1222 si
1564 1167 2001 1223 incommodum
2039 1167 2163 1223 lan-

505 1255 705 1326 guoris
763 1254 1055 1310 evaserint
1112 1259 1169 1310 et
1215 1255 1635 1327 convaluerint,
1697 1257 2086 1329 baptizentur.
2133 1277 2163 1307 »

504 1342 743 1400 Nullum
776 1360 911 1416 ergo
942 1344 1216 1400 censebat
1263 1345 1321 1400 S.
1356 1350 1563 1400 Doctor
1610 1345 1904 1417 baptisma
1928 1344 2163 1401 Clinicis

506 1433 709 1489 datum
744 1435 893 1504 apud
928 1450 1025 1489 eos
1058 1434 1155 1505 qui
1188 1433 1323 1489 talis
1360 1433 1635 1505 baptismi
1673 1434 2031 1490 validitatem
2063 1435 2161 1490 de-

506 1523 817 1594 negabant,
851 1522 1111 1595 alioquin
1144 1522 1395 1579 Clinicos
1427 1524 1499 1578 ab
1526 1522 1644 1578 illis
1678 1524 2018 1596 rebaptizari
2047 1541 2160 1579 non

505 1610 908 1684 permisisset:
961 1616 1200 1667 noverat
1246 1613 1426 1681 enim,
1472 1612 1588 1667 imo
1639 1614 1852 1685 saepius
1883 1615 2163 1669 docuerat

502 1700 761 1756 validum
810 1700 1101 1772 baptisma
1159 1701 1355 1756 iterari
1408 1718 1521 1757 non
1573 1718 1764 1774 posse,
1819 1705 1973 1775 quod
2026 1719 2161 1776 ergo

501 1788 761 1845 validum
796 1805 973 1861 penes
1007 1806 1066 1845 se
1096 1790 1371 1845 credebat
1420 1790 1807 1863 baptismum,
1842 1792 2161 1848 invalidum

505 1878 659 1951 apud
692 1877 838 1935 alios
866 1877 1257 1935 existimabat.

578 1982 754 2033 Porro
786 1976 867 2032 ita
896 1977 966 2033 de
997 1976 1293 2049 baptismo
1325 1976 1541 2033 sentire
1591 1994 1704 2034 non
1738 1982 1987 2050 poterat,
2020 1981 2161 2052 quin

508 2066 891 2124 arbitraretur
919 2064 1070 2121 hanc
1111 2066 1350 2138 privatis
1380 2066 1641 2122 ecclesiis
1685 2068 1879 2124 inesse
1911 2073 2162 2141 potesta-

511 2160 650 2223 tem,
706 2154 911 2211 13.15
964 2158 1029 2209 ut
1075 2170 1366 2227 apponere
1425 2162 1664 2227 possent
1721 2156 2163 2229 impedimenta,

510 2245 724 2317 quibus
757 2243 985 2299 nullum
1018 2243 1343 2299 efﬁceretur
1393 2244 1704 2316 baptisma,
1757 2245 1839 2300 ita
1882 2250 1949 2300 ut
1980 2245 2166 2301 valide

511 2335 1048 2405 administraretur,
1082 2334 1183 2389 ubi
1216 2334 1350 2389 talia
1382 2335 1650 2407 apposita
1681 2352 1796 2391 non
1828 2342 2025 2392 essent
2058 2337 2165 2393 im-

515 2425 872 2499 pedimenta,
906 2423 1157 2480 invalide
1188 2428 1385 2479 autem
1421 2424 1516 2478 ubi
1554 2425 1822 2497 apposita
1852 2425 2119 2481 fuissent.

584 2523 645 2577 3°
672 2522 890 2578 Revera
921 2520 1020 2594 qui
1052 2520 1379 2594 antiquitus
1401 2522 1842 2594 rebaptizationi
1875 2522 2168 2579 haeretico-

512 2626 643 2666 rum
668 2610 937 2665 favebant
950 2626 982 2664 a
999 2609 1241 2665 diversis
1256 2609 1631 2665 ecclesiarum
1654 2611 2165 2683 dispositionibus,

511 2715 616 2755 seu
646 2696 1193 2766 consuetudinibus,
1227 2698 1715 2755 nanciscebantur
1746 2700 2045 2756 haereticos
2078 2716 2166 2755 re-

509 2786 843 2860 baptizandi
875 2787 1305 2854 necessitatem,
1349 2792 1405 2842 et
1437 2788 2166 2861 consequenter'baptismi

512 2876 895 2934 validitatem.
946 2876 1169 2939 «Quod
1222 2874 1421 2947 igitur,
1474 2876 1669 2947 inquit
1718 2882 1774 2931 S.
1817 2877 2071 2934 Basilius
2107 2878 2167 2932 in

511 2966 681 3039 epist.
716 2981 924 3021 canon.
961 2962 1151 3035 prima
1180 2963 1257 3018 ad
1295 2963 1755 3036 Amphilochium,
1790 2966 1861 3020 ad
1894 2965 2168 3021 Calharos

516 3054 769 3129 pertinet
798 3058 853 3109 et
896 3052 1061 3125 prius
1110 3051 1331 3107 dictum
1380 3058 1470 3108 est
1509 3056 1565 3108 et
1614 3059 1765 3109 recte
1812 3054 2167 3110 admonuisti

518 3142 694 3198 unius
711 3141 995 3212 cujusque
1016 3140 1270 3213 regionis
1289 3157 1509 3196 morem
1531 3142 1694 3212 sequi
1714 3148 1997 3214 oportere,
2016 3142 2166 3211 quod

515 3233 555 3288 ii
590 3231 691 3305 qui
724 3236 863 3286 tunc
894 3230 965 3285 de
997 3228 1113 3285 illis
1145 3233 1475 3285 statuerunt
1505 3230 1564 3284 in
1596 3231 1786 3287 varias
1818 3233 1887 3287 de
1907 3232 2169 3303 ipsorum

515 3320 871 3394 baptismate
889 3319 1209 3375 sententias
1227 3319 1547 3375 abierint...
1572 3319 1849 3392 quoniam
1872 3320 2172 3377 nonnullis

518 3410 797 3468 Asiaticis
841 3409 1079 3465 omnino
1098 3409 1287 3464 visum
1312 3413 1402 3465 est
1422 3425 1623 3465 eorum
1662 3410 1959 3483 baptisma
1998 3409 2173 3482 pluri-

512 3502 627 3559 bus
657 3498 999 3557 consulendi
1029 3514 1208 3554 causa
1236 3497 1680 3571 suscipiendum
1722 3516 1849 3555 esse
1881 3498 2172 3571 suseipia-

511 3594 631 3646 tur.
666 3612 694 3639 »
728 3591 795 3644 Et
826 3587 998 3660 paulo
1049 3593 1219 3660 post:
1258 3610 1284 3639 υ
1318 3586 1597 3643 Existimo
1646 3588 1847 3660 itaque
1895 3589 2172 3661 quoniam

517 3678 661 3734 nihil
695 3678 766 3732 de
796 3675 914 3732 illis
956 3677 1306 3747 (Encraticis
1355 3676 1671 3749 haereticis)
1722 3681 1917 3749 aperte
1950 3678 2172 3732 dictum

513 3772 605 3824 est
633 3782 831 3822 eorum
865 3766 1160 3838 baptisma
1189 3784 1222 3821 a
1266 3766 1436 3822 nobis
1486 3767 1871 3838 rejiciendum
1924 3783 2074 3834 esse,
2108 3782 2175 3821 ac

516 3856 566 3914 si
598 3856 733 3929 quis
764 3856 837 3912 ab
876 3855 961 3912 eis
996 3854 1280 3927 acceperit
1322 3856 1696 3911 accedentem
1746 3857 1815 3911 ad
1855 3854 2173 3911 Ecclesiam

516 3944 935 4017 baptizandum
963 3962 977 4013 ;
1012 3946 1165 4017 quod
1197 3945 1243 4000 si
1278 3944 1386 4000 hoc
1417 3944 1670 4017 generali
1702 3945 2034 4000 mconomim
2066 3945 2174 3999 im-

520 4033 853 4107 pedimento
884 4034 1012 4099 erit,
1048 4051 1256 4090 rursus
1285 4035 1706 4090 consuetudine
1749 4036 2033 4090 utendum
2065 4038 2173 4102 est,

521 4128 579 4180 et
605 4124 772 4197 sequi
822 4127 1052 4196 oportet
1100 4127 1322 4195 Patres,
1372 4123 1469 4194 qui
1510 4140 1635 4195 quae
1668 4124 1739 4178 ad
1791 4140 1896 4179 nos
1928 4124 2180 4196 pertinet

524 4213 1027 4285 dispensaverunt.
1062 4234 1090 4263 »
1116 4211 1199 4268 Ibi
1232 4212 1513 4284 perspicis
1538 4212 1596 4268 S.
1622 4212 1903 4267 Basilium
1935 4229 1968 4267 a
1990 4212 2175 4267 diver-

525 4319 725 4359 sarum
750 4302 1053 4376 regionum
1079 4301 1365 4368 moribus,
1386 4305 1443 4357 et
1463 4318 1496 4357 a
1517 4300 1760 4357 diversis
1772 4302 2179 4375 episcoporum

527 4392 765 4448 statutis
788 4395 1045 4464 repetere
1067 4391 1474 4446 necessitatem
1497 4390 1798 4447 haereticos
1822 4391 2183 4463 rebaptizan-

527 4481 587 4537 di
616 4480 705 4536 vel
738 4497 850 4535 non
880 4480 1300 4552 rebaptizandi.

602 4580 687 4633 Ita
715 4577 1001 4633 sentiebat
1020 4582 1076 4632 et
1095 4576 1561 4649 Amphilochius,
1584 4577 1684 4650 qui
1706 4577 1762 4631 in
1795 4577 2179 4634 Catharorum

529 4665 825 4737 baptismo
855 4664 1115 4720 iterando
1147 4665 1234 4721 vel
1272 4682 1384 4721 non
1416 4665 1684 4721 iterando
1734 4665 1973 4721 diversis
2002 4666 2183 4722 eccle-

532 4756 756 4812 siarum
792 4754 1055 4810 moribus
1083 4755 1455 4812 serviendum
1497 4772 1623 4811 esse
1655 4756 1947 4826 censebat,
1982 4761 2045 4810 ut
2070 4760 2185 4811 tes-

533 4849 693 4901 tatur
725 4842 975 4899 Basilius
997 4844 1067 4901 iis
1090 4844 1282 4900 verbis
1306 4845 1476 4899 modo
1499 4844 1692 4900 citatis
1718 4861 1731 4900 :
1757 4867 1785 4894 ‹‹
1818 4845 1978 4910 Quod
2008 4844 2190 4921 igitur

536 4935 609 4993 ad
641 4932 922 4990 Catharos
952 4934 1203 5007 pertinet
1244 4939 1299 4989 et
1346 4933 1511 5007 prius
1542 4933 1761 4989 dictum
1811 4939 1920 4999 est,
1954 4938 2009 4988 et
2039 4939 2191 4989 recte

538 5024 898 5081 admonuisti
948 5024 1413 5096 uniuscujusque
1461 5022 1714 5094 regionis
1766 5039 1985 5078 morem
2024 5022 2191 5094 sequi

540 5120 825 5186 oportere,
859 5114 1012 5185 quod
1065 5114 1103 5169 ii
1155 5113 1254 5184 qui
1303 5116 1443 5167 tunc
1491 5111 1562 5165 de
1605 5110 1721 5166 illis
1768 5115 2102 5167 statuerunt
2132 5112 2191 5167 in

541 5202 734 5259 varias
764 5203 835 5258 de
866 5202 1127 5275 ipsorum
1153 5200 1506 5273 baptismate
1527 5199 1845 5255 sententias
1869 5199 2137 5257 abierint.
2164 5222 2191 5250 ιι

618 5301 702 5357 Ita
734 5299 1134 5367 Firmilianus,
1153 5298 1256 5370 qui
1277 5298 1792 5371 rebaptizationem
1814 5298 1887 5354 iis
1910 5298 2197 5356 assimilat

544 5407 671 5463 quas
704 5406 736 5444 a
766 5390 939 5445 variis
973 5388 1275 5461 regionum
1297 5386 1824 5444 consuetudinibus
1848 5389 2025 5443 robur
2055 5388 2198 5443 acci-

546 5478 751 5551 piunt:
786 5502 811 5527 «
848 5478 1013 5533 Circa
1044 5477 1421 5534 celebrandos
1464 5478 1657 5549 inquit
1685 5477 1743 5532 in
1795 5494 1904 5533 sua
1929 5478 1999 5532 ad
2032 5477 2194 5550 Cypr.

2273 532 2489 589 servari
2545 530 2665 585 illic
2712 530 2912 586 omnia
2957 530 3267 602 aequaliter,
3322 548 3435 603 qua
3477 532 3803 612 Hierosolymis

2273 622 2657 676 observantur
2685 620 3009 675 secundum
3032 620 3183 692 quod
3212 620 3269 675 in
3288 621 3487 677 caeteris
3506 640 3695 697 quoque
3712 629 3805 701 plu.

2274 710 2440 765 rimis
2472 708 2783 782 provinciis
2810 709 2995 765 multa
3017 725 3119 782 pro
3138 708 3384 765 locorum
3406 715 3455 765 et
3482 715 3730 773 nominum
3746 720 3807 775 di-

2276 799 2545 853 versitate
2576 798 2899 865 variantur,
2933 815 3036 853 nec
3066 804 3259 854 tamen
3292 805 3501 871 propter
3541 802 3633 858 hoc
3657 807 3712 859 ab
3735 808 3810 863 Ec-

2275 887 2461 943 clesiae
2486 888 2783 943 catholicae
2814 904 2954 960 pace
2985 892 3158 960 atque
3202 889 3408 944 unitate
3436 889 3698 962 aliquando
3723 896 3810 951 dis-

2274 994 2506 1033 cessum
2539 982 2648 1044 est,
2679 979 2831 1049 quod
2865 994 3019 1033 nunc
3041 977 3363 1050 Stephanus
3382 996 3544 1035 ausus
3572 986 3643 1037 est
3661 983 3814 1055 facere,

2274 1082 2556 1137 rumpens
2584 1066 2864 1122 adversus
2893 1083 2997 1122 vos
3028 1082 3249 1139 pacem,
3282 1083 3447 1138 quam
3484 1085 3677 1142 semper
3699 1077 3813 1129 ante-

2273 1171 2534 1211 cessores
2565 1157 2693 1227 ejus
2728 1155 3024 1211 vobiscum
3056 1158 3464 1213 custodierunt.
3496 1181 3520 1205 ιι

2346 1246 2472 1300 Haec
2502 1262 2607 1301 nos
2641 1246 2710 1301 ad
2753 1244 3052 1302 cumulum
3086 1247 3157 1302 de
3204 1246 3474 1320 Cypriano
3500 1246 3817 1321 investiganda

2273 1333 2482 1405 doctis,
2514 1338 2570 1389 et
2600 1335 3022 1401 confirmanda,
3045 1335 3133 1391 vel
3153 1334 3325 1391 etiam
3348 1337 3395 1392 si
3423 1335 3669 1408 placuerit
3692 1355 3819 1410 oppu-

2273 1425 2509 1497 gnanda
2531 1425 2935 1498 proponimus.
2962 1425 3289 1499 Utcumque
3308 1426 3401 1493 sit,
3433 1426 3698 1481 immotum
3718 1446 3821 1485 sem-

2275 1530 2379 1586 per
2396 1520 2627 1571 maneat
2648 1519 2705 1571 et
2735 1515 3151 1571 inconcussum
3173 1516 3323 1587 quod
3346 1533 3378 1570 a
3397 1515 3561 1571 Gallis
3580 1517 3821 1574 universim

2273 1604 2578 1670 asseritur,
2609 1604 2963 1677 Cyprianum
3012 1603 3284 1661 videlicet
3310 1609 3480 1661 totam
3525 1605 3653 1660 hanc
3677 1607 3732 1661 de
3753 1607 3821 1661 ha-

2274 1693 2490 1765 ptismo
2514 1693 2917 1750 haereticorum
2941 1694 3391 1751 controversiam
3412 1695 3479 1751 ad
3501 1710 3692 1751 meram
3708 1694 3823 1751 disci-

2192 1820 2241 1885 B
2273 1780 2489 1855 plinam
2524 1798 2845 1840 revocasse.

2806 1927 3017 1983 1846
3055 1927 3285 1983 CAPUT
3321 1928 3389 1983 ΙΙ.

2271 2031 2597 2105 Αῇἒνῑιηίω·
2623 2038 2918 2099 momenta,
2950 2035 3147 2106 quibus
3195 2036 3462 2089 evincitur
3489 2034 3537 2089 S.
3570 2034 3825 2107 Cyprianum

2342 2107 2508 2178 probe
2544 2108 2757 2178 novisse
2802 2122 2967 2176 quam
3012 2107 3067 2161 S.
3119 2108 3424 2178 Stephanus
3471 2108 3603 2162 Rom.
3646 2109 3828 2177 pontifex

2344 2176 2659 2232 vindicabat
2697 2177 3162 2248 consuetudinem,
3214 2176 3569 2234 uniuersalem
3609 2187 3717 2232 tunc
3739 2184 3828 2232 tem-

2344 2250 2495 2319 poris
2522 2250 2695 2319 fuisse
2732 2250 2980 2305 Ecclesia
3016 2250 3483 2315 consuetudinem,
3528 2266 3583 2305 ac
3614 2250 3672 2305 ab
3702 2251 3829 2303 omni-

2348 2320 2444 2375 bus
2475 2322 2736 2392 episcopis
2767 2323 3075 2393 antiquitus
3106 2330 3389 2378 servatam
3411 2324 3587 2393 fuisse.

2350 2445 2401 2499 1.
2437 2444 2839 2517 Rebaptizanti
2885 2447 3170 2519 Cypriano
3220 2447 3604 2519 opponebatur
3643 2442 3835 2501 Ecclesia

2278 2536 2660 2602 consuetudo,
2695 2552 2811 2606 qua
2841 2535 3094 2591 haeretici
3126 2554 3198 2592 ex
3229 2537 3289 2592 S.
3323 2538 3590 2609 Cypriano
3616 2535 3673 2589 ad
3701 2532 3835 2588 Eccle-

2278 2625 2427 2679 siam
2460 2625 2755 2682 venientes
2786 2626 2913 2682 sine
2945 2643 3092 2681 novo
3136 2627 3431 2698 baptismo
3463 2624 3832 2697 recipiebantar;

2278 2713 2430 2768 hanc
2459 2730 2629 2785 porro
2653 2714 2920 2770 Ecclesiae
2943 2715 3433 2771 consuetudinem
3458 2729 3717 2784 nunquam
3736 2711 3835 2765 difﬁ-

2279 2806 2456 2867 tetur,
2484 2819 2717 2874 semper
2737 2805 3003 2875 agnoscit
3034 2805 3090 2860 S.
3114 2804 3332 2861 Doctor
3355 2821 3367 2859 :
3402 2805 3455 2858 id
3483 2818 3647 2859 unum
3672 2805 3835 2856 conten-

2279 2893 2366 2947 dit
2395 2908 2519 2947 eam
2554 2892 2762 2947 rationi
2785 2893 3217 2963 subjiciendam
3241 2911 3394 2959 esse,
3417 2910 3536 2949 eam
3562 2890 3836 2965 praescribere

2279 2980 2526 3037 minime
2553 2981 2783 3051 debere,
2833 2999 2899 3037 ac
2928 2983 3096 3053 quasi
3142 2988 3443 3038 vetustum
3486 2995 3707 3037 errorem
3729 2979 3837 3033 dere-

2279 3068 2661 3141 linquendam
2692 3087 2822 3126 esse
2846 3089 2859 3139 ;
2894 3088 3007 3127 non
3041 3072 3355 3145 ignorabat
3380 3088 3511 3143 ergo
3531 3087 3643 3126 eam
3666 3067 3751 3123 sibi
3772 3065 3838 3121 ad-

2201 3191 2244 3258 C
2280 3159 2519 3258 yersari.
2553 3160 2874 3258 a-Frustra,
2898 3161 3091 3258 aiebat
3119 3160 3445 3258 Cyprianus
3472 3154 3839 3258 Jubaiano‘scri-

2280 3249 2449 3315 bene,
2472 3250 2711 3320 quidam
2736 3248 2836 3320 qui
2868 3249 3089 3305 ratione
3112 3250 3437 3306 vincuntur
3456 3244 3838 3305 consuetudinem

2282 3339 2452 3394 nobis
2481 3345 2807 3410 opponunt,
2842 3338 3010 3410 quasi
3041 3338 3411 3395 consuetudo
3454 3338 3626 3407 major
3663 3334 3722 3389 sit
3744 3330 3842 3385 veri-

2282 3432 2492 3497 tate,...
2527 3444 2642 3481 non
2668 3432 2867 3482 tamen
2898 3427 3037 3498 quia
3059 3426 3386 3499 aliquando
3408 3433 3647 3482 erratum
3672 3427 3738 3478 est
3760 3419 3844 3474 ideo

2281 3533 2516 3588 semper
2536 3516 2871 3572 errandum.
2901 3538 2927 3565 ι)
2956 3516 3024 3570 Et
3043 3516 3103 3571 in
3128 3518 3307 3587 Epist.
3332 3516 3403 3571 ad
3428 3517 3698 3584 Quintum:
3722 3533 3743 3559 α
3760 3508 3846 3562 Non

2282 3611 2372 3661 est
2403 3609 2600 3660 autem
2633 3605 2703 3660 de
2732 3604 3153 3660 consuetudine
3186 3604 3682 3677 praescribendum,
3701 3598 3775 3655 sed
3789 3612 3849 3650 ra-

2289 3695 2447 3752 tione
2464 3694 3130 3763 vincendum.Loquitur
3161 3694 3237 3749 de
3269 3693 3668 3750 consuetudine
3691 3683 3849 3743 hereti-

2283 3801 2381 3841 cos
2414 3800 2529 3839 non
2561 3782 2975 3853 rebaptizandi.
3012 3804 3040 3832 ››
3072 3783 3143 3837 Et
3180 3783 3242 3837 in
3277 3785 3461 3855 Epist.
3494 3777 3850 3849 adPompeium:

2285 3894 2314 3922 ‹‹
2363 3871 2736 3929 Consuetudo
2794 3871 2921 3926 sine
2969 3871 3214 3927 veritate
3274 3876 3532 3927 vetustas
3576 3866 3750 3923 erroris
3777 3864 3847 3922 est.

2288 3966 2525 4034 propter
2545 3960 2723 4032 quod,
2754 3958 2953 4015 relicto
2975 3975 3194 4030 errore,
3223 3976 3543 4032 sequamur
3559 3954 3845 4012 veritatem:

2358 4051 2471 4106 Nec
2494 4050 2655 4105 dicas
2682 4050 2739 4105 S.
2765 4049 3118 4121 Cyprianum
3142 4048 3228 4104 ibi
3251 4048 3416 4121 loqui
3439 4049 3507 4103 de
3527 4040 3851 4102 consuetudine

2288 4139 2538 4210 alicujus
2583 4137 2837 4195 ecclesia
2888 4136 3289 4209 particularis,
3344 4137 3605 4192 Romanis
3643 4128 3855 4189 videlicet.

2286 4228 2373 4284 vel
2405 4227 2667 4295 alterius,
2722 4243 2897 4298 quam
2951 4226 3061 4282 sibi
3111 4226 3417 4283 adversari
3467 4225 3606 4281 ultro
3637 4222 3855 4277 fateretur.

2289 4334 2405 4375 non
2438 4322 2631 4373 autem
2664 4317 2735 4372 de
2780 4315 3204 4372 consuetudine
3254 4313 3595 4371 universalis
3634 4304 3854 4366 Ecclesia:

2292 4423 2426 4463 nam
2464 4407 2518 4461 1ο
2548 4403 2869 4477 Cyprianus
2900 4404 3285 4460 exsistentem
3310 4420 3442 4460 eam
3474 4404 3665 4458 fatetur
3690 4408 3861 4453 consue-

2293 4495 2582 4559 tudinem,
2608 4511 2735 4566 quaa
2758 4494 2871 4566 ipsi
2892 4493 3304 4565 opponebatur
3328 4511 3343 4562 ;
3368 4492 3527 4564 atqui
3548 4485 3859 4563 opponebatur

2213 4564 2258 4629 D
2292 4564 2653 4641 consuetudo
2688 4564 2800 4639 non
2834 4564 3191 4653 quibusdam
3222 4581 3564 4654 peculiaris,
3592 4579 3678 4634 sed
3706 4574 3861 4629 uniter

2294 4674 2435 4730 salis
2464 4673 2749 4729 Ecclesiae.
2782 4671 3067 4728 Audiatur
3108 4675 3398 4727 strenuus
3444 4670 3539 4725 ille
3569 4663 3859 4723 traditionem

2295 4763 2560 4820 Ecclesia:
2585 4762 2855 4818 defensor
2874 4761 3183 4833 episcopus
3204 4776 3538 4832 anonymus
3558 4759 3671 4829 jam
3697 4752 3862 4809 citatus.

2297 4854 2397 4925 qui
2448 4852 2798 4924 Cyprianum
2842 4850 3084 4905 viriliter
3132 4849 3603 4921 perstringebat:
3652 4868 3667 4892 ι
3708 4842 3756 4895 In
3790 4850 3862 4907 qm

2299 4957 2528 5014 genere,
2568 4962 2595 4988 ››
2629 4940 2819 5011 inquit
2849 4939 2908 4994 in
2938 4942 3196 4995 tractatu
3230 4938 3334 5009 qui
3368 4936 3568 5009 incipit
3596 4935 3676 4989 his
3705 4927 3863 5014 verbis:

2299 5013 2421 5090 Non
2450 5030 2639 5086 debere
2684 5030 2861 5086 denuo
2910 5028 3204 5100 baptizari,
3257 5032 3396 5093 etc.,
3442 5030 3456 5062 ¹
3507 5018 3794 5096 quaestionis
3822 5013 3863 5066 de

2302 5121 2594 5194 baptismo
2628 5120 3032 5177 haereticorum
3052 5119 3215 5175 nulla
3246 5117 3489 5175 omnino
3511 5113 3762 5189 potuisset
3782 5120 3868 5162 oon-

2302 5211 2584 5268 troversia
2613 5214 2715 5267 aut
2746 5209 3089 5282 disceptatio
3115 5224 3437 5281 emergere,
3464 5205 3512 5262 si
3548 5198 3865 5270 unusquisque

2304 5306 2597 5371 nostrum,
2620 5305 2928 5356 contentus
2942 5296 3258 5356 venerabili
3278 5294 3655 5354 Ecclesiarum
3677 5283 3867 5345 omnium

2304 5391 2643 5447 auctoritate
2674 5389 2817 5444 nihil
2853 5390 3131 5444 innovare
3169 5387 3432 5459 gestiret,
3464 5406 3491 5433 »
3531 5379 3775 5454 Cypriano
3796 5382 3866 5425 ῠοη

2305 5480 2612 5551 exprobrat
2644 5479 2838 5549 ipsum
2872 5477 3123 5549 alicujus
3170 5474 3482 5548 peculiaris
3521 5464 3772 5531 Ecclesia,
3794 5459 3867 5551 βο·

546 5548 812 5638 epistola,
849 5567 999 5623 inter
1030 5567 1402 5640 Cyprianicas
1422 5568 1513 5637 75,
1546 5548 1669 5622 dies
1700 5565 1926 5622 Paschaa
1959 5570 2016 5621 et
2044 5548 2200 5621 circa
2308 5548 2493 5624 mana:
2554 5548 2781 5639 nempe,
2841 5566 2931 5623 \el
2989 5566 3226 5623 alterius
3287 5560 3611 5620 auctoritati
3664 5548 3865 5613 obaudire

549 5656 731 5712 multa
764 5656 875 5715 alia
904 5658 1113 5718 divinae
1146 5658 1223 5715 rei
1253 5662 1640 5725 sacramenta,
1674 5656 1865 5712 videat
1912 5656 2041 5726 quis
2072 5673 2199 5713 esse

2308 5656 2482 5729 nolle,
2514 5658 2611 5714 sed
2648 5657 2841 5730 ipsum
2862 5656 3163 5713 venerabili
3180 5655 3555 5712 Ecclesian
3577 5646 3783 5708 omnium
3804 5653 3866 5694 ιω·

3965 536 3967 677 1
