4112 6174
240 289 390 351 1401

1228 291 1430 353 PARS
1476 290 1554 351 ΙΙ.
1585 324 1663 337 -
1694 288 2265 353 RECENTIORUM
2310 289 2747 381 EXCURSUS.

3495 292 3649 351 1402

238 425 495 482 ctoritate
520 426 832 480 contentum
862 440 991 481 esse
1042 423 1318 481 noluisse.
1350 423 1638 481 Audiatur
1668 424 1725 480 S.
1770 424 1889 480 Ste-
1917 425 1971 492 Α
2001 422 2195 496 inquit
2224 423 2407 480 illust.
2468 424 2539 481 de
2592 423 2819 491 Salcon,
2880 422 3278 481 Ruthenensis
3320 421 3651 493 episcopus,

241 513 479 587 phanus
510 514 573 569 Β.
608 513 869 570 Pontifex
912 514 972 569 in
1005 531 1112 570 suo
1162 514 1370 570 celebri
1421 515 1737 587 rescripto:
1772 538 1798 565 ι(
1831 514 1886 568 Si

242 603 379 676 quis
410 620 443 658 a
473 619 822 675 quacunque
852 603 1057 659 haresi
1081 603 1302 659 venerit
1350 605 1420 660 ad
1462 621 1589 670 nos,
1622 603 1766 659 nihil
1797 604 1891 660 in-

236 700 481 747 novelur
512 696 720 764 prater
752 693 809 747 id
840 694 995 764 quod
1027 693 1308 748 traditum
1343 698 1451 748 est.
1481 714 1501 743 ι
1534 694 1658 749 Νοη
1684 694 1893 749 Roma-

237 797 377 837 nam
417 784 644 835 tantum
679 785 778 835 aut
808 782 1161 852 quibusdam
1195 782 1544 853 peculiarem
1604 782 1889 854 Cypriano

238 870 569 942 opponebat
593 870 990 941 traditionem,
1026 871 1123 925 sed
1159 870 1545 941 indefinitum,
1586 887 1652 926 ac
1685 888 1889 927 conse—

238 964 485 1031 quenter
515 959 971 1015 universalem.«
1005 960 1063 1015 S.
1098 960 1451 1031 Stephanus,
1484 960 1678 1031 inquit
1698 961 1891 1016 defen-

239 1064 338 1104 sor
360 1049 629 1104 Declarat.
663 1050 799 1103 πιανέ
847 1047 1070 1119 Gallia,
1104 1066 1174 1104 an
1220 1050 1378 1115 1682,
1411 1049 1583 1122 vulgo
1642 1051 1888 1106 Bossue-

236 1137 379 1206 tius,
412 1138 591 1209 episc.
628 1137 938 1194 Meldensis
968 1139 1067 1210 (2),
1109 1139 1354 1210 urgebat
1402 1140 1884 1195 consuetudinem

238 1225 648 1283 universalem.
684 1249 711 1276 »
754 1246 775 1275 σ
807 1230 859 1281 S.
916 1227 1266 1299 Stephanus,
1302 1229 1495 1300 inquit
1550 1230 1765 1283 Haberi
1796 1230 1888 1284 do-

236 1319 363 1370 ctor
391 1316 745 1370 Sorbonicus
776 1316 872 1387 (3),
907 1316 1277 1371 traditionem
1311 1321 1367 1371 et
1404 1317 1887 1373 consuetudinem

238 1401 509 1459 Ecclesia
540 1404 818 1475 opposuit
846 1408 900 1458 S.
935 1404 1259 1476 Cypriano:
1296 1427 1323 1455 ‹‹
1356 1405 1414 1460 Si
1447 1406 1600 1479 quis,
1627 1405 1837 1477 inquit,
1860 1427 1887 1455 »

238 1497 349 1548 etc.
386 1515 413 1543 α
470 1492 736 1548 Ecclesia
785 1494 1183 1561 traditionem,
1219 1494 1413 1565 inquit
1441 1495 1719 1563 Grandin,
1753 1495 1888 1550 doc-

234 1586 328 1637 tor
358 1587 415 1637 et
446 1582 739 1653 professor
781 1582 1027 1638 Sorbon.
1081 1584 1180 1655 (4),
1233 1584 1506 1656 opposuit
1533 1586 1731 1640 1347
1765 1589 1888 1640 Ste-

238 1670 473 1742 phanus
502 1675 659 1743 Papa
706 1672 1015 1727 Africanis.
1068 1692 1094 1725 ι
1130 1704 1197 1713 -—
1229 1696 1257 1722 ‹‹
1296 1675 1371 1728 De
1403 1674 1583 1729 totius
1623 1673 1889 1730 Ecclesia

240 1760 574 1829 traditione,
634 1761 829 1832 inquit
884 1761 1168 1817 Henricus
1226 1779 1260 1817 a
1315 1763 1369 1817 S.
1431 1763 1654 1835 lgnatio
1702 1764 1798 1835 (5),
1830 1767 1886 1818 S.

246 1849 579 1922 Stephanus
634 1850 788 1922 Papa
840 1850 1246 1906 testimonium
1308 1852 1788 1923 perhibuit,dum
1830 1853 1889 1909 S.

242 1939 528 2012 Cypriano
550 1939 661 1994 hac
692 1940 747 1994 in
773 1956 950 1995 causa
980 1939 1216 2012 scripsit
1238 1940 1416 1997 :Nihil
1449 1941 1757 1997 innovetur
1780 1941 1891 1996 nisi

240 2030 395 2101 quod
430 2030 713 2085 traditum
773 2034 880 2087 est.
944 2053 973 2080 n
1031 2032 1190 2086 Mitto
1220 2031 1365 2087 alios
1417 2033 1637 2104 passim
1696 2032 1891 2089 Gallos

236 2117 539 2189 theologos
571 2120 643 2174 de
672 2118 964 2191 Stephano
998 2120 1150 2175 idem
1181 2125 1479 2177 testantes.

307 2210 368 2262 2°
397 2214 451 2263 S.
503 2208 822 2281 Cyprianus
880 2210 1182 2280 objectata
1238 2211 1644 2267 consuetudini
1704 2211 1889 2269 solam

235 2296 477 2369 opponit
506 2298 1069 2355 veritatem.Verum
1123 2299 1173 2355 si
1219 2301 1612 2357 existimasset
1654 2303 1710 2358 S.
1745 2302 1889 2359 Doc-

239 2390 332 2442 tor
360 2386 511 2442 hanc
543 2387 1025 2443 consuetudinem
1072 2388 1227 2443 haud
1267 2388 1447 2445 fuisse
1480 2390 1888 2459 universalem,

240 2476 341 2530 sed
372 2475 727 2546 quibusdam
769 2479 999 2531 tantum
1049 2477 1312 2534 ecclesiis
1364 2479 1739 2551 peculiarem,
1773 2497 1888 2536 non

244 2563 431 2618 solam
468 2566 722 2636 profecto
753 2565 1077 2637 veritatem,
1105 2583 1284 2639 quam
1333 2585 1437 2640 pro
1486 2584 1548 2624 se
1579 2569 1706 2641 ipso
1738 2573 1891 2625 stare

236 2653 534 2721 credebat,
568 2654 666 2709 sed
698 2655 871 2710 etiam
908 2655 1158 2711 aliarum
1191 2656 1301 2711 sibi
1348 2656 1663 2713 faventium
1696 2658 1891 2714 Eccle-

241 2743 468 2797 siarum
500 2744 981 2800 consuetudinem
1032 2745 1440 2817 opposuisset;
1485 2745 1730 2817 ideoque
1760 2764 1867 2803 con

238 2836 490 2887 testatus
513 2836 665 2888 esset
696 2850 834 2888 suos
865 2834 1226 2890 adversarios
1248 2840 1304 2889 et
1334 2840 1535 2891 contra
1562 2837 1889 2904 veritatem,

240 2925 300 2975 et
332 2926 531 2976 contra
577 2922 1062 2978 consuetudinem
1127 2923 1300 2979 etiam
1362 2924 1586 2979 facere:
1618 2942 1733 2980 non
1786 2942 1893 2980 no-

241 3014 431 3065 strum
465 3014 553 3065 est
578 3009 686 3065 hoc
736 3010 1127 3079 ratiocinium,
1153 3013 1253 3067 sed
1305 3012 1654 3085 Augustini:
1688 3036 1715 3064 ‹‹
1758 3018 1890 3085 Cur,

236 3097 433 3169 inquit
463 3098 561 3168 (6),
584 3103 670 3154 tot
700 3100 964 3171 Cypriani
996 3099 1226 3172 collega
1257 3100 1316 3155 in
1348 3100 1591 3157 concilio
1623 3101 1896 3159 dixerunt

2001 515 2399 586 agnoscebant
2456 529 2517 569 se
2593 514 2897 586 antiquam
2958 516 3219 569 mutasse
3278 511 3650 567 consuetudi-

2001 619 2133 658 nem
2168 603 2268 675 (7).

2070 698 2164 758 At,
2216 694 2469 765 inquies,
2529 697 2767 749 sanctus
2838 692 3183 764 Cyprianus,
3242 691 3302 745 in
3349 689 3517 762 epist.
3580 689 3651 744 ad

2000 780 2287 849 Quintum,
2321 792 2373 838 et
2395 783 2464 837 ad
2491 781 2965 849 Jubaian.,nitide
2985 779 3239 835 affirmat
3261 780 3389 851 jam
3423 778 3651 850 pridem

1999 869 2072 926 ab
2107 870 2419 943 Agrippino
2470 872 2808 944 pluribusve
2856 870 2989 926 aliis
3036 868 3318 925 Africanis
3362 868 3652 940 episcopis

1999 963 2289 1015 statutum
2322 962 2523 1027 fuisse,
2547 966 2611 1016 ut
2640 960 2712 1015 ab
2743 959 3030 1015 hareticis
3063 958 3333 1030 baptizati
3368 958 3439 1013 ad
3464 956 3651 1012 Eccle-

1999 1049 2147 1106 siam
2198 1051 2507 1108 redeuntes
2538 1052 2750 1107 iterum
2801 1049 3250 1122 baptizarentur,
3284 1047 3489 1104 exinde
3519 1064 3650 1103 vero

1999 1137 2185 1195 multa
2217 1138 2619 1195 hereticorum
2652 1137 2835 1195 millia
2889 1138 2947 1193 in
3008 1138 3299 1193 Africanis
3338 1135 3649 1209 provinciis

1990 1234 2163 1307 juxta
2192 1230 2300 1286 hoc
2333 1233 2619 1286 statutum
2651 1229 2833 1284 fuisse
2863 1232 3152 1300 suscepta.
3186 1227 3333 1290 Quid
3360 1227 3495 1283 inde
3514 1226 3650 1299 ?Cy-

1997 1322 2242 1395 prianus
2272 1335 2407 1392 ergo
2444 1320 2643 1375 Africa
2661 1317 3145 1374 consuetudinem
3171 1317 3281 1373 sibi
3299 1316 3650 1373 contrariam

1999 1428 2114 1468 non
2148 1408 2406 1481 reperit?
2429 1408 2564 1465 Post
2611 1407 3000 1479 Agrippinum
3031 1406 3391 1462 consuetudo
3423 1405 3650 1461 haereti-

1998 1517 2097 1556 cos
2130 1497 2529 1570 rebaptizandi
2562 1497 2622 1552 in
2653 1496 2847 1552 Africa
2891 1495 3315 1568 pravaluerat?
3346 1495 3653 1566 Haudqua-

1998 1606 2197 1662 quam.
2234 1589 2418 1642 Citata
2447 1587 2603 1642 enim
2636 1585 2907 1658 Cypriani
2932 1585 3104 1641 verba
3134 1585 3381 1657 probant
3413 1585 3651 1657 quidem

1996 1677 2387 1751 Agrippinum
2419 1676 2686 1749 pluresve
2719 1675 3019 1731 Africanos
3042 1673 3365 1746 episcopos,
3399 1673 3649 1744 rebapti-

2000 1767 2283 1824 zationem
2342 1766 2401 1820 in
2437 1766 2562 1821 suis
2620 1764 2892 1820 Ecclesiis
2949 1764 3365 1829 introduxisse,
3398 1779 3461 1819 ac
3522 1766 3653 1834 post

2004 1856 2391 1929 Agrippinum
2426 1853 2739 1910 nonnullos
2759 1855 3064 1926 episcopos
3083 1852 3242 1907 illius
3276 1850 3650 1921 sententiam,

2000 1950 2058 2004 et
2088 1946 2312 2018 praxim
2347 1945 2527 2000 fuisse
2553 1943 3018 2009 secutos,1348
3050 1946 3109 1997 at
3138 1940 3473 1996 nullatenus
3498 1939 3653 1996 evin-

2000 2040 2142 2091 cunt
2171 2033 2587 2106 pluralitatem,
2620 2038 2677 2087 et
2707 2031 3200 2087 unlversalitatem
3241 2030 3649 2101 episcoporum

1998 2124 2403 2180 Africanorum
2420 2126 2547 2193 post
2562 2121 2948 2194 Agrippinum
2964 2119 3403 2191 rebaptizationi
3420 2118 3649 2185 favisse,

1999 2213 2128 2285 ipso
2158 2212 2329 2268 etiam
2351 2210 2680 2283 Augustino
2707 2208 3149 2281 interprete,qui
3182 2208 3653 2277 objectatumCy-

2001 2302 2191 2374 priani
2222 2305 2443 2355 textum
2475 2300 2556 2355 ita
2584 2298 2921 2370 explicat,ut
2954 2297 3194 2352 minime
3214 2295 3494 2369 impediat
3512 2312 3653 2367 quo-

2002 2392 2199 2446 minus
2229 2390 2614 2456 consuetudo,
2645 2404 2759 2443 non
2792 2386 3184 2457 rebaptizandi
3229 2386 3301 2440 ab
3332 2384 3652 2457 Agrippino

2004 2479 2183 2535 etiam
2218 2495 2403 2551 usque
2434 2478 2505 2533 ad
2533 2476 2887 2550 Cyprianum
2916 2476 2976 2530 in
3024 2474 3219 2530 Africa
3248 2473 3650 2546 pravaluerit:

2002 2592 2032 2620 «
2063 2568 2363 2634 Quomodo
2395 2571 2615 2633 autem,
2648 2565 2841 2637 inquit
2870 2564 2971 2620 lib.
3009 2582 3068 2619 ιιι
3100 2564 3163 2620 de
3204 2565 3359 2634 Bapt.
3395 2580 3520 2634 cap.
3570 2565 3651 2630 t2,

2001 2657 2331 2730 Cyprianus
2377 2655 2537 2711 dicat
2585 2659 2757 2725 atque
2815 2654 3023 2709 exinde
3080 2653 3137 2708 in
3192 2652 3539 2707 hodiernum
3572 2655 3656 2707 tot

2003 2746 2189 2801 millia
2218 2744 2620 2800 hareticorum
2653 2743 2713 2797 in
2746 2742 3061 2814 provinciis
3111 2741 3326 2798 nostris
3358 2742 3429 2795 ad
3462 2740 3655 2796 Eccle-

2003 2835 2153 2891 siam
2185 2833 2447 2889 conversi
2483 2850 2596 2887 non
2630 2832 2923 2904 aspernati
2973 2835 3115 2886 sunt
3155 2846 3344 2900 neque
3376 2829 3653 2898 cunctati,

2001 2924 2121 2979 imo
2152 2927 2210 2978 et
2240 2921 2659 2978 rationabiliter
2689 2925 2746 2976 et
2775 2919 3023 2975 libenter
3045 2918 3295 2990 amplexi
3329 2921 3467 2972 sunt
3490 2922 3553 2971 ut
3572 2916 3655 2972 la-

2000 3012 2157 3069 vacri
2180 3010 2371 3067 vitalis
2396 3016 2451 3067 et
2478 3010 2753 3066 salutaris
2780 3009 3055 3081 baptismi
3077 3007 3321 3079 gratiam
3344 3022 3657 3075 conseque-

2005 3106 2226 3168 rentur,
2262 3118 2375 3156 non
2406 3100 2716 3167 vidco,nisi
2748 3101 2892 3154 forte
2923 3098 3031 3153 hoc
3062 3096 3448 3162 dicat,exinde
3470 3096 3527 3151 in
3552 3095 3655 3151 ho-

234 3186 526 3241 rationem
559 3191 615 3242 et
644 3188 944 3243 veritatem
973 3189 1384 3244 consuetudini
1416 3192 1888 3262 praponendam,
1923 3174 1967 3241 C
2003 3192 2295 3257 diernum,
2331 3189 2468 3262 quia
2500 3188 2663 3244 nulla
2694 3190 2765 3244 de
2796 3187 2912 3243 illis
2943 3205 3011 3243 ex
3042 3204 3157 3259 quo
3188 3187 3245 3241 in
3277 3184 3533 3241 Ecclesia
3556 3202 3658 3256 per

233 3291 301 3330 ac
336 3292 451 3330 non
483 3276 679 3348 potius
710 3277 980 3332 dixerunt
1010 3294 1108 3333 eos
1161 3279 1302 3349 quid
1349 3278 1505 3334 aliud
1555 3280 1740 3335 facere
1773 3280 1890 3336 vel-

234 3363 360 3419 lent
388 3369 446 3420 et
476 3369 681 3421 contra
708 3366 1035 3434 veritatem,
1069 3371 1125 3422 et
1175 3372 1378 3423 contra
1405 3370 1891 3426 consuetudinem

232 3452 426 3510 facere
442 3454 469 3508 ?
503 3476 531 3504 »

309 3542 368 3596 3°
398 3544 660 3607 Quonam
693 3547 860 3615 pacto
892 3544 1563 3617 censuissetCyprianus
1585 3551 1894 3603 consuetu-

238 3632 439 3687 dinem
469 3631 655 3688 'solius
686 3633 960 3688 Romana
991 3632 1257 3689 Ecclesia
1301 3634 1388 3691 vel
1446 3636 1620 3691 etiam
1650 3636 1893 3692 alterius

238 3720 353 3777 sibi
389 3722 704 3792 adversari,
762 3722 1110 3795 Cyprianus,
1159 3723 1421 3794 inquam,
1454 3725 1555 3796 qui
1612 3730 1669 3781 et
1702 3726 1893 3797 ipsam

235 3810 520 3866 Africana
552 3810 807 3868 ecclesia
841 3813 1326 3869 consuetudinem
1378 3814 1491 3870 sibi
1540 3814 1893 3871 contrariam

236 3900 532 3955 fatebatur
556 3904 578 3957 Ρ
601 3899 1014 3957 Gloriabantur
1043 3903 1200 3957 enim
1233 3904 1292 3958 S.
1326 3902 1648 3975 Cyprianus
1680 3904 1895 3976 aliique

235 3988 299 4043 in
327 3989 519 4045 Africa
542 3990 967 4062 rebaptizantes
1002 4007 1065 4046 se
1114 3990 1389 4046 Africana
1423 3991 1689 4047 Ecclesia
1728 3993 1891 4049 dere-

235 4078 487 4151 liquisse
517 4080 1025 4147 consuetudinem,
1048 4084 1193 4136 teste
1222 4080 1560 4136 Firmiliano
1590 4082 1649 4138 in
1682 4099 1789 4138 sua
1820 4083 1893 4138 ad

237 4166 590 4240 Cyprianum
623 4167 905 4238 epistola:
946 4190 974 4218 ‹‹
1013 4169 1173 4233 Quod
1224 4174 1440 4241 autem,
1474 4170 1685 4243 inquit,
1718 4171 1893 4243 perti-

239 4261 341 4311 net
370 4256 441 4312 ad
473 4257 953 4312 consuetudinem
987 4259 1377 4325 refutandam,
1419 4277 1594 4330 quam
1624 4260 1898 4317 videntur

237 4361 534 4417 opponere
564 4346 811 4413 veritati,
846 4345 978 4418 quis
1036 4352 1157 4403 tam
1216 4365 1403 4405 vanus
1445 4349 1521 4406 sit
1576 4355 1640 4405 ut
1669 4350 1895 4406 veritati

239 4433 732 4490 consuetudinem
754 4435 1066 4506 praferat?
1096 4440 1198 4492 aut
1245 4437 1369 4509 qui,
1404 4442 1706 4511 perspecta
1746 4438 1892 4506 luce,

238 4522 516 4578 tenebras
546 4539 663 4577 non
712 4524 988 4579 deserat?
1012 4522 1134 4580 Nisi
1165 4525 1211 4580 si

243 4611 609 4679 adveniante,
636 4610 692 4666 id
726 4616 813 4667 est
843 4612 1101 4681 veritate,
1143 4614 1378 4685 adjuvet
1423 4614 1481 4670 in
1515 4614 1709 4686 aliquo
1743 4617 1894 4671 anti-

245 4698 539 4772 quissima
597 4703 979 4771 consuetudo,
1014 4704 1194 4775 quod,
1227 4702 1403 4759 relica
1459 4721 1606 4761 nova
1634 4705 1895 4762 veritatis

243 4790 358 4856 via,
392 4789 450 4842 in
483 4793 765 4846 vetustate
796 4792 1409 4865 permanserint,quod
1434 4795 1670 4865 quidem
1701 4796 1896 4851 adver-

244 4894 348 4933 sus
379 4878 743 4951 Stephanum
787 4897 888 4935 vos
939 4880 1130 4937 dicere
1187 4882 1310 4936 Afri
1369 4883 1635 4954 potestis,
1665 4884 1897 4957 cognita

242 4966 506 5038 veritate,
538 4985 794 5025 errorem
842 4986 942 5025 vos
997 4971 1439 5028 consuetudinis
1490 4972 1819 5046 reliquisse.
1863 4996 1892 5025 »

243 5055 331 5111 lta
361 5055 534 5127 plane
563 5058 887 5129 Cyprianus
917 5058 1133 5132 aliique
1164 5061 1592 5133 rebaptizantes
1612 5062 1895 5133 Africani,

318 5272 392 5394 (72)
423 5271 484 5326 In
514 5273 725 5343 Defens.
756 5272 891 5327 dccl.
937 5274 1075 5328 ειενὶ
1130 5273 1323 5330 Gallic.
1375 5281 1525 5348 part.
1579 5293 1639 5344 ιι,
1670 5276 1773 5332 lib.
1816 5294 1896 5345 1v,

241 5361 296 5496 ἶ.
318 5361 396 5496 (ξ)
430 5419 689 5496 ln-Lract.
721 5416 790 5471 de
818 5415 1092 5486 Sacram,
1124 5433 1248 5489 cap.
1305 5419 1394 5487 14,
1456 5435 1586 5490 pag.
1632 5420 1723 5492 89,
1756 5420 1894 5477 edit.

245 5488 409 5543 Paris
439 5531 452 5551 ,
492 5486 650 5541 1718.
1192 5486 1211 5489 ’
1456 5486 1473 5490 ’
1540 5486 1562 5489 ’
1707 5486 1719 5492 ’

321 5557 397 5629 (4)
415 5558 617 5635 Tract.
649 5558 714 5613 de
739 5562 1009 5635 sacram,
1036 5566 1240 5635 quast.
1272 5562 1326 5627 3,
1354 5565 1497 5635 part.
1560 5563 1612 5628 1,
1671 5569 1811 5620 sect.
1844 5565 1896 5635 4,

246 5632 469 5701 puncto
496 5629 577 5700 2°,
613 5646 745 5703 pag.
779 5631 866 5698 31,
900 5629 1278 5699 editfParisq
1313 5634 1469 5687 1710.

1274 4530 1331 4581 et
1379 4526 1612 4581 Judaos
1668 4526 1895 4583 Christo
1926 4549 1973 4613 D

1998 3280 2307 3354 Agrippini
2333 3277 2648 3334 concilium
2680 3276 2957 3348 baptizati
3002 3282 3163 3343 sunt,
3195 3275 3437 3346 quastio
3469 3274 3655 3329 alicu-

1993 3372 2097 3443 jus
2129 3367 2750 3425 excommunicationis
2772 3371 2972 3422 exorta
3000 3369 3108 3421 est.
3141 3364 3422 3419 Caterum
3454 3363 3502 3419 si
3535 3379 3661 3435 per-

2002 3459 2280 3516 manebat
2301 3459 2372 3514 ab
2394 3456 2712 3529 Agrippino
2736 3472 2921 3527 usque
2944 3455 3016 3511 ad
3040 3454 3390 3526 Cyprianum
3416 3467 3658 3509 consue-

2001 3549 2144 3605 tudo
2203 3546 2534 3619 baptizandi
2595 3546 2666 3601 ab
2720 3544 3007 3602 hareticis
3060 3542 3378 3612 venientes,
3414 3546 3477 3598 ut
3515 3541 3655 3614 quid

2002 3638 2160 3694 facta
2190 3640 2329 3693 sunt
2358 3653 2392 3691 a
2420 3635 2705 3707 Cypriano
2737 3635 2807 3690 de
2836 3634 2945 3689 hac
2985 3650 3045 3689 re
3093 3631 3335 3689 concilia
3356 3632 3383 3687 ?
3413 3631 3486 3689 Ut
3515 3632 3657 3702 quid

2003 3727 2191 3784 eidem
2220 3725 2510 3782 Jubaiano
2544 3725 2686 3780 dicit
2714 3741 2828 3781 non
2860 3741 2921 3780 se
2940 3740 3060 3779 rem
3096 3739 3303 3778 novam
3338 3722 3525 3777 facere
3556 3724 3658 3777 aut

2005 3815 2391 3888 repentinam,
2425 3815 2526 3870 sed
2582 3815 2652 3870 ab
2705 3813 3020 3886 Agrippino
3074 3810 3497 3867 constitutam?
3545 3810 3660 3866 Cur

2004 3904 2160 3961 enim
2192 3902 2518 3959 Jubaiauus
2551 3904 2620 3959 de
2652 3902 2903 3957 novitate
2936 3901 3361 3970 turbaretur,ut
3393 3916 3525 3954 eum
3558 3915 3659 3970 per

2004 3992 2411 4049 auctoritatem
2433 3991 2737 4066 Agrippini
2764 3991 2957 4047 sanari
2981 3987 3343 4061 oporteret,si
3363 3988 3434 4043 ab
3457 3986 3661 4059 Agrip-

2004 4082 2142 4156 pino
2174 4099 2361 4153 usque
2390 4081 2745 4154 Cyprianum
2778 4080 2884 4135 hoc
2932 4079 3164 4134 tenebat
3195 4076 3451 4132 Ecclesia
3472 4076 3505 4129 ?.
3530 4100 3551 4128 ι
3590 4076 3658 4130 Et

2005 4189 2131 4244 cap.
2165 4175 2197 4226 2
2228 4172 2494 4242 ejusdem
2527 4170 2651 4237 lib.,
2685 4174 2934 4225 testatur
2963 4170 3160 4240 plures
3186 4183 3254 4222 ex
3282 4165 3400 4220 illis
3433 4164 3654 4235 episco-

2007 4263 2097 4334 pis
2127 4262 2227 4333 qui
2260 4278 2393 4316 cum
2424 4259 2745 4332 Agrippino
2777 4258 3089 4329 pristinam
3117 4273 3231 4310 non
3256 4252 3651 4325 rebaptizandi

2006 4354 2374 4405 mutaverant
2405 4347 2910 4413 consuetudinem,
2946 4347 3017 4401 ad
3050 4361 3179 4400 eam
3210 4342 3562 4407 rediisse,ita
3594 4345 3657 4396 ut

2005 4439 2541 4511 postAgrippinum
2566 4442 2729 4493 vetus
2750 4435 3018 4492 Ecclesia
3041 4433 3403 4489 consuetudo
3426 4432 3484 4485 in
3508 4430 3658 4485 Afri-

2006 4544 2073 4584 ca
2102 4528 2364 4598 undique
2394 4526 2632 4598 vigeret.

2075 4616 2222 4672 Hinc
2251 4621 2407 4689 patet
2437 4614 2773 4671 Firmiliano
2805 4618 2862 4669 et
2890 4610 3217 4684 Augustino
3257 4609 3655 4665 asserentibus

2003 4705 2213 4761 Africa
2226 4705 2712 4761 consuetudinem
2736 4720 2769 4758 a
2785 4701 3067 4775 Cypriano
3090 4699 3427 4755 derelictam
3449 4698 3653 4764 fuisse,

2004 4812 2119 4851 non
2153 4795 2357 4851 obesse
2390 4795 2543 4865 quod
2575 4793 2895 4865 Cyprianus
2926 4792 3200 4853 afﬁrmat,
3235 4791 3305 4844 ab
3336 4787 3654 4858 Agrippino

2006 4883 2228 4940 scilicet
2253 4884 2323 4938 ad
2356 4900 2522 4938 suam
2558 4898 2743 4953 usque
2773 4885 3001 4937 atatem
3035 4879 3221 4933 multa
3249 4876 3655 4932 hiereticorum

2006 4972 2193 5028 millia
2222 4972 2430 5028 iterato
2462 4972 2755 5041 baptismo
2787 4972 2845 5024 in
2878 4968 3070 5023 Africa
3091 4971 3323 5036 recepta
3343 4964 3657 5029 fuisse;vc-

2006 5078 2137 5117 rum
2168 5061 2325 5118 enim
2360 5057 3025 5132 utrumque.Cyprianus
3058 5056 3254 5111 Africa
3285 5050 3656 5109 consuetudi-

2078 5278 2156 5349 (5)
2186 5279 2377 5333 Tract.
2437 5274 2501 5331 de
2553 5275 2821 5339 Sacram,
2871 5276 3014 5327 tom.
3066 5275 3166 5337 Ill,
3214 5284 3346 5340 pag.
3393 5268 3481 5338 12,
3514 5267 3653 5322 edit.

2007 5351 2305 5406 Leodiens.
2343 5348 2497 5401 1709.

2098 5423 2153 5490 ὃ)
2188 5421 2309 5475 Lib.
2344 5435 2406 5473 ιιι
2437 5418 2500 5473 de
2530 5420 2687 5488 Bapt.
2720 5432 2846 5488 cap.
2879 5416 2965 5470 12.

2098 5484 2155 5563 7)
2184 5494 2405 5554 Docum,
2440 5484 2624 5563 pasle
2650 5484 2819 5558 super
2866 5488 3123 5563 Ecclesia
3177 5484 3521 5563 (fcrz'sionum
3551 5497 3652 5535 au-

2006 5559 2425 5634 ctoritate,jam
2459 5562 2719 5628 laudato,
2752 5562 2915 5637 parte
2944 5563 2987 5627 l,
3021 5575 3150 5632 pag.
3184 5559 3245 5613 ‘31
3274 5562 3309 5612 ).
