  <div class='ocr_page' id='page_1' title='image "/cluster/home/n/w/nwhite01/storage/ocr_20150623/3/hvd.32044073549586/755.png"; bbox 0 0 4112 6174; ppageno 0'>
   <div class='ocr_carea' id='block_1_1' title="bbox 533 294 694 355">
    <p class='ocr_par' dir='ltr' id='par_1_1' title="bbox 533 294 694 355">
     <span class='ocr_line' id='line_1_1' title="bbox 533 294 694 355; baseline -0.006 0"><span class='ocrx_word' id='word_1_1' title='bbox 533 295 561 355; x_wconf 76' lang='grc' dir='ltr'><strong>Ι</strong></span> <span class='ocrx_word' id='word_1_2' title='bbox 573 294 694 355; x_wconf 70' lang='grc'>403</span> 
     </span>
    </p>
   </div>
   <div class='ocr_carea' id='block_1_2' title="bbox 1595 292 2888 356">
    <p class='ocr_par' dir='ltr' id='par_1_2' title="bbox 1595 292 2888 356">
     <span class='ocr_line' id='line_1_2' title="bbox 1595 292 2888 356; baseline 0.001 -1"><span class='ocrx_word' id='word_1_3' title='bbox 1595 293 1697 355; x_wconf 85' lang='lat' dir='ltr'>DE</span> <span class='ocrx_word' id='word_1_4' title='bbox 1742 293 2333 355; x_wconf 65' lang='lat' dir='ltr'>HERETICORUM</span> <span class='ocrx_word' id='word_1_5' title='bbox 2381 292 2888 356; x_wconf 83' lang='lat' dir='ltr'>BAPTISMATE</span> 
     </span>
    </p>
   </div>
   <div class='ocr_carea' id='block_1_3' title="bbox 3338 92 3925 133">
    <p class='ocr_par' dir='ltr' id='par_1_3' title="bbox 3338 92 3925 133">
     <span class='ocr_line' id='line_1_3' title="bbox 3338 92 3925 133; baseline -0.005 -6"><span class='ocrx_word' id='word_1_6' title='bbox 3338 92 3345 101; x_wconf 91' lang='lat'><strong>&#39;</strong></span> <span class='ocrx_word' id='word_1_7' title='bbox 3390 92 3853 133; x_wconf 44' lang='grc' dir='ltr'>’ῖ-τλ-ῖιῖίη-η-»γκπ</span> <span class='ocrx_word' id='word_1_8' title='bbox 3866 94 3891 101; x_wconf 67' lang='grc' dir='ltr'>ν</span> <span class='ocrx_word' id='word_1_9' title='bbox 3906 94 3925 113; x_wconf 68' lang='lat'><strong>2</strong></span> 
     </span>
    </p>
   </div>
   <div class='ocr_carea' id='block_1_4' title="bbox 3398 114 3863 161">
    <p class='ocr_par' dir='ltr' id='par_1_4' title="bbox 3398 114 3863 161">
     <span class='ocr_line' id='line_1_4' title="bbox 3398 114 3863 161; baseline -0.002 -27"><span class='ocrx_word' id='word_1_10' title='bbox 3398 114 3473 161; x_wconf 38' lang='grc' dir='ltr'>,ν’-ἦ</span> <span class='ocrx_word' id='word_1_11' title='bbox 3494 114 3565 139; x_wconf 57' lang='grc' dir='ltr'>ε’·κ,</span> <span class='ocrx_word' id='word_1_12' title='bbox 3644 114 3695 133; x_wconf 64' lang='grc' dir='ltr'>τ’·</span> <span class='ocrx_word' id='word_1_13' title='bbox 3716 114 3821 147; x_wconf 45' lang='grc' dir='ltr'>..Ἔα-ιν</span> <span class='ocrx_word' id='word_1_14' title='bbox 3862 128 3863 133; x_wconf 51' lang='grc' dir='ltr'><strong>η</strong></span> 
     </span>
    </p>
   </div>
   <div class='ocr_carea' id='block_1_5' title="bbox 3408 154 3841 169">
    <p class='ocr_par' dir='ltr' id='par_1_5' title="bbox 3408 154 3841 169">
     <span class='ocr_line' id='line_1_5' title="bbox 3408 154 3841 169; baseline 0.002 -7"><span class='ocrx_word' id='word_1_15' title='bbox 3408 154 3537 167; x_wconf 76' lang='grc' dir='ltr'>ι...</span> <span class='ocrx_word' id='word_1_16' title='bbox 3642 154 3649 159; x_wconf 75' lang='grc' dir='ltr'><strong><em>ο</em></strong></span> <span class='ocrx_word' id='word_1_17' title='bbox 3818 160 3841 169; x_wconf 78' lang='lat'>_.</span> 
     </span>
    </p>
   </div>
   <div class='ocr_carea' id='block_1_6' title="bbox 3696 308 3815 369">
    <p class='ocr_par' dir='ltr' id='par_1_6' title="bbox 3696 308 3815 369">
     <span class='ocr_line' id='line_1_6' title="bbox 3696 308 3815 369; baseline 0.025 -3"><span class='ocrx_word' id='word_1_18' title='bbox 3696 308 3815 369; x_wconf 70' lang='lat' dir='ltr'>H04</span> 
     </span>
    </p>
   </div>
   <div class='ocr_carea' id='block_1_7' title="bbox 530 425 3814 502">
    <p class='ocr_par' dir='ltr' id='par_1_7' title="bbox 530 425 3814 502">
     <span class='ocr_line' id='line_1_7' title="bbox 530 425 3814 502; baseline 0.004 -20"><span class='ocrx_word' id='word_1_19' title='bbox 530 442 663 483; x_wconf 91' lang='lat' dir='ltr'>nem</span> <span class='ocrx_word' id='word_1_20' title='bbox 697 425 1023 498; x_wconf 80' lang='lat' dir='ltr'>dereliquit,</span> <span class='ocrx_word' id='word_1_21' title='bbox 1048 427 1186 498; x_wconf 86' lang='lat' dir='ltr'>quia</span> <span class='ocrx_word' id='word_1_22' title='bbox 1206 427 1515 502; x_wconf 85' lang='lat' dir='ltr'>dereliquit</span> <span class='ocrx_word' id='word_1_23' title='bbox 1535 427 2016 485; x_wconf 81' lang='lat' dir='ltr'>consuetudinem</span> <span class='ocrx_word' id='word_1_24' title='bbox 2046 444 2171 500; x_wconf 83' lang='lat' dir='ltr'>quae</span> <span class='ocrx_word' id='word_1_25' title='bbox 2204 426 2261 495; x_wconf 80' lang='grc' dir='ltr'><strong>Α</strong></span> <span class='ocrx_word' id='word_1_26' title='bbox 2288 426 2517 494; x_wconf 82' lang='lat' dir='ltr'>fuisset,</span> <span class='ocrx_word' id='word_1_27' title='bbox 2558 430 2824 501; x_wconf 84' lang='lat' dir='ltr'>oportere</span> <span class='ocrx_word' id='word_1_28' title='bbox 2875 428 2948 483; x_wconf 89' lang='lat' dir='ltr'>ad</span> <span class='ocrx_word' id='word_1_29' title='bbox 2995 427 3298 485; x_wconf 88' lang='lat' dir='ltr'>Ecclesiam</span> <span class='ocrx_word' id='word_1_30' title='bbox 3354 433 3626 491; x_wconf 83' lang='lat' dir='ltr'>venientem</span> <span class='ocrx_word' id='word_1_31' title='bbox 3670 439 3814 496; x_wconf 85' lang='lat' dir='ltr'>denuo</span> 
     </span>
    </p>
   </div>
   <div class='ocr_carea' id='block_1_8' title="bbox 534 515 2177 588">
    <p class='ocr_par' dir='ltr' id='par_1_8' title="bbox 534 515 2177 588">
     <span class='ocr_line' id='line_1_8' title="bbox 534 515 2177 588; baseline -0.001 -15"><span class='ocrx_word' id='word_1_32' title='bbox 534 533 567 573; x_wconf 85' lang='lat' dir='ltr'>a</span> <span class='ocrx_word' id='word_1_33' title='bbox 607 515 939 588; x_wconf 82' lang='lat' dir='ltr'>pluralitate</span> <span class='ocrx_word' id='word_1_34' title='bbox 990 518 1305 588; x_wconf 67' lang='lat' dir='ltr'>praesulum</span> <span class='ocrx_word' id='word_1_35' title='bbox 1353 519 1748 575; x_wconf 82' lang='lat' dir='ltr'>Africanorum</span> <span class='ocrx_word' id='word_1_36' title='bbox 1800 518 2177 586; x_wconf 84' lang='lat' dir='ltr'>servabatur;</span> 
     </span>
    </p>
   </div>
   <div class='ocr_carea' id='block_1_9' title="bbox 534 604 2177 681">
    <p class='ocr_par' dir='ltr' id='par_1_9' title="bbox 534 604 2177 681">
     <span class='ocr_line' id='line_1_9' title="bbox 534 604 2177 681; baseline 0.001 -20"><span class='ocrx_word' id='word_1_37' title='bbox 534 605 717 661; x_wconf 89' lang='lat' dir='ltr'>multa</span> <span class='ocrx_word' id='word_1_38' title='bbox 750 604 1155 663; x_wconf 69' lang='lat' dir='ltr'>haereticorum</span> <span class='ocrx_word' id='word_1_39' title='bbox 1189 608 1370 663; x_wconf 84' lang='lat' dir='ltr'>millia</span> <span class='ocrx_word' id='word_1_40' title='bbox 1419 610 1489 664; x_wconf 90' lang='lat' dir='ltr'>ab</span> <span class='ocrx_word' id='word_1_41' title='bbox 1536 609 1855 681; x_wconf 88' lang='lat' dir='ltr'>Agrippino</span> <span class='ocrx_word' id='word_1_42' title='bbox 1894 625 2075 678; x_wconf 90' lang='lat' dir='ltr'>usque</span> <span class='ocrx_word' id='word_1_43' title='bbox 2107 607 2177 662; x_wconf 90' lang='lat' dir='ltr'>ad</span> 
     </span>
    </p>
   </div>
   <div class='ocr_carea' id='block_1_10' title="bbox 533 693 2181 768">
    <p class='ocr_par' dir='ltr' id='par_1_10' title="bbox 533 693 2181 768">
     <span class='ocr_line' id='line_1_10' title="bbox 533 693 2181 768; baseline 0.001 -20"><span class='ocrx_word' id='word_1_44' title='bbox 533 693 886 767; x_wconf 83' lang='lat' dir='ltr'>Cyprianum</span> <span class='ocrx_word' id='word_1_45' title='bbox 919 694 1124 749; x_wconf 87' lang='lat' dir='ltr'>iterato</span> <span class='ocrx_word' id='word_1_46' title='bbox 1158 696 1446 768; x_wconf 88' lang='lat' dir='ltr'>baptismo</span> <span class='ocrx_word' id='word_1_47' title='bbox 1480 697 1537 750; x_wconf 93' lang='lat' dir='ltr'>in</span> <span class='ocrx_word' id='word_1_48' title='bbox 1590 696 1779 751; x_wconf 83' lang='lat' dir='ltr'>Africa</span> <span class='ocrx_word' id='word_1_49' title='bbox 1804 700 2033 767; x_wconf 88' lang='lat' dir='ltr'>recepta</span> <span class='ocrx_word' id='word_1_50' title='bbox 2064 695 2181 749; x_wconf 86' lang='lat' dir='ltr'>fue-</span> 
     </span>
    </p>
   </div>
   <div class='ocr_carea' id='block_1_11' title="bbox 533 782 2177 857">
    <p class='ocr_par' dir='ltr' id='par_1_11' title="bbox 533 782 2177 857">
     <span class='ocr_line' id='line_1_11' title="bbox 533 782 2177 857; baseline -0.002 -17"><span class='ocrx_word' id='word_1_51' title='bbox 533 788 691 855; x_wconf 88' lang='lat' dir='ltr'>runt,</span> <span class='ocrx_word' id='word_1_52' title='bbox 724 782 1017 855; x_wconf 89' lang='lat' dir='ltr'>quialicet</span> <span class='ocrx_word' id='word_1_53' title='bbox 1062 783 1367 856; x_wconf 84' lang='lat' dir='ltr'>pluralitas</span> <span class='ocrx_word' id='word_1_54' title='bbox 1414 785 1818 841; x_wconf 86' lang='lat' dir='ltr'>Africanorum</span> <span class='ocrx_word' id='word_1_55' title='bbox 1862 782 2177 857; x_wconf 74' lang='lat' dir='ltr'>prmsulum</span> 
     </span>
    </p>
   </div>
   <div class='ocr_carea' id='block_1_12' title="bbox 530 872 2176 941">
    <p class='ocr_par' dir='ltr' id='par_1_12' title="bbox 530 872 2176 941">
     <span class='ocr_line' id='line_1_12' title="bbox 530 872 2176 941; baseline -0.004 -8"><span class='ocrx_word' id='word_1_56' title='bbox 530 874 854 933; x_wconf 77' lang='lat' dir='ltr'>Romanam</span> <span class='ocrx_word' id='word_1_57' title='bbox 882 874 1363 928; x_wconf 82' lang='lat' dir='ltr'>consuetudinem</span> <span class='ocrx_word' id='word_1_58' title='bbox 1398 872 2065 941; x_wconf 89' lang='lat' dir='ltr'>retinuerint,nonnullis</span> <span class='ocrx_word' id='word_1_59' title='bbox 2087 876 2176 926; x_wconf 87' lang='lat' dir='ltr'>ta-</span> 
     </span>
    </p>
   </div>
   <div class='ocr_carea' id='block_1_13' title="bbox 532 960 2179 1036">
    <p class='ocr_par' dir='ltr' id='par_1_13' title="bbox 532 960 2179 1036">
     <span class='ocr_line' id='line_1_13' title="bbox 532 960 2179 1036; baseline -0.002 -18"><span class='ocrx_word' id='word_1_60' title='bbox 532 979 667 1018; x_wconf 88' lang='lat' dir='ltr'>men</span> <span class='ocrx_word' id='word_1_61' title='bbox 701 962 887 1035; x_wconf 86' lang='lat' dir='ltr'>magls</span> <span class='ocrx_word' id='word_1_62' title='bbox 922 961 1142 1035; x_wconf 86' lang='lat' dir='ltr'>placuit</span> <span class='ocrx_word' id='word_1_63' title='bbox 1172 964 1472 1036; x_wconf 88' lang='lat' dir='ltr'>Agrippini</span> <span class='ocrx_word' id='word_1_64' title='bbox 1498 962 1657 1034; x_wconf 83' lang='lat' dir='ltr'>sequi</span> <span class='ocrx_word' id='word_1_65' title='bbox 1681 967 2031 1033; x_wconf 87' lang='lat' dir='ltr'>statutum,a</span> <span class='ocrx_word' id='word_1_66' title='bbox 2054 960 2179 1033; x_wconf 89' lang='lat' dir='ltr'>qui-</span> 
     </span>
    </p>
   </div>
   <div class='ocr_carea' id='block_1_14' title="bbox 529 1052 2175 1125">
    <p class='ocr_par' dir='ltr' id='par_1_14' title="bbox 529 1052 2175 1125">
     <span class='ocr_line' id='line_1_14' title="bbox 529 1052 2175 1125; baseline -0.002 -16"><span class='ocrx_word' id='word_1_67' title='bbox 529 1054 642 1109; x_wconf 85' lang='lat' dir='ltr'>bus</span> <span class='ocrx_word' id='word_1_68' title='bbox 676 1052 859 1107; x_wconf 90' lang='lat' dir='ltr'>multa</span> <span class='ocrx_word' id='word_1_69' title='bbox 889 1052 1292 1108; x_wconf 75' lang='lat' dir='ltr'>haereticorum</span> <span class='ocrx_word' id='word_1_70' title='bbox 1327 1053 1510 1109; x_wconf 86' lang='lat' dir='ltr'>millia</span> <span class='ocrx_word' id='word_1_71' title='bbox 1542 1054 1745 1108; x_wconf 90' lang='lat' dir='ltr'>iterato</span> <span class='ocrx_word' id='word_1_72' title='bbox 1779 1053 2066 1125; x_wconf 91' lang='lat' dir='ltr'>baptismo</span> <span class='ocrx_word' id='word_1_73' title='bbox 2090 1067 2175 1106; x_wconf 91' lang='lat' dir='ltr'>re-</span> 
     </span>
    </p>
   </div>
   <div class='ocr_carea' id='block_1_15' title="bbox 524 1141 2178 1216">
    <p class='ocr_par' dir='ltr' id='par_1_15' title="bbox 524 1141 2178 1216">
     <span class='ocr_line' id='line_1_15' title="bbox 524 1141 2178 1216; baseline -0.001 -18"><span class='ocrx_word' id='word_1_74' title='bbox 524 1147 692 1216; x_wconf 91' lang='lat' dir='ltr'>cepta</span> <span class='ocrx_word' id='word_1_75' title='bbox 745 1142 1002 1197; x_wconf 89' lang='lat' dir='ltr'>fuerunt.</span> <span class='ocrx_word' id='word_1_76' title='bbox 1065 1142 1312 1214; x_wconf 69' lang='lat' dir='ltr'>Haecque</span> <span class='ocrx_word' id='word_1_77' title='bbox 1366 1142 1693 1198; x_wconf 86' lang='lat' dir='ltr'>conciliatio</span> <span class='ocrx_word' id='word_1_78' title='bbox 1751 1159 1815 1198; x_wconf 77' lang='lat' dir='ltr'>eo</span> <span class='ocrx_word' id='word_1_79' title='bbox 1866 1141 2178 1213; x_wconf 86' lang='lat' dir='ltr'>benignius</span> 
     </span>
    </p>
   </div>
   <div class='ocr_carea' id='block_1_16' title="bbox 524 1230 2177 1305">
    <p class='ocr_par' dir='ltr' id='par_1_16' title="bbox 524 1230 2177 1305">
     <span class='ocr_line' id='line_1_16' title="bbox 524 1230 2177 1305; baseline -0.002 -17"><span class='ocrx_word' id='word_1_80' title='bbox 524 1232 916 1305; x_wconf 88' lang='lat' dir='ltr'>suscipienda,</span> <span class='ocrx_word' id='word_1_81' title='bbox 951 1233 1104 1305; x_wconf 90' lang='lat' dir='ltr'>quod</span> <span class='ocrx_word' id='word_1_82' title='bbox 1139 1233 1307 1288; x_wconf 89' lang='lat' dir='ltr'>aliter</span> <span class='ocrx_word' id='word_1_83' title='bbox 1333 1233 1646 1288; x_wconf 90' lang='lat' dir='ltr'>dicendum</span> <span class='ocrx_word' id='word_1_84' title='bbox 1681 1233 1826 1287; x_wconf 87' lang='lat' dir='ltr'>foret</span> <span class='ocrx_word' id='word_1_85' title='bbox 1855 1235 1912 1287; x_wconf 88' lang='lat' dir='ltr'>et</span> <span class='ocrx_word' id='word_1_86' title='bbox 1952 1230 2177 1304; x_wconf 90' lang='lat' dir='ltr'>Cypria-</span> 
     </span>
    </p>
   </div>
   <div class='ocr_carea' id='block_1_17' title="bbox 525 1319 2175 1394">
    <p class='ocr_par' dir='ltr' id='par_1_17' title="bbox 525 1319 2175 1394">
     <span class='ocr_line' id='line_1_17' title="bbox 525 1319 2175 1394; baseline -0.001 -17"><span class='ocrx_word' id='word_1_87' title='bbox 525 1339 667 1377; x_wconf 88' lang='lat' dir='ltr'>num</span> <span class='ocrx_word' id='word_1_88' title='bbox 701 1322 812 1377; x_wconf 90' lang='lat' dir='ltr'>sibi</span> <span class='ocrx_word' id='word_1_89' title='bbox 843 1321 953 1393; x_wconf 88' lang='lat' dir='ltr'>ipsi</span> <span class='ocrx_word' id='word_1_90' title='bbox 1003 1323 1413 1389; x_wconf 89' lang='lat' dir='ltr'>contradicere,</span> <span class='ocrx_word' id='word_1_91' title='bbox 1447 1326 1502 1377; x_wconf 90' lang='lat' dir='ltr'>et</span> <span class='ocrx_word' id='word_1_92' title='bbox 1548 1320 1693 1377; x_wconf 89' lang='lat' dir='ltr'>falsa</span> <span class='ocrx_word' id='word_1_93' title='bbox 1750 1322 1820 1377; x_wconf 90' lang='lat' dir='ltr'>ab</span> <span class='ocrx_word' id='word_1_94' title='bbox 1851 1319 2175 1394; x_wconf 86' lang='lat' dir='ltr'>Augustino</span> 
     </span>
    </p>
   </div>
   <div class='ocr_carea' id='block_1_18' title="bbox 529 1409 2179 1483">
    <p class='ocr_par' dir='ltr' id='par_1_18' title="bbox 529 1409 2179 1483">
     <span class='ocr_line' id='line_1_18' title="bbox 529 1409 2179 1483; baseline -0.002 -16"><span class='ocrx_word' id='word_1_95' title='bbox 529 1410 774 1467; x_wconf 87' lang='lat' dir='ltr'>narrari.</span> <span class='ocrx_word' id='word_1_96' title='bbox 812 1413 865 1465; x_wconf 91' lang='grc' dir='ltr'>1ο</span> <span class='ocrx_word' id='word_1_97' title='bbox 895 1411 1214 1483; x_wconf 86' lang='lat' dir='ltr'>Cyprianus</span> <span class='ocrx_word' id='word_1_98' title='bbox 1247 1411 1357 1467; x_wconf 88' lang='lat' dir='ltr'>sibi</span> <span class='ocrx_word' id='word_1_99' title='bbox 1410 1410 1520 1483; x_wconf 89' lang='lat' dir='ltr'>ipsi</span> <span class='ocrx_word' id='word_1_100' title='bbox 1569 1410 2006 1476; x_wconf 87' lang='lat' dir='ltr'>contradiceret,</span> <span class='ocrx_word' id='word_1_101' title='bbox 2041 1409 2179 1480; x_wconf 90' lang='lat' dir='ltr'>quia</span> 
     </span>
    </p>
   </div>
   <div class='ocr_carea' id='block_1_19' title="bbox 530 1498 2178 1573">
    <p class='ocr_par' dir='ltr' id='par_1_19' title="bbox 530 1498 2178 1573">
     <span class='ocr_line' id='line_1_19' title="bbox 530 1498 2178 1573; baseline -0.002 -17"><span class='ocrx_word' id='word_1_102' title='bbox 530 1516 601 1556; x_wconf 81' lang='lat' dir='ltr'>ex</span> <span class='ocrx_word' id='word_1_103' title='bbox 628 1499 939 1573; x_wconf 87' lang='lat' dir='ltr'>hypothesi</span> <span class='ocrx_word' id='word_1_104' title='bbox 986 1500 1155 1556; x_wconf 89' lang='lat' dir='ltr'>vellet</span> <span class='ocrx_word' id='word_1_105' title='bbox 1204 1501 1263 1556; x_wconf 90' lang='lat' dir='ltr'>in</span> <span class='ocrx_word' id='word_1_106' title='bbox 1322 1502 1487 1573; x_wconf 77' lang='lat' dir='ltr'>Epist.</span> <span class='ocrx_word' id='word_1_107' title='bbox 1522 1500 1593 1555; x_wconf 86' lang='lat' dir='ltr'>ad</span> <span class='ocrx_word' id='word_1_108' title='bbox 1646 1500 1911 1559; x_wconf 80' lang='lat' dir='ltr'>Jubaian.</span> <span class='ocrx_word' id='word_1_109' title='bbox 1979 1498 2178 1553; x_wconf 67' lang='lat' dir='ltr'>Africa)</span> 
     </span>
    </p>
   </div>
   <div class='ocr_carea' id='block_1_20' title="bbox 528 1587 2177 1663">
    <p class='ocr_par' dir='ltr' id='par_1_20' title="bbox 528 1587 2177 1663">
     <span class='ocr_line' id='line_1_20' title="bbox 528 1587 2177 1663; baseline -0.003 -17"><span class='ocrx_word' id='word_1_110' title='bbox 528 1589 1009 1646; x_wconf 89' lang='lat' dir='ltr'>consuetudinem</span> <span class='ocrx_word' id='word_1_111' title='bbox 1044 1595 1177 1663; x_wconf 90' lang='lat' dir='ltr'>post</span> <span class='ocrx_word' id='word_1_112' title='bbox 1206 1591 1593 1663; x_wconf 89' lang='lat' dir='ltr'>Agrippinum</span> <span class='ocrx_word' id='word_1_113' title='bbox 1625 1607 1742 1646; x_wconf 77' lang='lat' dir='ltr'>suae</span> <span class='ocrx_word' id='word_1_114' title='bbox 1774 1587 2032 1661; x_wconf 89' lang='lat' dir='ltr'>opinioni</span> <span class='ocrx_word' id='word_1_115' title='bbox 2052 1587 2177 1643; x_wconf 88' lang='lat' dir='ltr'>suf-</span> 
     </span>
    </p>
   </div>
   <div class='ocr_carea' id='block_1_21' title="bbox 528 1678 2180 1753">
    <p class='ocr_par' dir='ltr' id='par_1_21' title="bbox 528 1678 2180 1753">
     <span class='ocr_line' id='line_1_21' title="bbox 528 1678 2180 1753; baseline -0.001 -18"><span class='ocrx_word' id='word_1_116' title='bbox 528 1679 763 1753; x_wconf 88' lang='lat' dir='ltr'>fragari,</span> <span class='ocrx_word' id='word_1_117' title='bbox 798 1680 943 1734; x_wconf 90' lang='lat' dir='ltr'>etin</span> <span class='ocrx_word' id='word_1_118' title='bbox 996 1681 1144 1751; x_wconf 81' lang='lat' dir='ltr'>Epist</span> <span class='ocrx_word' id='word_1_119' title='bbox 1190 1680 1265 1735; x_wconf 65' lang='lat' dir='ltr'>at!</span> <span class='ocrx_word' id='word_1_120' title='bbox 1320 1681 1713 1735; x_wconf 69' lang='lat' dir='ltr'>Pii-miliarium</span> <span class='ocrx_word' id='word_1_121' title='bbox 1771 1678 2089 1734; x_wconf 83' lang='lat' dir='ltr'>affirmaret</span> <span class='ocrx_word' id='word_1_122' title='bbox 2118 1694 2180 1733; x_wconf 88' lang='lat' dir='ltr'>se</span> 
     </span>
    </p>
   </div>
   <div class='ocr_carea' id='block_1_22' title="bbox 524 1768 2259 1867">
    <p class='ocr_par' dir='ltr' id='par_1_22' title="bbox 524 1768 2259 1867">
     <span class='ocr_line' id='line_1_22' title="bbox 524 1768 2259 1867; baseline -0.002 -42"><span class='ocrx_word' id='word_1_123' title='bbox 524 1768 729 1825; x_wconf 78' lang='lat' dir='ltr'>Africae</span> <span class='ocrx_word' id='word_1_124' title='bbox 760 1769 1245 1824; x_wconf 87' lang='lat' dir='ltr'>consuetudinem</span> <span class='ocrx_word' id='word_1_125' title='bbox 1296 1768 1640 1841; x_wconf 87' lang='lat' dir='ltr'>relinquere.</span> <span class='ocrx_word' id='word_1_126' title='bbox 1672 1772 1732 1823; x_wconf 86' lang='lat'>2°</span> <span class='ocrx_word' id='word_1_127' title='bbox 1765 1768 2001 1825; x_wconf 90' lang='lat' dir='ltr'>Falsum</span> <span class='ocrx_word' id='word_1_128' title='bbox 2054 1784 2181 1821; x_wconf 89' lang='lat' dir='ltr'>nar-</span> <span class='ocrx_word' id='word_1_129' title='bbox 2212 1800 2259 1867; x_wconf 84' lang='lat' dir='ltr'><strong>B</strong></span> 
     </span>
    </p>
   </div>
   <div class='ocr_carea' id='block_1_23' title="bbox 528 1856 2179 1931">
    <p class='ocr_par' dir='ltr' id='par_1_23' title="bbox 528 1856 2179 1931">
     <span class='ocr_line' id='line_1_23' title="bbox 528 1856 2179 1931; baseline -0.002 -18"><span class='ocrx_word' id='word_1_130' title='bbox 528 1860 715 1913; x_wconf 89' lang='lat' dir='ltr'>rasset</span> <span class='ocrx_word' id='word_1_131' title='bbox 742 1857 1102 1928; x_wconf 88' lang='lat' dir='ltr'>Augustinus</span> <span class='ocrx_word' id='word_1_132' title='bbox 1135 1859 1367 1931; x_wconf 83' lang='lat' dir='ltr'>quando</span> <span class='ocrx_word' id='word_1_133' title='bbox 1419 1864 1537 1914; x_wconf 90' lang='lat' dir='ltr'>tam</span> <span class='ocrx_word' id='word_1_134' title='bbox 1585 1858 1820 1930; x_wconf 73' lang='lat' dir='ltr'>saepius,</span> <span class='ocrx_word' id='word_1_135' title='bbox 1855 1862 1975 1912; x_wconf 90' lang='lat' dir='ltr'>tam</span> <span class='ocrx_word' id='word_1_136' title='bbox 2007 1856 2179 1912; x_wconf 60' lang='lat' dir='ltr'>contio</span> 
     </span>
    </p>
   </div>
   <div class='ocr_carea' id='block_1_24' title="bbox 530 1946 2180 2018">
    <p class='ocr_par' dir='ltr' id='par_1_24' title="bbox 530 1946 2180 2018">
     <span class='ocr_line' id='line_1_24' title="bbox 530 1946 2180 2018; baseline -0.001 -16"><span class='ocrx_word' id='word_1_137' title='bbox 530 1947 752 2018; x_wconf 84' lang='lat' dir='ltr'>denter,</span> <span class='ocrx_word' id='word_1_138' title='bbox 786 1946 1109 2003; x_wconf 86' lang='lat' dir='ltr'>testabatur</span> <span class='ocrx_word' id='word_1_139' title='bbox 1147 1949 1630 2005; x_wconf 89' lang='lat' dir='ltr'>consuetudinem</span> <span class='ocrx_word' id='word_1_140' title='bbox 1666 1948 2018 2014; x_wconf 82' lang='lat' dir='ltr'>Africanam,</span> <span class='ocrx_word' id='word_1_141' title='bbox 2052 1962 2180 2018; x_wconf 87' lang='lat' dir='ltr'>spe-</span> 
     </span>
    </p>
   </div>
   <div class='ocr_carea' id='block_1_25' title="bbox 531 2034 2183 2111">
    <p class='ocr_par' dir='ltr' id='par_1_25' title="bbox 531 2034 2183 2111">
     <span class='ocr_line' id='line_1_25' title="bbox 531 2034 2183 2111; baseline -0.001 -19"><span class='ocrx_word' id='word_1_142' title='bbox 531 2039 684 2092; x_wconf 89' lang='lat' dir='ltr'>ctato</span> <span class='ocrx_word' id='word_1_143' title='bbox 716 2034 890 2091; x_wconf 90' lang='lat' dir='ltr'>etiam</span> <span class='ocrx_word' id='word_1_144' title='bbox 948 2040 1209 2107; x_wconf 89' lang='lat' dir='ltr'>tempore</span> <span class='ocrx_word' id='word_1_145' title='bbox 1268 2038 1457 2093; x_wconf 91' lang='lat' dir='ltr'>medio</span> <span class='ocrx_word' id='word_1_146' title='bbox 1499 2038 1887 2111; x_wconf 87' lang='lat' dir='ltr'>Agrippinum</span> <span class='ocrx_word' id='word_1_147' title='bbox 1919 2036 2070 2091; x_wconf 90' lang='lat' dir='ltr'>inter</span> <span class='ocrx_word' id='word_1_148' title='bbox 2125 2037 2183 2090; x_wconf 87' lang='lat' dir='ltr'>et</span> 
     </span>
    </p>
   </div>
   <div class='ocr_carea' id='block_1_26' title="bbox 529 2125 1985 2199">
    <p class='ocr_par' dir='ltr' id='par_1_26' title="bbox 529 2125 1985 2199">
     <span class='ocr_line' id='line_1_26' title="bbox 529 2125 1985 2199; baseline -0.001 -19"><span class='ocrx_word' id='word_1_149' title='bbox 529 2125 902 2199; x_wconf 80' lang='lat' dir='ltr'>Cyprianum,</span> <span class='ocrx_word' id='word_1_150' title='bbox 934 2126 1373 2197; x_wconf 88' lang='lat' dir='ltr'>rebaptizationi</span> <span class='ocrx_word' id='word_1_151' title='bbox 1404 2126 1581 2183; x_wconf 87' lang='lat' dir='ltr'>fuisse</span> <span class='ocrx_word' id='word_1_152' title='bbox 1614 2126 1985 2183; x_wconf 91' lang='lat' dir='ltr'>contrariam.</span> 
     </span>
    </p>
   </div>
   <div class='ocr_carea' id='block_1_27' title="bbox 604 2214 2185 2289">
    <p class='ocr_par' dir='ltr' id='par_1_27' title="bbox 604 2214 2185 2289">
     <span class='ocr_line' id='line_1_27' title="bbox 604 2214 2185 2289; baseline -0.002 -19"><span class='ocrx_word' id='word_1_153' title='bbox 604 2214 721 2270; x_wconf 85' lang='lat' dir='ltr'>Hoc</span> <span class='ocrx_word' id='word_1_154' title='bbox 753 2214 987 2286; x_wconf 89' lang='lat' dir='ltr'>quidem</span> <span class='ocrx_word' id='word_1_155' title='bbox 1014 2215 1243 2271; x_wconf 77' lang='lat' dir='ltr'>effutire</span> <span class='ocrx_word' id='word_1_156' title='bbox 1273 2217 1343 2271; x_wconf 91' lang='lat' dir='ltr'>de</span> <span class='ocrx_word' id='word_1_157' title='bbox 1373 2216 1697 2289; x_wconf 86' lang='lat' dir='ltr'>Augustino</span> <span class='ocrx_word' id='word_1_158' title='bbox 1719 2215 1941 2271; x_wconf 89' lang='lat' dir='ltr'>veritus</span> <span class='ocrx_word' id='word_1_159' title='bbox 1959 2230 2073 2268; x_wconf 91' lang='lat' dir='ltr'>non</span> <span class='ocrx_word' id='word_1_160' title='bbox 2097 2215 2185 2268; x_wconf 92' lang='lat' dir='ltr'>est</span> 
     </span>
    </p>
   </div>
   <div class='ocr_carea' id='block_1_28' title="bbox 533 2302 2182 2378">
    <p class='ocr_par' dir='ltr' id='par_1_28' title="bbox 533 2302 2182 2378">
     <span class='ocr_line' id='line_1_28' title="bbox 533 2302 2182 2378; baseline -0.003 -17"><span class='ocrx_word' id='word_1_161' title='bbox 533 2304 594 2361; x_wconf 93' lang='lat' dir='ltr'>P.</span> <span class='ocrx_word' id='word_1_162' title='bbox 628 2304 939 2361; x_wconf 90' lang='lat' dir='ltr'>Gervasius</span> <span class='ocrx_word' id='word_1_163' title='bbox 969 2304 1027 2359; x_wconf 91' lang='lat' dir='ltr'>in</span> <span class='ocrx_word' id='word_1_164' title='bbox 1057 2322 1163 2360; x_wconf 89' lang='lat' dir='ltr'>sua</span> <span class='ocrx_word' id='word_1_165' title='bbox 1193 2322 1368 2378; x_wconf 87' lang='lat' dir='ltr'>quam</span> <span class='ocrx_word' id='word_1_166' title='bbox 1401 2305 1619 2361; x_wconf 90' lang='lat' dir='ltr'>Gallico</span> <span class='ocrx_word' id='word_1_167' title='bbox 1641 2305 1916 2360; x_wconf 84' lang='lat' dir='ltr'>idiomate</span> <span class='ocrx_word' id='word_1_168' title='bbox 1939 2302 2182 2376; x_wconf 64' lang='lat' dir='ltr'>publica:</span> 
     </span>
    </p>
   </div>
   <div class='ocr_carea' id='block_1_29' title="bbox 528 2392 2178 2466">
    <p class='ocr_par' dir='ltr' id='par_1_29' title="bbox 528 2392 2178 2466">
     <span class='ocr_line' id='line_1_29' title="bbox 528 2392 2178 2466; baseline -0.002 -17"><span class='ocrx_word' id='word_1_169' title='bbox 528 2392 647 2449; x_wconf 90' lang='lat' dir='ltr'>luci</span> <span class='ocrx_word' id='word_1_170' title='bbox 679 2393 841 2448; x_wconf 86' lang='lat' dir='ltr'>dedit</span> <span class='ocrx_word' id='word_1_171' title='bbox 868 2393 924 2448; x_wconf 91' lang='lat' dir='ltr'>S.</span> <span class='ocrx_word' id='word_1_172' title='bbox 977 2393 1248 2466; x_wconf 79' lang='lat' dir='ltr'>Cypriani</span> <span class='ocrx_word' id='word_1_173' title='bbox 1304 2396 1442 2463; x_wconf 79' lang='lat' dir='ltr'>Vita,</span> <span class='ocrx_word' id='word_1_174' title='bbox 1476 2395 1575 2450; x_wconf 91' lang='lat' dir='ltr'>lib.</span> <span class='ocrx_word' id='word_1_175' title='bbox 1638 2394 1702 2464; x_wconf 87' lang='lat' dir='ltr'>V,</span> <span class='ocrx_word' id='word_1_176' title='bbox 1735 2410 1901 2448; x_wconf 90' lang='lat' dir='ltr'>num.</span> <span class='ocrx_word' id='word_1_177' title='bbox 1958 2393 2013 2463; x_wconf 87' lang='lat'>5,</span> <span class='ocrx_word' id='word_1_178' title='bbox 2046 2407 2178 2464; x_wconf 88' lang='lat' dir='ltr'>pag.</span> 
     </span>
    </p>
   </div>
   <div class='ocr_carea' id='block_1_30' title="bbox 530 2481 2179 2556">
    <p class='ocr_par' dir='ltr' id='par_1_30' title="bbox 530 2481 2179 2556">
     <span class='ocr_line' id='line_1_30' title="bbox 530 2481 2179 2556; baseline -0.001 -19"><span class='ocrx_word' id='word_1_179' title='bbox 530 2482 655 2537; x_wconf 86' lang='grc'><strong>381.</strong></span> <span class='ocrx_word' id='word_1_180' title='bbox 687 2483 902 2538; x_wconf 89' lang='lat' dir='ltr'>Verum</span> <span class='ocrx_word' id='word_1_181' title='bbox 954 2482 1086 2554; x_wconf 90' lang='lat' dir='ltr'>quis</span> <span class='ocrx_word' id='word_1_182' title='bbox 1143 2482 1431 2556; x_wconf 87' lang='lat' dir='ltr'>patienter</span> <span class='ocrx_word' id='word_1_183' title='bbox 1488 2484 1635 2541; x_wconf 90' lang='lat' dir='ltr'>ferat</span> <span class='ocrx_word' id='word_1_184' title='bbox 1692 2486 1927 2538; x_wconf 90' lang='lat' dir='ltr'>tantum</span> <span class='ocrx_word' id='word_1_185' title='bbox 1978 2481 2179 2536; x_wconf 75' lang='lat'>1349</span> 
     </span>
    </p>
   </div>
   <div class='ocr_carea' id='block_1_31' title="bbox 532 2572 2181 2645">
    <p class='ocr_par' dir='ltr' id='par_1_31' title="bbox 532 2572 2181 2645">
     <span class='ocr_line' id='line_1_31' title="bbox 532 2572 2181 2645; baseline -0.001 -18"><span class='ocrx_word' id='word_1_186' title='bbox 532 2575 831 2627; x_wconf 90' lang='lat' dir='ltr'>Doctorem</span> <span class='ocrx_word' id='word_1_187' title='bbox 866 2573 1129 2627; x_wconf 90' lang='lat' dir='ltr'>omnium</span> <span class='ocrx_word' id='word_1_188' title='bbox 1164 2573 1220 2627; x_wconf 92' lang='lat' dir='ltr'>in</span> <span class='ocrx_word' id='word_1_189' title='bbox 1264 2573 1371 2629; x_wconf 90' lang='lat' dir='ltr'>hoc</span> <span class='ocrx_word' id='word_1_190' title='bbox 1430 2572 1905 2645; x_wconf 87' lang='lat' dir='ltr'>rebaptizationis</span> <span class='ocrx_word' id='word_1_191' title='bbox 1954 2572 2181 2643; x_wconf 88' lang='lat' dir='ltr'>negotio</span> 
     </span>
    </p>
   </div>
   <div class='ocr_carea' id='block_1_32' title="bbox 532 2660 2183 2735">
    <p class='ocr_par' dir='ltr' id='par_1_32' title="bbox 532 2660 2183 2735">
     <span class='ocr_line' id='line_1_32' title="bbox 532 2660 2183 2735; baseline -0.002 -18"><span class='ocrx_word' id='word_1_192' title='bbox 532 2660 1001 2717; x_wconf 85' lang='lat' dir='ltr'>versatissimum</span> <span class='ocrx_word' id='word_1_193' title='bbox 1034 2662 1249 2734; x_wconf 70' lang='lat' dir='ltr'>saepius</span> <span class='ocrx_word' id='word_1_194' title='bbox 1285 2667 1347 2718; x_wconf 87' lang='lat' dir='ltr'>ut</span> <span class='ocrx_word' id='word_1_195' title='bbox 1400 2664 1732 2735; x_wconf 88' lang='lat' dir='ltr'>deceptum,</span> <span class='ocrx_word' id='word_1_196' title='bbox 1768 2667 1831 2717; x_wconf 95' lang='lat' dir='ltr'>ut</span> <span class='ocrx_word' id='word_1_197' title='bbox 1869 2679 1903 2715; x_wconf 90' lang='lat' dir='ltr'>a</span> <span class='ocrx_word' id='word_1_198' title='bbox 1944 2660 2183 2715; x_wconf 88' lang='lat' dir='ltr'>veritate</span> 
     </span>
    </p>
   </div>
   <div class='ocr_carea' id='block_1_33' title="bbox 539 2749 2180 2823">
    <p class='ocr_par' dir='ltr' id='par_1_33' title="bbox 539 2749 2180 2823">
     <span class='ocr_line' id='line_1_33' title="bbox 539 2749 2180 2823; baseline -0.002 -16"><span class='ocrx_word' id='word_1_199' title='bbox 539 2751 928 2818; x_wconf 86' lang='lat' dir='ltr'>aberrantem,</span> <span class='ocrx_word' id='word_1_200' title='bbox 964 2755 1029 2806; x_wconf 90' lang='lat' dir='ltr'>ut</span> <span class='ocrx_word' id='word_1_201' title='bbox 1076 2753 1223 2807; x_wconf 89' lang='lat' dir='ltr'>falsa</span> <span class='ocrx_word' id='word_1_202' title='bbox 1268 2753 1699 2823; x_wconf 87' lang='lat' dir='ltr'>obtrudentem,</span> <span class='ocrx_word' id='word_1_203' title='bbox 1736 2755 1796 2806; x_wconf 89' lang='lat' dir='ltr'>ut</span> <span class='ocrx_word' id='word_1_204' title='bbox 1826 2749 2047 2805; x_wconf 86' lang='lat' dir='ltr'>malum</span> <span class='ocrx_word' id='word_1_205' title='bbox 2079 2753 2180 2821; x_wconf 85' lang='lat' dir='ltr'>Cy-</span> 
     </span>
    </p>
   </div>
   <div class='ocr_carea' id='block_1_34' title="bbox 532 2839 2182 2913">
    <p class='ocr_par' dir='ltr' id='par_1_34' title="bbox 532 2839 2182 2913">
     <span class='ocr_line' id='line_1_34' title="bbox 532 2839 2182 2913; baseline -0.002 -18"><span class='ocrx_word' id='word_1_206' title='bbox 532 2840 722 2913; x_wconf 89' lang='lat' dir='ltr'>priani</span> <span class='ocrx_word' id='word_1_207' title='bbox 751 2840 1124 2913; x_wconf 89' lang='lat' dir='ltr'>interpretem</span> <span class='ocrx_word' id='word_1_208' title='bbox 1172 2842 1243 2897; x_wconf 92' lang='lat' dir='ltr'>ab</span> <span class='ocrx_word' id='word_1_209' title='bbox 1276 2841 1385 2898; x_wconf 90' lang='lat' dir='ltr'>hoc</span> <span class='ocrx_word' id='word_1_210' title='bbox 1414 2846 1649 2897; x_wconf 90' lang='lat' dir='ltr'>auctore</span> <span class='ocrx_word' id='word_1_211' title='bbox 1680 2840 1951 2895; x_wconf 86' lang='lat' dir='ltr'>traduci?</span> <span class='ocrx_word' id='word_1_212' title='bbox 1984 2860 2012 2889; x_wconf 85' lang='lat'><strong><em>«</em></strong></span> <span class='ocrx_word' id='word_1_213' title='bbox 2054 2839 2182 2893; x_wconf 65' lang='lat' dir='ltr'>Haec</span> 
     </span>
    </p>
   </div>
   <div class='ocr_carea' id='block_1_35' title="bbox 528 2927 2181 3004">
    <p class='ocr_par' dir='ltr' id='par_1_35' title="bbox 528 2927 2181 3004">
     <span class='ocr_line' id='line_1_35' title="bbox 528 2927 2181 3004; baseline -0.002 -19"><span class='ocrx_word' id='word_1_214' title='bbox 528 2930 774 3004; x_wconf 84' lang='lat' dir='ltr'>jactare,</span> <span class='ocrx_word' id='word_1_215' title='bbox 807 2930 1118 2987; x_wconf 89' lang='lat' dir='ltr'>defunctus</span> <span class='ocrx_word' id='word_1_216' title='bbox 1140 2931 1329 2987; x_wconf 88' lang='lat' dir='ltr'>adhuc</span> <span class='ocrx_word' id='word_1_217' title='bbox 1360 2931 1620 3003; x_wconf 88' lang='lat' dir='ltr'>loquitur</span> <span class='ocrx_word' id='word_1_218' title='bbox 1648 2927 2181 3003; x_wconf 88' lang='lat' dir='ltr'>Augustinus,quid</span> 
     </span>
    </p>
   </div>
   <div class='ocr_carea' id='block_1_36' title="bbox 532 3018 2184 3093">
    <p class='ocr_par' dir='ltr' id='par_1_36' title="bbox 532 3018 2184 3093">
     <span class='ocr_line' id='line_1_36' title="bbox 532 3018 2184 3093; baseline -0.002 -16"><span class='ocrx_word' id='word_1_219' title='bbox 532 3024 623 3077; x_wconf 86' lang='lat' dir='ltr'>est</span> <span class='ocrx_word' id='word_1_220' title='bbox 653 3019 763 3076; x_wconf 91' lang='lat' dir='ltr'>nisi</span> <span class='ocrx_word' id='word_1_221' title='bbox 794 3019 1040 3076; x_wconf 88' lang='lat' dir='ltr'>delirare</span> <span class='ocrx_word' id='word_1_222' title='bbox 1071 3020 1147 3093; x_wconf 80' lang='lat'>(8)</span> <span class='ocrx_word' id='word_1_223' title='bbox 1171 3022 1198 3076; x_wconf 85' lang='lat'><strong>?</strong></span> <span class='ocrx_word' id='word_1_224' title='bbox 1220 3042 1247 3070; x_wconf 83' lang='lat'>»</span> <span class='ocrx_word' id='word_1_225' title='bbox 1298 3022 1489 3087; x_wconf 85' lang='lat' dir='ltr'>Forte,</span> <span class='ocrx_word' id='word_1_226' title='bbox 1539 3021 1790 3092; x_wconf 87' lang='lat' dir='ltr'>inquies,</span> <span class='ocrx_word' id='word_1_227' title='bbox 1822 3018 1964 3075; x_wconf 90' lang='lat' dir='ltr'>talia</span> <span class='ocrx_word' id='word_1_228' title='bbox 1987 3034 2184 3074; x_wconf 90' lang='lat' dir='ltr'>censo-</span> 
     </span>
    </p>
   </div>
   <div class='ocr_carea' id='block_1_37' title="bbox 534 3108 2183 3184">
    <p class='ocr_par' dir='ltr' id='par_1_37' title="bbox 534 3108 2183 3184">
     <span class='ocr_line' id='line_1_37' title="bbox 534 3108 2183 3184; baseline -0.002 -19"><span class='ocrx_word' id='word_1_229' title='bbox 534 3126 658 3167; x_wconf 87' lang='lat' dir='ltr'>rem</span> <span class='ocrx_word' id='word_1_230' title='bbox 692 3113 958 3165; x_wconf 90' lang='lat' dir='ltr'>nostrum</span> <span class='ocrx_word' id='word_1_231' title='bbox 990 3111 1276 3183; x_wconf 88' lang='lat' dir='ltr'>urgebant</span> <span class='ocrx_word' id='word_1_232' title='bbox 1306 3114 1670 3184; x_wconf 88' lang='lat' dir='ltr'>argumenta,</span> <span class='ocrx_word' id='word_1_233' title='bbox 1695 3114 1760 3165; x_wconf 92' lang='lat' dir='ltr'>ut</span> <span class='ocrx_word' id='word_1_234' title='bbox 1788 3108 2183 3181; x_wconf 88' lang='lat' dir='ltr'>Augustinum</span> 
     </span>
    </p>
   </div>
   <div class='ocr_carea' id='block_1_38' title="bbox 536 3174 2258 3272">
    <p class='ocr_par' dir='ltr' id='par_1_38' title="bbox 536 3174 2258 3272">
     <span class='ocr_line' id='line_1_38' title="bbox 536 3174 2258 3272; baseline -0.003 -16"><span class='ocrx_word' id='word_1_235' title='bbox 536 3199 610 3257; x_wconf 85' lang='lat' dir='ltr'>ab</span> <span class='ocrx_word' id='word_1_236' title='bbox 642 3199 714 3253; x_wconf 92' lang='lat' dir='ltr'>iis</span> <span class='ocrx_word' id='word_1_237' title='bbox 745 3199 950 3255; x_wconf 90' lang='lat' dir='ltr'>erratis</span> <span class='ocrx_word' id='word_1_238' title='bbox 980 3216 1255 3255; x_wconf 82' lang='lat' dir='ltr'>excusare</span> <span class='ocrx_word' id='word_1_239' title='bbox 1286 3217 1401 3255; x_wconf 91' lang='lat' dir='ltr'>non</span> <span class='ocrx_word' id='word_1_240' title='bbox 1451 3203 1649 3272; x_wconf 90' lang='lat' dir='ltr'>posset</span> <span class='ocrx_word' id='word_1_241' title='bbox 1675 3197 1849 3255; x_wconf 82' lang='lat' dir='ltr'>etiam</span> <span class='ocrx_word' id='word_1_242' title='bbox 1881 3195 2183 3270; x_wconf 88' lang='lat' dir='ltr'>paratissi-</span> <span class='ocrx_word' id='word_1_243' title='bbox 2215 3174 2258 3241; x_wconf 63' lang='grc' dir='ltr'>(ἶ</span> 
     </span>
    </p>
   </div>
   <div class='ocr_carea' id='block_1_39' title="bbox 536 3289 1500 3360">
    <p class='ocr_par' dir='ltr' id='par_1_39' title="bbox 536 3289 1500 3360">
     <span class='ocr_line' id='line_1_39' title="bbox 536 3289 1500 3360; baseline -0.002 -14"><span class='ocrx_word' id='word_1_244' title='bbox 536 3305 691 3346; x_wconf 87' lang='lat' dir='ltr'>mus.</span> <span class='ocrx_word' id='word_1_245' title='bbox 716 3293 762 3341; x_wconf 85' lang='grc' dir='ltr'><strong>Α</strong></span> <span class='ocrx_word' id='word_1_246' title='bbox 794 3289 1058 3360; x_wconf 88' lang='lat' dir='ltr'>sequenti</span> <span class='ocrx_word' id='word_1_247' title='bbox 1089 3293 1292 3345; x_wconf 71' lang='lat' dir='ltr'>caetera</span> <span class='ocrx_word' id='word_1_248' title='bbox 1323 3289 1500 3345; x_wconf 89' lang='lat' dir='ltr'>disce.</span> 
     </span>
    </p>
   </div>
   <div class='ocr_carea' id='block_1_40' title="bbox 615 3376 2188 3450">
    <p class='ocr_par' dir='ltr' id='par_1_40' title="bbox 615 3376 2188 3450">
     <span class='ocr_line' id='line_1_40' title="bbox 615 3376 2188 3450; baseline 0.001 -20"><span class='ocrx_word' id='word_1_249' title='bbox 615 3401 643 3430; x_wconf 72' lang='grc' dir='ltr'>ι(</span> <span class='ocrx_word' id='word_1_250' title='bbox 678 3379 891 3435; x_wconf 89' lang='lat' dir='ltr'>Mirum</span> <span class='ocrx_word' id='word_1_251' title='bbox 926 3396 1037 3434; x_wconf 86' lang='lat' dir='ltr'>non</span> <span class='ocrx_word' id='word_1_252' title='bbox 1088 3383 1194 3449; x_wconf 91' lang='lat' dir='ltr'>est,</span> <span class='ocrx_word' id='word_1_253' title='bbox 1228 3378 1421 3450; x_wconf 89' lang='lat' dir='ltr'>inquit</span> <span class='ocrx_word' id='word_1_254' title='bbox 1451 3376 1783 3443; x_wconf 88' lang='lat' dir='ltr'>Gervasius,</span> <span class='ocrx_word' id='word_1_255' title='bbox 1818 3377 1969 3448; x_wconf 92' lang='lat' dir='ltr'>quod</span> <span class='ocrx_word' id='word_1_256' title='bbox 1994 3378 2188 3448; x_wconf 86' lang='lat' dir='ltr'>Augu-</span> 
     </span>
    </p>
   </div>
   <div class='ocr_carea' id='block_1_41' title="bbox 544 3465 2189 3540">
    <p class='ocr_par' dir='ltr' id='par_1_41' title="bbox 544 3465 2189 3540">
     <span class='ocr_line' id='line_1_41' title="bbox 544 3465 2189 3540; baseline -0.004 -16"><span class='ocrx_word' id='word_1_257' title='bbox 544 3468 737 3524; x_wconf 88' lang='lat' dir='ltr'>stinus</span> <span class='ocrx_word' id='word_1_258' title='bbox 796 3485 1107 3524; x_wconf 90' lang='lat' dir='ltr'>numerum</span> <span class='ocrx_word' id='word_1_259' title='bbox 1163 3468 1569 3540; x_wconf 84' lang='lat' dir='ltr'>episcoporum</span> <span class='ocrx_word' id='word_1_260' title='bbox 1647 3465 2031 3522; x_wconf 89' lang='lat' dir='ltr'>Orientalium</span> <span class='ocrx_word' id='word_1_261' title='bbox 2090 3479 2189 3535; x_wconf 75' lang='lat' dir='ltr'>qui</span> 
     </span>
    </p>
   </div>
   <div class='ocr_carea' id='block_1_42' title="bbox 546 3554 2191 3631">
    <p class='ocr_par' dir='ltr' id='par_1_42' title="bbox 546 3554 2191 3631">
     <span class='ocr_line' id='line_1_42' title="bbox 546 3554 2191 3631; baseline -0.005 -15"><span class='ocrx_word' id='word_1_262' title='bbox 546 3557 820 3631; x_wconf 78' lang='lat' dir='ltr'>Cypriani</span> <span class='ocrx_word' id='word_1_263' title='bbox 841 3557 1190 3613; x_wconf 88' lang='lat' dir='ltr'>sententiam</span> <span class='ocrx_word' id='word_1_264' title='bbox 1210 3557 1659 3629; x_wconf 88' lang='lat' dir='ltr'>pr0pugnabant</span> <span class='ocrx_word' id='word_1_265' title='bbox 1679 3554 2191 3627; x_wconf 88' lang='lat' dir='ltr'>ignoraverit,cum</span> 
     </span>
    </p>
   </div>
   <div class='ocr_carea' id='block_1_43' title="bbox 540 3643 2195 3719">
    <p class='ocr_par' dir='ltr' id='par_1_43' title="bbox 540 3643 2195 3719">
     <span class='ocr_line' id='line_1_43' title="bbox 540 3643 2195 3719; baseline -0.004 -16"><span class='ocrx_word' id='word_1_266' title='bbox 540 3663 857 3703; x_wconf 90' lang='lat' dir='ltr'>numerum</span> <span class='ocrx_word' id='word_1_267' title='bbox 885 3645 1287 3702; x_wconf 78' lang='lat' dir='ltr'>Africanorum</span> <span class='ocrx_word' id='word_1_268' title='bbox 1321 3663 1424 3702; x_wconf 91' lang='lat' dir='ltr'>nec</span> <span class='ocrx_word' id='word_1_269' title='bbox 1455 3645 1784 3719; x_wconf 85' lang='lat' dir='ltr'>agnoverit;</span> <span class='ocrx_word' id='word_1_270' title='bbox 1820 3643 2195 3715; x_wconf 84' lang='lat' dir='ltr'>septuaginta</span> 
     </span>
    </p>
   </div>
   <div class='ocr_carea' id='block_1_44' title="bbox 541 3734 2193 3808">
    <p class='ocr_par' dir='ltr' id='par_1_44' title="bbox 541 3734 2193 3808">
     <span class='ocr_line' id='line_1_44' title="bbox 541 3734 2193 3808; baseline -0.005 -15"><span class='ocrx_word' id='word_1_271' title='bbox 541 3736 698 3793; x_wconf 88' lang='lat' dir='ltr'>enim</span> <span class='ocrx_word' id='word_1_272' title='bbox 731 3735 1032 3808; x_wconf 91' lang='lat' dir='ltr'>episcopos</span> <span class='ocrx_word' id='word_1_273' title='bbox 1064 3752 1167 3791; x_wconf 89' lang='lat' dir='ltr'>nec</span> <span class='ocrx_word' id='word_1_274' title='bbox 1196 3735 1393 3807; x_wconf 89' lang='lat' dir='ltr'>plures</span> <span class='ocrx_word' id='word_1_275' title='bbox 1426 3735 1485 3789; x_wconf 90' lang='lat' dir='ltr'>in</span> <span class='ocrx_word' id='word_1_276' title='bbox 1516 3734 1710 3789; x_wconf 84' lang='lat' dir='ltr'>Africa</span> <span class='ocrx_word' id='word_1_277' title='bbox 1739 3737 2025 3797; x_wconf 86' lang='lat' dir='ltr'>recenset,</span> <span class='ocrx_word' id='word_1_278' title='bbox 2058 3747 2193 3786; x_wconf 93' lang='lat' dir='ltr'>cum</span> 
     </span>
    </p>
   </div>
   <div class='ocr_carea' id='block_1_45' title="bbox 540 3825 2192 3897">
    <p class='ocr_par' dir='ltr' id='par_1_45' title="bbox 540 3825 2192 3897">
     <span class='ocr_line' id='line_1_45' title="bbox 540 3825 2192 3897; baseline -0.004 -14"><span class='ocrx_word' id='word_1_279' title='bbox 540 3827 628 3884; x_wconf 88' lang='lat' dir='ltr'>vel</span> <span class='ocrx_word' id='word_1_280' title='bbox 661 3828 719 3882; x_wconf 91' lang='lat' dir='ltr'>in</span> <span class='ocrx_word' id='word_1_281' title='bbox 752 3844 868 3882; x_wconf 89' lang='lat' dir='ltr'>uno</span> <span class='ocrx_word' id='word_1_282' title='bbox 891 3825 1136 3882; x_wconf 91' lang='lat' dir='ltr'>concilio</span> <span class='ocrx_word' id='word_1_283' title='bbox 1157 3827 1447 3897; x_wconf 80' lang='lat' dir='ltr'>octoginta</span> <span class='ocrx_word' id='word_1_284' title='bbox 1472 3830 1695 3897; x_wconf 87' lang='lat' dir='ltr'>septem</span> <span class='ocrx_word' id='word_1_285' title='bbox 1716 3826 2192 3880; x_wconf 85' lang='lat' dir='ltr'>enumerentur.»</span> 
     </span>
    </p>
   </div>
   <div class='ocr_carea' id='block_1_46' title="bbox 545 3911 2197 3990">
    <p class='ocr_par' dir='ltr' id='par_1_46' title="bbox 545 3911 2197 3990">
     <span class='ocr_line' id='line_1_46' title="bbox 545 3911 2197 3990; baseline -0.004 -18"><span class='ocrx_word' id='word_1_286' title='bbox 545 3917 647 3973; x_wconf 85' lang='lat' dir='ltr'>Hic</span> <span class='ocrx_word' id='word_1_287' title='bbox 679 3917 1071 3990; x_wconf 89' lang='lat' dir='ltr'>Augustinum</span> <span class='ocrx_word' id='word_1_288' title='bbox 1106 3916 1331 3971; x_wconf 89' lang='lat' dir='ltr'>numeri</span> <span class='ocrx_word' id='word_1_289' title='bbox 1366 3914 1853 3987; x_wconf 89' lang='lat' dir='ltr'>rebaptizantium</span> <span class='ocrx_word' id='word_1_290' title='bbox 1886 3929 1955 3968; x_wconf 81' lang='lat' dir='ltr'>ex</span> <span class='ocrx_word' id='word_1_291' title='bbox 2004 3911 2197 3967; x_wconf 84' lang='lat' dir='ltr'>Africa</span> 
     </span>
    </p>
   </div>
   <div class='ocr_carea' id='block_1_47' title="bbox 544 4004 2195 4080">
    <p class='ocr_par' dir='ltr' id='par_1_47' title="bbox 544 4004 2195 4080">
     <span class='ocr_line' id='line_1_47' title="bbox 544 4004 2195 4080; baseline -0.004 -18"><span class='ocrx_word' id='word_1_292' title='bbox 544 4007 954 4080; x_wconf 89' lang='lat' dir='ltr'>episcoporum</span> <span class='ocrx_word' id='word_1_293' title='bbox 983 4005 1254 4078; x_wconf 89' lang='lat' dir='ltr'>ignarum</span> <span class='ocrx_word' id='word_1_294' title='bbox 1288 4005 1457 4060; x_wconf 91' lang='lat' dir='ltr'>nobis</span> <span class='ocrx_word' id='word_1_295' title='bbox 1503 4004 1779 4070; x_wconf 89' lang='lat' dir='ltr'>venditat,</span> <span class='ocrx_word' id='word_1_296' title='bbox 1815 4006 2195 4074; x_wconf 68' lang='lat' dir='ltr'>prietensam-</span> 
     </span>
    </p>
   </div>
   <div class='ocr_carea' id='block_1_48' title="bbox 544 4088 2199 4168">
    <p class='ocr_par' dir='ltr' id='par_1_48' title="bbox 544 4088 2199 4168">
     <span class='ocr_line' id='line_1_48' title="bbox 544 4088 2199 4168; baseline -0.004 -18"><span class='ocrx_word' id='word_1_297' title='bbox 544 4113 656 4168; x_wconf 91' lang='lat' dir='ltr'>que</span> <span class='ocrx_word' id='word_1_298' title='bbox 688 4095 1077 4167; x_wconf 86' lang='lat' dir='ltr'>ignorantiam</span> <span class='ocrx_word' id='word_1_299' title='bbox 1108 4095 1258 4150; x_wconf 90' lang='lat' dir='ltr'>hanc</span> <span class='ocrx_word' id='word_1_300' title='bbox 1279 4095 1485 4167; x_wconf 87' lang='lat' dir='ltr'>probat</span> <span class='ocrx_word' id='word_1_301' title='bbox 1510 4098 1854 4165; x_wconf 89' lang='lat' dir='ltr'>argumento</span> <span class='ocrx_word' id='word_1_302' title='bbox 1878 4108 1891 4146; x_wconf 87' lang='lat'><strong>:</strong></span> <span class='ocrx_word' id='word_1_303' title='bbox 1918 4092 2056 4163; x_wconf 90' lang='lat' dir='ltr'>quia</span> <span class='ocrx_word' id='word_1_304' title='bbox 2073 4088 2199 4162; x_wconf 91' lang='lat' dir='ltr'>plu-</span> 
     </span>
    </p>
   </div>
   <div class='ocr_carea' id='block_1_49' title="bbox 549 4181 2199 4258">
    <p class='ocr_par' dir='ltr' id='par_1_49' title="bbox 549 4181 2199 4258">
     <span class='ocr_line' id='line_1_49' title="bbox 549 4181 2199 4258; baseline -0.005 -17"><span class='ocrx_word' id='word_1_305' title='bbox 549 4202 663 4253; x_wconf 88' lang='lat' dir='ltr'>res,</span> <span class='ocrx_word' id='word_1_306' title='bbox 695 4184 908 4258; x_wconf 85' lang='lat' dir='ltr'>inquit,</span> <span class='ocrx_word' id='word_1_307' title='bbox 940 4185 999 4240; x_wconf 92' lang='lat' dir='ltr'>in</span> <span class='ocrx_word' id='word_1_308' title='bbox 1055 4185 1246 4239; x_wconf 80' lang='lat' dir='ltr'>Africa</span> <span class='ocrx_word' id='word_1_309' title='bbox 1284 4182 1709 4254; x_wconf 89' lang='lat' dir='ltr'>rebaptizantes</span> <span class='ocrx_word' id='word_1_310' title='bbox 1740 4181 2042 4253; x_wconf 88' lang='lat' dir='ltr'>episcopos</span> <span class='ocrx_word' id='word_1_311' title='bbox 2083 4195 2199 4233; x_wconf 90' lang='lat' dir='ltr'>non</span> 
     </span>
    </p>
   </div>
   <div class='ocr_carea' id='block_1_50' title="bbox 547 4269 2200 4347">
    <p class='ocr_par' dir='ltr' id='par_1_50' title="bbox 547 4269 2200 4347">
     <span class='ocr_line' id='line_1_50' title="bbox 547 4269 2200 4347; baseline -0.005 -14"><span class='ocrx_word' id='word_1_312' title='bbox 547 4281 815 4333; x_wconf 88' lang='lat' dir='ltr'>recenset</span> <span class='ocrx_word' id='word_1_313' title='bbox 843 4276 903 4332; x_wconf 92' lang='lat' dir='ltr'>S.</span> <span class='ocrx_word' id='word_1_314' title='bbox 936 4281 1139 4331; x_wconf 92' lang='lat' dir='ltr'>Doctor</span> <span class='ocrx_word' id='word_1_315' title='bbox 1168 4292 1345 4347; x_wconf 90' lang='lat' dir='ltr'>quam</span> <span class='ocrx_word' id='word_1_316' title='bbox 1394 4272 1785 4346; x_wconf 90' lang='lat' dir='ltr'>septuaginta.</span> <span class='ocrx_word' id='word_1_317' title='bbox 1834 4272 2013 4344; x_wconf 90' lang='lat' dir='ltr'>Nigra</span> <span class='ocrx_word' id='word_1_318' title='bbox 2042 4269 2200 4326; x_wconf 89' lang='lat' dir='ltr'>falsi-</span> 
     </span>
    </p>
   </div>
   <div class='ocr_carea' id='block_1_51' title="bbox 548 4360 2202 4438">
    <p class='ocr_par' dir='ltr' id='par_1_51' title="bbox 548 4360 2202 4438">
     <span class='ocr_line' id='line_1_51' title="bbox 548 4360 2202 4438; baseline -0.006 -15"><span class='ocrx_word' id='word_1_319' title='bbox 548 4371 639 4423; x_wconf 89' lang='lat' dir='ltr'>tas</span> <span class='ocrx_word' id='word_1_320' title='bbox 668 4372 726 4423; x_wconf 90' lang='lat' dir='ltr'>et</span> <span class='ocrx_word' id='word_1_321' title='bbox 757 4384 823 4423; x_wconf 84' lang='lat' dir='ltr'>eo</span> <span class='ocrx_word' id='word_1_322' title='bbox 856 4365 1044 4438; x_wconf 89' lang='lat' dir='ltr'>magis</span> <span class='ocrx_word' id='word_1_323' title='bbox 1095 4364 1482 4432; x_wconf 89' lang='lat' dir='ltr'>intoleranda,</span> <span class='ocrx_word' id='word_1_324' title='bbox 1508 4379 1623 4435; x_wconf 92' lang='lat' dir='ltr'>quo</span> <span class='ocrx_word' id='word_1_325' title='bbox 1680 4366 1736 4417; x_wconf 87' lang='lat' dir='ltr'>et</span> <span class='ocrx_word' id='word_1_326' title='bbox 1790 4360 2041 4417; x_wconf 89' lang='lat' dir='ltr'>scienter</span> <span class='ocrx_word' id='word_1_327' title='bbox 2070 4375 2202 4431; x_wconf 91' lang='lat' dir='ltr'>pro-</span> 
     </span>
    </p>
   </div>
   <div class='ocr_carea' id='block_1_52' title="bbox 548 4448 2197 4524">
    <p class='ocr_par' dir='ltr' id='par_1_52' title="bbox 548 4448 2197 4524">
     <span class='ocr_line' id='line_1_52' title="bbox 548 4448 2197 4524; baseline -0.007 -12"><span class='ocrx_word' id='word_1_328' title='bbox 548 4456 691 4524; x_wconf 88' lang='lat' dir='ltr'>lata,</span> <span class='ocrx_word' id='word_1_329' title='bbox 721 4461 778 4512; x_wconf 93' lang='lat' dir='ltr'>et</span> <span class='ocrx_word' id='word_1_330' title='bbox 806 4456 865 4510; x_wconf 92' lang='lat' dir='ltr'>in</span> <span class='ocrx_word' id='word_1_331' title='bbox 914 4455 1167 4510; x_wconf 88' lang='lat' dir='ltr'>dedecus</span> <span class='ocrx_word' id='word_1_332' title='bbox 1201 4454 1351 4509; x_wconf 91' lang='lat' dir='ltr'>tanti</span> <span class='ocrx_word' id='word_1_333' title='bbox 1399 4450 1667 4507; x_wconf 67' lang='lat' dir='ltr'>Ecclesia:</span> <span class='ocrx_word' id='word_1_334' title='bbox 1722 4450 1980 4506; x_wconf 91' lang='lat' dir='ltr'>Doctoris</span> <span class='ocrx_word' id='word_1_335' title='bbox 2028 4448 2197 4504; x_wconf 86' lang='lat' dir='ltr'>fabri-</span> 
     </span>
    </p>
   </div>
   <div class='ocr_carea' id='block_1_53' title="bbox 2291 516 3816 589">
    <p class='ocr_par' dir='ltr' id='par_1_53' title="bbox 2291 516 3816 589">
     <span class='ocr_line' id='line_1_53' title="bbox 2291 516 3816 589; baseline 0.009 -17"><span class='ocrx_word' id='word_1_336' title='bbox 2291 516 2599 589; x_wconf 88' lang='lat' dir='ltr'>baptizari.</span> <span class='ocrx_word' id='word_1_337' title='bbox 2635 539 2662 567; x_wconf 85' lang='lat'><strong>»</strong></span> <span class='ocrx_word' id='word_1_338' title='bbox 2695 518 3091 574; x_wconf 88' lang='lat' dir='ltr'>Enumeratne</span> <span class='ocrx_word' id='word_1_339' title='bbox 3121 517 3227 575; x_wconf 91' lang='lat' dir='ltr'>hoc</span> <span class='ocrx_word' id='word_1_340' title='bbox 3271 522 3325 575; x_wconf 90' lang='lat' dir='ltr'>et</span> <span class='ocrx_word' id='word_1_341' title='bbox 3350 520 3404 576; x_wconf 91' lang='lat' dir='ltr'>in</span> <span class='ocrx_word' id='word_1_342' title='bbox 3430 520 3537 579; x_wconf 89' lang='lat' dir='ltr'>loco</span> <span class='ocrx_word' id='word_1_343' title='bbox 3556 526 3616 579; x_wconf 88' lang='lat'><strong>70</strong></span> <span class='ocrx_word' id='word_1_344' title='bbox 3641 531 3816 585; x_wconf 86' lang='lat' dir='ltr'>tantum</span> 
     </span>
    </p>
   </div>
   <div class='ocr_carea' id='block_1_54' title="bbox 2290 606 3087 680">
    <p class='ocr_par' dir='ltr' id='par_1_54' title="bbox 2290 606 3087 680">
     <span class='ocr_line' id='line_1_54' title="bbox 2290 606 3087 680; baseline 0.004 -19"><span class='ocrx_word' id='word_1_345' title='bbox 2290 606 2595 680; x_wconf 83' lang='lat' dir='ltr'>episcopos</span> <span class='ocrx_word' id='word_1_346' title='bbox 2625 623 2728 680; x_wconf 92' lang='lat' dir='ltr'>pro</span> <span class='ocrx_word' id='word_1_347' title='bbox 2757 607 3039 680; x_wconf 89' lang='lat' dir='ltr'>Cypriano</span> <span class='ocrx_word' id='word_1_348' title='bbox 3059 607 3087 663; x_wconf 70' lang='grc' dir='ltr'><em>Ἰ</em></span> 
     </span>
    </p>
   </div>
   <div class='ocr_carea' id='block_1_55' title="bbox 2364 696 3818 770">
    <p class='ocr_par' dir='ltr' id='par_1_55' title="bbox 2364 696 3818 770">
     <span class='ocr_line' id='line_1_55' title="bbox 2364 696 3818 770; baseline 0.005 -17"><span class='ocrx_word' id='word_1_349' title='bbox 2364 696 2477 753; x_wconf 87' lang='lat' dir='ltr'>Nos</span> <span class='ocrx_word' id='word_1_350' title='bbox 2520 696 2798 764; x_wconf 90' lang='lat' dir='ltr'>vidimus,</span> <span class='ocrx_word' id='word_1_351' title='bbox 2832 697 3027 768; x_wconf 90' lang='lat' dir='ltr'>inquit</span> <span class='ocrx_word' id='word_1_352' title='bbox 3081 698 3377 770; x_wconf 87' lang='lat' dir='ltr'>Augustini</span> <span class='ocrx_word' id='word_1_353' title='bbox 3421 714 3612 769; x_wconf 86' lang='lat' dir='ltr'>censor,</span> <span class='ocrx_word' id='word_1_354' title='bbox 3639 704 3708 758; x_wconf 89' lang='lat' dir='ltr'>vel</span> <span class='ocrx_word' id='word_1_355' title='bbox 3747 708 3818 761; x_wconf 87' lang='lat' dir='ltr'>uni</span> 
     </span>
    </p>
   </div>
   <div class='ocr_carea' id='block_1_56' title="bbox 2286 784 3821 861">
    <p class='ocr_par' dir='ltr' id='par_1_56' title="bbox 2286 784 3821 861">
     <span class='ocr_line' id='line_1_56' title="bbox 2286 784 3821 861; baseline 0.005 -20"><span class='ocrx_word' id='word_1_356' title='bbox 2286 785 2551 857; x_wconf 85' lang='lat' dir='ltr'>Cypriani</span> <span class='ocrx_word' id='word_1_357' title='bbox 2605 784 2847 841; x_wconf 91' lang='lat' dir='ltr'>concilio</span> <span class='ocrx_word' id='word_1_358' title='bbox 2903 786 2973 838; x_wconf 88' lang='lat'>87</span> <span class='ocrx_word' id='word_1_359' title='bbox 3036 787 3329 843; x_wconf 88' lang='lat' dir='ltr'>Africanos</span> <span class='ocrx_word' id='word_1_360' title='bbox 3383 789 3645 861; x_wconf 88' lang='lat' dir='ltr'>episcopos</span> <span class='ocrx_word' id='word_1_361' title='bbox 3690 793 3821 849; x_wconf 82' lang='lat' dir='ltr'>inter-</span> 
     </span>
    </p>
   </div>
   <div class='ocr_carea' id='block_1_57' title="bbox 2289 874 3820 950">
    <p class='ocr_par' dir='ltr' id='par_1_57' title="bbox 2289 874 3820 950">
     <span class='ocr_line' id='line_1_57' title="bbox 2289 874 3820 950; baseline 0.005 -21"><span class='ocrx_word' id='word_1_362' title='bbox 2289 874 2492 943; x_wconf 85' lang='lat' dir='ltr'>fuisse,</span> <span class='ocrx_word' id='word_1_363' title='bbox 2524 875 2678 947; x_wconf 89' lang='lat' dir='ltr'>quod</span> <span class='ocrx_word' id='word_1_364' title='bbox 2708 876 3101 947; x_wconf 89' lang='lat' dir='ltr'>Augustinum</span> <span class='ocrx_word' id='word_1_365' title='bbox 3133 875 3329 944; x_wconf 88' lang='lat' dir='ltr'>latuit;</span> <span class='ocrx_word' id='word_1_366' title='bbox 3360 881 3431 944; x_wconf 92' lang='lat' dir='ltr'>at,</span> <span class='ocrx_word' id='word_1_367' title='bbox 3461 882 3510 933; x_wconf 91' lang='lat' dir='ltr'>te</span> <span class='ocrx_word' id='word_1_368' title='bbox 3538 880 3737 950; x_wconf 85' lang='lat' dir='ltr'>ipsemet</span> <span class='ocrx_word' id='word_1_369' title='bbox 3758 888 3820 937; x_wconf 55' lang='lat' dir='ltr'>te.</span> 
     </span>
    </p>
   </div>
   <div class='ocr_carea' id='block_1_58' title="bbox 2290 964 3823 1043">
    <p class='ocr_par' dir='ltr' id='par_1_58' title="bbox 2290 964 3823 1043">
     <span class='ocr_line' id='line_1_58' title="bbox 2290 964 3823 1043; baseline 0.004 -22"><span class='ocrx_word' id='word_1_370' title='bbox 2290 968 2396 1031; x_wconf 82' lang='lat' dir='ltr'>ste,</span> <span class='ocrx_word' id='word_1_371' title='bbox 2430 964 2609 1019; x_wconf 88' lang='lat' dir='ltr'>miser</span> <span class='ocrx_word' id='word_1_372' title='bbox 2639 965 2974 1034; x_wconf 84' lang='lat' dir='ltr'>aristarche,</span> <span class='ocrx_word' id='word_1_373' title='bbox 3009 965 3256 1038; x_wconf 86' lang='lat' dir='ltr'>singulis</span> <span class='ocrx_word' id='word_1_374' title='bbox 3286 966 3478 1021; x_wconf 90' lang='lat' dir='ltr'>horum</span> <span class='ocrx_word' id='word_1_375' title='bbox 3522 969 3578 1022; x_wconf 84' lang='lat'>8‘7</span> <span class='ocrx_word' id='word_1_376' title='bbox 3603 970 3823 1043; x_wconf 86' lang='lat' dir='ltr'>episcopo-</span> 
     </span>
    </p>
   </div>
   <div class='ocr_carea' id='block_1_59' title="bbox 2290 1054 3822 1127">
    <p class='ocr_par' dir='ltr' id='par_1_59' title="bbox 2290 1054 3822 1127">
     <span class='ocr_line' id='line_1_59' title="bbox 2290 1054 3822 1127; baseline 0.004 -19"><span class='ocrx_word' id='word_1_377' title='bbox 2290 1070 2421 1109; x_wconf 88' lang='lat' dir='ltr'>rum</span> <span class='ocrx_word' id='word_1_378' title='bbox 2454 1054 2776 1110; x_wconf 89' lang='lat' dir='ltr'>sententias</span> <span class='ocrx_word' id='word_1_379' title='bbox 2808 1055 2980 1111; x_wconf 80' lang='lat' dir='ltr'>refert</span> <span class='ocrx_word' id='word_1_380' title='bbox 3010 1071 3075 1110; x_wconf 91' lang='lat' dir='ltr'>ac</span> <span class='ocrx_word' id='word_1_381' title='bbox 3107 1055 3372 1127; x_wconf 79' lang='lat' dir='ltr'>expendit</span> <span class='ocrx_word' id='word_1_382' title='bbox 3399 1056 3452 1112; x_wconf 92' lang='lat' dir='ltr'>S.</span> <span class='ocrx_word' id='word_1_383' title='bbox 3482 1061 3659 1113; x_wconf 91' lang='lat' dir='ltr'>Doctor</span> <span class='ocrx_word' id='word_1_384' title='bbox 3682 1059 3727 1114; x_wconf 89' lang='lat' dir='ltr'>in</span> <span class='ocrx_word' id='word_1_385' title='bbox 3749 1059 3822 1115; x_wconf 90' lang='lat' dir='ltr'>lib.</span> 
     </span>
    </p>
   </div>
   <div class='ocr_carea' id='block_1_60' title="bbox 2288 1145 3828 1221">
    <p class='ocr_par' dir='ltr' id='par_1_60' title="bbox 2288 1145 3828 1221">
     <span class='ocr_line' id='line_1_60' title="bbox 2288 1145 3828 1221; baseline 0.003 -23"><span class='ocrx_word' id='word_1_386' title='bbox 2288 1159 2345 1199; x_wconf 81' lang='lat' dir='ltr'>v1</span> <span class='ocrx_word' id='word_1_387' title='bbox 2376 1147 2431 1199; x_wconf 93' lang='lat' dir='ltr'>et</span> <span class='ocrx_word' id='word_1_388' title='bbox 2460 1160 2536 1199; x_wconf 87' lang='lat' dir='ltr'>vu</span> <span class='ocrx_word' id='word_1_389' title='bbox 2569 1145 2640 1199; x_wconf 88' lang='lat' dir='ltr'>de</span> <span class='ocrx_word' id='word_1_390' title='bbox 2666 1145 2988 1216; x_wconf 74' lang='lat' dir='ltr'>Baptismo;</span> <span class='ocrx_word' id='word_1_391' title='bbox 3019 1145 3308 1215; x_wconf 87' lang='lat' dir='ltr'>quomodo</span> <span class='ocrx_word' id='word_1_392' title='bbox 3332 1160 3458 1217; x_wconf 88' lang='lat' dir='ltr'>ergo</span> <span class='ocrx_word' id='word_1_393' title='bbox 3505 1145 3652 1201; x_wconf 87' lang='lat' dir='ltr'>latuit</span> <span class='ocrx_word' id='word_1_394' title='bbox 3688 1150 3828 1221; x_wconf 55' lang='lat' dir='ltr'>Auge.</span> 
     </span>
    </p>
   </div>
   <div class='ocr_carea' id='block_1_61' title="bbox 2290 1233 3828 1307">
    <p class='ocr_par' dir='ltr' id='par_1_61' title="bbox 2290 1233 3828 1307">
     <span class='ocr_line' id='line_1_61' title="bbox 2290 1233 3828 1307; baseline 0.001 -18"><span class='ocrx_word' id='word_1_395' title='bbox 2290 1233 2513 1289; x_wconf 90' lang='lat' dir='ltr'>stinum</span> <span class='ocrx_word' id='word_1_396' title='bbox 2544 1234 2681 1289; x_wconf 89' lang='lat' dir='ltr'>huic</span> <span class='ocrx_word' id='word_1_397' title='bbox 2710 1234 2983 1307; x_wconf 78' lang='lat' dir='ltr'>Cypriani</span> <span class='ocrx_word' id='word_1_398' title='bbox 3014 1233 3257 1290; x_wconf 91' lang='lat' dir='ltr'>concilio</span> <span class='ocrx_word' id='word_1_399' title='bbox 3286 1234 3349 1287; x_wconf 90' lang='lat'>87</span> <span class='ocrx_word' id='word_1_400' title='bbox 3378 1234 3645 1307; x_wconf 87' lang='lat' dir='ltr'>episcopos</span> <span class='ocrx_word' id='word_1_401' title='bbox 3670 1237 3828 1292; x_wconf 82' lang='lat' dir='ltr'>Africa-</span> 
     </span>
    </p>
   </div>
   <div class='ocr_carea' id='block_1_62' title="bbox 2292 1320 3831 1395">
    <p class='ocr_par' dir='ltr' id='par_1_62' title="bbox 2292 1320 3831 1395">
     <span class='ocr_line' id='line_1_62' title="bbox 2292 1320 3831 1395; baseline 0 -17"><span class='ocrx_word' id='word_1_402' title='bbox 2292 1340 2395 1379; x_wconf 90' lang='lat' dir='ltr'>nos</span> <span class='ocrx_word' id='word_1_403' title='bbox 2454 1321 2839 1377; x_wconf 84' lang='lat' dir='ltr'>interfuisse?</span> <span class='ocrx_word' id='word_1_404' title='bbox 2894 1321 2953 1377; x_wconf 91' lang='lat' dir='ltr'>Si</span> <span class='ocrx_word' id='word_1_405' title='bbox 2988 1321 3167 1394; x_wconf 91' lang='lat' dir='ltr'>igitur</span> <span class='ocrx_word' id='word_1_406' title='bbox 3224 1320 3329 1377; x_wconf 89' lang='lat' dir='ltr'>hos</span> <span class='ocrx_word' id='word_1_407' title='bbox 3382 1337 3564 1377; x_wconf 89' lang='lat' dir='ltr'>omnes</span> <span class='ocrx_word' id='word_1_408' title='bbox 3619 1321 3831 1395; x_wconf 81' lang='lat' dir='ltr'>Cypriano</span> 
     </span>
    </p>
   </div>
   <div class='ocr_carea' id='block_1_63' title="bbox 2290 1410 3834 1484">
    <p class='ocr_par' dir='ltr' id='par_1_63' title="bbox 2290 1410 3834 1484">
     <span class='ocr_line' id='line_1_63' title="bbox 2290 1410 3834 1484; baseline -0.001 -16"><span class='ocrx_word' id='word_1_409' title='bbox 2290 1412 2501 1468; x_wconf 88' lang='lat' dir='ltr'>erranti</span> <span class='ocrx_word' id='word_1_410' title='bbox 2530 1428 2642 1466; x_wconf 92' lang='lat' dir='ltr'>non</span> <span class='ocrx_word' id='word_1_411' title='bbox 2675 1410 2961 1481; x_wconf 83' lang='lat' dir='ltr'>adjunxit,</span> <span class='ocrx_word' id='word_1_412' title='bbox 2992 1410 3048 1466; x_wconf 91' lang='lat' dir='ltr'>id</span> <span class='ocrx_word' id='word_1_413' title='bbox 3083 1410 3219 1484; x_wconf 89' lang='lat' dir='ltr'>egit,</span> <span class='ocrx_word' id='word_1_414' title='bbox 3247 1410 3377 1482; x_wconf 87' lang='lat' dir='ltr'>quia</span> <span class='ocrx_word' id='word_1_415' title='bbox 3405 1426 3498 1482; x_wconf 91' lang='lat' dir='ltr'>pro</span> <span class='ocrx_word' id='word_1_416' title='bbox 3524 1427 3616 1466; x_wconf 88' lang='lat' dir='ltr'>sua</span> <span class='ocrx_word' id='word_1_417' title='bbox 3642 1427 3731 1466; x_wconf 91' lang='lat' dir='ltr'>non</span> <span class='ocrx_word' id='word_1_418' title='bbox 3748 1428 3834 1466; x_wconf 87' lang='lat' dir='ltr'>om-</span> 
     </span>
    </p>
   </div>
   <div class='ocr_carea' id='block_1_64' title="bbox 2291 1498 3832 1573">
    <p class='ocr_par' dir='ltr' id='par_1_64' title="bbox 2291 1498 3832 1573">
     <span class='ocr_line' id='line_1_64' title="bbox 2291 1498 3832 1573; baseline -0.002 -16"><span class='ocrx_word' id='word_1_419' title='bbox 2291 1502 2466 1557; x_wconf 87' lang='lat' dir='ltr'>nibus</span> <span class='ocrx_word' id='word_1_420' title='bbox 2499 1501 2798 1557; x_wconf 90' lang='lat' dir='ltr'>communi</span> <span class='ocrx_word' id='word_1_421' title='bbox 2830 1500 3101 1572; x_wconf 64' lang='lat' dir='ltr'>equitate</span> <span class='ocrx_word' id='word_1_422' title='bbox 3133 1517 3197 1556; x_wconf 90' lang='lat' dir='ltr'>ac</span> <span class='ocrx_word' id='word_1_423' title='bbox 3221 1499 3449 1573; x_wconf 87' lang='lat' dir='ltr'>justitia</span> <span class='ocrx_word' id='word_1_424' title='bbox 3475 1498 3639 1555; x_wconf 89' lang='lat' dir='ltr'>noluit</span> <span class='ocrx_word' id='word_1_425' title='bbox 3663 1500 3832 1555; x_wconf 87' lang='lat' dir='ltr'>catholi-</span> 
     </span>
    </p>
   </div>
   <div class='ocr_carea' id='block_1_65' title="bbox 2290 1588 3835 1662">
    <p class='ocr_par' dir='ltr' id='par_1_65' title="bbox 2290 1588 3835 1662">
     <span class='ocr_line' id='line_1_65' title="bbox 2290 1588 3835 1662; baseline -0.002 -14"><span class='ocrx_word' id='word_1_426' title='bbox 2290 1609 2388 1648; x_wconf 91' lang='lat' dir='ltr'>cas</span> <span class='ocrx_word' id='word_1_427' title='bbox 2421 1590 2836 1647; x_wconf 88' lang='lat' dir='ltr'>nonnullorum</span> <span class='ocrx_word' id='word_1_428' title='bbox 2868 1606 2936 1645; x_wconf 86' lang='lat' dir='ltr'>ex</span> <span class='ocrx_word' id='word_1_429' title='bbox 2968 1588 3085 1645; x_wconf 89' lang='lat' dir='ltr'>illis</span> <span class='ocrx_word' id='word_1_430' title='bbox 3116 1590 3401 1662; x_wconf 88' lang='lat' dir='ltr'>episcopis</span> <span class='ocrx_word' id='word_1_431' title='bbox 3431 1589 3711 1645; x_wconf 87' lang='lat' dir='ltr'>sententias</span> <span class='ocrx_word' id='word_1_432' title='bbox 3733 1605 3835 1645; x_wconf 87' lang='lat' dir='ltr'>erro-</span> 
     </span>
    </p>
   </div>
   <div class='ocr_carea' id='block_1_66' title="bbox 2291 1677 3832 1752">
    <p class='ocr_par' dir='ltr' id='par_1_66' title="bbox 2291 1677 3832 1752">
     <span class='ocr_line' id='line_1_66' title="bbox 2291 1677 3832 1752; baseline -0.003 -16"><span class='ocrx_word' id='word_1_433' title='bbox 2291 1680 2371 1736; x_wconf 93' lang='lat' dir='ltr'>ris</span> <span class='ocrx_word' id='word_1_434' title='bbox 2403 1696 2697 1748; x_wconf 90' lang='lat' dir='ltr'>accusare,</span> <span class='ocrx_word' id='word_1_435' title='bbox 2730 1680 2885 1752; x_wconf 87' lang='lat' dir='ltr'>quod</span> <span class='ocrx_word' id='word_1_436' title='bbox 2941 1679 3156 1735; x_wconf 89' lang='lat' dir='ltr'>imitari</span> <span class='ocrx_word' id='word_1_437' title='bbox 3210 1677 3413 1734; x_wconf 89' lang='lat' dir='ltr'>melius</span> <span class='ocrx_word' id='word_1_438' title='bbox 3452 1677 3647 1733; x_wconf 87' lang='lat' dir='ltr'>auctori</span> <span class='ocrx_word' id='word_1_439' title='bbox 3694 1682 3832 1733; x_wconf 86' lang='lat' dir='ltr'>nostro</span> 
     </span>
    </p>
   </div>
   <div class='ocr_carea' id='block_1_67' title="bbox 2291 1765 3835 1844">
    <p class='ocr_par' dir='ltr' id='par_1_67' title="bbox 2291 1765 3835 1844">
     <span class='ocr_line' id='line_1_67' title="bbox 2291 1765 3835 1844; baseline -0.003 -17"><span class='ocrx_word' id='word_1_440' title='bbox 2291 1770 2584 1843; x_wconf 89' lang='lat' dir='ltr'>cessisset,</span> <span class='ocrx_word' id='word_1_441' title='bbox 2616 1786 2795 1843; x_wconf 90' lang='lat' dir='ltr'>quam</span> <span class='ocrx_word' id='word_1_442' title='bbox 2829 1771 2886 1826; x_wconf 90' lang='lat' dir='ltr'>in</span> <span class='ocrx_word' id='word_1_443' title='bbox 2921 1768 3312 1844; x_wconf 80' lang='lat' dir='ltr'>Augustinum</span> <span class='ocrx_word' id='word_1_444' title='bbox 3343 1767 3569 1841; x_wconf 89' lang='lat' dir='ltr'>indigna</span> <span class='ocrx_word' id='word_1_445' title='bbox 3608 1765 3835 1822; x_wconf 82' lang='lat' dir='ltr'>anhelasse</span> 
     </span>
    </p>
   </div>
   <div class='ocr_carea' id='block_1_68' title="bbox 2292 1860 2571 1917">
    <p class='ocr_par' dir='ltr' id='par_1_68' title="bbox 2292 1860 2571 1917">
     <span class='ocr_line' id='line_1_68' title="bbox 2292 1860 2571 1917; baseline -0.014 0"><span class='ocrx_word' id='word_1_446' title='bbox 2292 1860 2571 1917; x_wconf 88' lang='lat' dir='ltr'>convicia.</span> 
     </span>
    </p>
   </div>
   <div class='ocr_carea' id='block_1_69' title="bbox 2362 1944 3834 2023">
    <p class='ocr_par' dir='ltr' id='par_1_69' title="bbox 2362 1944 3834 2023">
     <span class='ocr_line' id='line_1_69' title="bbox 2362 1944 3834 2023; baseline -0.007 -17"><span class='ocrx_word' id='word_1_447' title='bbox 2362 1950 2493 2007; x_wconf 58' lang='lat' dir='ltr'>Haec</span> <span class='ocrx_word' id='word_1_448' title='bbox 2524 1952 2664 2005; x_wconf 91' lang='lat' dir='ltr'>sunt</span> <span class='ocrx_word' id='word_1_449' title='bbox 2693 1952 3059 2023; x_wconf 88' lang='lat' dir='ltr'>argumenta,</span> <span class='ocrx_word' id='word_1_450' title='bbox 3092 1947 3309 2020; x_wconf 89' lang='lat' dir='ltr'>quibus</span> <span class='ocrx_word' id='word_1_451' title='bbox 3356 1949 3579 2019; x_wconf 90' lang='lat' dir='ltr'>urgetur</span> <span class='ocrx_word' id='word_1_452' title='bbox 3604 1948 3658 2000; x_wconf 87' lang='lat' dir='ltr'>P.</span> <span class='ocrx_word' id='word_1_453' title='bbox 3690 1944 3834 2000; x_wconf 80' lang='lat' dir='ltr'>Gerva-</span> 
     </span>
    </p>
   </div>
   <div class='ocr_carea' id='block_1_70' title="bbox 2292 2035 3835 2112">
    <p class='ocr_par' dir='ltr' id='par_1_70' title="bbox 2292 2035 3835 2112">
     <span class='ocr_line' id='line_1_70' title="bbox 2292 2035 3835 2112; baseline -0.006 -17"><span class='ocrx_word' id='word_1_454' title='bbox 2292 2040 2417 2096; x_wconf 90' lang='lat' dir='ltr'>sius</span> <span class='ocrx_word' id='word_1_455' title='bbox 2450 2040 2520 2094; x_wconf 88' lang='lat' dir='ltr'>ad</span> <span class='ocrx_word' id='word_1_456' title='bbox 2553 2039 2941 2112; x_wconf 85' lang='lat' dir='ltr'>ignorantiam</span> <span class='ocrx_word' id='word_1_457' title='bbox 2982 2037 3294 2111; x_wconf 88' lang='lat' dir='ltr'>Augustini</span> <span class='ocrx_word' id='word_1_458' title='bbox 3329 2035 3835 2100; x_wconf 70' lang='lat' dir='ltr'>revelandam,seuve</span> 
     </span>
    </p>
   </div>
   <div class='ocr_carea' id='block_1_71' title="bbox 2291 2123 3837 2201">
    <p class='ocr_par' dir='ltr' id='par_1_71' title="bbox 2291 2123 3837 2201">
     <span class='ocr_line' id='line_1_71' title="bbox 2291 2123 3837 2201; baseline -0.006 -17"><span class='ocrx_word' id='word_1_459' title='bbox 2291 2129 2415 2184; x_wconf 90' lang='lat' dir='ltr'>rius</span> <span class='ocrx_word' id='word_1_460' title='bbox 2428 2130 2497 2183; x_wconf 89' lang='lat' dir='ltr'>ad</span> <span class='ocrx_word' id='word_1_461' title='bbox 2515 2146 2680 2184; x_wconf 88' lang='lat' dir='ltr'>suam</span> <span class='ocrx_word' id='word_1_462' title='bbox 2701 2128 3069 2201; x_wconf 87' lang='lat' dir='ltr'>apertissime</span> <span class='ocrx_word' id='word_1_463' title='bbox 3083 2123 3669 2192; x_wconf 83' lang='lat' dir='ltr'>manifestandam;sed</span> <span class='ocrx_word' id='word_1_464' title='bbox 3680 2123 3837 2177; x_wconf 85' lang='lat' dir='ltr'>utinam</span> 
     </span>
    </p>
   </div>
   <div class='ocr_carea' id='block_1_72' title="bbox 2288 2212 3837 2291">
    <p class='ocr_par' dir='ltr' id='par_1_72' title="bbox 2288 2212 3837 2291">
     <span class='ocr_line' id='line_1_72' title="bbox 2288 2212 3837 2291; baseline -0.006 -17"><span class='ocrx_word' id='word_1_465' title='bbox 2288 2218 2655 2291; x_wconf 86' lang='lat' dir='ltr'>Augustinus</span> <span class='ocrx_word' id='word_1_466' title='bbox 2680 2217 2839 2273; x_wconf 90' lang='lat' dir='ltr'>solus</span> <span class='ocrx_word' id='word_1_467' title='bbox 2860 2217 3187 2289; x_wconf 89' lang='lat' dir='ltr'>viperinum</span> <span class='ocrx_word' id='word_1_468' title='bbox 3214 2216 3455 2286; x_wconf 87' lang='lat' dir='ltr'>hujusce</span> <span class='ocrx_word' id='word_1_469' title='bbox 3476 2213 3730 2286; x_wconf 82' lang='lat' dir='ltr'>scriptoris</span> <span class='ocrx_word' id='word_1_470' title='bbox 3745 2212 3837 2266; x_wconf 85' lang='lat' dir='ltr'>den-</span> 
     </span>
    </p>
   </div>
   <div class='ocr_carea' id='block_1_73' title="bbox 2292 2303 3839 2380">
    <p class='ocr_par' dir='ltr' id='par_1_73' title="bbox 2292 2303 3839 2380">
     <span class='ocr_line' id='line_1_73' title="bbox 2292 2303 3839 2380; baseline -0.006 -17"><span class='ocrx_word' id='word_1_471' title='bbox 2292 2312 2411 2363; x_wconf 88' lang='lat' dir='ltr'>tem</span> <span class='ocrx_word' id='word_1_472' title='bbox 2442 2313 2716 2380; x_wconf 79' lang='lat' dir='ltr'>expertus</span> <span class='ocrx_word' id='word_1_473' title='bbox 2748 2306 2970 2363; x_wconf 88' lang='lat' dir='ltr'>fuisset.</span> <span class='ocrx_word' id='word_1_474' title='bbox 3006 2307 3256 2362; x_wconf 90' lang='lat' dir='ltr'>Demum</span> <span class='ocrx_word' id='word_1_475' title='bbox 3290 2305 3339 2361; x_wconf 90' lang='lat' dir='ltr'>si</span> <span class='ocrx_word' id='word_1_476' title='bbox 3370 2306 3493 2376; x_wconf 84' lang='lat' dir='ltr'>ejus</span> <span class='ocrx_word' id='word_1_477' title='bbox 3534 2303 3839 2359; x_wconf 80' lang='lat' dir='ltr'>auctoritatem</span> 
     </span>
    </p>
   </div>
   <div class='ocr_carea' id='block_1_74' title="bbox 2293 2389 3839 2468">
    <p class='ocr_par' dir='ltr' id='par_1_74' title="bbox 2293 2389 3839 2468">
     <span class='ocr_line' id='line_1_74' title="bbox 2293 2389 3839 2468; baseline -0.008 -14"><span class='ocrx_word' id='word_1_478' title='bbox 2293 2398 2402 2454; x_wconf 89' lang='lat' dir='ltr'>sibi</span> <span class='ocrx_word' id='word_1_479' title='bbox 2438 2398 2790 2453; x_wconf 89' lang='lat' dir='ltr'>contrariam</span> <span class='ocrx_word' id='word_1_480' title='bbox 2842 2396 3219 2468; x_wconf 90' lang='lat' dir='ltr'>contempsit,</span> <span class='ocrx_word' id='word_1_481' title='bbox 3254 2395 3454 2452; x_wconf 89' lang='lat' dir='ltr'>saltem</span> <span class='ocrx_word' id='word_1_482' title='bbox 3486 2394 3585 2450; x_wconf 87' lang='lat' dir='ltr'>sibi</span> <span class='ocrx_word' id='word_1_483' title='bbox 3613 2389 3839 2462; x_wconf 79' lang='lat' dir='ltr'>aliquando</span> 
     </span>
    </p>
   </div>
   <div class='ocr_carea' id='block_1_75' title="bbox 2293 2481 3843 2553">
    <p class='ocr_par' dir='ltr' id='par_1_75' title="bbox 2293 2481 3843 2553">
     <span class='ocr_line' id='line_1_75' title="bbox 2293 2481 3843 2553; baseline -0.006 -10"><span class='ocrx_word' id='word_1_484' title='bbox 2293 2488 2580 2544; x_wconf 90' lang='lat' dir='ltr'>faventem</span> <span class='ocrx_word' id='word_1_485' title='bbox 2611 2490 2920 2542; x_wconf 89' lang='lat' dir='ltr'>veneratus</span> <span class='ocrx_word' id='word_1_486' title='bbox 2951 2490 3058 2542; x_wconf 90' lang='lat' dir='ltr'>est.</span> <span class='ocrx_word' id='word_1_487' title='bbox 3083 2485 3329 2553; x_wconf 91' lang='lat' dir='ltr'>Verum,</span> <span class='ocrx_word' id='word_1_488' title='bbox 3352 2488 3416 2540; x_wconf 90' lang='lat' dir='ltr'>ut</span> <span class='ocrx_word' id='word_1_489' title='bbox 3443 2484 3507 2539; x_wconf 89' lang='lat' dir='ltr'>de</span> <span class='ocrx_word' id='word_1_490' title='bbox 3533 2481 3646 2539; x_wconf 87' lang='lat' dir='ltr'>aliis</span> <span class='ocrx_word' id='word_1_491' title='bbox 3669 2485 3843 2543; x_wconf 85' lang='lat' dir='ltr'>taceam,</span> 
     </span>
    </p>
   </div>
   <div class='ocr_carea' id='block_1_76' title="bbox 2294 2571 3841 2649">
    <p class='ocr_par' dir='ltr' id='par_1_76' title="bbox 2294 2571 3841 2649">
     <span class='ocr_line' id='line_1_76' title="bbox 2294 2571 3841 2649; baseline -0.008 -17"><span class='ocrx_word' id='word_1_492' title='bbox 2294 2582 2436 2649; x_wconf 91' lang='lat' dir='ltr'>quot</span> <span class='ocrx_word' id='word_1_493' title='bbox 2466 2575 2910 2647; x_wconf 83' lang='lat' dir='ltr'>contumeliosa,</span> <span class='ocrx_word' id='word_1_494' title='bbox 2944 2579 3088 2647; x_wconf 89' lang='lat' dir='ltr'>quot</span> <span class='ocrx_word' id='word_1_495' title='bbox 3110 2574 3280 2642; x_wconf 89' lang='lat' dir='ltr'>falsa,</span> <span class='ocrx_word' id='word_1_496' title='bbox 3310 2578 3449 2645; x_wconf 89' lang='lat' dir='ltr'>quot</span> <span class='ocrx_word' id='word_1_497' title='bbox 3476 2571 3636 2641; x_wconf 87' lang='lat' dir='ltr'>impia</span> <span class='ocrx_word' id='word_1_498' title='bbox 3656 2585 3745 2624; x_wconf 87' lang='lat' dir='ltr'>non</span> <span class='ocrx_word' id='word_1_499' title='bbox 3759 2582 3841 2621; x_wconf 71' lang='lat' dir='ltr'>eve</span> 
     </span>
    </p>
   </div>
   <div class='ocr_carea' id='block_1_77' title="bbox 2294 2654 3841 2737">
    <p class='ocr_par' dir='ltr' id='par_1_77' title="bbox 2294 2654 3841 2737">
     <span class='ocr_line' id='line_1_77' title="bbox 2294 2654 3841 2737; baseline -0.008 -16"><span class='ocrx_word' id='word_1_500' title='bbox 2294 2665 2445 2721; x_wconf 88' lang='lat' dir='ltr'>muit</span> <span class='ocrx_word' id='word_1_501' title='bbox 2476 2665 2531 2719; x_wconf 90' lang='lat' dir='ltr'>in</span> <span class='ocrx_word' id='word_1_502' title='bbox 2563 2664 2926 2737; x_wconf 86' lang='lat' dir='ltr'>Stephanum</span> <span class='ocrx_word' id='word_1_503' title='bbox 2952 2664 3290 2737; x_wconf 82' lang='lat' dir='ltr'>pontificem</span> <span class='ocrx_word' id='word_1_504' title='bbox 3315 2654 3841 2729; x_wconf 64' lang='lat' dir='ltr'>maximum,etl!50</span> 
     </span>
    </p>
   </div>
   <div class='ocr_carea' id='block_1_78' title="bbox 2293 2746 3839 2827">
    <p class='ocr_par' dir='ltr' id='par_1_78' title="bbox 2293 2746 3839 2827">
     <span class='ocr_line' id='line_1_78' title="bbox 2293 2746 3839 2827; baseline -0.009 -17"><span class='ocrx_word' id='word_1_505' title='bbox 2293 2753 2738 2810; x_wconf 89' lang='lat' dir='ltr'>sanctissimum</span> <span class='ocrx_word' id='word_1_506' title='bbox 2766 2752 3204 2827; x_wconf 79' lang='lat' dir='ltr'>martyrem,vix</span> <span class='ocrx_word' id='word_1_507' title='bbox 3236 2753 3388 2807; x_wconf 91' lang='lat' dir='ltr'>inter</span> <span class='ocrx_word' id='word_1_508' title='bbox 3416 2752 3565 2822; x_wconf 90' lang='lat' dir='ltr'>ipsos</span> <span class='ocrx_word' id='word_1_509' title='bbox 3587 2746 3839 2804; x_wconf 78' lang='lat' dir='ltr'>Calvinistas</span> 
     </span>
    </p>
   </div>
   <div class='ocr_carea' id='block_1_79' title="bbox 2293 2831 3837 2917">
    <p class='ocr_par' dir='ltr' id='par_1_79' title="bbox 2293 2831 3837 2917">
     <span class='ocr_line' id='line_1_79' title="bbox 2293 2831 3837 2917; baseline -0.009 -17"><span class='ocrx_word' id='word_1_510' title='bbox 2293 2843 2549 2917; x_wconf 91' lang='lat' dir='ltr'>reperias</span> <span class='ocrx_word' id='word_1_511' title='bbox 2580 2844 2847 2901; x_wconf 86' lang='lat' dir='ltr'>acerbius</span> <span class='ocrx_word' id='word_1_512' title='bbox 2879 2845 3259 2916; x_wconf 90' lang='lat' dir='ltr'>amariusque</span> <span class='ocrx_word' id='word_1_513' title='bbox 3316 2841 3666 2897; x_wconf 87' lang='lat' dir='ltr'>insultantem</span> <span class='ocrx_word' id='word_1_514' title='bbox 3706 2831 3837 2889; x_wconf 85' lang='lat' dir='ltr'>Ponti-</span> 
     </span>
    </p>
   </div>
   <div class='ocr_carea' id='block_1_80' title="bbox 2292 2934 2409 2995">
    <p class='ocr_par' dir='ltr' id='par_1_80' title="bbox 2292 2934 2409 2995">
     <span class='ocr_line' id='line_1_80' title="bbox 2292 2934 2409 2995; baseline 0 0"><span class='ocrx_word' id='word_1_515' title='bbox 2292 2934 2409 2995; x_wconf 83' lang='lat' dir='ltr'>fici.</span> 
     </span>
    </p>
   </div>
   <div class='ocr_carea' id='block_1_81' title="bbox 2365 3010 3837 3102">
    <p class='ocr_par' dir='ltr' id='par_1_81' title="bbox 2365 3010 3837 3102">
     <span class='ocr_line' id='line_1_81' title="bbox 2365 3010 3837 3102; baseline -0.012 -16"><span class='ocrx_word' id='word_1_516' title='bbox 2365 3029 2719 3102; x_wconf 87' lang='lat' dir='ltr'>Stephanus,</span> <span class='ocrx_word' id='word_1_517' title='bbox 2754 3026 2803 3082; x_wconf 91' lang='lat' dir='ltr'>si</span> <span class='ocrx_word' id='word_1_518' title='bbox 2833 3025 2943 3096; x_wconf 84' lang='lat' dir='ltr'>ipsi</span> <span class='ocrx_word' id='word_1_519' title='bbox 2977 3024 3145 3090; x_wconf 83' lang='lat' dir='ltr'>fides,</span> <span class='ocrx_word' id='word_1_520' title='bbox 3178 3022 3406 3093; x_wconf 81' lang='lat' dir='ltr'>indigne</span> <span class='ocrx_word' id='word_1_521' title='bbox 3433 3020 3635 3094; x_wconf 75' lang='lat' dir='ltr'>penitus</span> <span class='ocrx_word' id='word_1_522' title='bbox 3659 3010 3837 3102; x_wconf 50' lang='grc' dir='ltr'>πραΰμ-</span> 
     </span>
    </p>
   </div>
   <div class='ocr_carea' id='block_1_82' title="bbox 2293 3100 3842 3191">
    <p class='ocr_par' dir='ltr' id='par_1_82' title="bbox 2293 3100 3842 3191">
     <span class='ocr_line' id='line_1_82' title="bbox 2293 3100 3842 3191; baseline -0.013 -17"><span class='ocrx_word' id='word_1_523' title='bbox 2293 3100 2564 3191; x_wconf 66' lang='lat' dir='ltr'>prianiim</span> <span class='ocrx_word' id='word_1_524' title='bbox 2590 3134 2644 3173; x_wconf 81' lang='lat' dir='ltr'>se</span> <span class='ocrx_word' id='word_1_525' title='bbox 2680 3118 2868 3188; x_wconf 73' lang='lat' dir='ltr'>gessit.</span> <span class='ocrx_word' id='word_1_526' title='bbox 2899 3113 3235 3186; x_wconf 89' lang='lat' dir='ltr'>Stephanus</span> <span class='ocrx_word' id='word_1_527' title='bbox 3265 3114 3465 3183; x_wconf 79' lang='lat' dir='ltr'>fastum</span> <span class='ocrx_word' id='word_1_528' title='bbox 3509 3105 3685 3164; x_wconf 74' lang='lat' dir='ltr'>tumide</span> <span class='ocrx_word' id='word_1_529' title='bbox 3717 3100 3842 3157; x_wconf 72' lang='lat' dir='ltr'>aedo-</span> 
     </span>
    </p>
   </div>
   <div class='ocr_carea' id='block_1_83' title="bbox 2296 3196 3844 3280">
    <p class='ocr_par' dir='ltr' id='par_1_83' title="bbox 2296 3196 3844 3280">
     <span class='ocr_line' id='line_1_83' title="bbox 2296 3196 3844 3280; baseline 0 -16"><span class='ocrx_word' id='word_1_530' title='bbox 2296 3211 2573 3264; x_wconf 84' lang='lat' dir='ltr'>minatum</span> <span class='ocrx_word' id='word_1_531' title='bbox 2600 3208 2834 3280; x_wconf 71' lang='lat' dir='ltr'>affectat.</span> <span class='ocrx_word' id='word_1_532' title='bbox 2868 3204 3204 3275; x_wconf 86' lang='lat' dir='ltr'>Stephanus</span> <span class='ocrx_word' id='word_1_533' title='bbox 3252 3203 3605 3270; x_wconf 78' lang='lat' dir='ltr'>imperantem</span> <span class='ocrx_word' id='word_1_534' title='bbox 3638 3210 3689 3250; x_wconf 77' lang='grc' dir='ltr'><em>ασ</em></span> <span class='ocrx_word' id='word_1_535' title='bbox 3711 3196 3844 3280; x_wconf 36' lang='lat' dir='ltr'>illi“?</span> 
     </span>
    </p>
   </div>
   <div class='ocr_carea' id='block_1_84' title="bbox 2297 3276 3847 3369">
    <p class='ocr_par' dir='ltr' id='par_1_84' title="bbox 2297 3276 3847 3369">
     <span class='ocr_line' id='line_1_84' title="bbox 2297 3276 3847 3369; baseline -0.014 -16"><span class='ocrx_word' id='word_1_536' title='bbox 2297 3315 2435 3353; x_wconf 82' lang='lat' dir='ltr'>num</span> <span class='ocrx_word' id='word_1_537' title='bbox 2489 3276 3162 3369; x_wconf 42' lang='lat' dir='ltr'>agit,&quot;inhumanitatis,</span> <span class='ocrx_word' id='word_1_538' title='bbox 3223 3288 3558 3357; x_wconf 79' lang='lat' dir='ltr'>vexationis,</span> <span class='ocrx_word' id='word_1_539' title='bbox 3610 3276 3847 3369; x_wconf 70' lang='lat' dir='ltr'>tyrannidis</span> 
     </span>
    </p>
   </div>
   <div class='ocr_carea' id='block_1_85' title="bbox 2299 3364 3849 3457">
    <p class='ocr_par' dir='ltr' id='par_1_85' title="bbox 2299 3364 3849 3457">
     <span class='ocr_line' id='line_1_85' title="bbox 2299 3364 3849 3457; baseline -0.014 -15"><span class='ocrx_word' id='word_1_540' title='bbox 2299 3403 2461 3442; x_wconf 87' lang='lat' dir='ltr'>reus.</span> <span class='ocrx_word' id='word_1_541' title='bbox 2497 3364 2831 3457; x_wconf 63' lang='lat' dir='ltr'>Stephanus</span> <span class='ocrx_word' id='word_1_542' title='bbox 2861 3381 3125 3438; x_wconf 63' lang='lat' dir='ltr'>Ecclesia</span> <span class='ocrx_word' id='word_1_543' title='bbox 3160 3381 3450 3437; x_wconf 89' lang='lat' dir='ltr'>unitatem</span> <span class='ocrx_word' id='word_1_544' title='bbox 3494 3376 3717 3432; x_wconf 86' lang='lat' dir='ltr'>scindere</span> <span class='ocrx_word' id='word_1_545' title='bbox 3740 3364 3849 3423; x_wconf 70' lang='grc' dir='ltr'>Ηυοοί</span> 
     </span>
    </p>
   </div>
   <div class='ocr_carea' id='block_1_86' title="bbox 2301 3458 3852 3546">
    <p class='ocr_par' dir='ltr' id='par_1_86' title="bbox 2301 3458 3852 3546">
     <span class='ocr_line' id='line_1_86' title="bbox 2301 3458 3852 3546; baseline -0.014 -15"><span class='ocrx_word' id='word_1_546' title='bbox 2301 3476 2440 3531; x_wconf 89' lang='lat' dir='ltr'>facit</span> <span class='ocrx_word' id='word_1_547' title='bbox 2463 3492 2475 3543; x_wconf 91' lang='lat'><strong>;</strong></span> <span class='ocrx_word' id='word_1_548' title='bbox 2503 3474 2857 3546; x_wconf 83' lang='lat' dir='ltr'>Cyprianum</span> <span class='ocrx_word' id='word_1_549' title='bbox 2892 3471 3226 3526; x_wconf 89' lang='lat' dir='ltr'>inauditum</span> <span class='ocrx_word' id='word_1_550' title='bbox 3244 3470 3474 3541; x_wconf 86' lang='lat' dir='ltr'>judicat</span> <span class='ocrx_word' id='word_1_551' title='bbox 3496 3471 3549 3522; x_wconf 87' lang='lat' dir='ltr'>et</span> <span class='ocrx_word' id='word_1_552' title='bbox 3566 3458 3852 3546; x_wconf 74' lang='lat' dir='ltr'>damnatste-</span> 
     </span>
    </p>
   </div>
   <div class='ocr_carea' id='block_1_87' title="bbox 2302 3544 3852 3637">
    <p class='ocr_par' dir='ltr' id='par_1_87' title="bbox 2302 3544 3852 3637">
     <span class='ocr_line' id='line_1_87' title="bbox 2302 3544 3852 3637; baseline -0.015 -17"><span class='ocrx_word' id='word_1_553' title='bbox 2302 3564 2535 3637; x_wconf 89' lang='lat' dir='ltr'>phanus</span> <span class='ocrx_word' id='word_1_554' title='bbox 2553 3544 3039 3635; x_wconf 37' lang='lat' dir='ltr'>_Cypriani,quem</span> <span class='ocrx_word' id='word_1_555' title='bbox 3065 3563 3130 3614; x_wconf 91' lang='lat' dir='ltr'>ut</span> <span class='ocrx_word' id='word_1_556' title='bbox 3152 3544 3852 3637; x_wconf 51' lang='lat' dir='ltr'>pseudocchristumpseudo-</span> 
     </span>
    </p>
   </div>
   <div class='ocr_carea' id='block_1_88' title="bbox 2303 3635 3853 3725">
    <p class='ocr_par' dir='ltr' id='par_1_88' title="bbox 2303 3635 3853 3725">
     <span class='ocr_line' id='line_1_88' title="bbox 2303 3635 3853 3725; baseline -0.014 -15"><span class='ocrx_word' id='word_1_557' title='bbox 2303 3635 2939 3725; x_wconf 77' lang='lat' dir='ltr'>apostolum,dolosum</span> <span class='ocrx_word' id='word_1_558' title='bbox 2962 3654 3019 3704; x_wconf 90' lang='lat' dir='ltr'>et</span> <span class='ocrx_word' id='word_1_559' title='bbox 3050 3648 3349 3721; x_wconf 78' lang='lat' dir='ltr'>perfidum</span> <span class='ocrx_word' id='word_1_560' title='bbox 3381 3635 3853 3709; x_wconf 71' lang='lat' dir='ltr'>infamabat,spisw</span> 
     </span>
    </p>
   </div>
   <div class='ocr_carea' id='block_1_89' title="bbox 2303 3726 3851 3815">
    <p class='ocr_par' dir='ltr' id='par_1_89' title="bbox 2303 3726 3851 3815">
     <span class='ocr_line' id='line_1_89' title="bbox 2303 3726 3851 3815; baseline -0.016 -18"><span class='ocrx_word' id='word_1_561' title='bbox 2303 3742 2395 3815; x_wconf 91' lang='lat' dir='ltr'>pis</span> <span class='ocrx_word' id='word_1_562' title='bbox 2420 3740 2634 3812; x_wconf 81' lang='lat' dir='ltr'>legatis</span> <span class='ocrx_word' id='word_1_563' title='bbox 2666 3755 2890 3812; x_wconf 88' lang='lat' dir='ltr'>pacem,</span> <span class='ocrx_word' id='word_1_564' title='bbox 2951 3737 3451 3804; x_wconf 85' lang='lat' dir='ltr'>communionem,</span> <span class='ocrx_word' id='word_1_565' title='bbox 3500 3726 3851 3815; x_wconf 80' lang='lat' dir='ltr'>hospitalitatem</span> 
     </span>
    </p>
   </div>
   <div class='ocr_carea' id='block_1_90' title="bbox 2304 3814 3852 3901">
    <p class='ocr_par' dir='ltr' id='par_1_90' title="bbox 2304 3814 3852 3901">
     <span class='ocr_line' id='line_1_90' title="bbox 2304 3814 3852 3901; baseline -0.01 -15"><span class='ocrx_word' id='word_1_566' title='bbox 2304 3814 2420 3887; x_wconf 82' lang='lat' dir='ltr'>non</span> <span class='ocrx_word' id='word_1_567' title='bbox 2454 3828 2686 3901; x_wconf 89' lang='lat' dir='ltr'>negavit</span> <span class='ocrx_word' id='word_1_568' title='bbox 2717 3826 2932 3893; x_wconf 90' lang='lat' dir='ltr'>solum,</span> <span class='ocrx_word' id='word_1_569' title='bbox 2965 3825 3064 3881; x_wconf 89' lang='lat' dir='ltr'>sed</span> <span class='ocrx_word' id='word_1_570' title='bbox 3098 3824 3435 3897; x_wconf 88' lang='lat' dir='ltr'>negandam</span> <span class='ocrx_word' id='word_1_571' title='bbox 3468 3833 3674 3894; x_wconf 87' lang='lat' dir='ltr'>quoque</span> <span class='ocrx_word' id='word_1_572' title='bbox 3695 3814 3749 3870; x_wconf 83' lang='lat' dir='ltr'>ab</span> <span class='ocrx_word' id='word_1_573' title='bbox 3770 3823 3852 3865; x_wconf 79' lang='grc' dir='ltr'>οω-</span> 
     </span>
    </p>
   </div>
   <div class='ocr_carea' id='block_1_91' title="bbox 2304 3908 3853 3988">
    <p class='ocr_par' dir='ltr' id='par_1_91' title="bbox 2304 3908 3853 3988">
     <span class='ocr_line' id='line_1_91' title="bbox 2304 3908 3853 3988; baseline -0.014 -14"><span class='ocrx_word' id='word_1_574' title='bbox 2304 3919 2481 3975; x_wconf 90' lang='lat' dir='ltr'>nibus</span> <span class='ocrx_word' id='word_1_575' title='bbox 2511 3922 2569 3973; x_wconf 90' lang='lat' dir='ltr'>et</span> <span class='ocrx_word' id='word_1_576' title='bbox 2594 3916 2810 3987; x_wconf 90' lang='lat' dir='ltr'>ubique</span> <span class='ocrx_word' id='word_1_577' title='bbox 2836 3914 3127 3988; x_wconf 70' lang='lat' dir='ltr'>praecepit.</span> <span class='ocrx_word' id='word_1_578' title='bbox 3164 3914 3501 3985; x_wconf 90' lang='lat' dir='ltr'>Stephanus</span> <span class='ocrx_word' id='word_1_579' title='bbox 3528 3908 3688 3965; x_wconf 80' lang='lat' dir='ltr'>zelum</span> <span class='ocrx_word' id='word_1_580' title='bbox 3716 3909 3853 3988; x_wconf 65' lang='lat' dir='ltr'>praise</span> 
     </span>
    </p>
   </div>
   <div class='ocr_carea' id='block_1_92' title="bbox 2306 3985 3856 4079">
    <p class='ocr_par' dir='ltr' id='par_1_92' title="bbox 2306 3985 3856 4079">
     <span class='ocr_line' id='line_1_92' title="bbox 2306 3985 3856 4079; baseline -0.012 -15"><span class='ocrx_word' id='word_1_581' title='bbox 2306 4010 2417 4065; x_wconf 91' lang='lat' dir='ltr'>fert</span> <span class='ocrx_word' id='word_1_582' title='bbox 2448 3985 2856 4079; x_wconf 39' lang='lat' dir='ltr'>quidem,_sed&#39;</span> <span class='ocrx_word' id='word_1_583' title='bbox 2894 4005 2965 4060; x_wconf 90' lang='lat' dir='ltr'>ad</span> <span class='ocrx_word' id='word_1_584' title='bbox 2998 3985 3202 4059; x_wconf 81' lang='lat' dir='ltr'>omnia</span> <span class='ocrx_word' id='word_1_585' title='bbox 3253 4001 3576 4075; x_wconf 87' lang='lat' dir='ltr'>promiscue</span> <span class='ocrx_word' id='word_1_586' title='bbox 3601 3985 3856 4051; x_wconf 76' lang='lat' dir='ltr'>devasde</span> 
     </span>
    </p>
   </div>
   <div class='ocr_carea' id='block_1_93' title="bbox 2308 4085 3855 4162">
    <p class='ocr_par' dir='ltr' id='par_1_93' title="bbox 2308 4085 3855 4162">
     <span class='ocr_line' id='line_1_93' title="bbox 2308 4085 3855 4162; baseline -0.014 -9"><span class='ocrx_word' id='word_1_587' title='bbox 2308 4098 2477 4153; x_wconf 91' lang='lat' dir='ltr'>unice</span> <span class='ocrx_word' id='word_1_588' title='bbox 2499 4095 2911 4161; x_wconf 84' lang='lat' dir='ltr'>sufficientem,</span> <span class='ocrx_word' id='word_1_589' title='bbox 2929 4093 3024 4149; x_wconf 90' lang='lat' dir='ltr'>hic</span> <span class='ocrx_word' id='word_1_590' title='bbox 3045 4091 3334 4162; x_wconf 89' lang='lat' dir='ltr'>Stephani</span> <span class='ocrx_word' id='word_1_591' title='bbox 3364 4090 3515 4147; x_wconf 88' lang='lat' dir='ltr'>zelus</span> <span class='ocrx_word' id='word_1_592' title='bbox 3547 4085 3855 4157; x_wconf 82' lang='lat' dir='ltr'>Imperatorem</span> 
     </span>
    </p>
   </div>
   <div class='ocr_carea' id='block_1_94' title="bbox 2310 4165 3855 4253">
    <p class='ocr_par' dir='ltr' id='par_1_94' title="bbox 2310 4165 3855 4253">
     <span class='ocr_line' id='line_1_94' title="bbox 2310 4165 3855 4253; baseline -0.017 -10"><span class='ocrx_word' id='word_1_593' title='bbox 2310 4186 2491 4243; x_wconf 91' lang='lat' dir='ltr'>movit</span> <span class='ocrx_word' id='word_1_594' title='bbox 2514 4186 2586 4241; x_wconf 87' lang='lat' dir='ltr'>ad</span> <span class='ocrx_word' id='word_1_595' title='bbox 2620 4183 2933 4239; x_wconf 87' lang='lat' dir='ltr'>Ecclesiam</span> <span class='ocrx_word' id='word_1_596' title='bbox 2966 4180 3283 4237; x_wconf 86' lang='lat' dir='ltr'>crudeliter</span> <span class='ocrx_word' id='word_1_597' title='bbox 3326 4173 3756 4253; x_wconf 88' lang='lat' dir='ltr'>persequendam.</span> <span class='ocrx_word' id='word_1_598' title='bbox 3776 4165 3855 4219; x_wconf 79' lang='lat' dir='ltr'>Ste-</span> 
     </span>
    </p>
   </div>
   <div class='ocr_carea' id='block_1_95' title="bbox 2312 4262 3861 4349">
    <p class='ocr_par' dir='ltr' id='par_1_95' title="bbox 2312 4262 3861 4349">
     <span class='ocr_line' id='line_1_95' title="bbox 2312 4262 3861 4349; baseline -0.013 -17"><span class='ocrx_word' id='word_1_599' title='bbox 2312 4276 2544 4349; x_wconf 89' lang='lat' dir='ltr'>phanus</span> <span class='ocrx_word' id='word_1_600' title='bbox 2577 4290 2689 4330; x_wconf 91' lang='lat' dir='ltr'>non</span> <span class='ocrx_word' id='word_1_601' title='bbox 2718 4289 2902 4328; x_wconf 91' lang='lat' dir='ltr'>unum</span> <span class='ocrx_word' id='word_1_602' title='bbox 2932 4270 3021 4327; x_wconf 91' lang='lat' dir='ltr'>vel</span> <span class='ocrx_word' id='word_1_603' title='bbox 3051 4271 3205 4327; x_wconf 92' lang='lat' dir='ltr'>duos</span> <span class='ocrx_word' id='word_1_604' title='bbox 3249 4271 3566 4336; x_wconf 86' lang='lat' dir='ltr'>dumtaxat,</span> <span class='ocrx_word' id='word_1_605' title='bbox 3596 4262 3680 4320; x_wconf 88' lang='lat' dir='ltr'>sed</span> <span class='ocrx_word' id='word_1_606' title='bbox 3704 4265 3789 4313; x_wconf 80' lang='lat' dir='ltr'>tres</span> <span class='ocrx_word' id='word_1_607' title='bbox 3809 4267 3861 4306; x_wconf 75' lang='lat' dir='ltr'>er-</span> 
     </span>
    </p>
   </div>
   <div class='ocr_carea' id='block_1_96' title="bbox 2311 4354 3860 4421">
    <p class='ocr_par' dir='ltr' id='par_1_96' title="bbox 2311 4354 3860 4421">
     <span class='ocr_line' id='line_1_96' title="bbox 2311 4354 3860 4421; baseline -0.015 0"><span class='ocrx_word' id='word_1_608' title='bbox 2311 4381 2471 4421; x_wconf 90' lang='lat' dir='ltr'>rores</span> <span class='ocrx_word' id='word_1_609' title='bbox 2520 4362 2653 4419; x_wconf 84' lang='lat' dir='ltr'>ﬁdei</span> <span class='ocrx_word' id='word_1_610' title='bbox 2712 4360 3006 4418; x_wconf 69' lang='lat' dir='ltr'>catholicis</span> <span class='ocrx_word' id='word_1_611' title='bbox 3074 4360 3357 4415; x_wconf 90' lang='lat' dir='ltr'>adversos</span> <span class='ocrx_word' id='word_1_612' title='bbox 3386 4358 3548 4413; x_wconf 90' lang='lat' dir='ltr'>docet</span> <span class='ocrx_word' id='word_1_613' title='bbox 3594 4354 3646 4408; x_wconf 92' lang='lat' dir='ltr'>in</span> <span class='ocrx_word' id='word_1_614' title='bbox 3700 4361 3777 4403; x_wconf 89' lang='lat' dir='ltr'>suo</span> <span class='ocrx_word' id='word_1_615' title='bbox 3809 4354 3860 4394; x_wconf 53' lang='lat' dir='ltr'>re</span> 
     </span>
    </p>
   </div>
   <div class='ocr_carea' id='block_1_97' title="bbox 2313 4432 3858 4525">
    <p class='ocr_par' dir='ltr' id='par_1_97' title="bbox 2313 4432 3858 4525">
     <span class='ocr_line' id='line_1_97' title="bbox 2313 4432 3858 4525; baseline -0.019 -14"><span class='ocrx_word' id='word_1_616' title='bbox 2313 4454 2551 4525; x_wconf 87' lang='lat' dir='ltr'>scripto.</span> <span class='ocrx_word' id='word_1_617' title='bbox 2585 4453 2849 4508; x_wconf 88' lang='lat' dir='ltr'>Tandem</span> <span class='ocrx_word' id='word_1_618' title='bbox 2907 4466 3066 4515; x_wconf 89' lang='lat' dir='ltr'>vero,</span> <span class='ocrx_word' id='word_1_619' title='bbox 3099 4448 3273 4520; x_wconf 90' lang='lat' dir='ltr'>quasi</span> <span class='ocrx_word' id='word_1_620' title='bbox 3306 4448 3427 4503; x_wconf 66' lang='lat' dir='ltr'>haec</span> <span class='ocrx_word' id='word_1_621' title='bbox 3483 4442 3659 4500; x_wconf 85' lang='lat' dir='ltr'>omnia</span> <span class='ocrx_word' id='word_1_622' title='bbox 3682 4452 3759 4511; x_wconf 85' lang='lat' dir='ltr'>pro</span> <span class='ocrx_word' id='word_1_623' title='bbox 3781 4432 3858 4525; x_wconf 71' lang='lat' dir='ltr'>Sie-</span> 
     </span>
    </p>
   </div>
   <div class='ocr_carea' id='block_1_98' title="bbox 550 4522 3858 4616">
    <p class='ocr_par' dir='ltr' id='par_1_98' title="bbox 550 4522 3858 4616">
     <span class='ocr_line' id='line_1_98' title="bbox 550 4522 3858 4616; baseline -0.006 -15"><span class='ocrx_word' id='word_1_624' title='bbox 550 4522 698 4601; x_wconf 75' lang='lat' dir='ltr'>cata.</span> <span class='ocrx_word' id='word_1_625' title='bbox 735 4550 814 4600; x_wconf 89' lang='lat' dir='ltr'>En</span> <span class='ocrx_word' id='word_1_626' title='bbox 855 4543 1167 4616; x_wconf 84' lang='lat' dir='ltr'>Augustini</span> <span class='ocrx_word' id='word_1_627' title='bbox 1198 4543 1374 4597; x_wconf 89' lang='lat' dir='ltr'>verba</span> <span class='ocrx_word' id='word_1_628' title='bbox 1402 4542 1471 4596; x_wconf 87' lang='lat' dir='ltr'>ad</span> <span class='ocrx_word' id='word_1_629' title='bbox 1505 4542 1757 4596; x_wconf 85' lang='lat' dir='ltr'>Crescon.</span> <span class='ocrx_word' id='word_1_630' title='bbox 1792 4539 2045 4610; x_wconf 85' lang='lat' dir='ltr'>liberm,</span> <span class='ocrx_word' id='word_1_631' title='bbox 2077 4554 2203 4609; x_wconf 89' lang='lat' dir='ltr'>cap.</span> <span class='ocrx_word' id='word_1_632' title='bbox 2239 4546 2286 4611; x_wconf 83' lang='lat' dir='ltr'><strong>D</strong></span> <span class='ocrx_word' id='word_1_633' title='bbox 2318 4522 2498 4616; x_wconf 76' lang='lat' dir='ltr'>phani</span> <span class='ocrx_word' id='word_1_634' title='bbox 2543 4540 2841 4597; x_wconf 91' lang='lat' dir='ltr'>demeritis</span> <span class='ocrx_word' id='word_1_635' title='bbox 2893 4539 3135 4595; x_wconf 89' lang='lat' dir='ltr'>minime</span> <span class='ocrx_word' id='word_1_636' title='bbox 3192 4537 3548 4599; x_wconf 83' lang='lat' dir='ltr'>sufﬁcerent,</span> <span class='ocrx_word' id='word_1_637' title='bbox 3600 4522 3858 4585; x_wconf 56' lang='lat' dir='ltr'>contentam</span> 
     </span>
    </p>
   </div>
   <div class='ocr_carea' id='block_1_99' title="bbox 549 4626 2198 4699">
    <p class='ocr_par' dir='ltr' id='par_1_99' title="bbox 549 4626 2198 4699">
     <span class='ocr_line' id='line_1_99' title="bbox 549 4626 2198 4699; baseline -0.006 -8"><span class='ocrx_word' id='word_1_638' title='bbox 549 4635 585 4691; x_wconf 92' lang='lat'>3</span> <span class='ocrx_word' id='word_1_639' title='bbox 611 4652 623 4689; x_wconf 93' lang='lat'><strong>:</strong></span> <span class='ocrx_word' id='word_1_640' title='bbox 658 4657 685 4684; x_wconf 83' lang='lat'><strong><em>«</em></strong></span> <span class='ocrx_word' id='word_1_641' title='bbox 721 4634 967 4689; x_wconf 92' lang='lat' dir='ltr'>Proinde</span> <span class='ocrx_word' id='word_1_642' title='bbox 997 4632 1047 4688; x_wconf 90' lang='lat' dir='ltr'>si</span> <span class='ocrx_word' id='word_1_643' title='bbox 1078 4632 1315 4688; x_wconf 89' lang='lat' dir='ltr'>omnino</span> <span class='ocrx_word' id='word_1_644' title='bbox 1348 4631 1703 4686; x_wconf 90' lang='lat' dir='ltr'>credendum</span> <span class='ocrx_word' id='word_1_645' title='bbox 1745 4629 1844 4695; x_wconf 90' lang='lat' dir='ltr'>sit,</span> <span class='ocrx_word' id='word_1_646' title='bbox 1875 4630 1946 4684; x_wconf 89' lang='grc'>50</span> <span class='ocrx_word' id='word_1_647' title='bbox 1974 4626 2198 4699; x_wconf 89' lang='lat' dir='ltr'>episco-</span> 
     </span>
    </p>
   </div>
   <div class='ocr_carea' id='block_1_100' title="bbox 554 4708 2201 4797">
    <p class='ocr_par' dir='ltr' id='par_1_100' title="bbox 554 4708 2201 4797">
     <span class='ocr_line' id='line_1_100' title="bbox 554 4708 2201 4797; baseline -0.004 -21"><span class='ocrx_word' id='word_1_648' title='bbox 554 4725 645 4797; x_wconf 90' lang='lat' dir='ltr'>pis</span> <span class='ocrx_word' id='word_1_649' title='bbox 676 4721 1071 4778; x_wconf 89' lang='lat' dir='ltr'>Orientalibus</span> <span class='ocrx_word' id='word_1_650' title='bbox 1102 4721 1160 4776; x_wconf 91' lang='lat' dir='ltr'>id</span> <span class='ocrx_word' id='word_1_651' title='bbox 1191 4736 1319 4777; x_wconf 88' lang='lat' dir='ltr'>esse</span> <span class='ocrx_word' id='word_1_652' title='bbox 1373 4721 1587 4786; x_wconf 90' lang='lat' dir='ltr'>visum,</span> <span class='ocrx_word' id='word_1_653' title='bbox 1620 4719 1775 4790; x_wconf 91' lang='lat' dir='ltr'>quod</span> <span class='ocrx_word' id='word_1_654' title='bbox 1804 4708 1874 4771; x_wconf 81' lang='lat'>70</span> <span class='ocrx_word' id='word_1_655' title='bbox 1904 4716 2079 4781; x_wconf 90' lang='lat' dir='ltr'>Afris,</span> <span class='ocrx_word' id='word_1_656' title='bbox 2109 4713 2201 4770; x_wconf 92' lang='lat' dir='ltr'>vel</span> 
     </span>
    </p>
   </div>
   <div class='ocr_carea' id='block_1_101' title="bbox 554 4805 2200 4886">
    <p class='ocr_par' dir='ltr' id='par_1_101' title="bbox 554 4805 2200 4886">
     <span class='ocr_line' id='line_1_101' title="bbox 554 4805 2200 4886; baseline -0.007 -15"><span class='ocrx_word' id='word_1_657' title='bbox 554 4812 853 4886; x_wconf 89' lang='lat' dir='ltr'>aliquanto</span> <span class='ocrx_word' id='word_1_658' title='bbox 884 4811 1056 4867; x_wconf 90' lang='lat' dir='ltr'>etiam</span> <span class='ocrx_word' id='word_1_659' title='bbox 1090 4810 1356 4883; x_wconf 89' lang='lat' dir='ltr'>pluribus</span> <span class='ocrx_word' id='word_1_660' title='bbox 1401 4814 1604 4865; x_wconf 90' lang='lat' dir='ltr'>contra</span> <span class='ocrx_word' id='word_1_661' title='bbox 1651 4808 1731 4863; x_wconf 85' lang='lat' dir='ltr'>tot</span> <span class='ocrx_word' id='word_1_662' title='bbox 1766 4806 1949 4862; x_wconf 90' lang='lat' dir='ltr'>millia</span> <span class='ocrx_word' id='word_1_663' title='bbox 1979 4805 2200 4877; x_wconf 89' lang='lat' dir='ltr'>episco-</span> 
     </span>
    </p>
   </div>
   <div class='ocr_carea' id='block_1_102' title="bbox 554 4894 2201 4977">
    <p class='ocr_par' dir='ltr' id='par_1_102' title="bbox 554 4894 2201 4977">
     <span class='ocr_line' id='line_1_102' title="bbox 554 4894 2201 4977; baseline -0.007 -19"><span class='ocrx_word' id='word_1_664' title='bbox 554 4919 763 4977; x_wconf 90' lang='lat' dir='ltr'>porum</span> <span class='ocrx_word' id='word_1_665' title='bbox 795 4924 821 4951; x_wconf 83' lang='lat'>»</span> <span class='ocrx_word' id='word_1_666' title='bbox 870 4905 979 4957; x_wconf 90' lang='lat' dir='ltr'>etc.</span> <span class='ocrx_word' id='word_1_667' title='bbox 1038 4900 1167 4955; x_wconf 71' lang='lat' dir='ltr'>Haec</span> <span class='ocrx_word' id='word_1_668' title='bbox 1225 4899 1398 4955; x_wconf 86' lang='lat' dir='ltr'>verba</span> <span class='ocrx_word' id='word_1_669' title='bbox 1450 4899 1523 4953; x_wconf 93' lang='lat'>70</span> <span class='ocrx_word' id='word_1_670' title='bbox 1573 4897 1721 4969; x_wconf 81' lang='lat' dir='ltr'>Afris</span> <span class='ocrx_word' id='word_1_671' title='bbox 1776 4896 1860 4951; x_wconf 84' lang='lat' dir='ltr'>vel</span> <span class='ocrx_word' id='word_1_672' title='bbox 1915 4894 2201 4965; x_wconf 72' lang='lat' dir='ltr'>aliquanto</span> 
     </span>
    </p>
   </div>
   <div class='ocr_carea' id='block_1_103' title="bbox 552 4984 2201 5063">
    <p class='ocr_par' dir='ltr' id='par_1_103' title="bbox 552 4984 2201 5063">
     <span class='ocr_line' id='line_1_103' title="bbox 552 4984 2201 5063; baseline -0.007 -15"><span class='ocrx_word' id='word_1_673' title='bbox 552 4994 717 5049; x_wconf 78' lang='lat' dir='ltr'>etiam</span> <span class='ocrx_word' id='word_1_674' title='bbox 744 4991 997 5063; x_wconf 74' lang='lat' dir='ltr'>pluribus</span> <span class='ocrx_word' id='word_1_675' title='bbox 1027 4994 1315 5044; x_wconf 89' lang='lat' dir='ltr'>sonantue</span> <span class='ocrx_word' id='word_1_676' title='bbox 1368 4988 1438 5040; x_wconf 88' lang='lat'><strong>70</strong></span> <span class='ocrx_word' id='word_1_677' title='bbox 1496 4988 1648 5055; x_wconf 74' lang='lat' dir='ltr'>Afris</span> <span class='ocrx_word' id='word_1_678' title='bbox 1704 5002 1801 5041; x_wconf 84' lang='lat' dir='ltr'>nec</span> <span class='ocrx_word' id='word_1_679' title='bbox 1828 4984 2105 5053; x_wconf 75' lang='lat' dir='ltr'>pluribus,</span> <span class='ocrx_word' id='word_1_680' title='bbox 2138 4986 2201 5037; x_wconf 91' lang='lat' dir='ltr'>ut</span> 
     </span>
    </p>
   </div>
   <div class='ocr_carea' id='block_1_104' title="bbox 551 5072 2200 5137">
    <p class='ocr_par' dir='ltr' id='par_1_104' title="bbox 551 5072 2200 5137">
     <span class='ocr_line' id='line_1_104' title="bbox 551 5072 2200 5137; baseline -0.007 0"><span class='ocrx_word' id='word_1_681' title='bbox 551 5084 769 5137; x_wconf 79' lang='lat' dir='ltr'>Auctor</span> <span class='ocrx_word' id='word_1_682' title='bbox 798 5085 915 5135; x_wconf 88' lang='lat' dir='ltr'>tam</span> <span class='ocrx_word' id='word_1_683' title='bbox 949 5079 1308 5134; x_wconf 83' lang='lat' dir='ltr'>confidenter</span> <span class='ocrx_word' id='word_1_684' title='bbox 1345 5074 1645 5129; x_wconf 83' lang='lat' dir='ltr'>affirmat?</span> <span class='ocrx_word' id='word_1_685' title='bbox 1674 5073 1961 5129; x_wconf 89' lang='lat' dir='ltr'>Audiatur</span> <span class='ocrx_word' id='word_1_686' title='bbox 1988 5072 2200 5127; x_wconf 89' lang='lat' dir='ltr'>iterum</span> 
     </span>
    </p>
   </div>
   <div class='ocr_carea' id='block_1_105' title="bbox 554 5160 2197 5241">
    <p class='ocr_par' dir='ltr' id='par_1_105' title="bbox 554 5160 2197 5241">
     <span class='ocr_line' id='line_1_105' title="bbox 554 5160 2197 5241; baseline -0.005 -18"><span class='ocrx_word' id='word_1_687' title='bbox 554 5168 957 5241; x_wconf 82' lang='lat' dir='ltr'>Augustinus:</span> <span class='ocrx_word' id='word_1_688' title='bbox 992 5188 1019 5216; x_wconf 88' lang='grc'>‹‹</span> <span class='ocrx_word' id='word_1_689' title='bbox 1065 5165 1267 5217; x_wconf 90' lang='lat' dir='ltr'>Visum</span> <span class='ocrx_word' id='word_1_690' title='bbox 1301 5166 1409 5228; x_wconf 90' lang='lat' dir='ltr'>est,</span> <span class='ocrx_word' id='word_1_691' title='bbox 1457 5161 1669 5232; x_wconf 90' lang='lat' dir='ltr'>inquit,</span> <span class='ocrx_word' id='word_1_692' title='bbox 1702 5160 1803 5215; x_wconf 91' lang='lat' dir='ltr'>lib.</span> <span class='ocrx_word' id='word_1_693' title='bbox 1838 5179 1855 5216; x_wconf 87' lang='lat'>1</span> <span class='ocrx_word' id='word_1_694' title='bbox 1884 5160 1948 5216; x_wconf 84' lang='lat' dir='ltr'>de</span> <span class='ocrx_word' id='word_1_695' title='bbox 1977 5162 2135 5231; x_wconf 77' lang='lat' dir='ltr'>Bapl.</span> <span class='ocrx_word' id='word_1_696' title='bbox 2176 5181 2197 5208; x_wconf 70' lang='grc' dir='ltr'><strong>ο</strong></span> 
     </span>
    </p>
   </div>
   <div class='ocr_carea' id='block_1_106' title="bbox 553 5247 2203 5329">
    <p class='ocr_par' dir='ltr' id='par_1_106' title="bbox 553 5247 2203 5329">
     <span class='ocr_line' id='line_1_106' title="bbox 553 5247 2203 5329; baseline -0.006 -16"><span class='ocrx_word' id='word_1_697' title='bbox 553 5274 681 5329; x_wconf 89' lang='lat' dir='ltr'>cap.</span> <span class='ocrx_word' id='word_1_698' title='bbox 718 5258 803 5327; x_wconf 80' lang='lat'>18,</span> <span class='ocrx_word' id='word_1_699' title='bbox 838 5253 1123 5329; x_wconf 84' lang='lat' dir='ltr'>Cypriano</span> <span class='ocrx_word' id='word_1_700' title='bbox 1155 5267 1286 5305; x_wconf 89' lang='lat' dir='ltr'>cum</span> <span class='ocrx_word' id='word_1_701' title='bbox 1315 5251 1493 5305; x_wconf 88' lang='lat' dir='ltr'>ferme</span> <span class='ocrx_word' id='word_1_702' title='bbox 1521 5250 1814 5323; x_wconf 88' lang='lat' dir='ltr'>octoginta</span> <span class='ocrx_word' id='word_1_703' title='bbox 1843 5247 2203 5320; x_wconf 89' lang='lat' dir='ltr'>coepiscopis</span> 
     </span>
    </p>
   </div>
   <div class='ocr_carea' id='block_1_107' title="bbox 556 5336 2201 5409">
    <p class='ocr_par' dir='ltr' id='par_1_107' title="bbox 556 5336 2201 5409">
     <span class='ocr_line' id='line_1_107' title="bbox 556 5336 2201 5409; baseline -0.007 -6"><span class='ocrx_word' id='word_1_704' title='bbox 556 5347 681 5403; x_wconf 89' lang='lat' dir='ltr'>suis</span> <span class='ocrx_word' id='word_1_705' title='bbox 705 5346 1107 5401; x_wconf 76' lang='lat' dir='ltr'>Africanarum</span> <span class='ocrx_word' id='word_1_706' title='bbox 1122 5338 1497 5395; x_wconf 90' lang='lat' dir='ltr'>ecclesiarum</span> <span class='ocrx_word' id='word_1_707' title='bbox 1521 5356 1754 5395; x_wconf 89' lang='lat' dir='ltr'>omnem</span> <span class='ocrx_word' id='word_1_708' title='bbox 1778 5338 2076 5393; x_wconf 88' lang='lat' dir='ltr'>hominem</span> <span class='ocrx_word' id='word_1_709' title='bbox 2100 5336 2201 5409; x_wconf 89' lang='lat' dir='ltr'>qui</span> 
     </span>
    </p>
   </div>
   <div class='ocr_carea' id='block_1_108' title="bbox 560 5427 2203 5501">
    <p class='ocr_par' dir='ltr' id='par_1_108' title="bbox 560 5427 2203 5501">
     <span class='ocr_line' id='line_1_108' title="bbox 560 5427 2203 5501; baseline -0.005 -9"><span class='ocrx_word' id='word_1_710' title='bbox 560 5442 722 5491; x_wconf 80' lang='lat' dir='ltr'>extra</span> <span class='ocrx_word' id='word_1_711' title='bbox 752 5433 1018 5491; x_wconf 82' lang='lat' dir='ltr'>Ecclesiae</span> <span class='ocrx_word' id='word_1_712' title='bbox 1042 5428 1337 5486; x_wconf 69' lang='lat' dir='ltr'>catholicae</span> <span class='ocrx_word' id='word_1_713' title='bbox 1366 5429 1835 5485; x_wconf 85' lang='lat' dir='ltr'>communionem</span> <span class='ocrx_word' id='word_1_714' title='bbox 1870 5427 2203 5501; x_wconf 88' lang='lat' dir='ltr'>baptizatus</span> 
     </span>
    </p>
   </div>
   <div class='ocr_carea' id='block_1_109' title="bbox 622 5645 1916 5728">
    <p class='ocr_par' dir='ltr' id='par_1_109' title="bbox 622 5645 1916 5728">
     <span class='ocr_line' id='line_1_109' title="bbox 622 5645 1916 5728; baseline -0.004 -18"><span class='ocrx_word' id='word_1_715' title='bbox 622 5653 699 5728; x_wconf 86' lang='lat'>(8)</span> <span class='ocrx_word' id='word_1_716' title='bbox 729 5656 869 5727; x_wconf 86' lang='lat' dir='ltr'>Pag.</span> <span class='ocrx_word' id='word_1_717' title='bbox 902 5649 1001 5709; x_wconf 82' lang='grc'>381</span> <span class='ocrx_word' id='word_1_718' title='bbox 1036 5664 1225 5724; x_wconf 88' lang='lat' dir='ltr'>usque</span> <span class='ocrx_word' id='word_1_719' title='bbox 1253 5650 1324 5708; x_wconf 90' lang='lat' dir='ltr'>ad</span> <span class='ocrx_word' id='word_1_720' title='bbox 1355 5663 1489 5724; x_wconf 86' lang='lat' dir='ltr'>pag.</span> <span class='ocrx_word' id='word_1_721' title='bbox 1514 5646 1641 5721; x_wconf 87' lang='lat'>386,</span> <span class='ocrx_word' id='word_1_722' title='bbox 1671 5649 1729 5708; x_wconf 90' lang='lat' dir='ltr'>et</span> <span class='ocrx_word' id='word_1_723' title='bbox 1757 5645 1916 5706; x_wconf 90' lang='lat' dir='ltr'>alibi.</span> 
     </span>
    </p>
   </div>
   <div class='ocr_carea' id='block_1_110' title="bbox 2311 4621 3857 4688">
    <p class='ocr_par' dir='ltr' id='par_1_110' title="bbox 2311 4621 3857 4688">
     <span class='ocr_line' id='line_1_110' title="bbox 2311 4621 3857 4688; baseline -0.011 0"><span class='ocrx_word' id='word_1_724' title='bbox 2311 4630 2621 4688; x_wconf 89' lang='lat' dir='ltr'>Gervasius</span> <span class='ocrx_word' id='word_1_725' title='bbox 2653 4646 2715 4685; x_wconf 92' lang='lat' dir='ltr'>se</span> <span class='ocrx_word' id='word_1_726' title='bbox 2746 4645 2878 4684; x_wconf 91' lang='lat' dir='ltr'>cum</span> <span class='ocrx_word' id='word_1_727' title='bbox 2912 4627 3073 4683; x_wconf 89' lang='lat' dir='ltr'>omni</span> <span class='ocrx_word' id='word_1_728' title='bbox 3108 4625 3506 4681; x_wconf 89' lang='lat' dir='ltr'>moderatione</span> <span class='ocrx_word' id='word_1_729' title='bbox 3542 4637 3600 4676; x_wconf 85' lang='lat' dir='ltr'>ac</span> <span class='ocrx_word' id='word_1_730' title='bbox 3623 4621 3857 4685; x_wconf 51' lang='lat' dir='ltr'>temper“?</span> 
     </span>
    </p>
   </div>
   <div class='ocr_carea' id='block_1_111' title="bbox 2309 4714 3555 4792">
    <p class='ocr_par' dir='ltr' id='par_1_111' title="bbox 2309 4714 3555 4792">
     <span class='ocr_line' id='line_1_111' title="bbox 2309 4714 3555 4792; baseline -0.01 -16"><span class='ocrx_word' id='word_1_731' title='bbox 2309 4720 2391 4777; x_wconf 89' lang='lat' dir='ltr'>tia</span> <span class='ocrx_word' id='word_1_732' title='bbox 2421 4716 2689 4792; x_wconf 90' lang='lat' dir='ltr'>possibili</span> <span class='ocrx_word' id='word_1_733' title='bbox 2721 4718 2792 4774; x_wconf 91' lang='lat' dir='ltr'>de</span> <span class='ocrx_word' id='word_1_734' title='bbox 2819 4716 3112 4789; x_wconf 88' lang='lat' dir='ltr'>Stephano</span> <span class='ocrx_word' id='word_1_735' title='bbox 3144 4715 3326 4770; x_wconf 89' lang='lat' dir='ltr'>verba</span> <span class='ocrx_word' id='word_1_736' title='bbox 3356 4714 3555 4767; x_wconf 89' lang='lat' dir='ltr'>facere.</span> 
     </span>
    </p>
   </div>
   <div class='ocr_carea' id='block_1_112' title="bbox 2381 4780 3857 4879">
    <p class='ocr_par' dir='ltr' id='par_1_112' title="bbox 2381 4780 3857 4879">
     <span class='ocr_line' id='line_1_112' title="bbox 2381 4780 3857 4879; baseline -0.014 -15"><span class='ocrx_word' id='word_1_737' title='bbox 2381 4780 2554 4864; x_wconf 59' lang='lat' dir='ltr'>Cleli!</span> <span class='ocrx_word' id='word_1_738' title='bbox 2593 4824 2719 4879; x_wconf 69' lang='lat' dir='ltr'>quas</span> <span class='ocrx_word' id='word_1_739' title='bbox 2750 4780 2953 4862; x_wconf 50' lang='lat' dir='ltr'>video-l</span> <span class='ocrx_word' id='word_1_740' title='bbox 2984 4806 3112 4861; x_wconf 74' lang='lat' dir='ltr'>Haec</span> <span class='ocrx_word' id='word_1_741' title='bbox 3143 4802 3567 4859; x_wconf 74' lang='lat' dir='ltr'>Francus?Haac</span> <span class='ocrx_word' id='word_1_742' title='bbox 3596 4780 3857 4879; x_wconf 37' lang='lat' dir='ltr'>catholici”?</span> 
     </span>
    </p>
   </div>
   <div class='ocr_carea' id='block_1_113' title="bbox 2311 4874 3855 4953">
    <p class='ocr_par' dir='ltr' id='par_1_113' title="bbox 2311 4874 3855 4953">
     <span class='ocr_line' id='line_1_113' title="bbox 2311 4874 3855 4953; baseline -0.016 0"><span class='ocrx_word' id='word_1_743' title='bbox 2311 4897 2442 4953; x_wconf 77' lang='lat' dir='ltr'>Haec</span> <span class='ocrx_word' id='word_1_744' title='bbox 2472 4897 2573 4953; x_wconf 89' lang='lat' dir='ltr'>Dei</span> <span class='ocrx_word' id='word_1_745' title='bbox 2605 4874 2925 4952; x_wconf 76' lang='lat' dir='ltr'>sacerdos?</span> <span class='ocrx_word' id='word_1_746' title='bbox 2955 4894 3083 4950; x_wconf 69' lang='lat' dir='ltr'>Haec</span> <span class='ocrx_word' id='word_1_747' title='bbox 3114 4892 3279 4948; x_wconf 83' lang='lat' dir='ltr'>ﬁlius</span> <span class='ocrx_word' id='word_1_748' title='bbox 3300 4892 3329 4947; x_wconf 77' lang='lat'><strong><em>?</em></strong></span> <span class='ocrx_word' id='word_1_749' title='bbox 3359 4892 3486 4947; x_wconf 68' lang='lat' dir='ltr'>Haec</span> <span class='ocrx_word' id='word_1_750' title='bbox 3515 4889 3579 4943; x_wconf 92' lang='lat' dir='ltr'>de</span> <span class='ocrx_word' id='word_1_751' title='bbox 3605 4886 3742 4939; x_wconf 85' lang='lat' dir='ltr'>Patre</span> <span class='ocrx_word' id='word_1_752' title='bbox 3757 4874 3855 4929; x_wconf 68' lang='lat' dir='ltr'>illac</span> 
     </span>
    </p>
   </div>
   <div class='ocr_carea' id='block_1_114' title="bbox 2311 4957 3857 5058">
    <p class='ocr_par' dir='ltr' id='par_1_114' title="bbox 2311 4957 3857 5058">
     <span class='ocr_line' id='line_1_114' title="bbox 2311 4957 3857 5058; baseline -0.016 -16"><span class='ocrx_word' id='word_1_753' title='bbox 2311 4987 2383 5042; x_wconf 91' lang='lat' dir='ltr'>de</span> <span class='ocrx_word' id='word_1_754' title='bbox 2413 4986 2688 5042; x_wconf 78' lang='lat' dir='ltr'>Pontifice</span> <span class='ocrx_word' id='word_1_755' title='bbox 2714 4983 3012 5040; x_wconf 79' lang='lat' dir='ltr'>maximo?</span> <span class='ocrx_word' id='word_1_756' title='bbox 3044 4983 3172 5037; x_wconf 59' lang='lat' dir='ltr'>Haec</span> <span class='ocrx_word' id='word_1_757' title='bbox 3217 4982 3292 5037; x_wconf 92' lang='lat' dir='ltr'>de</span> <span class='ocrx_word' id='word_1_758' title='bbox 3332 4975 3644 5035; x_wconf 87' lang='lat' dir='ltr'>traditionis</span> <span class='ocrx_word' id='word_1_759' title='bbox 3670 4957 3857 5058; x_wconf 59' lang='lat' dir='ltr'>vindice?</span> 
     </span>
    </p>
   </div>
   <div class='ocr_carea' id='block_1_115' title="bbox 2312 5063 3854 5142">
    <p class='ocr_par' dir='ltr' id='par_1_115' title="bbox 2312 5063 3854 5142">
     <span class='ocr_line' id='line_1_115' title="bbox 2312 5063 3854 5142; baseline -0.009 -11"><span class='ocrx_word' id='word_1_760' title='bbox 2312 5076 2442 5131; x_wconf 65' lang='lat' dir='ltr'>Haec</span> <span class='ocrx_word' id='word_1_761' title='bbox 2468 5076 2538 5130; x_wconf 86' lang='lat' dir='ltr'>de</span> <span class='ocrx_word' id='word_1_762' title='bbox 2569 5073 2942 5129; x_wconf 88' lang='lat' dir='ltr'>sanctissimo</span> <span class='ocrx_word' id='word_1_763' title='bbox 2975 5076 3230 5142; x_wconf 87' lang='lat' dir='ltr'>martyre</span> <span class='ocrx_word' id='word_1_764' title='bbox 3255 5073 3278 5125; x_wconf 71' lang='grc' dir='ltr'><strong><em>Ρ</em></strong></span> <span class='ocrx_word' id='word_1_765' title='bbox 3306 5069 3350 5125; x_wconf 91' lang='lat'>0</span> <span class='ocrx_word' id='word_1_766' title='bbox 3382 5064 3710 5123; x_wconf 89' lang='lat' dir='ltr'>licentiosam</span> <span class='ocrx_word' id='word_1_767' title='bbox 3740 5063 3854 5117; x_wconf 74' lang='lat' dir='ltr'>scnP&#39;</span> 
     </span>
    </p>
   </div>
   <div class='ocr_carea' id='block_1_116' title="bbox 2310 5146 3858 5233">
    <p class='ocr_par' dir='ltr' id='par_1_116' title="bbox 2310 5146 3858 5233">
     <span class='ocr_line' id='line_1_116' title="bbox 2310 5146 3858 5233; baseline -0.006 -13"><span class='ocrx_word' id='word_1_768' title='bbox 2310 5164 2553 5229; x_wconf 89' lang='lat' dir='ltr'>tionem,</span> <span class='ocrx_word' id='word_1_769' title='bbox 2589 5162 2835 5218; x_wconf 87' lang='lat' dir='ltr'>inultam</span> <span class='ocrx_word' id='word_1_770' title='bbox 2870 5158 3428 5230; x_wconf 89' lang='lat' dir='ltr'>nihilominus,proh</span> <span class='ocrx_word' id='word_1_771' title='bbox 3460 5146 3858 5233; x_wconf 67' lang='lat' dir='ltr'>superi,etimll_“‘</span> 
     </span>
    </p>
   </div>
   <div class='ocr_carea' id='block_1_117' title="bbox 2312 5235 3854 5325">
    <p class='ocr_par' dir='ltr' id='par_1_117' title="bbox 2312 5235 3854 5325">
     <span class='ocr_line' id='line_1_117' title="bbox 2312 5235 3854 5325; baseline -0.016 -17"><span class='ocrx_word' id='word_1_772' title='bbox 2312 5253 2536 5308; x_wconf 88' lang='lat' dir='ltr'>nitaml</span> <span class='ocrx_word' id='word_1_773' title='bbox 2574 5275 2600 5302; x_wconf 88' lang='grc'>‹‹</span> <span class='ocrx_word' id='word_1_774' title='bbox 2635 5252 2678 5307; x_wconf 92' lang='lat'>0</span> <span class='ocrx_word' id='word_1_775' title='bbox 2706 5255 3042 5325; x_wconf 90' lang='lat' dir='ltr'>portentum</span> <span class='ocrx_word' id='word_1_776' title='bbox 3092 5264 3231 5314; x_wconf 90' lang='lat' dir='ltr'>non,</span> <span class='ocrx_word' id='word_1_777' title='bbox 3265 5246 3419 5302; x_wconf 92' lang='lat' dir='ltr'>sicut</span> <span class='ocrx_word' id='word_1_778' title='bbox 3473 5244 3549 5299; x_wconf 84' lang='lat' dir='ltr'>ait</span> <span class='ocrx_word' id='word_1_779' title='bbox 3598 5235 3854 5310; x_wconf 62' lang='lat' dir='ltr'>quiderm!!!</span> 
     </span>
    </p>
   </div>
   <div class='ocr_carea' id='block_1_118' title="bbox 2311 5325 3857 5410">
    <p class='ocr_par' dir='ltr' id='par_1_118' title="bbox 2311 5325 3857 5410">
     <span class='ocr_line' id='line_1_118' title="bbox 2311 5325 3857 5410; baseline -0.011 -13"><span class='ocrx_word' id='word_1_780' title='bbox 2311 5340 2554 5397; x_wconf 87' lang='lat' dir='ltr'>ultimas</span> <span class='ocrx_word' id='word_1_781' title='bbox 2586 5345 2771 5396; x_wconf 89' lang='lat' dir='ltr'>terras</span> <span class='ocrx_word' id='word_1_782' title='bbox 2798 5334 3357 5410; x_wconf 83' lang='lat' dir='ltr'>exportandum,sed</span> <span class='ocrx_word' id='word_1_783' title='bbox 3395 5331 3577 5406; x_wconf 88' lang='lat' dir='ltr'>potius</span> <span class='ocrx_word' id='word_1_784' title='bbox 3594 5330 3728 5384; x_wconf 75' lang='lat' dir='ltr'>extra</span> <span class='ocrx_word' id='word_1_785' title='bbox 3749 5325 3857 5375; x_wconf 73' lang='grc' dir='ltr'>οωηθ</span> 
     </span>
    </p>
   </div>
   <div class='ocr_carea' id='block_1_119' title="bbox 2312 5410 3855 5493">
    <p class='ocr_par' dir='ltr' id='par_1_119' title="bbox 2312 5410 3855 5493">
     <span class='ocr_line' id='line_1_119' title="bbox 2312 5410 3855 5493; baseline -0.011 -5"><span class='ocrx_word' id='word_1_786' title='bbox 2312 5430 2527 5488; x_wconf 80' lang='lat' dir='ltr'>ccelum</span> <span class='ocrx_word' id='word_1_787' title='bbox 2584 5434 2641 5486; x_wconf 88' lang='lat' dir='ltr'>et</span> <span class='ocrx_word' id='word_1_788' title='bbox 2698 5444 2902 5485; x_wconf 90' lang='lat' dir='ltr'>omnes</span> <span class='ocrx_word' id='word_1_789' title='bbox 2959 5430 3144 5483; x_wconf 88' lang='lat' dir='ltr'>terras</span> <span class='ocrx_word' id='word_1_790' title='bbox 3192 5424 3243 5481; x_wconf 86' lang='lat' dir='ltr'>si</span> <span class='ocrx_word' id='word_1_791' title='bbox 3302 5423 3429 5480; x_wconf 82' lang='lat' dir='ltr'>ﬁeri</span> <span class='ocrx_word' id='word_1_792' title='bbox 3478 5418 3650 5493; x_wconf 89' lang='lat' dir='ltr'>possit</span> <span class='ocrx_word' id='word_1_793' title='bbox 3695 5410 3855 5479; x_wconf 51' lang='lat' dir='ltr'>aliis“?</span> 
     </span>
    </p>
   </div>
  </div>
