4112 6174
271 291 428 355 μοῦ

1201 288 1402 351 PARS
1443 288 1524 351 II.
1555 318 1634 335 -
1676 285 2247 350 RECENTIORUM
2295 288 2729 352 EXCURSUS.

3524 286 3684 347 1406

266 427 413 483 dum
440 424 567 498 (9)?
600 446 628 474 ››
677 426 812 479 Haec
848 422 1153 496 legentur!
1205 423 1335 479 Haec
1384 421 1738 479 credentur?
1785 422 1913 477 Haec
1942 427 1998 492 Α
2027 421 2099 478 ab
2147 421 2436 479 haereticis
2497 423 2857 495 baptismum
2917 420 3200 493 recepit...
3260 419 3411 490 quod
3474 417 3523 473 si
3572 432 3673 474 ne-

262 516 515 587 posteris
562 513 919 569 tradentur?
968 513 1155 569 Verba
1203 514 1434 579 desunt,
1486 529 1652 569 meus
1699 510 1911 583 deﬁcit,

266 604 553 661 horrescit
582 603 846 669 animus;
880 603 953 657 ad
985 602 1234 673 placida,
1259 602 1331 657 ad
1361 618 1513 670 vera,
1548 602 1617 657 ad
1634 601 1915 671 humana,

269 694 342 749 ad
378 693 469 763 pia
498 696 556 748 et
584 690 870 748 catholica
898 696 1288 747 transeamus.
1325 691 1653 747 Redeamus
1684 691 1755 746 ad
1788 706 1914 746 nos.

272 804 301 832 «
334 783 431 838 His
460 782 617 838 enim
650 780 822 836 malis
866 780 1055 853 magis
1113 780 1398 836 debentur
1430 778 1636 851 prolixi
1666 779 1920 852 gemitus

270 890 449 946 quam
476 872 685 945 prolixi
720 871 874 927 libri.
909 894 936 921 »
967 874 1137 943 Aug.,
1172 873 1342 944 epist.
1373 872 1462 926 22.

342 964 412 1019 II.
460 962 781 1034 Episcopus
829 976 1151 1033 anonymus
1208 960 1490 1032 Cypriane
1539 976 1766 1015 coaevus
1806 976 1920 1015 non

268 1052 449 1109 semel
480 1050 753 1107 laudatus
783 1050 899 1105 tria
924 1050 995 1105 de
1026 1049 1313 1122 Cypriane
1343 1050 1457 1122 (10)
1486 1051 1732 1121 ejusque
1764 1065 1923 1106 asse-

270 1139 374 1196 clis
404 1139 583 1194 tradit
611 1138 672 1193 in
705 1137 1086 1208 tractatu,qui
1117 1137 1321 1209 incipit
1353 1137 1443 1193 his
1475 1136 1701 1193 verbis:
1736 1160 1763 1186 «
1796 1141 1922 1192 Non

270 1228 480 1284 debere
509 1227 755 1293 denuo,»
792 1230 901 1281 etc.
931 1226 1065 1290 Quae
1107 1226 1587 1282 manifestissime
1608 1226 1926 1282 ostendunt

271 1322 476 1372 notum
523 1316 755 1371 abunde
798 1315 979 1371 fuisse
1024 1316 1084 1371 S.
1146 1315 1374 1371 Doctori
1436 1315 1923 1371 consuetudinem

270 1406 571 1462 haereticos
624 1421 741 1459 non
793 1403 1192 1476 rebaptizandi
1239 1405 1625 1460 universalem
1659 1404 1923 1459 Ecclesiae

270 1500 410 1550 tunc
452 1495 643 1552 I851
682 1493 962 1565 temporis
1004 1493 1184 1549 fuisse
1216 1492 1461 1565 praxim.
1494 1494 1697 1549 Tradit
1725 1493 1921 1550 enim:

272 1585 329 1638 1ο
356 1583 713 1655 Cyprianum
758 1582 923 1652 eique
971 1582 1333 1639 adherentes
1377 1599 1586 1639 novam
1617 1584 1689 1638 de
1721 1583 1925 1654 rebap-

268 1672 517 1728 tizandis
569 1670 857 1727 haereticis
910 1670 1242 1743 opinionem
1274 1671 1609 1744 protulisse,
1643 1671 1782 1743 quia
1810 1688 1923 1726 non

267 1765 435 1818 erant
462 1762 720 1817 contenti
750 1760 1069 1816 venerabili
1109 1760 1488 1817 ecclesiarum
1521 1760 1783 1817 omnium
1818 1778 1925 1815 au-

271 1850 555 1921 ctoritate,
617 1858 732 1920 qua
780 1854 977 1905 tamen
1044 1866 1146 1921 pro
1205 1849 1535 1905 humilitate
1600 1849 1928 1906 necessaria

269 1939 527 1996 contenti
558 1955 685 1995 esse
716 1938 1060 1994 debuissent
1093 1954 1106 1994 :
1143 1961 1169 1989 «
1203 1939 1265 1993 In
1297 1956 1408 2009 quo
1431 1955 1640 2011 genere
1663 1937 1928 2010 quaestio-

269 2029 361 2085 nis
393 2029 464 2084 de
495 2029 719 2099 rebapt.
753 2027 977 2095 haeret,
1011 2027 1225 2099 inquit,
1258 2026 1419 2082 nulla
1441 2028 1679 2084 omnino
1702 2027 1926 2100 potuis-

267 2122 357 2173 set
385 2116 783 2172 controversia
817 2120 920 2170 aut
949 2115 1290 2187 disceptatio
1320 2131 1634 2188 emergere,
1660 2116 1708 2171 si
1742 2133 1924 2171 unus-

267 2206 519 2279 quisque
549 2210 815 2261 nostrum
849 2209 1159 2260 contentus
1190 2204 1505 2261 venerabili
1535 2205 1925 2261 Ecclesiarum

269 2294 534 2357 omnium
566 2293 910 2349 auctoritate
942 2298 999 2348 et
1030 2293 1361 2349 necessaria
1408 2292 1736 2349 humilitate
1782 2292 1925 2348 nihil

273 2384 548 2439 innovare
577 2382 845 2455 gestiret.
873 2404 902 2433 ››

340 2475 400 2534 2ο
432 2471 783 2546 Cyprianum
810 2470 1111 2544 redarguit
1142 2472 1297 2543 quod
1330 2471 1680 2545 gloriaretur
1708 2488 1770 2528 se
1799 2488 1925 2527 eor-

270 2562 488 2618 rexisse
521 2561 662 2616 vitia
703 2565 761 2616 et
811 2577 1037 2617 errores
1069 2560 1473 2617 universarum
1505 2561 1881 2618 ecclesiarum
1909 2578 1922 2617 :

270 2674 298 2700 ‹‹
332 2652 591 2718 Errores,
622 2650 833 2723 inquit,
869 2655 926 2705 et
946 2650 1087 2705 vitia
1120 2650 1521 2706 universarum
1545 2650 1925 2706 ecclesiarum

269 2740 588 2795 correxisse
612 2739 768 2813 apud
800 2739 1135 2796 simillimos
1166 2739 1257 2796 sui
1290 2744 1347 2795 et
1375 2756 1682 2811 compares
1714 2739 1923 2813 glorie-

275 2834 339 2883 tu
350 2845 393 2883 Γ.
430 2849 459 2877 ›)

344 2918 403 2972 3°
439 2916 816 2990 Cyprianum,
868 2917 1254 2990 Cyprianique
1303 2916 1557 2973 asseclas
1598 2915 1831 2972 exhibet
1861 2921 1927 2972 ut

274 3006 600 3080 episcopos,
630 3006 730 3079 qui
762 3022 878 3063 non
927 3006 1277 3067 verebantur
1306 3006 1574 3078 detegere
1603 3004 1928 3076 turpitudi-

278 3111 410 3151 nem
443 3095 649 3151 matris
681 3095 969 3164 Ecclesiae,
1002 3095 1049 3150 si
1086 3111 1259 3165 quam
1290 3110 1419 3151 esse
1450 3095 1508 3149 in
1542 3094 1648 3149 hac
1678 3095 1748 3150 de
1778 3094 1925 3166 Bap-

2024 512 2281 584 gendum
2315 512 2610 585 quispiam
2641 510 2932 584 putaverit
2962 509 3262 565 hereticos
3290 525 3323 563 a
3351 507 3674 579 majoribus

2025 602 2244 657 nostris
2274 617 2506 673 semper
2534 601 2714 656 fuisse
2761 605 3089 671 suspectos,
3130 598 3285 670 legat
3311 601 3367 653 Β.
3403 596 3669 669 Cypriani

2026 690 2388 763 epistolas,in
2419 691 2635 762 quibus
2667 689 3031 761 Stephanum
3067 688 3341 742 Romanae
3373 686 3535 741 urbis
3557 685 3674 757 epi-

2028 797 2291 853 scopum.
2327 785 2384 836 et
2413 780 2739 835 inveteratae
2789 777 3235 834 consuetudinis
3266 776 3483 832 lacerat
3514 791 3671 831 erre-

2030 886 2172 924 rem.
2208 892 2235 918 »
2273 871 2392 925 Duo
2421 868 2517 925 hic
2547 868 2862 924 ostendunt
2889 871 2945 922 S.
2978 865 3329 940 Cyprianum
3372 865 3429 920 in
3482 868 3678 921 mente

2030 963 2084 1014 Β.
2124 959 2454 1031 Hieronymi
2489 975 2600 1013 non
2634 957 2938 1029 ignorasse
2975 954 3460 1012 consuetudinem
3493 953 3682 1009 Eccle-

2032 1048 2130 1104 siae
2163 1064 2282 1104 suae
2312 1047 2571 1120 opinioni
2600 1051 2655 1103 et
2688 1046 2847 1119 praxi
2878 1045 3057 1102 fuisse
3104 1044 3494 1100 contrariam:
3533 1045 3587 1097 1ο
3619 1044 3678 1098 S.

2030 1138 2418 1209 Hieronymus
2448 1152 2512 1191 ex
2546 1135 2812 1209 Cypriani
2847 1132 3113 1207 epistolis
3135 1132 3377 1206 colligit,
3397 1137 3454 1189 et
3473 1133 3686 1205 probat

2033 1226 2256 1300 praxim
2291 1226 2596 1282 haereticos
2630 1242 2743 1281 non
2790 1223 3192 1296 rebaptizandi
3225 1226 3564 1295 perpetuam
3592 1226 3688 1276 Ec-

2033 1316 2220 1373 clesia
2281 1332 2347 1372 ac
2424 1315 2718 1386 majorum
2796 1321 3129 1370 nostrorum
3202 1310 3686 1368 consuetudinem

2034 1405 2253 1473 fuisse;
2288 1405 2358 1460 ad
2394 1409 2648 1460 mentem
2683 1419 2820 1476 ergo
2851 1403 2912 1458 S.
2940 1401 3273 1474 Hieronymi
3296 1400 3687 1472 S.Cyprianus

2034 1498 2377 1568 perpetuam
2409 1493 2561 1549 hanc
2602 1492 2874 1549 Ecclesiae
2923 1508 2989 1548 ac
3028 1492 3319 1562 majorum
3353 1494 3686 1545 nostrorum

2033 1583 2519 1640 consuetudinem
2549 1583 2609 1638 in
2642 1582 2766 1638 suis
2788 1580 3049 1654 epistolis
3071 1579 3483 1636 manifestabat
3507 1578 3688 1645 ;hanc

2033 1689 2170 1744 ergo
2218 1672 2329 1728 sibi
2379 1672 2686 1728 adversam
2736 1670 3006 1727 Ecclesiae
3054 1669 3539 1726 consuetudinem
3572 1684 3689 1723 non

2035 1762 2362 1835 ignorabat.
2392 1763 2452 1815 2°
2480 1760 2808 1834 Cyprianus
2831 1761 3000 1832 juxta
3030 1760 3444 1831 Hieronymum
3479 1756 3691 1813 erroris

2036 1851 2349 1908 accusabat
2379 1867 2493 1905 non
2526 1850 2710 1906 solius
2741 1849 3150 1921 Stephani,sed
3182 1852 3239 1903 et
3264 1846 3525 1903 Ecclesiae
3548 1862 3684 1902 con-

2036 1940 2411 1997 suetudinem
2439 1958 2452 2007 ;
2486 1943 2722 1995 noverat
2751 1955 2887 2011 ergo
2918 1956 3032 1994 non
3067 1936 3250 1995 solius
3280 1935 3689 2008 Stephani,sed

2036 2029 2302 2085 Ecclesiae
2330 2029 2815 2093 consuetudinem
2848 2026 2959 2082 sibi
2992 2025 3304 2083 adversari.

2108 2119 2370 2190 Repones
2401 2118 2650 2173 fortasse
2671 2119 2843 2189 juxta
2873 2116 3289 2188 Hieronymum
3308 2112 3685 2170 consuetudi-

2037 2224 2169 2264 nem
2200 2207 2436 2279 quidem
2466 2224 2499 2262 a
2544 2206 2828 2278 Cypriane
2866 2205 3128 2271 lacerari,
3162 2205 3261 2260 sed
3295 2220 3409 2260 non
3441 2219 3685 2259 censue-

2036 2296 2299 2351 tudinem
2335 2294 2721 2351 universalem
2750 2294 3054 2361 Ecclesiae;
3095 2298 3153 2349 at
3205 2293 3255 2349 si
3301 2293 3688 2364 Hieronymus

2037 2386 2108 2442 de
2132 2384 2444 2441 universali
2469 2384 2735 2441 Ecclesiae
2759 2384 3182 2440 consuetudine
3200 2399 3315 2437 non
3330 2382 3688 2455 loqueretur,

2037 2491 2213 2531 suum
2246 2473 2489 2529 minime
2535 2473 2805 2543 probaret
2844 2473 3157 2527 intentum.
3191 2470 3497 2527 Enimvero
3529 2486 3598 2526 ex
3627 2485 3692 2525 eo

2035 2564 2190 2636 quod
2204 2561 2811 2636 Cyprianuslaceravit
2824 2562 3201 2617 inveteratam
3213 2559 3692 2616 consuetudinem

2036 2654 2242 2710 1352
2292 2652 2588 2707 haereticos
2637 2668 2753 2705 non
2818 2650 3235 2722 rebaptizandi,
3298 2649 3690 2721 Hieronymus

2036 2741 2283 2813 probare
2336 2740 2588 2794 intendit
2637 2738 2937 2794 haereticos
2975 2739 3101 2794 sine
3135 2738 3444 2809 baptismo,
3478 2738 3550 2794 ab
3580 2738 3687 2793 Ec-

2037 2829 2273 2897 clesia,a
2294 2829 2618 2900 majoribus
2650 2828 2866 2885 nostris
2898 2843 3129 2899 semper
3158 2826 3339 2882 fuisse
3362 2831 3688 2899 susceptos.

2035 2919 2211 2974 Porro
2242 2934 2311 2974 ex
2340 2934 2407 2973 eo
2439 2918 2594 2990 quod
2627 2918 2948 2990 Cyprianus
2980 2916 3294 2972 lacerasset
3323 2914 3693 2971 consuetudi-

2036 3022 2171 3061 nem
2202 3005 2351 3061 hanc
2383 3005 2740 3077 quibusdam
2768 3004 3426 3078 peculiarem,probaret
3456 3004 3692 3074 quidem

2036 3093 2339 3150 haereticos
2369 3094 2495 3149 sine
2528 3093 2732 3150 iterato
2776 3093 3071 3166 baptismo
3106 3094 3177 3150 ab
3211 3092 3507 3164 aliquibus
3539 3108 3694 3148 sem-

278 3183 455 3240 tismo
511 3183 831 3255 quaestione
862 3185 1189 3257 putabant:
1227 3204 1254 3233 ‹‹
1303 3183 1569 3255 Monstri,
1602 3182 1815 3254 inquit,
1849 3184 1927 3239 si-
1960 3175 2005 3246 C
2043 3199 2146 3254 per
2174 3182 2356 3239 fuisse
2403 3188 2746 3255 susceptos;
2801 3187 2859 3238 at
2902 3182 3145 3238 minime
3186 3183 3457 3255 probaret
3485 3199 3583 3238 eos
3614 3181 3696 3238 ita

282 3272 419 3329 mile
450 3277 541 3328 est
570 3271 733 3344 ipsos
763 3272 1068 3345 episcepos
1096 3271 1237 3328 talia
1267 3271 1544 3328 scandala
1569 3272 1845 3344 cogitare,
1875 3275 1932 3327 et

275 3360 715 3432 turpitudinem
748 3360 955 3418 matris
1000 3359 1289 3429 Ecclesiae,
1342 3360 1391 3415 si
1425 3377 1601 3432 quam
1632 3365 1841 3432 putant
1869 3360 1930 3416 in

2042 3288 2292 3343 semper,
2328 3270 2412 3327 ita
2440 3289 2473 3327 a
2506 3271 2828 3342 majoribus
2862 3270 3079 3327 nostris
3128 3270 3445 3337 indefinite,
3504 3288 3569 3325 ac
3618 3271 3689 3325 ab

2042 3359 2295 3416 Ecclesia
2329 3359 2509 3415 fuisse
2561 3365 2905 3432 susceptos;
2957 3376 3093 3433 ergo
3125 3360 3359 3432 quando
3392 3359 3449 3415 Β.
3485 3358 3688 3415 Hiere-

279 3449 389 3505 hec
418 3450 650 3522 negotio
682 3466 829 3517 esse,
860 3448 1037 3505 nimis
1066 3449 1458 3505 irreverentur
1482 3466 1599 3505 non
1626 3450 1813 3505 vereri
1840 3450 1934 3505 de-
2041 3467 2255 3523 nymus
2286 3448 2427 3504 dicit
2456 3448 2941 3505 consuetudinem
2991 3465 3024 3504 a
3054 3448 3339 3521 Cypriane
3371 3448 3686 3505 laceratam

278 3544 492 3611 tegere.
529 3559 558 3588 »

338 3632 518 3684 Porro
545 3627 644 3700 qui
677 3644 787 3683 non
816 3636 936 3683 erat
965 3630 1245 3683 contentus
1294 3627 1603 3683 venerabili
1658 3627 1927 3683 Ecclesia-

268 3734 395 3772 rum
422 3718 673 3773 omnium
702 3718 1046 3785 auctoritate,
1079 3734 1194 3772 non
1228 3716 1506 3789 Stephani
1536 3719 1789 3783 tantum,
1825 3718 1925 3773 sed

268 3812 327 3864 et
365 3804 761 3862 Ecclesiarum
796 3806 1065 3862 omnium
1093 3805 1424 3862 auctoritati
1456 3805 1735 3861 obaudire
1764 3805 1927 3862 nole-

267 3895 410 3963 bat;
445 3912 559 3950 non
609 3911 746 3967 ergo
798 3894 991 3951 solum
1044 3896 1432 3967 Stephanum,
1473 3894 1576 3949 sed
1607 3898 1665 3950 et
1691 3899 1926 3952 caeteras

268 3984 533 4056 undique
562 3984 849 4039 Ecclesiae
880 3988 1117 4040 neverat
1156 3982 1484 4056 Cyprianus
1516 3997 1631 4038 suae
1664 3982 1925 4056 epinieni

266 4089 336 4128 ac
366 4072 527 4145 praxi
560 4089 689 4129 esse
720 4072 1065 4128 contrarias.
1099 4072 1206 4137 Qui
1246 4072 1592 4143 gloriabatur
1636 4088 1692 4127 se
1745 4088 1925 4129 corre-

262 4162 416 4217 xisse
461 4178 673 4218 errores
717 4163 1133 4232 universarum,
1184 4161 1440 4232 profecto
1473 4177 1587 4215 non
1619 4159 1927 4233 ignorabat

265 4250 571 4307 universas
600 4249 879 4306 ecclesias
911 4267 943 4305 a
975 4266 1037 4305 se
1072 4248 1385 4306 dissentire
1419 4267 1433 4317 ;
1466 4249 1565 4321 qui
1604 4266 1715 4306 non
1769 4267 1925 4307 vere-

264 4339 427 4394 batur
458 4339 856 4409 turpitudinem
884 4340 1078 4395 matris
1108 4340 1367 4397 Erelesiaz
1414 4338 1678 4410 delegere,
1729 4339 1924 4411 palam

260 4427 521 4485 ostendit
551 4433 798 4483 matrem
829 4426 1146 4484 Ecclesiam
1201 4445 1342 4500 suae,
1374 4443 1553 4500 quam
1585 4444 1779 4484 veram
1811 4446 1924 4501 pu-

262 4518 449 4589 tabat,
483 4516 745 4589 Opinieni
776 4516 1095 4573 adversari.

336 4606 432 4661 ΙΙΙ.
466 4606 525 4662 S.
558 4606 946 4679 Hieronymus
977 4605 1036 4661 in
1070 4607 1218 4662 Dial.
1246 4606 1507 4662 adversus
1537 4606 1739 4677 Luci/2,
1773 4610 1915 4663 tom.

259 4712 341 4765 iv,
377 4698 525 4768 part.
560 4711 622 4764 ιι,
648 4711 781 4768 pag.
811 4695 1067 4764 306,hmc
1098 4695 1313 4753 habet:
1352 4714 1375 4744 ι
1408 4694 1667 4751 Ecclesia
1687 4711 1919 4768 semper

354 4855 411 4926 9)
440 4856 682 4925 August.
717 4854 787 4909 ad
816 4857 1094 4923 Crescon.,
1124 4854 1163 4910 1.
1199 4862 1283 4910 lli.
1317 4871 1368 4911 ο.
1399 4857 1454 4910 5.

363 4928 447 4998 10)
478 4926 856 4999 Cyprianum,
908 4926 1082 4981 tacito
1133 4932 1331 4982 tamen
1383 4926 1811 4999 ejusnemine,
1847 4927 1919 4981 ab

253 4997 369 5054 hoc
402 4997 641 5053 auctore
670 4998 1047 5071 potissimum
1074 4999 1391 5071 perstringi
1412 4997 1578 5054 facile
1601 4998 1920 5070 deprehen-

251 5070 455 5137 ditur;
492 5075 617 5125 tum
652 5070 791 5142 quia
820 5070 1221 5125 adversarium
1264 5087 1439 5125 suum
1490 5076 1772 5142 tanquam
1824 5086 1916 5124 or-

252 5145 415 5222 nate,
445 5140 854 5222 etcomposite
885 5142 1236 5222 scribentem
1289 5142 1457 5222 nobis
1502 5140 1759 5222 exponit,
1818 5156 1920 5222 quo

251 5218 477 5280 tamen,
513 5213 726 5283 inquit,
756 5228 865 5269 non
900 5213 1053 5268 valde
1084 5214 1241 5268 illam
1272 5216 1515 5268 nostram
1544 5213 1705 5282 ﬁdem
1734 5213 1917 5278 (adat,

253 5284 351 5340 sed
396 5302 507 5340 non
560 5292 751 5340 ornate
807 5289 870 5339 ut
914 5287 975 5338 tu
1021 5285 1433 5355 etcomposite;
1470 5301 1639 5355 porro
1672 5299 1739 5338 ex
1768 5283 1921 5355 Afri-

253 5356 425 5412 canis
474 5357 655 5412 alium
710 5362 919 5427 praeter
961 5356 1316 5427 Cyprianum
1360 5354 1501 5427 tunc
1534 5372 1639 5427 pro
1672 5354 1924 5427 rebapti-

251 5428 487 5484 zatione
540 5425 740 5483 ornate
788 5431 838 5482 et
886 5425 1181 5495 compesite
1220 5425 1677 5499 scripsisse'non
1705 5425 1924 5499 inveni-

250 5504 375 5555 tur.
432 5501 581 5555 Tum
638 5499 777 5569 quia
835 5499 1048 5554 refutat
1102 5498 1500 5571 adversarium
1562 5498 1660 5571 qui
1715 5498 1916 5571 plures

253 5572 573 5643 Scriptum
630 5575 824 5627 textus
873 5586 978 5643 pro
1030 5587 1137 5626 sua
1187 5570 1457 5643 opinione
1496 5569 1811 5643 retulerat:
1842 5569 1922 5624 Ad

252 5641 410 5715 quae,
450 5642 660 5717 inquit,
692 5645 835 5715 forte
863 5641 923 5699 tu
970 5644 1069 5714 qui
1094 5641 1295 5699 novum
1323 5641 1457 5715 quid
1484 5642 1702 5699 inducis
1738 5649 1918 5698 conti-

1950 4553 1996 4618 D

2040 3538 2243 3607 fuisse,
2299 3537 2685 3594 universalem
2734 3542 2957 3611 spectat
2999 3538 3263 3595 Ecclesiae
3313 3536 3691 3594 consuetudi-

2038 3644 2197 3683 nem.

2108 3716 2200 3772 1V.
2236 3717 2294 3773 S.
2329 3716 2723 3791 Augustinus,
2756 3716 2870 3784 cui,
2900 3716 2989 3772 vel
3020 3716 3169 3771 nulli
3203 3717 3261 3772 in
3296 3734 3355 3772 re
3387 3716 3532 3772 fides
3555 3733 3696 3789 pree-

2037 3806 2265 3873 standa,
2302 3805 2523 3861 centies
2559 3806 2816 3861 afﬁrmat
2846 3805 3266 3879 S.Cyprianum
3303 3804 3566 3877 apprime
3588 3822 3695 3859 ne-

2037 3895 2190 3951 visse
2238 3895 2727 3951 consuetudinem
2781 3894 3050 3951 Ecclesia
3082 3894 3429 3950 universalis
3460 3893 3571 3948 sibi
3605 3910 3694 3949 re-

2036 3983 2352 4055 baptizanti
2385 3984 2703 4039 adversari.
2736 4006 2763 4034 «
2796 3983 3016 4049 Noluit,
3045 3982 3419 4055 inquit,lib.u
3452 3987 3526 4039 De
3555 3984 3696 4052 Bap-

2034 4074 2215 4144 tismo,
2275 4089 2324 4127 c.
2370 4074 2423 4142 8,
2473 4072 2561 4127 vir
2634 4072 3019 4146 gravissimus
3077 4072 3443 4145 (Cyprianus)
3501 4071 3691 4129 veraci

2036 4161 2448 4217 consuetudini
2481 4163 2705 4218 cedere.
2744 4204 2756 4217 .
2795 4204 2808 4218 .
2843 4164 2943 4219 sed
2991 4163 3049 4217 in
3100 4168 3219 4217 tam
3253 4162 3504 4217 obscura
3535 4178 3690 4233 quae-

2036 4250 2225 4306 stione
2255 4251 2525 4306 turbatus
2560 4256 2616 4305 et
2650 4251 2865 4322 ubique
2895 4251 3131 4307 intuens
3164 4249 3576 4321 universalem,
3602 4266 3692 4306 ro-

2034 4339 2390 4412 bustamque
2421 4340 2928 4405 consuetudinem,
2966 4363 2986 4388 ι
3014 4340 3313 4396 haereticos
3338 4339 3557 4395 scilicet
3578 4356 3693 4395 non

2034 4428 2453 4501 rebaptizandi.
2505 4428 2652 4492 Quid
2700 4427 2963 4484 clarius?
2994 4428 3321 4501 Cyprianus
3354 4429 3571 4500 ubique
3603 4429 3691 4483 in-

2033 4518 2304 4572 tuebatur
2330 4516 2741 4588 universalcm,
2764 4518 3182 4589 rebustamque
3205 4517 3689 4573 consuetudinem

2028 4606 2328 4663 haereticos
2387 4623 2501 4662 non
2560 4606 2998 4678 rebaptizandi;
3058 4611 3115 4662 et
3165 4624 3215 4662 c.
3273 4608 3345 4662 9:
3390 4607 3548 4661 Hanc
3580 4623 3689 4661 au-

2029 4698 2149 4752 tem
2180 4695 2486 4768 (Stephani
2518 4696 2583 4751 R.
2618 4697 2706 4769 Ρ.)
2739 4696 2923 4753 fuisse
2953 4697 3442 4753 consuetudinem
3495 4694 3691 4752 Eccle-

2027 4870 2139 4911 nuo
2168 4856 2495 4927 respondeas
2528 4864 2588 4912 ut
2615 4857 2768 4923 soles,
2811 4857 3018 4913 dixisse
3066 4859 3124 4913 in
3165 4858 3456 4927 Evangelio
3488 4856 3683 4911 Domi-

2026 4944 2162 4982 num
2189 4928 2307 4982 nisi
2336 4929 2459 4999 quis
2489 4930 2672 4984 denuo
2703 4937 2865 4983 natus
2894 4932 3084 4997 fuerit.
3120 4930 3186 4983 Et
3215 4930 3387 4996 infra,
3422 4928 3527 4982 Nec
3548 4928 3691 4981 aesti-

2026 5015 2139 5055 mes
2168 5000 2296 5072 huic
2325 5001 2602 5072 tractatui
2630 5003 2985 5072 contrarium,
3016 5001 3156 5072 quod
3184 5001 3328 5056 dixit
3357 5071 3361 5072 ν
3386 4999 3683 5072 Dominus:

2029 5092 2057 5120 «
2094 5073 2167 5143 [te
2216 5070 2397 5126 docete
2435 5071 2652 5143 Gentes.
2690 5093 2718 5121 »
2753 5072 2821 5126 Et
2852 5069 3039 5127 Paulo'
3064 5078 3231 5143 post:
3263 5071 3364 5127 Sed
3402 5070 3473 5125 ad
3502 5069 3601 5124 hoc
3630 5076 3692 5143 ut

2026 5142 2166 5196 soles
2217 5142 2552 5199 ronlradz’ccs
2596 5143 2912 5213 opponendo
2968 5141 3121 5198 nobis
3176 5153 3303 5198 tunc
3352 5158 3476 5197 cum
3509 5141 3683 5212 bapti-

2027 5215 2296 5286 zarentur
2326 5215 2535 5283 integre
2564 5230 2627 5268 ac
2660 5218 2804 5286 recte
2831 5213 3153 5286 discipulos,
3190 5219 3318 5286 etc,
3341 5214 3520 5286 Porro
3552 5228 3685 5286 cum

2028 5284 2068 5356 ii
2101 5289 2293 5339 textus
2328 5303 2359 5339 a
2391 5286 2677 5356 Cypriane
2720 5285 2842 5340 solo
2892 5284 3030 5341 tunc
3078 5284 3357 5354 temporis
3407 5285 3677 5354 ebjectati

2028 5355 2318 5427 legantur,
2350 5355 2672 5428 Cyprianus
2706 5356 2800 5412 ille
2830 5363 2955 5413 erat
2970 5357 3336 5413 adversarius
3367 5372 3542 5428 quem
3575 5374 3675 5428 au-

2028 5434 2152 5501 gtor
2201 5427 2678 5501 perstringebat;
2730 5434 2907 5501 atque
2958 5429 3038 5484 ita
3085 5428 3348 5484 sentiunt
3387 5427 3680 5501 ex_Gal|is

2026 5499 2479 5563 Tillemontius,
2522 5502 2660 5554 Hist.
2721 5499 2906 5556 eccles.
2967 5504 3007 5556 t.
3062 5518 3134 5567 ιν,
3196 5516 3252 5570 p.
3303 5501 3425 5565 152,
3476 5499 3682 5570 Defen-

2027 5587 2126 5625 sor
2156 5571 2555 5643 Declarationis
2608 5572 2758 5629 Cleri
2804 5571 3077 5627 Gallicani
3108 5569 3241 5627 ltiti?
3301 5577 3451 5643 part.
3487 5587 3548 5639 ιι,
3581 5569 3688 5624 lib.

2027 5658 2148 5710 xiv,
2182 5658 2238 5713 p.
2268 5641 2375 5699 266
2400 5648 2457 5701 et
2486 5642 2608 5701 alii.
3306 5641 3320 5643 “
3590 5654 3597 5663 ‘
