4112 6174
556 322 717 385 1407

1621 330 1724 389 DE
1766 328 2364 392 HJERETICORUM
2407 326 2915 390 BAPTISMATE

3717 338 3826 399 “08

558 457 656 513 sia
686 456 830 512 satis
862 457 1190 515 ostenditur
1218 462 1273 516 et
1302 459 1489 533 ipsius
1521 462 1578 517 Β.
1626 462 1894 535 Cypriani
1927 463 2138 521 verbis.
2174 485 2202 513 ››
2232 464 2288 531 Α
2316 460 2505 518 olesia
2553 459 3037 518 consuetudinem
3083 458 3387 529 (hareticos
3414 462 3599 522 scilicet
3639 484 3729 523 non
3765 488 3828 529 ro-

560 547 630 603 Et
658 546 730 603 iis
761 546 974 617 citatis,
1006 547 1091 604 sic
1119 549 1345 621 pergit:
1382 574 1408 601 ‹‹
1442 550 1549 608 Ubi
1601 557 1753 609 certe
1783 553 1924 626 quid
1955 554 2081 609 lieri
2112 570 2203 610 so-

558 634 724 705 leret,
757 640 814 692 et
844 636 889 691 si
924 654 1037 693 non
1071 639 1193 694 ﬁeri
1222 639 1391 696 vellet
1421 641 1565 697 satis
1598 643 1968 699 ostendit.....
2011 649 2209 716 aperte

560 725 777 781 indicat
831 725 1191 799 (Cyprianus)
1253 729 1434 786 fuisse
1487 730 1661 787 aliam
1720 732 2206 789 consuetudinem

561 816 847 885 Ecclesiae,
881 822 938 872 et
969 817 1027 872 in
1079 819 1203 890 ipso
1252 819 1497 876 concilio
1547 822 1900 895 (Carthegin.
1943 824 2029 895 ιιι)
2062 839 2207 877 ιιοιι-

562 902 733 959 nulla
780 904 1080 960 sententia
1128 906 1366 962 omnino
1416 907 1713 967 declarant
1745 927 1843 967 eos
1873 915 2075 967 contra
2104 911 2207 965 Ec-

564 990 751 1048 clesia
770 993 1252 1049 consuetudinem
1267 996 1588 1053 decrevisse
1610 1000 1764 1071 quod
1778 1000 2209 1056 decernendum

563 1093 692 1134 esse
740 1078 1005 1134 arbitrati
1050 1085 1207 1136 sunt.
1260 1103 1288 1131 ››
1346 1085 1494 1150 Quid
1527 1085 1932 1144 luculentius?
1961 1111 1989 1138 ‹‹
2028 1088 2212 1143 Verba

564 1167 755 1242 ipsius
785 1169 841 1223 Β.
875 1169 1146 1242 Cypriani
1176 1172 1321 1229 satis
1351 1176 1668 1231 ostendunt
1701 1199 1727 1226 n
1759 1194 1935 1249 quam
1965 1178 2209 1250 Stepha-

562 1275 677 1315 nus
702 1259 945 1331 urgebat
966 1263 1448 1318 consuetudinem
1480 1264 1660 1321 fuisse
1683 1265 1948 1323 Ecclesia
1972 1284 2213 1323 consue-

564 1348 849 1404 tudinem.
886 1351 1208 1422 Cyprianus
1238 1354 1371 1408 satis
1404 1354 1636 1410 ostendit
1666 1357 1806 1427 quid
1838 1357 1962 1412 fieri
2003 1356 2215 1413 soleret

564 1441 622 1493 et
648 1436 699 1491 si
729 1454 844 1492 non
878 1439 999 1493 fieri
1031 1439 1216 1509 vellet,
1252 1441 1475 1498 scilicet
1504 1444 1771 1500 Ecclesiae
1830 1446 2207 1501 consuetudi-

565 1542 699 1581 nem
728 1543 845 1581 sua
876 1527 1133 1599 opinioni
1166 1531 1479 1587 adversari.
1532 1534 1853 1606 Cyprianus
1909 1544 2095 1606 aperte
2124 1538 2213 1590 in-

564 1614 713 1671 dicat
744 1615 925 1672 fuisse
948 1616 1122 1674 aliam
1144 1622 1630 1679 consuetudinem
1663 1622 1945 1679 Ecclesia.
1980 1624 2048 1678 Et
2066 1624 2214 1679 Afri-

565 1703 695 1761 cani
720 1707 987 1761 nonnulli
1012 1708 1068 1762 in
1105 1709 1348 1766 concilio
1382 1711 1651 1784 Carthag.
1688 1730 1751 1767 ιιι
1784 1714 2004 1769 omnino
2034 1713 2212 1769 decla-

2316 550 2695 625 baptizandi),
2724 551 2837 623 ipsi
2870 549 2971 622 qui
3014 548 3123 606 hoc
3162 549 3451 606 concilium
3498 554 3767 629 Carthagin.
3787 578 3829 617 ιιι

2318 637 2537 698 faciunt
2567 656 2717 713 sape
2748 642 3253 696 commemorant»
3287 638 3503 696 Noverat
3526 658 3636 715 ergo
3660 648 3829 718 Cypria.

2319 749 2452 802 nus,
2487 734 2768 788 noverant
2812 729 3065 784 Africani
3116 728 3380 801 episcopi,
3409 731 3494 800 qui
3519 731 3631 786 huic
3657 736 3831 792 concilio

2318 821 2729 887 interfuerunt,
2781 818 2957 873 talem
3008 817 3209 883 fuisse,
3258 834 3363 872 non
3392 819 3629 893 Stephani
3652 826 3832 884 tantum.

2320 912 2420 968 sed
2454 915 2510 966 et
2541 908 2806 965 Ecclesia
2838 907 3339 963 consuetudinem.
3367 907 3431 962 Et
3455 907 3507 962 in
3534 910 3673 981 epist.
3701 912 3769 977 93,
3790 916 3837 970 ad

2323 1002 2681 1057 Vincentium
2730 999 3011 1069 Rogatist.,
3058 1014 3107 1052 c.
3167 997 3267 1052 10:
3326 1018 3353 1046 ‹‹
3403 998 3679 1070 Cyprianus
3702 1008 3835 1059 autem

2320 1090 2577 1147 sensisse
2607 1087 2793 1155 aliter,
2828 1103 3008 1159 quam
3043 1086 3226 1141 forma
3254 1088 3308 1140 et
3332 1088 3647 1144 consuetudo
3667 1089 3840 1147 habebat

2320 1179 2613 1247 Ecclesia,
2643 1196 2757 1233 non
2791 1177 2853 1232 in
2883 1175 3180 1232 canonicis
3210 1175 3308 1231 sed
3348 1174 3403 1229 in
3434 1175 3544 1231 suis
3571 1181 3619 1232 et
3643 1178 3688 1232 in
3712 1181 3840 1235 conci-

2320 1269 2382 1326 lii
2430 1268 2641 1325 litteris
2688 1266 3002 1322 invenitur.
3032 1288 3052 1314 ι
3091 1264 3150 1321 Si
3182 1265 3239 1318 in
3271 1264 3518 1337 Cypriani
3543 1264 3715 1321 litteris
3738 1268 3841 1323 inve-

2323 1360 2485 1415 nitur
2527 1359 2724 1431 ipsum
2766 1354 2935 1412 aliter
2982 1356 3052 1410 de
3103 1353 3387 1425 baptismo
3443 1353 3679 1423 sensisse,
3725 1373 3843 1427 quam

2323 1448 2684 1504 consuetudo
2716 1445 2971 1501 habebat
3002 1443 3289 1512 Ecclesia,
3338 1443 3629 1516 Cyprianus
3668 1446 3842 1516 proiecto

2324 1538 2383 1593 in
2413 1537 2538 1593 suis
2595 1535 2807 1591 litteris
2851 1533 3111 1591 ostendit
3169 1533 3623 1589 consuetudinem
3665 1533 3843 1590 Ecclesia

2324 1626 2577 1683 alienam
2609 1641 2737 1682 esse
2765 1641 2797 1680 a
2835 1640 2944 1681 sua
2971 1621 3282 1679 sententia.

2392 1736 2542 1799 Quid
2602 1732 2860 1805 amplius
2912 1732 2983 1787 ab
3040 1731 3368 1802 Augustino
3424 1730 3782 1786 desideraretur
3812 1731 3846 1785 in

562 1798 2212 1902 rantsecontraconsuetudinemEcclesiarcbaptizandos
2245 1838 2293 1902 Β
2323 1825 2570 1899 gratiam
2619 1798 2960 1879 εδέθι-ιίοοίε
3013 1798 3275 1876 nosti-ag?
3323 1823 3377 1875 s.
3426 1820 3718 1891 Cyprianus,
3758 1823 3846 1873 teste

563 1899 691 1941 esse
713 1884 1013 1943 hareticos
1030 1888 1672 1963 decrevisse.Numquid
1706 1908 1841 1964 ergo
1866 1892 2213 1964 ignorabant

567 1973 888 2046 Cyprianus
946 1977 1318 2049 Africanique
1372 1980 1670 2052 prasules,
1731 1983 2214 2038 consuetudinem

564 2061 834 2120 Ecclesia
863 2065 976 2121 sibi
1008 2066 1349 2123 adversari?

638 2171 923 2227 Audiatur
978 2172 1191 2230 iterum
1244 2175 1302 2231 S.
1353 2176 1739 2249 Augustinus,
1792 2177 1850 2232 in
1900 2176 2001 2232 lib.
2050 2194 2106 2232 ιν
2152 2183 2217 2234 de

565 2261 747 2331 Bapt.,
779 2277 828 2316 c.
858 2263 929 2317 6:
968 2285 989 2311 ι
1028 2264 1204 2318 Istam
1236 2266 1721 2321 consuetudinem
1754 2265 2077 2335 (hareticos
2100 2283 2214 2321 non

567 2350 991 2421 rebaptizandi)
1022 2356 1145 2407 tam
1178 2354 1480 2409 robustam
1512 2359 1568 2409 et
1598 2361 1770 2411 antea
1799 2355 1954 2410 idem
1984 2354 2217 2427 Cypria-

568 2454 683 2493 nus
721 2439 958 2506 invenit,
1011 2446 1076 2495 ut
1122 2458 1256 2496 cum
1306 2444 1433 2512 ejus
1482 2444 1777 2499 mutanda
1810 2444 2215 2499 auctoritatem

568 2543 749 2599 quam
778 2533 1118 2598 sequeretur
1146 2530 1232 2584 vir
1262 2536 1424 2587 tanta
1458 2532 1705 2588 scientia
1743 2533 2017 2603 praditus
2046 2549 2216 2603 qua-

568 2621 741 2683 reret,
775 2616 1007 2673 nonnisi
1038 2618 1095 2674 in
1128 2619 1317 2675 Africa
1352 2620 1476 2676 sola
1505 2622 1723 2677 factum
1758 2622 1960 2694 paucis
1992 2627 2125 2677 ante
2154 2639 2217 2678 se

570 2705 742 2761 annis
771 2708 1078 2779 Agrippini
1109 2708 1423 2765 concilium
1456 2712 1919 2783 reperiret,quod
1938 2727 2071 2767 cum
2103 2710 2217 2766 sibi

568 2797 850 2852 adversus
884 2799 1059 2854 totius
1083 2800 1239 2855 orbis
1264 2817 1482 2857 morem
1507 2818 1621 2858 non
1643 2803 1911 2858 sufficere
1936 2806 2215 2867 cerneret,

571 2885 678 2941 has
706 2887 962 2943 rationes
992 2889 1292 2960 arripuit.»
1317 2890 1600 2947 Cernebat
1616 2892 1937 2963 Cyprianus
1960 2908 2025 2947 eo
2045 2896 2213 2959 teste,

571 2975 664 3030 cui
720 2975 954 3043 melius,
1005 2994 1180 3048 quam
1230 2980 1468 3051 nuperis
1523 2981 1878 3052 quibusdam
1928 2981 2216 3052 theologis

571 3064 869 3136 explorata
898 3070 1065 3121 erant
1094 3067 1364 3140 Cypriani
1394 3070 1569 3125 verba
1599 3075 1775 3143 atque
1805 3068 2216 3141 sensa,Agrip-

571 3152 696 3225 pini
725 3155 1157 3223 auctoritatem,
1190 3173 1365 3229 quam
1397 3158 1455 3213 in
1479 3158 1767 3215 hareticis
1788 3159 2217 3230 rebaptizandis

573 3245 948 3316 sequebatur,
982 3246 1094 3302 sibi
1128 3264 1238 3302 non
1274 3248 1542 3304 sufficere
1573 3249 1851 3305 adversus
1880 3251 2044 3305 totius
2072 3248 2220 3305 orbis

573 3349 812 3389 morem:
857 3336 1112 3406 proiecto
1143 3353 1278 3409 ergo
1311 3337 1532 3394 sciebat
1581 3338 1802 3394 morem
1849 3339 2033 3395 totius
2064 3336 2222 3393 orbis

576 3422 1017 3494 rebaptizationi
1045 3423 1448 3482 hereticorum
1480 3444 1608 3484 esse
1636 3428 2017 3483 contrarium.

651 3530 876 3586 Rursus
903 3533 1267 3603 Augustinus
1316 3534 1418 3589 lib.
1467 3552 1523 3589 v1
1571 3535 1635 3589 de
1668 3538 1849 3607 Bapt.,
1884 3552 1932 3590 c.
1964 3536 2071 3590 35:
2108 3558 2135 3584 ‹‹
2163 3533 2225 3590 Si

578 3620 941 3675 consuetudo
970 3625 1113 3684 erat,
1145 3621 1356 3693 inquit,
1402 3624 1555 3678 sicut
1584 3624 1705 3679 hac
1737 3624 2029 3679 sententia
2057 3624 2224 3678 testis

578 3713 687 3773 est,
724 3713 787 3762 ut
817 3708 1071 3763 haretici
1120 3710 1415 3767 venientes
1464 3712 1531 3767 ad
1566 3713 1882 3767 Ecclesiam
1917 3729 2050 3767 cum
2082 3713 2225 3782 bap-

580 3795 755 3851 tismo
781 3798 987 3854 I353
1020 3800 1175 3870 quod
1224 3800 1520 3855 habebant
1551 3800 1966 3872 reciperentur,
1999 3818 2104 3857 cur
2132 3818 2224 3857 or-

580 3885 714 3939 bem
762 3890 1048 3941 terrarum
1100 3887 1237 3959 quia
1283 3888 1366 3943 sic
1415 3890 1778 3961 recipiuntur
1822 3889 2147 3945 accusant?
2197 3912 2226 3939 »

580 3975 1084 4046 Episcopiscilicet
1103 3978 1330 4033 concilii
1352 3978 1755 4051 Carthaginnii
1777 3979 1928 4034 inter
1950 3996 2097 4051 quos
2120 3980 2224 4052 Cy-

580 4065 866 4135 prianus..
901 4065 1074 4120 Porro
1104 4065 1204 4137 qui
1231 4071 1511 4123 accusant
1530 4067 1730 4123 orbem
1751 4068 2225 4139 terrarum,quod

581 4152 835 4208 haretici
875 4154 1000 4209 sine
1049 4154 1252 4211 iterato
1302 4156 1594 4227 baptismo
1643 4158 2057 4228 reciperentur,
2109 4174 2226 4212 non

581 4242 854 4312 ignorant
900 4243 1156 4313 profecto
1205 4245 1276 4299 ab
1308 4246 1445 4301 orbe
1474 4250 1762 4301 terrarum
1794 4247 2094 4301 hareticos
2143 4246 2226 4302 sic

580 4331 779 4402 recipi,
812 4335 868 4386 et
900 4332 1002 4388 lib.
1038 4350 1137 4402 vn,
1164 4349 1214 4390 c.
1246 4334 1322 4389 2:
1361 4357 1382 4384 ι
1418 4334 1557 4389 Eam
1595 4350 1827 4407 quoque
1876 4335 2059 4391 fuisse
2088 4350 2226 4390 con-

580 4420 957 4476 suetudinem
998 4428 1063 4476 ut
1117 4421 1201 4477 sic
1241 4423 1939 4495 reciperentur(haeretici
1970 4424 2098 4479 sine
2127 4424 2228 4479 ite-

580 4513 707 4563 rato
756 4510 1093 4580 baptismo),
1145 4516 1202 4567 et
1246 4512 1371 4582 ipse
1417 4512 1739 4583 Cyprianus
1772 4512 1968 4568 multis
1998 4512 2143 4567 locis
2172 4515 2229 4567 et

582 4596 805 4667 aliquot
833 4577 1089 4671 episcopi
1125 4601 1183 4654 in
1231 4577 1339 4657 hoc
1383 4577 1626 4656 concilio
1666 4602 1957 4673 (Carthag.
1990 4601 2074 4672 ιιι)
2109 4617 2227 4655 ma-
2256 4577 2305 4642 D

580 4685 887 4754 nifestant;
922 4690 1071 4743 unde
1101 4694 1338 4760 apparet
1368 4690 1416 4747 si
1452 4690 1703 4745 haeretici
1740 4706 1854 4745 non
1882 4690 2099 4746 habent
2130 4690 2225 4745 ba-

580 4772 1203 4844 ptismum,Ecclesiam
1226 4778 1436 4834 Christi
1468 4784 1799 4850 temporum
1828 4777 2063 4833 illorum
2088 4795 2227 4849 pra-

576 4862 997 4920 varicatoribus
1045 4866 1222 4922 fuisse
1274 4866 1524 4937 plenam,
1575 4867 1676 4939 qui
1726 4868 1811 4923 eis
1841 4868 2225 4937 suil'ragantes

578 4953 663 5008 sic
716 4954 1093 5023 recipiebant.
1150 4975 1176 5008 α
1224 4955 1527 5011 Undenam
1577 4958 1784 5027 probat
1814 4958 1869 5012 S.
1905 4960 2113 5012 Doctor
2140 4957 2224 5010 vi-

576 5042 795 5114 guisse,
823 5044 1089 5115 Cypriani
1120 5043 1293 5101 etiam
1326 5049 1510 5109 atate,
1546 5046 1808 5102 Ecclesia
1851 5046 2225 5102 consuetudi-

576 5149 734 5203 nem,
766 5137 829 5188 ut
861 5134 1114 5189 haeretici
1139 5134 1265 5189 sine
1292 5150 1439 5190 novo
1470 5134 1763 5207 baptismo
1796 5134 2225 5206 reciperentur?

578 5223 661 5278 Ex
700 5223 848 5294 ipso,
884 5227 949 5277 ut
977 5222 1158 5292 vides,
1208 5228 1411 5277 sancto
1441 5224 1747 5297 Cypriano,
1774 5225 1872 5296 qui
1908 5224 2111 5280 multis
2142 5224 2224 5280 lo-

579 5313 664 5368 cis
696 5312 836 5367 illud
872 5312 1246 5378 manifestat;
1282 5328 1397 5367 non
1437 5329 1570 5385 ergo
1628 5314 1936 5385 ignorabat
1981 5314 2225 5370 antistes

582 5401 1059 5473 Carthaginensis
1109 5416 1236 5456 eam
1291 5402 1472 5458 fuisse
1519 5403 1786 5459 Ecclesia
1844 5402 2226 5459 consuetudi-

590 5507 745 5545 nem.

661 5579 784 5635 Non
819 5581 1031 5654 pigeat,
1083 5599 1298 5654 quaso,
1331 5583 1731 5658 Augustinum
1763 5584 1954 5640 adhuc
1985 5582 2183 5639 audire
2211 5599 2223 5637 :

580 5692 611 5722 κ
645 5671 868 5746 Talem,
900 5671 1093 5746 inquit
1120 5672 1222 5732 lib.
1255 5691 1331 5733 vn
1366 5674 1431 5735 de
1477 5676 1659 5750 Bapt.,
1709 5692 1759 5734 c.
1784 5676 1877 5747 25,
1907 5674 2093 5735 fuisse
2120 5673 2230 5735 Ec-

2324 1914 2677 1986 Augustino,
2709 1915 2843 1967 satis
2871 1911 3123 1977 ostendit,
3154 1912 3338 1980 aperte
3362 1908 3570 1977 indicat,
3598 1909 3773 1963 omnino
3790 1908 3847 1963 de-

2323 2005 2523 2065 clarat.
2576 2018 2713 2073 saepe
2758 2003 3154 2055 commemorat
3214 1998 3419 2064 multis,
3462 1998 3585 2052 locis
3625 1998 3849 2064 manifestat

2323 2110 2434 2149 non
2493 2090 2754 2163 Stephani
2803 2092 3037 2155 tantum,
3094 2087 3189 2143 sed
3231 2092 3283 2142 et
3326 2087 3565 2143 Ecclesia
3604 2086 3850 2141 consuetudi-

2323 2198 2452 2238 nem
2480 2196 2614 2250 esse,
2650 2184 2712 2234 ut
2760 2177 3011 2233 haretici
3063 2175 3359 2232 venientes
3390 2176 3457 2231 ad
3489 2174 3746 2229 Ecclesiam
3769 2188 3848 2227 cum

2326 2270 2620 2341 baptismo
2668 2267 2822 2338 quod
2877 2265 3173 2321 habebant
3207 2264 3599 2336 reciperentur.
3627 2262 3851 2335 Cyprianus

2324 2360 2615 2415 accusabat
2646 2373 2763 2411 non
2795 2354 2986 2411 solum
3020 2353 3404 2425 Stephanum,
3443 2354 3534 2409 sed
3564 2354 3713 2407 orbem
3746 2355 3855 2405 terra-

2324 2464 2473 2517 rum,
2527 2446 2683 2518 quod
2733 2443 2988 2500 haeretici
3038 2443 3121 2497 sic
3183 2442 3586 2514 reciperentur.
3628 2441 3852 2512 Cyprianus

2323 2539 2574 2593 cernebat
2604 2552 2665 2591 se
2695 2550 2863 2605 agere
2891 2532 3155 2587 adversus
3186 2534 3354 2587 totius
3396 2531 3537 2586 orbis
3574 2546 3755 2585 morem.
3789 2526 3853 2597 Cy-

2326 2626 2569 2699 prianus
2599 2625 2802 2693 ubique
2834 2622 3148 2677 intuebatur
3178 2621 3535 2676 uniuersalem
3576 2623 3621 2674 et
3667 2616 3853 2671 robustam

2324 2713 2769 2772 consuetudinem
2825 2711 3125 2765 haereticos
3188 2726 3305 2765 non
3348 2706 3721 2780 rebaptizandi.
3776 2704 3855 2758 Hac

2327 2806 2452 2860 sine
2479 2802 2850 2871 ambagibus,
2883 2800 3009 2855 sine
3038 2799 3352 2854 verborum
3381 2797 3626 2861 circuitu,
3656 2792 3785 2849 nullis
3806 2790 3856 2843 in-

2324 2893 2523 2949 voluta
2568 2889 2847 2959 tenebris,
2898 2888 3103 2954 nitida,
3135 2886 3434 2943 luculenta
3461 2885 3653 2941 centies
3678 2881 3854 2953 repetiti,

2325 2983 2591 3050 firmiter,
2640 2996 2707 3035 ac
2750 2978 3048 3034 evidenter
3091 2977 3417 3033 ostendunt
3464 2973 3762 3046 exploratum
3793 2971 3857 3037 Cy-

2327 3074 2531 3145 priano
2563 3069 2689 3126 sine
2718 3067 2895 3123 dubio
2929 3067 3131 3134 fuisse,
3155 3063 3629 3122 consuetudinem
3654 3057 3861 3151 haereticus

2332 3178 2449 3216 non
2479 3156 2875 3229 rebaptizandi
2906 3161 3046 3212 tunc
3085 3154 3373 3227 temporis
3401 3154 3571 3208 fuisse
3597 3145 3865 3205 consuetudi-

2332 3266 2466 3305 nem
2524 3247 2893 3303 universalem
2948 3244 3231 3312 Ecclesia,
3294 3240 3732 3299 consuetudinem
3772 3232 3866 3289 orbi:

2331 3348 2627 3407 terrarum,
2659 3338 2821 3392 totius
2850 3334 2995 3390 orbis
3028 3349 3259 3399 morem,
3318 3346 3487 3404 quem
3546 3329 3711 3399 ubique
3750 3327 3868 3378 intue-

2334 3429 2510 3483 batur.

2404 3533 2471 3588 V.
2509 3529 2902 3589 Universalem
2956 3528 3231 3585 Ecclesia
3285 3530 3357 3584 de
3406 3544 3515 3582 non
3555 3514 3871 3592 rebaptizandis

2334 3622 2623 3679 hareticis
2669 3619 3156 3676 consuetudinem
3208 3635 3317 3674 nec
3360 3634 3393 3673 a
3442 3602 3875 3688 Cypriane,necah

2334 3714 2463 3783 ejus
2494 3710 2733 3767 asseclis
2765 3710 2822 3763 in
2856 3708 3103 3763 dubium
3136 3712 3469 3763 revocatum
3501 3704 3659 3758 fuisse
3685 3694 3877 3753 manifes-

2335 3806 2421 3857 tat
2451 3806 2507 3855 et
2532 3804 2718 3856 status
2748 3798 3175 3863 controversia,
3212 3814 3343 3868 qua
3377 3794 3697 3868 Cyprianum
3721 3787 3829 3841 inter
3844 3788 3878 3833 et

2336 3890 2481 3946 alios
2512 3889 2876 3962 agitabatur;
2904 3887 3061 3941 hunc
3092 3885 3354 3942 dilucide
3384 3883 3603 3956 exponit
3646 3883 3877 3962 anonymus

2336 3961 2644 4051 episcopus
2676 3978 2884 4034 I354
2914 3975 3207 4048 Cypriano
3232 3990 3461 4030 coavus
3484 3961 3877 4043 sapiuslaudstus

2336 4068 2409 4123 iis
2439 4067 2670 4123 verbis:
2704 4090 2731 4116 ‹‹
2767 4065 3179 4121 Animadverto
3215 4063 3529 4135 quasitum
3556 4058 3685 4130 apud
3724 4054 3877 4107 fratNS.

2338 4157 2478 4229 (μιίά
2512 4156 2707 4228 potius
2740 4154 3033 4211 observari
3079 4158 3315 4225 oportet
3340 4153 3401 4207 in
3434 4161 3705 4224 personam
3730 4149 3881 4236 eorum,

2337 4224 2438 4318 qui
2488 4224 2546 4300 in
2597 4244 2799 4300 haresi
2852 4243 3091 4315 quidem
3142 4243 3248 4297 sed
3285 4242 3345 4296 in
3379 4239 3601 4296 nomine
3625 4228 3799 4290 Domini
3820 4224 3882 4316 Dei

2336 4335 2521 4391 nostri
2542 4335 2681 4391 Jesu
2725 4333 2936 4389 Christi
2965 4331 3157 4397 tincti,
3189 4330 3565 4404 postmodum
3586 4324 3699 4378 inde
3716 4318 3882 4405 digmil

2335 4428 2394 4481 et
2424 4423 2768 4496 suppliciter
2815 4422 2886 4477 ad
2938 4420 3265 4476 Ecclesiam
3328 4418 3428 4475 Dei
3470 4406 3883 4503 ndvolantes_,tot1§

2335 4513 2668 4585 pracordiis
2719 4509 3120 4583 panitentiam
3185 4518 3451 4581 agerent,
3511 4511 3563 4560 et
3621 4501 3880 4593 erroris”!ml

2335 4601 2771 4659 damnationem
2800 4616 2957 4655 nunc
2989 4600 3230 4654 demum
3265 4596 3661 4667 intelligentes,
3688 4584 3881 4641 auxilium

2334 4691 2541 4747 salutis
2573 4691 2643 4746 ab
2671 4706 2737 4745 ea
2759 4688 3307 4761 implorentzutrum
3332 4678 3879 4767 vetustissimacontuf'

2334 4781 2534 4836 tudine
2568 4796 2631 4835 ac
2655 4754 2969 4834 traditione
3001 4776 3403 4831 ecclesiastica
3428 4776 3552 4845 post
3580 4758 3818 4857 illumqui
3839 4754 3881 4857 f0:

2334 4870 2417 4924 ris
2449 4868 2821 4939 quidem,sed
2855 4867 2913 4921 in
2951 4866 3188 4920 nomine
3217 4864 3362 4919 Jesu
3391 4858 3593 4918 Christi
3620 4851 3879 4909 Dominicum

2334 4963 2685 5030 acceperunt
2715 4957 3029 5028 baptisma,
3061 4954 3478 5010 tantummodo
3506 4944 3704 5019 imponi
3729 4940 3792 4996 eis
3807 4947 3883 4990 ml-

2335 5065 2477 5104 num
2511 5048 2583 5103 ab
2624 5047 2897 5118 episcOpo
2944 5046 3015 5101 ad
3066 5043 3477 5115 accipiendum
3509 5035 3754 5109 Spiritum

2334 5141 2464 5193 tum
2497 5116 2812 5202 sufficeret,
2832 5116 2907 5189 et
2938 5134 3059 5189 hac
3093 5150 3312 5188 manus
3343 5125 3629 5202 impositio
3656 5122 3833 5193 signum
3847 5116 3884 5162 δ’

2336 5226 2427 5281 dei
2453 5226 2726 5280 iteratum
2752 5228 2924 5295 atque
2944 5225 3427 5279 consummatum
3457 5218 3539 5272 eis
3559 5207 3882 5295 praetexam?

2334 5331 2468 5371 vero
2495 5314 2673 5369 etiam
2709 5286 2985 5369 iteratum
3007 5310 3305 5383 baptisma
3327 5308 3404 5364 iis
3425 5297 3776 5388 necessarium
3792 5286 3884 5388 esse}

2334 5409 2635 5475 tamquam
2689 5401 2833 5456 nihil
2869 5401 3177 5467 habituris,
3213 5399 3265 5453 si
3301 5398 3411 5453 hoc
3443 5405 3659 5466 quoque
3681 5384 3880 5475 adeptiﬂ

2335 5467 2561 5564 integro
2596 5508 2707 5546 non
2743 5492 3013 5556 fuissent,
3064 5488 3310 5561 perinde
3341 5501 3408 5542 ao
3438 5484 3487 5541 si
3516 5488 3781 5551 nunquam
3802 5467 3879 5532 ΒΨ

2334 5582 2494 5641 tizati
2528 5582 2585 5637 in
2618 5582 2857 5638 nomine
2885 5580 3026 5637 Jesu
3075 5576 3292 5636 Christi
3333 5576 3536 5639 forent,
3567 5570 3775 5638 ideoque
3796 5566 3880 5614 ηου-

2338 5672 2502 5737 nulla
2546 5688 2725 5748 super
2768 5670 2880 5732 hac
2930 5686 3078 5733 nova
3124 5666 3451 5745 quastione
3485 5659 3685 5736 scripta
3708 5652 3879 5716 antro?
