4112 6174
211 298 369 360 1409

1156 289 1361 354 PARS
1406 290 1486 354 ΙῙ.
1519 321 1596 337 -
1623 289 2188 354 RECENTIORUM
2233 237 2677 354 EXCUBSUS.

3464 298 3621 360 “10

210 433 399 502 oripta
445 444 574 484 esse
612 426 1011 497 jactabantur,
1062 426 1276 498 quibus
1322 430 1570 498 utraque
1613 444 1750 499 pars
1791 427 1863 482 ad
1894 435 1945 500 Α
1979 428 2197 483 cuisset
2227 427 2413 499 magis
2444 443 2602 482 nova
2652 425 2944 498 opinionis
2991 427 3398 486 adinventores
3447 447 3508 486 se
3539 433 3620 486 vi-

213 516 570 577 destruenda
612 514 804 572 aliena
851 531 1084 571 summo
1134 516 1328 571 studio
1367 516 1680 572 nitebatur.
1714 539 1743 566 »
1786 517 1866 570 En

213 613 410 666 status
441 604 864 674 controversia,
897 605 1184 678 quaritur
1215 608 1411 661 utrum
1443 604 1735 662 observari
1766 622 1866 678 po-

217 699 340 754 tius
370 699 635 771 oporteat
666 694 1065 751 vetustissima
1095 694 1365 752 Ecclesia
1411 696 1772 752 consuetudo
1804 710 1870 751 ac

213 787 450 845 traditio
481 803 598 859 qua
647 784 901 841 haretici
944 785 1016 840 ad
1049 784 1365 842 Ecclesiam
1406 785 1703 842 venientes
1732 800 1868 840 cum

214 877 508 950 baptismo
573 875 729 948 quod
790 874 930 931 foris
987 880 1324 946 receperant
1375 875 1867 948 suscipiebantur,

215 985 288 1023 an
313 983 447 1023 vero
479 965 776 1038 baptisma
816 963 890 1020 iis
931 964 1123 1020 adhuc
1153 964 1231 1020 sit
1279 965 1696 1035 necessarium,
1730 963 1872 1037 quia

216 1056 364 1114 nihil
395 1059 594 1113 essent
621 1053 882 1111 habituri
910 1053 959 1110 si
995 1053 1100 1110 hoc
1130 1070 1244 1110 non
1281 1054 1624 1127 acciperent.

287 1146 388 1203 Hic
421 1161 593 1219 porro
624 1143 966 1216 quastionis
1017 1147 1206 1200 status
1254 1143 1565 1200 manifeste
1595 1139 1874 1215 supponit

215 1239 289 1293 ab
320 1234 597 1292 omnibus
626 1232 784 1289 ultro
823 1233 1142 1289 admissam
1192 1232 1375 1290 fuisse
1403 1232 1654 1304 hujusce
1677 1230 1868 1287 Eccle-

213 1326 314 1383 sia
358 1325 431 1381 de
479 1340 595 1380 non
645 1321 1076 1395 rebaptizandis
1102 1321 1392 1379 hareticis
1448 1319 1871 1395 antiquissima

216 1412 668 1472 consuetudinis
717 1411 1110 1483 existentiam,
1159 1428 1293 1469 cum
1340 1413 1410 1469 de
1467 1429 1535 1468 ea
1577 1415 1874 1484 quaratur

215 1502 630 1561 tantummodo
649 1504 848 1558 utrum
872 1501 1108 1574 servari,
1133 1500 1223 1557 vel
1249 1518 1364 1558 non
1384 1500 1602 1558 servari
1631 1500 1870 1569 debeat;

218 1593 377 1650 unde
408 1592 621 1648 citatus
651 1593 873 1659 auctor,
898 1590 998 1662 qui
1022 1592 1180 1646 totus
1209 1590 1374 1646 estin
1407 1588 1736 1647 refellendis
1766 1589 1872 1662 Cy-

220 1680 411 1755 priani
464 1680 790 1736 rationibus
837 1696 1142 1752 nunquam
1192 1681 1261 1736 de
1298 1680 1427 1753 ipso
1475 1679 1871 1752 conqueritur,

1976 515 2121 587 deri,
2156 534 2334 588 quam
2368 516 2667 587 antiquam
2692 521 2777 572 tot
2800 517 3143 572 saculorum
3173 519 3345 574 fidem
3369 522 3531 590 sequi
3562 537 3625 576 se

1977 604 2260 677 profiteri.
2302 603 2448 668 Quid
2481 620 2616 677 ergo
2637 604 2664 658 ?
2696 603 3072 678 Posthabitis,
3097 607 3424 680 spretisque
3453 612 3540 664 tot
3569 612 3626 664 et

1976 693 2178 764 tantis,
2213 710 2338 766 qua
2366 693 2481 749 huc
2529 711 2717 766 usque
2759 711 2828 750 ex
2875 695 3150 768 primava
3193 697 3541 769 antiquitate
3571 702 3628 755 et

1977 783 2267 856 pracipue
2296 800 2364 839 ex
2391 783 2721 856 Augustino
2749 784 3221 858 deprompsimus
3251 787 3625 856 testimoniis,

1981 877 2176 946 spreta
2223 873 2424 929 itidem
2476 873 2775 930 communi
2821 874 3117 931 Gallorum
3166 877 3516 950 scriptorum
3562 896 3628 936 ac

1979 963 2385 1036 theologorum
2421 963 2490 1019 de
2521 963 2629 1019 hac
2676 979 2737 1020 re
2768 964 3079 1032 sententia,
3109 966 3204 1021 vix
3235 966 3386 1024 natis
3418 967 3627 1025 horum

1979 1069 2297 1125 paucorum
2358 1051 2589 1124 placitis
2642 1052 2801 1108 omni
2868 1053 3376 1113 verisimilitudine
3449 1057 3628 1114 etiam

1982 1141 2277 1198 destitutis
2299 1141 2741 1198 subscribemus
2760 1141 2788 1197 Ἰ
2811 1142 2996 1211 Absit,
3023 1142 3071 1199 si
3103 1141 3369 1201 homines
3399 1162 3629 1220 sumus,

1983 1231 2032 1288 si
2074 1231 2547 1305 qualemcunque
2595 1231 2904 1304 rationem,
2954 1231 3004 1288 si
3053 1249 3293 1291 sensum
3343 1234 3630 1293 habemus

1979 1321 2328 1378 humanum.

2053 1410 2338 1484 Equidem
2370 1409 2517 1467 satis
2546 1409 2743 1466 mirari
2774 1426 2889 1466 non
2917 1403 3156 1484 possum
3189 1412 3365 1469 talem
3393 1413 3464 1470 ab
3501 1413 3634 1472 istis

1982 1499 2403 1557 recentioribus
2450 1501 2520 1556 de
2569 1499 2855 1573 Cypriano
2905 1501 3044 1574 ﬁngi
3088 1519 3153 1558 ac
3199 1501 3482 1559 venditari
3529 1521 3630 1577 po-

1981 1590 2167 1646 tuisse
2199 1588 2876 1662 ignorantiam,istorum
2901 1591 3056 1646 enim
3080 1608 3250 1647 nemo
3281 1593 3633 1664 profundam

1983 1681 2044 1738 in
2075 1682 2253 1737 rebus
2301 1679 2712 1738 ecclesiasticis
2758 1681 3025 1754 Cypriani
3077 1683 3462 1740 eruditionem
3495 1684 3638 1740 vivi-

222 1771 379 1879 qupd
411 1769 590 1841 hujus
621 1766 889 1879 Ecclesia
929 1768 1374 1869 consuetudinis
1420 1769 1784 1879 egistentiam
1813 1766 1872 1822 in
1905 1813 1955 1879 Β
1986 1770 2249 1827 dioribus
2280 1770 2542 1873 depinxit
2585 1769 2878 1879 c‘o‘lor‘ibus
2922 1771 3246 1879 majorique
3296 1774 3540 1873 strepitu
3574 1790 3640 1830 ac

220 1859 468 1915 dubium
485 1863 777 1915 revocaret
798 1874 812 1922 ;
830 1862 890 1914 at
905 1859 1118 1930 sapius
1140 1857 1252 1931 ipsi
1267 1859 1595 1931 exprobrat,
1619 1862 1684 1914 ut
1700 1875 1880 1931 supra
1908 1857 1955 1879 υ
1989 1865 2201 1918 conatu
2233 1861 2565 1917 ostentavit.
2587 1861 2668 1915 Ad
2694 1860 2852 1916 illam
2883 1861 3270 1918 extollendam
3294 1862 3641 1918 inexhausta

217 1948 498 2015 vidimus,
533 1948 682 2018 quod
714 1946 896 2003 nollet
924 1964 1054 2003 esse
1083 1950 1363 2004 contentus
1381 1949 1685 2004 venerabili
1712 1948 1877 2004 eccle-

225 2040 438 2094 siarum
485 2036 725 2092 omnium
774 2039 1117 2104 auctoritate,
1152 2037 1306 2109 quod
1364 2036 1880 2108 rebaptizationem

232 2125 637 2182 hareticorum
668 2125 912 2181 minime
942 2126 1268 2192 damnaret,
1301 2143 1475 2198 quam
1507 2131 1703 2182 tamen
1726 2125 1885 2197 judi-

230 2216 401 2272 cabat
430 2215 782 2270 contrariam
815 2213 1263 2270 solemnissima:
1300 2220 1645 2271 cunctorum
1677 2213 1884 2271 emeri-

226 2309 422 2360 torum
465 2307 803 2359 sanetorum
864 2307 920 2358 et
972 2303 1234 2360 ﬁdelium
1293 2304 1700 2361 observationi.
1751 2327 1777 2354 «
1823 2305 1884 2359 In

231 2408 346 2466 quo
375 2408 606 2465 genere,
640 2391 852 2464 inquit,
882 2393 1222 2464 quastionis
1270 2394 1362 2466 (de
1392 2393 1670 2465 rebaptiz.
1704 2393 1885 2449 hare-

227 2482 382 2554 ticis)
411 2485 477 2536 ut
509 2480 656 2536 mihi
685 2481 918 2537 videtur
955 2481 1121 2538 nulla
1148 2483 1388 2540 omnino
1433 2483 1720 2556 potuisset
1749 2499 1886 2538 con-

226 2569 512 2627 troversia
542 2574 643 2625 aut
673 2569 1018 2642 disceptatio
1049 2587 1367 2644 emergere,
1397 2572 1445 2628 si
1478 2571 1888 2644 unusquisque

232 2665 501 2716 nostrum
527 2663 837 2715 contentus
866 2660 1182 2716 venerabili
1213 2660 1591 2716 ecclesiarum
1623 2659 1887 2716 omnium

233 2748 582 2806 auctoritate
614 2751 670 2804 et
698 2748 1028 2804 necessaria
1073 2748 1406 2804 humilitate
1435 2747 1581 2804 nihil
1613 2749 1890 2804 innovare

232 2837 505 2910 gestiret;
540 2853 796 2909 namque
826 2853 999 2892 omne
1028 2837 1183 2908 quod
1217 2851 1429 2910 anceps
1457 2843 1514 2893 et
1543 2837 1888 2908 ambiguum

231 2932 292 2984 et
322 2926 567 2982 diversis
599 2926 907 2982 sententiis
938 2926 1318 2999 prudentium
1352 2944 1418 2982 ac
1449 2926 1706 2981 ﬁdelium
1737 2927 1888 2983 viro-

230 3033 363 3072 rum
393 3015 788 3071 constitutum
821 3019 932 3080 est,
965 3015 1014 3070 si
1048 3019 1251 3070 contra
1293 3015 1544 3087 priscam
1577 3019 1636 3070 et
1666 3031 1890 3071 memo-

234 3104 480 3161 rabilem
513 3110 857 3160 cunctorum
890 3104 1264 3159 emeritorum
1293 3108 1630 3159 sanctorum
1663 3108 1719 3159 et
1750 3105 1889 3160 tide-

1989 1966 2137 2022 pene
2167 1949 2389 2006 diceres
2421 1949 2618 2005 omnia
2647 1965 3013 2004 summorum
3045 1949 3415 2019 Pontificum,
3449 1950 3640 2007 conci-

1989 2039 2226 2110 liorum,
2257 2039 2362 2095 SS.
2402 2039 2662 2106 Patrum,
2712 2039 3150 2111 historicorum,
3183 2043 3480 2111 poetarum
3517 2057 3641 2097 mo-

1993 2132 2277 2184 numenta
2295 2145 2308 2195 ;
2325 2144 2556 2183 sacrum
2571 2133 2628 2183 et
2645 2127 2978 2200 profanum,
2997 2128 3195 2184 omnia
3218 2128 3476 2200 undique
3493 2146 3648 2202 qua-

1995 2217 2132 2286 sita,
2163 2221 2414 2288 arrepta,
2448 2217 2624 2272 citata
2651 2235 2664 2285 ;
2697 2219 2782 2272 tot
2809 2215 3112 2273 laboribus
3127 2218 3198 2272 ad
3232 2216 3645 2274 illustrandam

1995 2311 2054 2364 et
2103 2306 2592 2362 manifestandam
2626 2305 2896 2379 Cypriani
2946 2305 3268 2378 doctrinam
3319 2307 3646 2378 exantlatis,

1997 2397 2131 2470 quis
2161 2396 2466 2452 crederet?
2495 2394 2848 2469 Cyprianum
2891 2395 3049 2451 illius
3099 2395 3366 2468 ignarum
3396 2412 3652 2469 pronun-

1995 2487 2147 2543 tiant
2176 2483 2444 2541 Ecclesia
2475 2484 2946 2544 consuetudinis.
2987 2501 3114 2556 qua
3157 2486 3304 2558 ipsis
3334 2484 3651 2542 fatentibus

1997 2575 2360 2649 pracipuum
2393 2573 2526 2630 ﬁdei
2558 2577 2769 2629 nostra
2793 2574 3006 2646 dogma
3030 2574 3543 2647 complectebatur.
3570 2575 3652 2631 En

1996 2670 2082 2721 tot
2113 2665 2183 2720 de
2212 2663 2482 2736 Cypriani
2532 2661 2797 2718 doctrina
2838 2661 3258 2733 praconiorum
3291 2664 3655 2736 inexpectata

1999 2752 2334 2810 conclusio:
2368 2750 2690 2824 Cyprianus
2709 2750 3014 2822 ignorabat
3043 2749 3308 2805 Ecclesia
3340 2757 3652 2808 consuetu-

1999 2843 2218 2912 dinem,
2253 2858 2379 2912 qua
2415 2840 2771 2912 pracipuum
2808 2838 2941 2894 ﬁdei
2972 2843 3181 2894 nostra
3223 2845 3398 2912 caput
3424 2845 3650 2913 specta-

1999 2932 2123 2988 bat.
2163 2931 2256 2986 Sic
2285 2931 2494 2985 doctus
2525 2932 2580 2984 et
2618 2929 2878 3001 ignarus,
2914 2927 3179 2983 oculatus
3210 2931 3264 2983 et
3302 2928 3548 2985 obtusus
3579 2932 3653 2987 ad

2001 3021 2251 3076 istorum
2271 3023 2481 3075 nutum
2505 3017 2848 3090 Cyprianus,
2870 3015 3327 3085 oculatissimus,
3350 3022 3416 3073 ut
3437 3035 3655 3091 paucos

2003 3110 2114 3166 sibi
2148 3109 2405 3164 faventes
2446 3107 2750 3179 episcopos
2801 3110 3098 3178 agnoscat,
3149 3106 3564 3163 obtusissimus
3593 3111 3662 3163 ut

229 3195 378 3250 lium
456 3193 954 3250 solemnissimam
1030 3192 1492 3249 Observationem
1566 3193 1888 3265 iudicatur,
1921 3186 1964 3258 C
2005 3198 2348 3254 innumeros
2379 3196 2490 3252 sibi
2531 3196 2804 3252 adversos
2853 3195 3113 3267 ignoret:
3148 3195 3220 3251 ad
3265 3195 3660 3268 iudignandos

235 3282 504 3360 damnari
534 3281 738 3354 utique
769 3281 957 3337 debet.
990 3304 1018 3333 »
1051 3281 1338 3355 Cypriano
1377 3282 1705 3355 exprobrat,
1738 3283 1894 3355 quod

237 3369 575 3428 auctoritati
623 3375 708 3426 tot
757 3387 1069 3438 annorum,
1121 3375 1318 3442 totque
1372 3370 1750 3427 ecclesiarum
1800 3387 1894 3428 ac-

231 3461 538 3534 quiescere
573 3458 794 3527 nollet;
828 3459 981 3532 quod
1032 3459 1363 3533 insurgeret
1404 3461 1683 3516 adversus
1713 3460 1894 3517 eccle-

233 3550 536 3606 siastieam
588 3552 674 3604 tot
721 3548 1067 3605 saeculorum
1129 3549 1651 3606 consuetudinem:
1706 3573 1735 3600 ‹‹
1788 3553 1897 3606 Per

231 3655 438 3712 quam,
487 3638 703 3710 inquit,
737 3637 878 3694 utile
931 3643 1019 3694 est
1067 3640 1320 3710 credere,
1373 3646 1431 3695 et
1472 3643 1557 3695 tot
1605 3655 1894 3695 annorum

235 3733 441 3800 totque
487 3726 866 3783 ecclesiarum
920 3727 1251 3784 auctoritati
1296 3743 1425 3784 eum
1476 3729 1629 3783 bona
1671 3728 1896 3784 ratione

235 3817 628 3888 acquiescere,
648 3832 785 3871 cum
804 3815 882 3871 sit
897 3817 1219 3872 maximum
1238 3817 1676 3873 incommodum
1700 3834 1766 3873 ac
1783 3818 1897 3874 dis-

233 3906 519 3980 pendium
541 3906 928 3962 sanctissima
944 3906 1151 3962 matris
1164 3905 1431 3962 Ecclesia
1448 3907 1730 3963 adversus
1741 3907 1894 3980 pris-

234 4013 306 4051 ea
327 3995 530 4051 1855
557 3994 828 4050 consulta
854 3999 988 4068 post
1015 4001 1097 4051 tot
1129 3993 1478 4050 saeculorum
1508 3995 1715 4052 seriem
1740 4011 1896 4051 nunc

233 4085 492 4158 primum
513 4100 579 4140 ac
597 4083 725 4140 sine
743 4085 966 4140 ratione
981 4084 1308 4156 insurgere.
1331 4107 1358 4134 »
1377 4085 1458 4140 Ex
1474 4085 1691 4156 quibus
1713 4086 1898 4141 omni-

229 4174 346 4230 bus
391 4172 576 4246 liquet
623 4173 843 4229 nemini
889 4173 1379 4246 rebaptizantium
1432 4178 1573 4230 tunc
1613 4174 1896 4247 temporis

235 4263 422 4320 fuisse
453 4263 691 4318 dubiam
725 4261 878 4319 hanc
910 4263 980 4318 de
1010 4279 1126 4318 non
1155 4262 1588 4335 rebaptizandis
1607 4262 1898 4319 haereticis

232 4353 507 4411 Ecclesia
553 4355 1080 4424 consuetudinem;
1133 4356 1289 4412 unde
1337 4355 1696 4413 Venerabilis
1745 4356 1900 4412 Beda

244 4445 544 4500 asserebat
563 4443 915 4517 Cyprianum
941 4462 1075 4502 cum
1099 4445 1222 4501 suis
1247 4445 1533 4502 Africanis
1559 4462 1676 4502 non
1699 4449 1900 4502 contra

2005 3287 2261 3344 asseclas
2290 3285 2573 3358 Cypriano
2605 3289 2839 3356 tempus
2870 3283 3100 3339 abunde
3121 3285 3552 3358 suppeditatur,
3585 3287 3659 3342 ad

2003 3375 2359 3448 detegendos
2424 3378 2618 3430 autem
2687 3373 3052 3429 adversarios
3113 3373 3484 3444 decennium,
3543 3391 3658 3446 quo

2005 3464 2523 3537 Carthaginensem
2558 3461 2703 3518 rexit
2741 3461 3058 3518 Ecclesiam
3090 3462 3361 3519 sufﬁcere
3408 3480 3524 3520 non
3557 3480 3658 3537 po-

2007 3555 2156 3623 tuit;
2191 3551 2273 3609 sic
2304 3552 2538 3608 inanem
2571 3549 2880 3623 caliginem
2915 3550 3242 3624 perspicuis
3263 3552 3440 3607 rebus
3469 3569 3664 3626 asper-

2007 3646 2155 3717 gunt
2183 3641 2476 3712 homines,
2501 3640 2663 3713 digni
2687 3657 2846 3707 sane,
2880 3640 2982 3711 qui
3011 3641 3387 3712 experiantur
3407 3641 3666 3698 absurda

2007 3749 2246 3806 quaque
2275 3735 2332 3787 et
2361 3730 2594 3786 ultima.
2638 3728 2865 3785 Nostris
2898 3744 3033 3802 ergo
3067 3729 3266 3784 nania
3295 3730 3419 3799 jam
3455 3731 3664 3786 cedant

2008 3819 2392 3894 argumentis,
2419 3818 2754 3890 sensatique
2775 3834 2979 3873 omnes
3001 3818 3253 3873 veridico
3275 3834 3373 3873 ore
3394 3818 3665 3876 dicamus

2007 3911 2363 3984 Cyprianum
2414 3909 2592 3980 probe
2639 3907 2870 3962 novisse
2921 3922 3096 3979 quam
3130 3905 3466 3978 Stephanus
3497 3907 3564 3962 R.
3597 3911 3662 3962 Ρ.

2007 3998 2341 4058 vindicabat
2371 3997 2676 4052 haereticos
2708 3997 2916 4052 1350
2947 4011 3062 4050 non
3096 3995 3495 4068 rebaptizandi
3527 4011 3662 4052 con-

2009 4088 2404 4154 suetudinem,
2457 4084 2843 4142 universalem
2898 4082 3161 4140 Ecclesia
3211 4088 3352 4139 tunc
3383 4084 3665 4157 temporis

2009 4178 2192 4234 fuisse
2241 4175 2746 4247 consuetudinem,
2798 4175 2937 4244 sive,
2994 4179 3060 4228 ut
3107 4172 3421 4246 Augustini
3474 4174 3666 4230 verbis

2009 4272 2164 4336 utar,
2234 4266 2574 4338 Cyprianum
2640 4263 2783 4320 hanc
2836 4262 3282 4320 consuetudinem
3346 4261 3546 4335 ubique
3616 4270 3672 4321 et

2007 4357 2380 4413 universalem
2411 4356 2678 4410 intuitum
2705 4355 2896 4425 fuisse.

2080 4445 2344 4518 Denique
2374 4447 2614 4499 noverat
2642 4448 2699 4498 et
2739 4441 3059 4515 Cyprianus
3103 4441 3256 4497 hanc
3288 4440 3666 4498 consuetudi-

240 4533 528 4606 Stephani
549 4533 640 4590 vel
670 4533 910 4591 alterius
925 4535 1286 4606 praxim,sed
1300 4535 1901 4592 contramorcmEcclc-
1928 4560 1977 4627 D
2010 4552 2141 4592 nem
2177 4535 2248 4590 ab
2279 4533 2556 4589 omnibus
2606 4530 2894 4627 episcopis
2943 4529 3292 4627 antiquitus,
3326 4531 3513 4627 id-est
3533 4534 3666 4588 ante

236 4625 344 4681 sia
393 4627 649 4680 statuere
700 4623 958 4680 voluisse
1004 4623 1309 4680 haereticos
1358 4641 1486 4681 esse
1533 4623 1897 4697 rebaptizan-

238 4713 350 4768 dos
377 4712 513 4781 (11).

313 4801 411 4858 VI.
443 4803 703 4859 Tandem
734 4803 1089 4877 Cyprianum
1121 4804 1272 4860 hanc
1302 4804 1569 4861 Ecclesia
1592 4807 1897 4860 consuetu~

237 4893 441 4949 dinem
472 4891 797 4965 ignorasse,
839 4898 1100 4949 veterum
1151 4893 1353 4950 nullus
1392 4894 1479 4949 vel
1529 4895 1777 4950 obscure
1803 4909 1898 4949 se-

233 4980 355 5037 mel
383 4980 686 5048 indicavit,
719 4981 878 5037 haud
909 4983 1125 5038 neseiis
1155 4983 1504 5038 adversariis
1533 4981 1775 5050 nostris,
1800 4981 1898 5054 qui

233 5072 311 5127 ad
363 5074 713 5142 pratensam
763 5071 1031 5144 Cypriani
1080 5071 1474 5144 ignorantiam
1523 5071 1896 5142 firmandam,

242 5161 477 5216 nullum
511 5161 788 5216 hactenus
819 5161 1071 5232 alicujus
1101 5160 1467 5232 antiquitatis
1495 5158 1899 5216 testimonium

242 5250 454 5305 aﬁ‘erre
503 5254 834 5321 potuerunt.
898 5250 968 5304 Et
1021 5254 1194 5317 certe,
1242 5249 1596 5322 Cyprianum
1653 5249 1902 5321 hujusce

243 5339 694 5394 consuetudinis
725 5339 995 5410 ignarum
1029 5354 1332 5409 nunquam
1361 5338 1754 5409 audissemus,
1785 5336 1901 5392 nisi

240 5430 487 5503 nuperis
519 5429 823 5488 nonnullis
872 5429 1060 5486 atatis
1107 5432 1320 5486 nostra
1369 5429 1752 5502 scriptoribus
1783 5427 1904 5501 pla-

322 5645 436 5722 (11)
470 5645 532 5702 In
559 5645 660 5703 lib.
687 5646 911 5721 Aliquot
937 5647 1148 5719 quast,
1179 5646 1223 5701 t.
1253 5642 1376 5715 VII,
1408 5659 1466 5718 p.
1497 5643 1629 5704 289.

2009 4624 2419 4699 Agrippinum,
2445 4627 2732 4677 servatam
2756 4619 2953 4676 fuisse.
2975 4619 3081 4686 Qui
3099 4619 3254 4675 enim
3277 4620 3667 4694 Agrippinum

2011 4715 2287 4771 censebat
2311 4712 2569 4784 primum
2603 4709 3079 4782 rebaptizationis
3109 4714 3431 4782 parentem,
3468 4726 3666 4766 neces-

2012 4804 2164 4860 sario
2187 4800 2542 4874 agnoscebat
2565 4799 2860 4855 neminem
2886 4799 3293 4872 episcoporum
3313 4805 3449 4868 ante
3468 4798 3669 4872 Agrip-

2011 4893 2217 4965 pinum
2253 4890 2668 4962 rebaptizasse,
2714 4894 2772 4944 et
2819 4893 3247 4960 consequenter
3275 4890 3346 4944 ab
3392 4887 3668 4944 omnibus

2011 4981 2302 5054 episcopis
2327 4983 2618 5034 servatam
2641 4977 2778 5034 olim
2811 4978 3012 5048 fuisse,
3037 4993 3215 5048 quam
3239 4975 3576 5048 Stephanus
3598 4976 3666 5031 Η.

2011 5072 2079 5127 P.
2122 5069 2365 5142 urgebat
2394 5068 2900 5124 consuetudinem.
2935 5066 3109 5121 Porro
3141 5066 3200 5121 S.
3224 5063 3571 5135 Cyprianus,
3603 5066 3670 5119 ut

2013 5176 2194 5231 supra
2225 5157 2621 5230 probavimus,
2674 5155 3058 5228 Agrippinum
3110 5155 3378 5210 censebat
3408 5153 3666 5225 primum

2013 5245 2488 5319 rebaptizationis
2517 5250 2818 5318 parentem
2832 5285 2844 5302 .

2088 5339 2155 5392 Et
2181 5352 2315 5391 vero
2343 5339 2592 5390 veterem
2644 5334 2793 5390 hanc
2843 5332 3187 5388 universalis
3233 5329 3500 5388 Ecclesia
3531 5346 3666 5388 con-

2015 5424 2390 5484 suetudinem
2421 5423 2710 5497 Cypriano
2740 5427 2938 5479 notam
2971 5421 3154 5479 fuisse
3182 5424 3433 5477 testatur
3451 5421 3669 5494 sapius
