4112 6174
551 321 700 380 1411

1611 321 1713 382 DE
1759 317 2351 384 HIEBETICORUM
2396 313 2897 382 BAPTISMA'I‘E

3683 338 3796 404 1112

541 452 904 524 Augustinus
933 469 945 508 :
975 474 1003 503 «
1026 451 1465 524 Verumtamen,
1492 455 1683 527 inquit
1706 455 1806 510 lib.
1839 472 1902 510 ιιι
1924 455 1989 510 de
2022 460 2189 527 Bapt.
2223 457 2275 521 Α
2307 454 2817 512 consuetudinem.
2873 459 3051 510 Porro
3097 455 3358 528 Cypriane
3395 461 3700 531 objiciebatur
3722 488 3804 529 non

544 556 672 614 cap.
700 541 755 610 5,
785 557 911 614 qua
940 539 1150 597 soleret
1180 558 1312 598 esse
1343 542 1608 600 Ecclesia
1657 545 2020 600 consuetudo
2053 543 2199 600 satis

542 629 698 685 idem
732 631 1056 702 Cyprianus
1080 632 1354 701 ostendit,
1389 633 1490 704 qui
1526 633 1607 688 ait
1636 632 1695 688 in
1742 634 2094 706 prateritum
2127 633 2200 688 de

547 719 750 774 haeresi
765 720 838 775 ad
859 719 1172 775 Ecclesium
1196 721 1494 777 venientes
1522 722 1647 778 sine
1666 722 1959 794 baptismo
1977 721 2198 778 admis-

545 823 667 863 sos.
715 830 742 857 »
769 808 837 863 Et
857 807 964 863 lib.
994 825 1046 874 v,
1072 825 1197 880 cap.
1231 809 1296 864 17
1321 826 1334 864 :
1368 831 1395 860 «
1417 811 1697 884 Cypriano
1717 811 1905 868 visum
1929 816 2019 867 est
2033 810 2200 866 aliter

543 896 952 969 suscipiendos
984 898 1055 953 ab
1096 896 1384 955 haereticis
1431 902 1750 967 venientes,
1806 916 1983 971 quam
2015 900 2105 955 vel
2135 899 2196 954 in

541 987 899 1058 prateritum
934 986 1411 1059 suscipiebantur
1456 988 1608 1045 sicut
1654 989 1779 1061 ipse
1808 993 2074 1058 testatur,
2108 987 2196 1044 vel

539 1090 695 1129 nunc
725 1074 1149 1146 suscipiuntur.
1187 1097 1214 1125 »
1246 1079 1312 1130 Et
1334 1093 1460 1149 cap.
1491 1078 1594 1132 19:
1627 1100 1656 1128 «
1689 1079 1758 1133 Et
1793 1078 1920 1134 ideo
1953 1077 2001 1133 si
2031 1081 2196 1132 vetus

531 1163 653 1218 hac
703 1167 828 1218 erat
884 1166 1266 1232 consuetudo,
1323 1170 1387 1220 ut
1434 1166 1507 1222 ab
1566 1165 1854 1222 haereticis
1900 1165 2196 1223 venientes

532 1251 592 1307 in
630 1253 834 1308 eodem
865 1252 1082 1308 Christi
1127 1253 1422 1325 baptismo
1451 1271 1623 1326 quem
1667 1255 1808 1311 foris
1855 1259 2198 1327 acceperant

540 1341 999 1413 susciperentur,
1023 1342 1175 1413 quod
1201 1359 1306 1398 nec
1330 1343 1442 1414 ipsi
1474 1345 1573 1415 qui
1605 1349 1806 1400 contra
1829 1345 2196 1401 disserebant

538 1429 886 1502 (Cyprianus
921 1433 975 1485 et
1005 1430 1126 1503 alii)
1158 1447 1368 1504 negare
1391 1436 1723 1504 potuerunt.
1762 1458 1782 1484 ιι
1819 1434 1888 1490 Et
1919 1435 1974 1488 in
2009 1434 2192 1506 Epist.

538 1518 630 1589 93,
662 1518 733 1574 ad
769 1521 1108 1576 Vincentium
1137 1521 1497 1592 Rogatistam,
1543 1539 1671 1594 cap.
1731 1523 1834 1578 1οε
1873 1546 1893 1572 α
1946 1522 2005 1578 Si
2037 1522 2192 1579 enim

536 1608 916 1664 Sacramenta
936 1625 1069 1664 cum
1093 1611 1495 1680 peccatoribus
1517 1612 2026 1680 communicando,
2043 1613 2195 1668 sicut

530 1696 774 1769 putatis,
809 1696 981 1769 periit
1029 1697 1305 1768 Ecclesia,
1357 1715 1484 1770 qua
1517 1700 1707 1755 fuerat
1752 1699 1812 1756 in
1840 1701 1979 1756 orbe
2007 1705 2191 1757 terra-

529 1801 662 1841 rum
681 1787 808 1858 jam
844 1785 1008 1858 prius
1051 1790 1174 1842 tota
1221 1787 1491 1860 perierat,
1524 1805 1680 1856 cum,
1729 1789 1885 1845 sicut
1912 1789 2054 1845 dicit
2082 1789 2188 1863 Cy-

530 1875 792 1946 prianus,
811 1875 870 1930 in
896 1891 1024 1931 eam
1047 1875 1173 1932 sine
1190 1877 1482 1949 baptismo
1507 1878 1989 1948 admittebantur,
2013 1895 2080 1935 ac
2103 1881 2188 1936 sic

529 1980 635 2019 nec
665 1963 791 2037 ipse
813 1965 1136 2037 Cyprianus
1153 1965 1406 2022 habebat
1427 1967 1486 2023 in
1514 1983 1630 2040 qua
1651 1967 1904 2024 Ecclesia
1925 1983 2183 2026 nascere-

528 2057 648 2109 tur.
691 2075 720 2103 »

600 2142 902 2213 Praeterea,
937 2145 1003 2197 ut
1034 2159 1215 2215 supra
1243 2143 1519 2214 vidimus,
1552 2145 1872 2218 Cyprianus
1905 2162 2184 2218 agnosce-

527 2231 642 2299 bat,
673 2235 730 2287 et
760 2231 1150 2288 conﬁtebatur
1178 2249 1306 2304 qua
1337 2233 1449 2306 ipsi
1481 2235 1884 2306 opponebatur
1911 2235 2182 2292 Ecclesia

2306 547 2534 599 tantum
2568 561 2694 614 quae
2730 550 2866 599 tunc
2899 546 3177 615 temporis
3204 546 3423 618 vigebat,
3449 551 3532 605 sed
3556 554 3693 611 etiam
3711 574 3810 630 pm.

2306 631 2499 700 terita,
2533 636 2592 688 et
2619 632 2864 704 antiqua
2891 633 3156 689 Ecclesia
3199 639 3532 707 consuetudo,
3555 647 3608 697 ut
3630 649 3810 714 patetex

2304 719 2564 776 textibus
2597 719 2810 789 allatis,
2862 737 2929 777 ac
2976 738 3042 776 ex
3092 721 3164 777 iis
3209 722 3446 794 Cypriani
3476 728 3631 786 verbis
3667 734 3721 788 ad
3743 739 3810 792 lu-

2305 808 2502 864 baian.
2535 809 2845 865 scribentis
2870 826 2882 864 :
2911 832 2938 861 «
2963 812 3072 865 Sed
3097 811 3234 866 dicit
3259 811 3444 884 aliquis
3463 831 3475 869 :
3494 817 3614 881 Quid
3632 835 3734 893 ergo
3746 824 3812 879 ﬁet

2304 898 2374 953 de
2404 897 2478 953 iis
2509 898 2608 970 qui
2641 898 2696 952 in
2723 899 3080 970 prateritum
3106 900 3176 954 de
3205 899 3391 957 haeresi
3418 904 3481 958 ad
3502 905 3813 966 Ecclesiamve-

2306 986 2532 1042 cientes
2563 987 2688 1043 sine
2713 988 3008 1060 baptismo
3039 988 3275 1044 admissi
3296 991 3464 1046 sunt?
3489 1013 3516 1042 ι)
3539 1025 3596 1034 -
3624 1013 3643 1042 ι
3666 999 3815 1055 potem

2304 1080 2394 1131 est
2420 1074 2703 1132 Dominus
2751 1075 3154 1133 misericordia
3183 1093 3286 1133 sua
3326 1079 3681 1152 indulgentiam
3704 1085 3816 1154 dare,

2303 1169 2361 1220 et
2387 1179 2487 1220 eos
2518 1163 2618 1236 qui
2650 1165 2722 1220 ad
2750 1164 3065 1221 Ecclesiam
3089 1166 3418 1238 simpliciter
3441 1169 3645 1226 admissi
3668 1179 3817 1230 suntet

2304 1254 2363 1308 in
2394 1252 2648 1311 Ecclesia
2668 1254 3054 1323 dormierunt,
3079 1255 3150 1311 ab
3172 1254 3421 1312 Ecclesia
3445 1273 3546 1312 sua
3565 1261 3818 1317 muneribus

2305 1359 2421 1398 non
2447 1359 2737 1414 separare.
2773 1343 2897 1399 Non
2942 1348 3142 1400 tamen
3174 1344 3308 1416 quia
3346 1344 3620 1418 aliquando
3641 1354 3822 1406 erratum

2303 1435 2415 1498 est,
2446 1430 2575 1486 ideo
2603 1447 2836 1504 semper
2865 1433 3184 1489 errandum
3214 1441 3320 1490 est.
3358 1455 3386 1484 ιν

2373 1521 2454 1576 Ex
2503 1521 2720 1592 quibus
2768 1522 3041 1579 omnibus
3087 1527 3314 1578 constat
3355 1522 3411 1580 S.
3454 1524 3739 1596 Cyprianum
3757 1543 3820 1598 ap-

2301 1608 2488 1680 prime
2543 1609 2773 1667 novisse
2820 1612 3301 1668 consuetudinem
3350 1612 3616 1669 hareticos
3651 1630 3736 1669 non
3764 1632 3819 1670 re-

2301 1698 2634 1770 baptizandi
2691 1705 2818 1756 tum
2869 1700 3014 1771 suis,
3065 1706 3194 1756 tum
3242 1701 3524 1774 prateritis
3561 1703 3822 1775 temporibus

2301 1787 2482 1844 fuisse
2512 1788 2996 1844 consuetudinem
3029 1789 3316 1858 Ecclesia,
3346 1790 3493 1846 haud
3535 1789 3765 1863 ignorasse
3782 1792 3820 1847 S.

2297 1881 2606 1934 Doctorem
2637 1895 2672 1932 a
2715 1877 3006 1950 Stephano
3061 1878 3234 1935 Rom.
3289 1878 3541 1951 pontiﬁce
3579 1884 3627 1934 et
3664 1878 3822 1952 alonge

2296 1967 2503 2038 majori
2535 1968 2946 2040 episcoporum
2977 1973 3140 2040 parte
3193 1974 3329 2025 tunc
3358 1969 3605 2039 temporis
3627 1985 3722 2025 eam
3745 1986 3823 2024 ser-

2294 2057 2435 2122 vari,
2470 2073 2536 2112 ac
2565 2055 2912 2127 antiquitus,
2937 2057 2991 2112 id
3026 2063 3116 2114 est
3137 2063 3272 2114 ante
3299 2058 3645 2131 Aprippinum
3662 2058 3716 2113 ab
3745 2073 3825 2112 om-

2296 2146 2475 2203 nibus
2502 2145 2796 2219 episcopis
2829 2151 3118 2203 servatam
3150 2146 3349 2204 fuisse.

1223 2589 1683 2714 BINj-E
1795 2591 2066 2715 DIS
2086 2591 3036 2717 SERTATION
3047 2592 3246 2716 ES

1725 2799 1889 2896 DE
1968 2800 2737 2897 FIRMILIANO

900 2980 1129 3037 Auctore
1154 2981 1215 3038 Γ.
1246 2979 1582 3038 Marcellino
1611 2980 2080 3110 Molkenbuhrluc)‘
2114 2981 2175 3039 0.
2289 2983 2682 3110 ﬁgrictioris
2710 2981 3091 3052 observantia,
3119 2981 3219 3040 SS.
3256 2980 3544 3053 Theologia

2001 3069 2030 3110 e
2082 3070 2176 3110 ore
2222 3070 2283 3110 m
2323 3071 2341 3109 ι
2425 3070 2475 3110 ο.

2001 3069 2176 3110 more
2213 3069 2475 3126 ⁸τιιοιιαιο.

1148 3319 1525 3377 ΡΒᾹΞΡΑΤΙΟ
1536 3365 1549 3378 .

595 3408 800 3466 1857
877 3409 1213 3481 Postquam,
1289 3427 1442 3466 anno
1522 3411 1678 3480 1788,
1749 3412 1820 3467 de
1877 3409 2250 3499 Cathedrisc

521 3496 677 3554 Petri
707 3497 970 3554 Romana
1009 3502 1066 3553 et
1119 3499 1490 3568 Antiochena,
1542 3516 1608 3555 ac
1657 3499 1864 3572 primis
1905 3501 1968 3557 S.
2025 3499 2178 3556 Petri

523 3586 964 3644 successoribus
1015 3586 1184 3644 binas
1229 3587 1660 3660 publicaveram
1713 3589 2174 3661 dissertationes,

521 3692 636 3731 non
697 3676 913 3732 cessavi
972 3681 1232 3732 veterum
1294 3677 1394 3734 SS.
1456 3678 1694 3734 Patrum
1756 3682 1814 3734 et
1868 3678 2173 3734 historico-

522 3780 651 3821 rum
688 3781 863 3837 opera
911 3765 1070 3821 horis
1121 3766 1434 3839 intercisis,
1487 3784 1632 3839 quas
1674 3767 1905 3840 negotia
1937 3767 2176 3840 permit-

522 3855 725 3910 tebant
781 3853 994 3910 liberas
1050 3853 1392 3927 diligentius
1449 3856 1793 3929 persolvere,
1853 3874 1919 3912 ac
1981 3857 2176 3913 critice

524 3945 582 3999 et
641 3943 920 3999 attentius
965 3945 1288 4016 expendere
1335 3949 1392 4001 et
1449 3945 1694 4002 ulterius
1751 3945 2048 4018 inquirere
2100 3963 2174 4002 an

521 4031 720 4087 forsan
771 4047 875 4104 ego
933 4032 1061 4105 ipse
1109 4037 1310 4090 contra
1365 4038 1648 4090 assertum
1709 4051 1900 4091 meam
1949 4034 2172 4106 opinio-

519 4137 687 4177 nem:
750 4143 778 4170 «
834 4123 989 4193 quod
1059 4121 1268 4179 Petrus
1340 4140 1644 4195 nunquam
1699 4124 1916 4180 sederit
1971 4125 2172 4180 Antio-

519 4209 668 4266 chia
693 4211 790 4282 (2),
825 4231 854 4259 »
906 4209 1127 4282 aliquid
1177 4209 1350 4267 solidi
1397 4212 1662 4284 detegere
1701 4213 2014 4284 potuerim,
2066 4230 2172 4285 pa-

519 4302 707 4370 ratus,
739 4299 787 4354 si
846 4299 1215 4369 erravissem,
1274 4301 1502 4372 primus
1552 4301 1784 4374 publice
1842 4319 2030 4358 meam
2078 4318 2174 4359 re-

517 4404 724 4444 vocare
755 4388 1132 4446 sententiam.

589 4479 662 4533 At
707 4482 937 4534 tantum
991 4477 1156 4535 abest
1203 4482 1269 4534 ut
1319 4478 1641 4552 quidquam
1689 4480 1846 4552 quod
1895 4480 2042 4537 meis
2074 4497 2170 4536 as-

521 4565 876 4622 sertionibus
906 4567 1215 4625 adversum
1259 4573 1434 4640 esset,
1466 4585 1650 4640 usque
1679 4568 1792 4625 huc
1832 4569 2168 4642 detexerim,

589 4707 872 4784 (1)_l_3inas
922 4709 1368 4784 Dissertationes
1417 4711 1754 4784 Monasterii
1801 4712 2168 4784 Westphalo-

515 4777 654 4837 rum
674 4777 812 4834 1790
833 4782 890 4837 in
914 4783 972 4836 4ο
991 4783 1174 4839 edidit
1191 4783 1278 4838 vir
1299 4783 1666 4840 clarissimus
1691 4784 1754 4840 F.
1795 4777 2168 4841 Marcellinus

514 4851 902 4908 Molkenbuhr
931 4855 1153 4910 ordinis
1183 4856 1236 4910 S.
1295 4855 1583 4911 Francisci
1629 4854 1937 4912 strictioris
1969 4857 2167 4912 obser-

514 4923 720 4999 vantia
751 4925 856 4999 SS.
883 4925 1238 4999 ATheologia
1287 4927 1466 4982 lector
1503 4926 1814 4999 jubilatus,
1861 4929 2166 4999 provincia

512 4995 775 5070 Saxonia
788 4998 849 5052 S.
873 4996 1073 5052 Crucis
1092 4995 1362 5052 minister
1379 4995 1682 5068 actu’alis,q
1695 4995 1898 5070 uarum
1915 5016 2167 5070 sequens

511 5067 768 5122 titulus:
825 5070 983 5126 Bina?
1030 5071 1480 5129 Dissertationes;
1530 5073 1575 5135 Ι,
1624 5067 1698 5125 De
1746 5069 1800 5125 S.
1846 5067 2169 5127 Firmiliani

516 5140 876 5212 Caesariensis
931 5143 986 5194 in
1040 5139 1379 5211 Cappadocia
1423 5143 1659 5212 episcopi
1699 5143 1940 5212 Epistola
1981 5145 2054 5197 ad
2106 5142 2162 5200 S.

513 5209 875 5286 Stephanum,
909 5209 1162 5286 aliisque
1183 5213 1299 5286 ejus
1347 5209 1638 5286 operibus;
1668 5209 1752 5286 Πζ
1787 5214 1862 5286 De
1889 5230 2032 5268 anno
2061 5229 2165 5286 quo

512 5289 767 5338 mortuus
790 5283 962 5353 fuerit
991 5283 1374 5350 Firmitz’anus,
1405 5300 1499 5338 seu
1541 5285 1758 5339 Paulus
1786 5283 2166 5342 Samosatehus

510 5355 573 5408 in
601 5353 804 5422 synodo
835 5353 1173 5409 Antiochena
1199 5357 1374 5425 fuerit
1394 5356 1809 5411 conv'lemnatus.

584 5425 777 5498 Titulo
809 5425 1113 5494 subjunxit
1141 5427 1200 5480 in
1232 5428 1443 5498 pagina
1471 5427 1674 5494 altera,
1731 5444 1800 5483 ex
1829 5427 2073 5498 epistola
2095 5429 2165 5483 92

512 5498 589 5551 ad
626 5497 862 5551 Vincam.
898 5498 1124 5566 Rogat.,
1154 5497 1273 5554 hac
1304 5497 1367 5554 S.
1406 5499 1718 5566 Augustini
1752 5497 1948 5556 verba.

585 5590 613 5617 ‹‹
639 5569 1006 5644 Quamquam
1030 5587 1141 5625 non
1165 5571 1361 5644 desint
1380 5571 1480 5642 qui
1506 5569 1615 5644 hoc
1636 5572 1987 5644 Cyprianum
2006 5585 2166 5644 pror-

511 5653 616 5696 sus
646 5655 761 5696 non
792 5641 1048 5698 sensisse
1077 5641 1452 5718 contendant,
1485 5642 1589 5705 sed
1628 5641 1739 5702 sub
1767 5643 1896 5719 ejus
1926 5641 2164 5704 nomine

2285 3325 2354 3377 ut
2401 3321 2595 3394 potius
2650 3321 2709 3376 in
2763 3320 2911 3376 meis
2967 3320 3269 3392 prioribus
3327 3316 3679 3393 opinionibus,
3714 3310 3829 3367 etiam

2288 3408 2407 3466 illis
2461 3410 2615 3465 circa
2689 3409 2966 3481 Cepbam,
3033 3408 3188 3465 circa
3238 3407 3466 3481 jejunia
3523 3409 3576 3462 et
3621 3399 3831 3458 abstinen-

2285 3499 2398 3554 tias
2430 3499 2487 3554 in
2527 3499 2654 3554 dies
2701 3514 2932 3571 semper
2978 3497 3171 3570 magis
3223 3503 3284 3554 et
3327 3496 3509 3568 magis
3552 3491 3832 3550 conﬁrmatus

2284 3587 2534 3656 fuerim;
2568 3588 2686 3643 imo
2716 3604 2851 3643 cum
2885 3587 3064 3642 libros
3112 3587 3476 3659 antiquiores
3519 3580 3720 3639 ulterius
3748 3589 3832 3648 per-

2282 3675 2580 3743 volverim,
2614 3693 2770 3732 nunc
2801 3680 3006 3748 prater
3033 3675 3378 3753 opinionem
3409 3689 3583 3730 meam
3609 3675 3656 3726 et
3677 3678 3836 3736 exspee

2282 3765 2584 3829 tationem.
2617 3781 2682 3822 eo
2713 3764 2915 3821 deveni
2949 3769 3012 3820 ut
3042 3765 3254 3823 1358
3282 3762 3556 3821 nonnulla
3595 3771 3732 3832 opera
3751 3764 3834 3824 quo

2283 3854 2544 3927 antiquis
2573 3854 2909 3912 auctoribus
2939 3855 3341 3925 ascribuntur,
3383 3871 3448 3910 ex
3487 3849 3712 3925 pluribus
3733 3841 3834 3927 indi:

2283 3943 2390 4000 ciis
2421 3923 2786 4016 cognoverim
2847 3959 2976 3999 esse
3031 3945 3357 4016 respective
3412 3935 3747 4014 supposititia,
3775 3923 3834 3980 vel

2285 4032 2514 4102 mutila,
2545 4031 2633 4088 vel
2665 4031 3030 4105 interpolata,
3079 4037 3139 4088 et
3184 4033 3427 4104 quidem
3473 4029 3601 4084 talia
3626 4031 3836 4114 operae!

2284 4122 2501 4194 quibus
2531 4122 2888 4194 gravissima
2932 4125 2989 4177 et
3028 4121 3490 4178 intricatissima
3533 4118 3834 4172 controversia

2283 4210 2447 4266 fuere
2491 4216 2672 4267 enata
2720 4227 2833 4266 non
2883 4210 3084 4266 minus
3129 4211 3192 4266 in
3247 4208 3538 4280 theologia
3579 4199 3836 4274 dogmati“.

2283 4317 2460 4373 quam
2509 4299 2751 4355 historia
2808 4302 2866 4355 et
2923 4299 3308 4373 chronologia
3364 4293 3730 4355 ecclesiastica,
3771 4295 3839 4338 nec

2281 4406 2398 4445 non
2444 4389 2768 4462 patrologia
2814 4388 3118 4461 signanter
3166 4393 3426 4461 quatuor
3472 4385 3747 4460 primorum
3777 4387 3845 4427 se.

2280 4478 2566 4535 culorum.
2597 4477 2722 4534 Non
2753 4495 2995 4550 possum
3045 4494 3162 4534 non
3196 4495 3366 4535 meas
3414 4477 3471 4533 in
3500 4490 3558 4531 re
3599 4476 3699 4527 tam
3718 4462 3839 4521 ardui

2280 4567 2662 4641 cogitationes
2693 4565 2910 4639 publici
2931 4566 3088 4638 juris
3119 4566 3335 4624 facere.

2349 4729 2384 4767 a
2415 4710 2936 4784 prasumptoribus
2961 4713 3131 4782 atque
3149 4709 3530 4768 mendacibus
3551 4703 3706 4762 fuisse
3719 4691 3837 4754 conli-

2448 4804 2523 4836 .))

2448 4824 2460 4836 ο
2495 4804 2523 4832 ›)

2278 4789 2571 4925 οῃὲιὲορυε
2602 4851 2914 4908 clarissimi
2944 4852 3204 4925 auctoris
3231 4857 3326 4925 est
3357 4850 3626 4925 inprima
3640 4841 3836 4925 dissere;

2278 4905 2456 5007 9931.;
2463 4905 2626 5007 356a
2638 4905 2650 4907 ⁷
2663 4905 2913 5007 ista;
2927 4905 3254 4980 Christiani
3265 4905 3460 5007 :Lu‘pi‘
3501 4926 3578 5007 et.
3595 4905 3839 5007 anginam}

2277 4986 2524 5053 Missorii
2557 5001 2824 5061 conatus,
2865 4997 3057 5068 denuo
3087 4986 3736 5068 verosimileredderels.

2277 5049 2521 5125 suae
2552 5049 2850 5138 regem}.
2872 5049 2971 5123 ήᾱᾶ
2992 5049 3754 5138 “Cyprianumprobamus
3785 5049 3841 5138 est

2275 5158 2435 5214 error
2489 5125 2836 5214 typographi
2895 5125 3324 5214 Ep_isto'l}1m_t_1d
3373 5125 3699 5214 Stephanum,
3745 5125 3841 5214 hin}

2275 5213 2430 5292 enim
2464 5206 2588 5266 tota
2617 5206 2945 5292 antiquitas.
2969 5210 3221 5292 ignorat)
3256 5206 3840 5292 haudgenuinamessf;

2275 5263 2442 5339 sed“;
2472 5263 2930 5338 assistam
2961 5263 3540 5353 e‘i’agmsapoaam
3562 5263 3841 5332 saculoml

2274 5355 2513 5430 quidem
2543 5358 2675 5430 post
2701 5353 3015 5430 Augustini
3048 5352 3340 5424 tempora.
3375 5352 3632 5430 Lusisse.

2344 5428 2419 5498 (2)
2453 5417 2704 5481 Omnino
2753 5417 2931 5498 pe'nes
2961 5424 3121 5498 hunc
3171 5417 3478 5498 auctorem
3532 5419 3603 5474 sit
3637 5430 3700 5498 ea
3721 5417 3837 5498 qusi}?

2272 5489 2577 5569 profitetur
2597 5498 2668 5550 de
2691 5498 2728 5552 S
2742 5489 2928 5552 fPetri
2949 5495 3357 5552 Anthiocbeno
3375 5491 3688 5566 episcopatu
3705 5489 3838 5608 opimo

2272 5569 2363 5608 nni
2397 5569 2726 5608 adluxit-andi
2761 5585 2864 5608 nam
2909 5568 3134 5608 apiaria
3179 5566 3568 5608 nnrinlnrihnl
3593 5558 3838 5608 cathOlClEi

2272 5558 2365 5625 cui
2396 5569 2730 5624 adharendi
2761 5585 2864 5624 nec
2909 5568 3134 5624 caeteris
3179 5558 3838 5639 scriptoribus'catholiw,

2270 5658 2377 5698 nec
2407 5639 2596 5711 nobis,
2627 5641 2864 5698 animus
2893 5645 3006 5700 est.
3047 5639 3183 5697 Enn.
