4112 6174
253 307 408 379 1413

1188 317 1392 380 PARS
1438 317 1518 380 II.
1551 347 1630 365 -
1659 317 2224 380 RECENTIORUM
2269 317 2712 382 EXCURSUS.

3499 324 3658 385 14η

324 450 561 506 Initium
624 447 770 504 facio
828 447 901 504 ab
932 448 1192 521 Epistola
1235 450 1573 523 Firmiliano
1630 451 1902 522 ascripta,
1935 456 1984 519 Α
2017 454 2206 507 tribus
2272 452 2595 508 traditam:
2655 452 2828 507 binos
2885 455 3114 508 tantum
3172 453 3464 511 adduxere
3521 474 3661 527 pro-

254 557 378 614 qua
410 555 478 595 ex
523 537 812 595 universis
863 555 988 612 qua
1042 545 1272 597 exstant
1301 541 1456 596 inter
1508 540 1906 613 Cyprianicas,

255 633 343 687 est
389 629 656 686 omnium
744 628 1144 686 celeberrima.
1207 629 1476 687 Proximo
1540 634 1801 703 tempore
1851 633 1909 686 et

257 719 549 792 Epistolas
581 718 852 774 S.Basilii
880 718 1274 776 M.canonicas
1307 719 1538 792 aliaque
1561 721 1689 792 ejus
1710 737 1907 793 opera,

261 808 508 866 concilia
538 809 984 878 Eliberitanum,
1011 815 1402 880 Ancyranum,
1422 810 1905 879 Neocasariense,

261 899 619 972 Gangrense,
669 898 1057 954 Laodicenum
1107 899 1244 956 crisi
1281 899 1613 972 subjiciam.
1646 899 1909 971 Denique

262 993 318 1046 et
346 987 654 1045 ostendam
683 988 916 1044 Eusebii
949 988 1321 1046 Casariensis
1360 989 1674 1046 Historiam
1726 989 1908 1045 eccle-

262 1077 558 1135 siasticam
609 1078 671 1132 in
722 1081 939 1149 puncto
987 1079 1463 1151 rebaptizationis
1493 1082 1550 1135 et
1577 1083 1908 1135 controver-

262 1168 360 1224 sia
391 1166 783 1223 celeberrima
817 1167 876 1222 S.
905 1167 1271 1240 Stephanum
1304 1185 1516 1241 papam
1549 1169 1699 1224 inter
1742 1173 1800 1224 et
1848 1168 1906 1225 S.

262 1255 690 1323 Firmilianum,
742 1273 846 1312 nec
891 1273 1006 1312 non
1059 1261 1116 1312 et
1160 1257 1457 1330 paschatis
1486 1257 1814 1315 celebrandi
1846 1257 1906 1313 S.

257 1345 547 1403 Victorem
580 1361 790 1419 papam
821 1345 974 1402 inter
1004 1350 1061 1402 et
1097 1345 1460 1420 Polycratem
1511 1363 1577 1405 ac
1623 1350 1908 1404 Irenaum

263 1451 388 1491 esse
423 1434 858 1508 interpolatam.
891 1434 1080 1508 Hujus
1110 1435 1344 1492 Eusebii
1392 1435 1609 1493 librum
1661 1436 1911 1508 inscrip-

261 1528 428 1581 tum:
463 1525 584 1581 Vita
630 1526 986 1582 Constantini
1038 1526 1132 1594 M.,
1189 1526 1369 1583 fuisse
1401 1527 1762 1596 mutilatum,
1787 1527 1914 1599 jam

265 1614 409 1672 alias
441 1614 803 1672 subindicavi
838 1616 934 1688 (3).
971 1615 1323 1672 Mentionem
1346 1633 1578 1690 quoque
1601 1616 1812 1674 faciam
1843 1617 1914 1672 de

267 1704 606 1761 orthodoxia
660 1705 718 1761 S.
777 1704 1039 1778 Dionysii
1094 1704 1491 1773 Alexandrini,
1543 1711 1600 1763 et
1651 1707 1805 1779 quod
1863 1704 1914 1762 is

2016 541 2171 595 xime
2221 541 2548 607 defunctos,
2607 543 2660 596 S.
2703 541 3046 614 Dionysium
3107 541 3563 599 Alexandrinum
3607 549 3664 601 et

2020 628 2322 701 signanter
2368 629 2793 686 Firmilianum.
2841 631 3077 686 Addunt
3120 633 3274 704 quod
3323 637 3443 688 tota
3489 650 3663 706 syno-

2018 719 2153 785 dus,
2195 723 2509 791 antequam
2547 719 2899 775 sententiam
2957 722 3341 793 pronuntiare
3397 721 3663 793 voluerit,

2019 807 2429 864 Firmilianum
2462 825 2492 864 e
2523 809 2891 881 Cappadocia
2922 810 3325 883 advocaverit;
3360 813 3511 884 quod
3549 813 3668 868 Fir-

2019 895 2298 953 milianus
2348 899 2419 954 ad
2471 899 2755 972 synodum
2807 898 3002 955 venire
3031 899 3299 969 voluerit,
3331 905 3406 970 et,
3441 901 3580 957 dum
3615 903 3667 958 is

1989 986 2077 1041 _in
2109 985 2314 1042 itinere
2343 987 2553 1057 fuerat,
2601 991 2724 1044 tota
2767 988 3027 1062 synodus
3065 990 3193 1060 ejus
3223 991 3535 1047 adventum
3567 1007 3664 1047 ex-

2019 1076 2361 1148 spectaverit
2387 1095 2401 1146 ;
2433 1093 2620 1149 neque
2651 1076 2771 1133 hac
2795 1077 3127 1134 ultimatam
3159 1080 3511 1136 sententiam
3537 1097 3670 1153 pro-

2018 1165 2166 1222 ferre
2194 1166 2460 1234 voluerit,
2493 1166 2603 1228 nisi
2627 1171 2938 1239 postquam
2970 1172 3317 1241 praesentem
3350 1169 3670 1227 audivisset

2023 1254 2425 1311 Firmilianum
2453 1273 2465 1324 ;
2500 1260 2579 1326 at,
2607 1256 2746 1311 dum
2776 1256 3149 1313 Firmilianus
3181 1257 3348 1314 Tarsi
3379 1257 3436 1314 in
3468 1258 3668 1316 Cilicia

2018 1343 2256 1401 interim
2286 1344 2676 1415 obierat,tunc
2708 1346 3067 1419 pralaudata
3088 1351 3349 1421 synodus
3369 1349 3668 1405 decretum

2020 1434 2222 1507 edidit,
2280 1434 2336 1490 vi
2395 1436 2564 1507 cujus
2612 1434 2828 1492 Paulus
2859 1437 3277 1493 Samosatenus
3309 1437 3380 1492 ab
3416 1437 3672 1495 Ecclesia

2024 1523 2308 1580 catholica
2337 1542 2461 1596 qua
2494 1525 2604 1581 sub
2635 1520 2775 1581 coelo
2808 1531 2896 1582 est
2918 1526 3188 1582 universa
3209 1532 3516 1600 separatus
3538 1527 3667 1584 fuit.

2023 1613 2418 1670 Nihilominus
2465 1615 2723 1687 pradicti
2768 1615 2965 1672 Patres
2994 1616 3338 1672 Antiocheni
3369 1617 3426 1671 in
3460 1634 3568 1672 sua
3596 1618 3670 1676 ad

2024 1705 2241 1776 Papam
2289 1704 2545 1778 Epistula
2594 1705 2873 1779 synodica
2905 1704 3237 1779 specialiter
3265 1706 3490 1762 addunt
3516 1705 3668 1777 quod

271 1810 596 1866 numquam
628 1793 832 1850 faverit
891 1794 1427 1867 rebaptizantibus;
1459 1795 1702 1868 insuper
1757 1795 1913 1868 quod
1947 1835 1996 1902 B
2026 1792 2456 1864 Firmilianum,
2488 1795 2627 1850 dum
2672 1794 2907 1864 viveret,
2940 1795 3252 1851 habuerint
3283 1795 3395 1851 sibi
3427 1810 3674 1851 consen-

270 1883 380 1939 hac
431 1883 489 1939 in
541 1899 718 1938 causa
764 1882 1075 1956 Catalogus
1108 1883 1166 1939 S.
1201 1883 1534 1958 Hieronymi
1565 1885 1636 1941 de
1665 1883 1802 1939 viris
1842 1883 1918 1939 il—
1949 1882 1996 1902 "
2029 1884 2292 1953 tientem,
2347 1885 2694 1941 referentes:
2725 1908 2753 1936 «
2806 1883 3202 1953 Firmilianus,
3252 1885 3389 1940 dum
3440 1883 3674 1957 viveret,

271 1971 559 2028 lustribus
604 1971 778 2027 fuerit
819 1971 972 2028 male
1003 1978 1336 2045 corruptus.
1372 1978 1446 2030 De
1478 1973 1741 2030 conciliis
1772 1975 1919 2046 Syn-

273 2061 516 2116 nadensi
589 2064 647 2116 et
723 2059 1032 2129 Iconiensi,
1109 2062 1160 2118 si
1236 2063 1467 2132 negotia
1523 2062 1916 2134 permiserint,

273 2167 379 2206 suo
438 2153 698 2222 tempore
745 2166 859 2221 quo
905 2154 964 2206 et
1009 2149 1288 2223 epistolas
1318 2152 1372 2206 S.
1405 2151 1673 2224 Cypriani
1703 2150 1920 2207 exami-

272 2240 447 2309 nabo,
493 2243 916 2309 consequenter
972 2244 1028 2296 et
1085 2240 1330 2295 concilia
1388 2240 1663 2296 Africana
1701 2257 1828 2309 qua
1859 2239 1919 2295 in

275 2345 453 2385 causa
481 2327 958 2400 rebaptizationis
1007 2332 1210 2385 contra
1267 2328 1667 2386 deﬁnitionem
1699 2330 1758 2385 S.
1794 2330 1922 2385 Ste-

275 2417 452 2490 phani
501 2433 664 2490 papa
713 2417 1004 2474 celebrata
1053 2417 1235 2474 fuisse
1273 2418 1574 2485 dicuntur,
1608 2419 1922 2491 attingam,

275 2511 332 2562 et
377 2505 632 2578 reliqua:
685 2522 928 2579 campus
979 2506 1379 2580 amplissimus
1427 2508 1689 2581 undique
1735 2506 1923 2581 spinis

276 2595 708 2668 circumseptus
735 2600 791 2651 et
820 2595 1102 2652 consitus.

351 2684 517 2743 Nunc
547 2686 619 2740 de
649 2683 774 2740 sola
803 2685 864 2742 S.
925 2683 1248 2742 Firmiliani
1307 2685 1566 2758 Epistola
1621 2687 1721 2756 (4),
1754 2687 1927 2758 cujus

283 2774 488 2831 I859
520 2774 577 2830 S.
612 2773 801 2830 Patris
857 2773 1112 2846 elogium
1157 2774 1252 2831 hic
1300 2773 1538 2831 omnino
1570 2775 1928 2848 praemitten-

284 2863 426 2919 dum
458 2878 587 2920 esse
616 2878 845 2919 censeo.

359 2953 430 3007 ll.
461 2952 626 3008 Circa
675 2952 931 3008 medium
983 2951 1178 3009 saculi
1237 2969 1322 3022 ιιι,
1383 2953 1498 3008 duo
1547 2951 1821 3026 pracipui
1869 2953 1932 3009 in

286 3041 532 3097 ecclesia
581 3041 779 3098 Graca
821 3041 1314 3114 resplenduerunt
1359 3042 1652 3115 Episcopi,
1702 3043 1761 3099 S.
1795 3042 1932 3098 Dio-

2027 1973 2120 2029 bis
2149 1973 2307 2029 venit
2337 1974 2727 2046 Antiochiam,
2751 1978 2807 2030 et
2836 1974 3144 2046 peregrina
3173 1973 3331 2029 illius
3363 1973 3549 2042 (Pauli
3572 1973 3676 2030 Sa-

2031 2062 2341 2132 mosateni)
2388 2063 2667 2136 dogmata
2713 2063 3143 2131 condemnavit,
3187 2061 3341 2119 sicut
3371 2063 3592 2119 scimus
3621 2065 3678 2119 et

2029 2150 2539 2222 testificamur,qui
2570 2151 2953 2223 adfuimus,et
2982 2151 3082 2208 alii
3113 2151 3282 2207 multi
3311 2157 3616 2207 noverunt.
3642 2174 3672 2203 ››

2102 2240 2539 2296 Reﬂectendum
2589 2242 2743 2312 quod
2793 2239 2979 2296 altum
3029 2245 3260 2297 taceant
3289 2241 3359 2297 de
3388 2240 3555 2298 libris
3585 2241 3672 2297 vel

2031 2328 2296 2402 epistolis
2327 2347 2360 2385 a
2385 2329 2443 2385 S.
2477 2329 2817 2385 Firmiliano
2849 2329 3107 2401 scriptis.
3149 2331 3374 2396 Quanto
3405 2347 3510 2402 pro
3531 2335 3674 2386 tunc

2033 2420 2092 2474 in
2126 2418 2379 2474 Ecclesia
2409 2418 2696 2475 catholica
2728 2418 2838 2473 fuit
2876 2417 3240 2475 auctoritatis
3273 2418 3674 2476 Firmilianusl

2034 2508 2200 2564 Hunc
2247 2507 2654 2564 Firmilianum
2707 2524 2842 2563 cum
2886 2507 3102 2563 Gracia
3133 2508 3349 2563 vocabo
3378 2507 3679 2578 Sanctum,

2033 2600 2162 2652 tum
2193 2601 2259 2651 ut
2289 2613 2356 2652 ea
2407 2595 2800 2667 adscriptione
2847 2595 3174 2652 evidentius
3221 2595 3621 2669 distinguatur
3650 2612 3686 2652 a

2039 2683 2632 2758 pseudo-Firmiliano
2656 2684 2714 2739 in
2738 2685 3117 2757 sequentibus
3130 2684 3345 2757 sapius
3365 2687 3684 2742 obventuro

2038 2778 2166 2829 tum
2199 2773 2340 2845 quia
2385 2790 2499 2829 non
2545 2773 2736 2830 solum
2786 2791 2820 2830 a
2862 2773 3101 2842 Gracis,
3136 2775 3234 2830 sed
3268 2791 3303 2829 a
3342 2773 3586 2842 Latinis,
3620 2777 3687 2830 ut

2039 2861 2411 2918 Tillemontio
2441 2866 2574 2931 etc.,
2609 2865 2848 2918 sanctus
2894 2861 3236 2934 appellatur.
3280 2863 3338 2918 S.
3375 2862 3689 2935 Gregorius

2041 2952 2362 3024 Nyssenus,
2395 2951 2534 3006 dum
2560 2950 2617 3007 S.
2653 2949 2996 3023 Gregorium
3022 2950 3530 3024 Thaumaturgum
3563 2949 3690 3007 elo-

2043 3040 2138 3112 gio
2165 3039 2555 3096 excellentiori
2579 3055 2857 3096 exornare
2877 3038 3078 3108 voluit,
3108 3039 3263 3096 hunc
3285 3041 3477 3113 quoad
3500 3040 3690 3096 virtu-

287 3131 492 3204 nysius
524 3129 955 3188 Alexandrinus
989 3132 1048 3186 in
1078 3131 1342 3203 Egypto,
1374 3137 1431 3187 et
1459 3132 1517 3187 S.
1552 3131 1929 3189 Firmilianus
1980 3202 1992 3204 Α
2043 3133 2130 3187 tes
2162 3130 2371 3185 1360
2430 3127 2808 3201 aquiparavit
2855 3145 2988 3184 cum
3030 3134 3230 3185 nostro
3259 3133 3315 3184 S.
3347 3128 3688 3187 Firmiliano

289 3202 659 3278 Casariensis
679 3220 739 3275 in
770 3202 1284 3293 Cappadocia,iqui
1316 3221 1597 3277 acerrime
1629 3225 1686 3277 et
1706 3222 1932 3294 junctis
1964 3202 2008 3270 C
2046 3218 2184 3275 olim
2219 3217 2660 3274 Casariensium
2693 3216 2960 3274 Ecclesia
2992 3222 3357 3274 ornamento.

288 3309 511 3366 viribus
541 3314 880 3383 pugnarunt
909 3313 1110 3366 contra
1138 3309 1388 3366 haereses
1406 3310 1611 3366 Novati
1641 3311 1936 3385 presbyte-

291 3399 338 3454 ri
369 3399 597 3454 romani
618 3416 650 3454 a
679 3399 737 3454 S.
769 3397 1034 3455 Cornelio
1064 3416 1214 3471 papa
1244 3403 1404 3456 extra
1433 3399 1748 3456 Ecclesiam
1782 3401 1935 3472 ejec-

286 3487 329 3544 ti
361 3492 418 3545 ct
447 3487 610 3544 Pauli
642 3487 1009 3544 Samosateni
1039 3488 1361 3545 Antiochia
1389 3489 1648 3561 episc0pi
1680 3489 1935 3562 (5).San-

279 3577 358 3634 cti
388 3583 445 3633 et
476 3577 673 3651 magni
705 3575 960 3651 Dionysii
993 3577 1366 3634 Alexandrini
1399 3577 1663 3636 encomia
1692 3579 1787 3635 hic
1818 3595 1933 3634 non

282 3668 617 3724 recensebo.

360 3755 739 3812 Firmilianus
781 3755 840 3811 in
881 3755 1136 3813 Ecclesia
1182 3757 1378 3813 Graca
1407 3757 1620 3814 colitur
1656 3761 1936 3829 tanquam

288 3849 535 3902 sanctus
598 3845 696 3918 (6),
767 3861 871 3902 nec
920 3845 1248 3915 immerito;
1300 3863 1436 3903 nam
1471 3846 1727 3902 maxima
1754 3845 1936 3919 pluri-

290 3951 525 3991 morum
575 3934 983 4007 episcoporum
1032 3936 1293 4008 synodus
1342 3935 1702 3992 Antiochena
1758 3953 1821 3991 ιιι
1864 3935 1937 4007 (7)

290 4029 495 4081 contra
525 4023 771 4080 Paulum
796 4025 1246 4082 Samosatenum
1281 4025 1645 4097 temporibus
1675 4023 1937 4081 Aurelia-

290 4115 353 4169 ni
401 4114 770 4186 imperatoris
827 4112 1030 4170 habita
1071 4113 1481 4171 Firmilianum
1546 4114 1647 4170 illo
1678 4119 1940 4186 tempore

287 4202 632 4259 defunctum
691 4202 754 4258 in
811 4201 1022 4259 litteris
1079 4203 1151 4259 ad
1210 4203 1551 4260 Pontiﬁcem
1607 4203 1939 4259 Romanum

286 4296 350 4348 et
377 4291 716 4364 episcopum
774 4290 1233 4349 Alexandrinum
1262 4293 1418 4349 datis
1447 4296 1614 4350 vocat
1640 4295 1823 4349 virum
1879 4292 1942 4348 in

290 4383 530 4438 Domino
561 4383 799 4437 beatum.
854 4382 1096 4454 Insuper
1137 4382 1293 4454 quod
1325 4384 1520 4454 majus
1551 4387 1659 4452 est,
1693 4387 1760 4439 ut
1788 4382 1941 4455 epis-

288 4470 421 4542 copi
444 4469 662 4526 ibidem
689 4486 901 4543 magno
922 4487 1167 4527 numero
1183 4470 1407 4528 collecti
1429 4471 1554 4528 suis
1577 4476 1780 4528 contra
1799 4471 1943 4526 Pau-

2117 3307 2214 3363 ΙΙΙ.
2248 3307 2426 3362 Porro
2455 3322 2590 3364 cum
2623 3306 2913 3362 Eusebius
2962 3305 3195 3362 Gracus
3240 3306 3485 3364 sollicite
3543 3308 3693 3364 refe-

2046 3399 2138 3452 rat
2167 3398 2246 3467 (8)
2275 3400 2330 3451 S.
2383 3394 2788 3451 Firmilianum
2839 3396 2950 3451 sub
2983 3396 3082 3451 SS.
3115 3396 3422 3464 Pontiano,
3454 3399 3691 3467 Antero,

2047 3485 2324 3557 Fabiano,
2355 3483 2640 3556 Cornelio,
2673 3483 2870 3550 Lucio,
2903 3484 3219 3558 Stephano,
3249 3487 3430 3556 Xisto,
3481 3487 3694 3560 Diony-

2047 3575 2157 3643 sio,
2191 3574 2442 3631 summis
2474 3575 2747 3630 Romana
2791 3574 3054 3631 Ecclesia
3089 3575 3469 3632 Pontiﬁcibus
3497 3577 3556 3632 in
3587 3577 3694 3633 Ec-

2048 3664 2225 3722 clesia
2251 3665 2446 3720 Graeca
2477 3664 2746 3720 ﬂoruisse
2774 3664 3002 3720 circiter
3034 3666 3105 3720 ab
3151 3683 3304 3721 anno
3333 3667 3438 3721 230
3470 3667 3540 3721 ad
3590 3683 3698 3722 an-

2049 3771 2193 3809 num
2223 3754 2331 3808 270
2351 3771 2369 3808 :
2396 3752 2802 3810 Firmilianum
2837 3770 2938 3810 ceu
2963 3754 3319 3827 praecipuum
3345 3771 3413 3810 ex
3433 3755 3700 3812 Orienta-

2051 3843 2207 3899 libus
2237 3843 2578 3916 episcopum
2610 3843 2946 3900 interfuisse
2983 3844 3172 3899 tribus
3203 3843 3465 3901 conciliis
3495 3846 3704 3902 Antio-

2051 3933 2274 4002 chenis,
2336 3933 2526 4004 primo
2585 3937 2787 3989 contra
2834 3933 3145 4002 Novatum,
3197 3934 3430 3990 duobus
3461 3934 3704 4006 reliquis

2052 4025 2254 4078 contra
2301 4021 2548 4077 Paulum
2601 4025 3051 4079 Samosatenum
3105 4021 3436 4092 celebratis,
3492 4039 3626 4079 eum
3671 4040 3706 4080 a

2052 4112 2368 4169 subsecuta
2411 4111 2632 4184 synodo
2678 4129 2731 4168 IV
2772 4111 3154 4179 Antiochena,
3187 4128 3314 4184 qua
3357 4117 3450 4168 est
3479 4129 3543 4168 ιιι
3573 4129 3708 4170 con-

2052 4205 2145 4257 tra
2191 4201 2663 4268 Samosatenum,
2705 4200 3103 4257 intensissime
3133 4201 3475 4274 expetitum,
3506 4206 3562 4258 et
3590 4203 3707 4259 avi-

2056 4289 2300 4346 dissime
2331 4293 2731 4362 exspectatum
2766 4291 2967 4362 fuisse,
2997 4294 3054 4346 S.
3089 4290 3495 4347 Firmilianum
3521 4292 3707 4350 fuisse

2057 4397 2241 4435 unum
2273 4394 2343 4434 ex
2371 4379 2604 4435 duobus
2634 4379 2750 4435 illis
2796 4379 3066 4436 Patribus
3095 4379 3410 4450 defunctis,
3440 4381 3510 4436 ad
3562 4399 3708 4455 quo-

2056 4485 2187 4524 rum
2219 4468 2546 4524 doctrinam
2587 4469 2908 4541 respective
2939 4467 3028 4524 vel
3070 4469 3310 4542 scripto,
3343 4470 3430 4526 vel
3463 4487 3560 4527 ore
3590 4478 3708 4528 tra-

287 4560 420 4615 lum
451 4559 900 4617 Samosatenum
931 4560 1179 4617 decretis
1209 4561 1535 4632 graviorem
1567 4560 1946 4617 conciliarent
1975 4577 2024 4643 D
2057 4557 2242 4613 ditam
2294 4561 2590 4628 postrema
2636 4563 2696 4613 et
2742 4557 2998 4613 maxima
3044 4559 3303 4632 synodus
3351 4560 3714 4617 Antiochena

295 4648 730 4717 auctoritatem,
782 4653 1236 4722 provocaverunt
1283 4649 1357 4704 ad
1404 4649 1733 4706 doctrinam
1779 4667 1811 4705 a
1841 4649 1944 4705 Pa-

375 4811 452 4882 (3)
477 4813 584 4864 Sex
610 4808 966 4882 assertiones
998 4808 1068 4863 de
1077 4807 1322 4882 jejuniis
1342 4811 1399 4864 et
1413 4807 1788 4882 abstinentiis
1818 4825 1950 4864 con-

297 4879 393 4938 tra
437 4879 809 4953 ’Theologum
868 4880 1313 4953 Moguntinum:
1356 4881 1762 4948 Paderborna,
1795 4897 1949 4936 anno

299 4954 463 5020 1785,
497 4955 524 5021 §
553 4953 623 5006 39
655 4951 737 5008 vel
769 4951 952 5025 sachs
971 4951 1668 5025 Streitsaize,vermehrte
1688 4953 1947 5025 Auflage.

301 5026 654 5082 Paderborn.
691 5024 847 5089 1786,
878 5025 904 5090 §
932 5024 1020 5077 39.

375 5097 452 5168 (4)
484 5096 678 5168 Sancti
729 5097 967 5168 titulum
1017 5093 1099 5168 ἱιιΔ
1127 5091 1768 5168 hisdissertationibus
1799 5107 1952 5168 sape

299 5165 516 5250 sapius
577 5167 847 5250 episcopo
895 5165 1234 5250 gasariensi
1293 5165 1519 5250 datum,
1578 5165 1628 5220 ei
1661 5165 1954 5250 concessit

301 5237 544 5313 quidem
595 5237 854 5313 Ecclesia
900 5237 1121 5308 Graeca,
1153 5239 1492 5292 constanter
1521 5253 1655 5292 vero
1689 5237 1955 5292 Romana

303 5311 680 5382 abjudicavit.
719 5315 856 5366 Enn.

381 5377 458 5509 (ᾗ)
494 5382 802 5509 Ειέἷθδὶιιε,
836 5383 900 5438 Η.
926 5381 990 5437 Ε.
1022 5379 1063 5436 l.
1091 5396 1169 5451 γι,
1200 5395 1252 5436 a.
1285 5394 1333 5434 ο.
1368 5379 1457 5449 43,
1490 5383 1547 5435 et
1577 5377 1616 5435 l.
1657 5395 1756 5451 VII,
1807 5395 1860 5436 a.
1903 5393 1952 5434 ο.

381 5472 409 5509 a
479 5471 526 5509 c.
628 5496 640 5509 .

310 5457 337 5512 1
377 5457 448 5510 ad
479 5471 526 5509 c.
550 5457 640 5509 30.

387 5526 463 5599 (6)
493 5525 624 5599 Vid.
671 5525 892 5599 Natalis
937 5521 1256 5599 Alexander
1303 5521 1374 5599 ad
1432 5520 1839 5599 saguluman,
1869 5519 1960 5599 vel

308 5592 790 5680 yartyrologium
819 5598 1154 5654 Graecorum
1185 5593 1258 5650 ad
1289 5593 1443 5651 diem
1473 5594 1544 5648 27
1583 5593 1813 5667 Octob.,
1870 5592 1962 5652 vel

313 5669 778 5730 Tillemontium.

2057 4648 2117 4703 in
2168 4646 2399 4718 negotio
2451 4645 2612 4702 Pauli
2663 4647 3027 4704 Samosateni
3091 4653 3524 4721 provocaverit;
3573 4667 3709 4708 eum

2129 4805 2552 4882 (7)__Eus_ebius,_
2579 4806 2680 4882 qui
2710 4824 2880 4882 suam
2912 4807 3227 4864 Historiam
3260 4814 3394 4865 ante
3428 4815 3707 4882 tempora

2059 4877 2291 4935 concilii
2342 4877 2555 4951 Nicani
2596 4877 2871 4951 absolvit,
2908 4885 3073 4936 vocat
3111 4896 3242 4944 eam
3286 4877 3601 4936 maximam
3651 4885 3709 4937 et

2061 4949 2388 5024 innumeris
2433 4951 2723 5024 episcopis
2772 4949 3182 5024 congregatum
3209 4969 3221 5019 ;
3253 4952 3304 5024 si
3337 4953 3546 5007 Basilio
3577 4954 3703 5008 dia-

2062 5039 2207 5078 cono
2231 5023 2880 5095 ConstantinOpolitano
2902 5023 2966 5077 et
2987 5023 3227 5094 reliquis
3250 5023 3520 5079 habenda
3541 5025 3706 5093 ﬁdes,

2062 5093 2379 5149 interfuere
2410 5094 2513 5148 180
2542 5093 2762 5151 Patres.
2792 5095 2860 5148 V.
2896 5093 3162 5150 Labbeus
3189 5096 3512 5160 tom.m,ad
3544 5112 3705 5152 conc.

2063 5165 2404 5238 Eph.,ﬂedit.
2437 5165 2730 5234 Parisina,
2764 5167 3017 5238 deqanno
3047 5167 3203 5234 1671,
3239 5184 3294 5237 p.
3330 5168 3453 5220 425.

2137 5238 2214 5308 (8)
2248 5237 2308 5291 L.
2344 5252 2418 5303 v1,
2451 5241 2508 5290 et
2536 5254 2637 5291 vn.
2670 5266 2739 5277 ——
2759 5236 3170 5293 Tillemontius
3195 5236 3263 5292 ex
3279 5239 3524 5292 Eusebio
3546 5239 3714 5293 docet

2065 5313 2208 5363 tom.
2245 5309 2606 5391 Ivapag.2,nS.
2639 5308 3044 5364 Firmilianum
3076 5313 3335 5391 Graecum
3369 5311 3532 5391 9:231
3563 5310 3712 5382 epis-

2068 5396 2281 5461 copum
2309 5379 2492 5434 fuisse
2522 5379 2789 5462 Caesarea
2819 5396 2947 5450 qua
2979 5384 3104 5461 erat
3125 5380 3464 5452 metropolis
3494 5379 3710 5508 Capps:

2071 5452 2268 5519 docta,
2302 5450 2410 5504 sub
2442 5451 2618 5506 ﬁnem
2650 5467 2787 5506 anni
2817 5451 2924 5506 269
2964 5453 3144 5507 fuisse
3173 5451 3534 5509 defunctum.
3604 5453 3712 5507 libi

2070 5540 2140 5580 ex
2183 5521 2451 5591 Eusebio,
2503 5521 2604 5578 lib.
2635 5539 2735 5592 vn,
2784 5539 2834 5578 c.
2868 5524 2958 5589 30,
2989 5523 3219 5579 videtur
3242 5540 3375 5580 vero
3433 5523 3718 5590 similius,

2117 5595 2227 5650 uod
2263 5593 2636 5723 Firmiliggus
2665 5595 3051 5671 supervixerit
3077 5613 3264 5669 usque
3291 5597 3363 5653 ad
3397 5614 3532 5654 ann.
3589 5595 3724 5661 272,

2117 5683 2145 5721 e
2167 5681 2282 5723 auo
2312 5681 2365 5721 a.
2399 5681 2456 5721 ιι.
2565 5706 2578 5722 .

2115 5683 2145 5721 e
2167 5681 2282 5739 quo
2312 5681 2365 5721 a.
2399 5681 2456 5721 ιι.
2486 5681 2578 5723 νζ.
