4112 6174
457 343 614 412 “[5

1521 340 1621 401 DE
1669 337 2257 403 ILERE’I‘ICORUM
2301 337 2804 404 BAPTISMATE

3711 344 3862 403 1416

454 474 610 528 idem
641 469 957 526 Eusebium
993 471 1255 525 omnium
1283 471 1644 542 Scriptorum
1678 471 2097 526 ecclesiastico-
2131 473 2185 538 Α
2287 473 2612 544 Ρνοροδίιίο.
2649 490 2722 528 IV.
2766 503 2832 514 —
2881 471 2951 530 N.
2983 473 3071 540 88,
3104 471 3194 527 91.
3229 473 3290 528 S.
3326 472 3706 529 Firmilianus
3736 475 3863 529 nul-

454 577 604 629 rum,
641 560 893 615 maxime
927 562 1254 615 Graecorum
1279 577 1454 632 opera
1482 559 1570 615 vel
1593 558 1868 631 epistolas
1889 564 2103 615 utcun-

454 667 567 722 que
594 649 1003 706 memorabiles
1037 654 1306 704 acrurate
1338 648 1713 717 recensuerit,
1747 649 1818 704 de
1839 647 2106 704 S.Firmi-

450 737 629 805 liano,
655 754 828 810 quem
863 737 1240 810 singulariter
1270 737 1696 810 deprzedicavit,
1729 754 1863 793 vero
1893 736 2105 792 altissi-

455 844 619 882 mum
679 826 851 883 sileat
908 827 1060 899 quod
1112 825 1210 882 ille
1257 826 1514 899 aliquam
1556 827 1876 900 Epistolam
1923 826 2107 899 scrip-

452 921 572 972 tam
607 932 867 988 unquam
919 915 1257 987 reliquerit;
1290 915 1426 971 hinc
1457 932 1596 972 sane
1637 915 2103 972 concludendum

455 1005 600 1060 foret
649 1005 804 1077 quod
855 1005 913 1060 S.
968 1004 1347 1060 Firmilianus
1399 1022 1498 1062 ore
1528 1005 1786 1078 quidem,
1819 1009 1876 1060 et
1907 1021 2104 1060 coram

453 1095 760 1151 certaverit
789 1098 1105 1162 strenuus;
1144 1111 1257 1150 non
1286 1110 1419 1150 vero
1451 1093 1685 1167 scriptis
1717 1093 2106 1167 disputaverit

453 1183 606 1239 circa
638 1199 730 1238 res
761 1182 1204 1239 ecclesiasticas.

523 1273 654 1328 Haac
707 1273 1086 1344 praesumptio
1142 1273 1526 1328 conﬁrmatur
1582 1290 1650 1329 ex
1705 1289 1771 1329 eo
1829 1273 1982 1344 quod
2043 1272 2103 1328 S.

453 1362 843 1434 Hieronymus
873 1361 1080 1417 nullibi
1111 1361 1169 1417 S.
1206 1362 1608 1418 Firmilianum
1653 1362 1806 1418 inter
1865 1361 2107 1435 scripto-

455 1467 548 1506 res
596 1449 1020 1506 ecclesiasticos
1078 1456 1396 1520 recenseat,
1455 1452 1573 1506 imo
1629 1451 1689 1506 in
1738 1449 2011 1522 Catalogo
2041 1450 2102 1506 S.

453 1539 787 1612 Hieronymi
841 1539 912 1593 de
959 1539 1099 1594 viris
1147 1538 1502 1605 illustribus,
1562 1556 1665 1612 per
1715 1539 1860 1595 alios
1904 1544 2102 1594 aucto-

455 1644 548 1683 res
595 1628 942 1683 subsecutos
1007 1628 1283 1696 adaucto,
1352 1627 1731 1685 Firmilianus
1787 1628 2102 1700 nequidem

453 1721 768 1788 comparet.

522 1785 618 1859 1V.
651 1805 1048 1862 Nihilominus
1096 1785 1512 1877 posterioribus
1555 1805 1783 1863 seculis
1819 1806 1876 1861 in
1909 1806 2101 1862 lucem
2138 1843 2184 1908 Β

456 1897 736 1968 producta
782 1896 890 1950 fuit
938 1896 1204 1968 quaedam
1251 1896 1475 1952 famosa
1505 1895 1751 1967 epistola
1782 1895 2102 1952 Firmiliani

455 1987 722 2040 Caesareae
746 1985 804 2039 in
837 1985 1203 2057 Cappadocia
1233 1986 1486 2058 episcopi
1521 1987 1590 2040 ad
1624 1989 1678 2038 S.
1726 1985 2101 2057 Cyprianum,

455 2089 580 2144 quze
612 2076 820 2145 praeter
868 2073 1125 2146 plurima
1176 2074 1399 2129 absona
1440 2074 1500 2128 in
1552 2075 1802 2130 decursu
1833 2073 2104 2130 evolven-

453 2163 529 2217 da
585 2162 872 2234 praecipue
945 2163 1204 2217 defendit
1279 2179 1534 2218 errorem
1593 2162 2102 2234 rebaptizantium.

452 2251 680 2320 Fateor,
751 2251 1019 2323 quisquis
1087 2251 1238 2306 hanc
1313 2250 1621 2320 epistolam
1688 2251 2103 2323 composuerit,

453 2356 700 2411 eamque
747 2339 918 2395 alicui
973 2355 1185 2411 magno
1237 2340 1360 2395 viro
1398 2340 1466 2394 ad
1520 2339 1934 2411 acquirendam
1967 2356 2105 2396 auc-

455 2429 745 2484 toritatem
779 2443 1110 2500 supponere
1162 2426 1425 2498 voluerit,
1458 2427 1550 2482 vix
1580 2428 1868 2500 potuisset
1899 2443 1967 2482 ex
1996 2445 2105 2483 saa-

455 2516 585 2572 culo
636 2533 700 2570 m
745 2515 1084 2588 episcopum
1136 2515 1348 2588 eligere
1401 2518 1679 2587 majorem
1725 2515 1783 2572 S.
1817 2515 2107 2572 Firmilia-

457 2623 552 2661 no.
603 2609 748 2660 Nam
801 2605 954 2676 quod
988 2605 1044 2661 S.
1081 2605 1394 2678 Dionysius
1427 2605 1856 2661 Alexandrinus
1886 2605 1943 2660 S.
1977 2605 2104 2660 Fir-

460 2693 699 2752 miliano
730 2693 1069 2750 nullatenus
1117 2693 1357 2750 inferior
1407 2694 1568 2765 Papa;
1601 2695 1708 2750 fuit
1738 2695 2103 2766 subjectissi-

457 2801 688 2852 mus,ex
708 2783 889 2854 hujus
915 2785 1138 2855 scriptis
1168 2781 1430 2854 epistolis
1462 2784 1612 2856 apud
1648 2783 1796 2839 alias
1817 2783 2105 2840 Ecclesiae

456 2871 765 2930 asservatis
794 2872 1091 2928 evidenter
1115 2872 1342 2928 ostendi
1373 2888 1477 2944 pro
1507 2876 1647 2928 tunc
1682 2872 1968 2945 potuisset
1998 2891 2011 2941 ;
2046 2876 2108 2928 at

459 2962 530 3018 de
561 2963 620 3018 S.
652 2960 989 3016 Firmiliano
1022 2959 1251 3015 nullum
1292 2959 1450 3016 aliud
1483 2977 1630 3033 opus
1657 2961 1939 3032 scriptum
1975 2976 2104 3016 exs-

457 3051 622 3106 tabat
652 3051 750 3122 (9).
786 3049 971 3122 Igitur
998 3048 1047 3104 si
1078 3050 1303 3105 famosa
1332 3049 1578 3121 epistola
1599 3065 1777 3121 quam
1801 3066 1956 3105 nunc
1979 3065 2107 3105 exa-

461 3142 841 3208 minabimus,
873 3141 950 3196 sit
978 3141 1375 3214 supposititia,
1420 3140 1705 3213 impostor
1734 3145 1929 3197 tamen
1962 3157 2106 3214 pru-

2216 557 2300 615 los
2332 560 2514 616 libros
2544 560 2760 633 scripto
2793 562 3027 633 publico
3060 563 3339 634 vulgavit.

2284 650 2652 706 DISSER’I‘ATIO
2687 651 2756 706 II.
2821 682 2854 691 -
2900 650 2982 706 De
3029 653 3086 707 S.
3131 651 3452 706 Firmiliani
3483 668 3635 707 anno
3668 667 3864 708 emor-

2213 737 2379 806 tuali,
2414 755 2529 810 quo
2582 737 2799 795 Paulus
2836 743 3254 796 Samosatenus
3304 741 3416 796 fuit
3437 741 3867 798 condemnatus

2213 827 2274 882 in
2315 827 2691 883 celeberrima
2731 829 2951 901 synodo
3003 829 3387 897 antiochena,
3430 831 3490 886 in
3521 847 3642 902 qua
3673 836 3735 886 et
3764 848 3868 886 vox

2214 917 2536 974 homousion
2565 917 2779 972 dicitur
2807 917 2989 974 fuisse
3019 919 3251 989 rejecta.

2285 1005 2354 1060 N.
2395 1007 2484 1060 92.
2519 1005 3209 1079 Chronologidissident.

2283 1095 2597 1166 Propositio
2650 1112 2704 1151 ν.
2754 1094 2821 1151 Ν.
2870 1097 2962 1166 93,
3013 1097 3134 1152 100.
3189 1096 3290 1154 Illa
3337 1102 3472 1156 ante
3502 1113 3732 1154 annum
3763 1098 3869 1152 272

2215 1200 2330 1240 non
2362 1184 2752 1257 contigerunt.

2672 1273 3128 1330 DISSERTATIO
3167 1274 3416 1331 PRIMA.

2213 1363 2286 1419 De
2315 1363 2638 1419 Firmiliani
2663 1362 2734 1418 ad
2759 1367 2816 1420 δ.
2853 1362 3195 1491 ϐῃρνίᾳῖατη
3212 1365 3455 1437 Epistola
3481 1365 3730 1437 aliisque
3756 1366 3873 1438 ejus

2898 1451 3052 1491 oneri
3092 1451 3176 1490 us.

2898 1451 3176 1507 opertam.

2287 1524 2336 1578 1.
2370 1525 2511 1578 Ante
2543 1539 2722 1595 quam
2754 1523 2824 1578 ad
2858 1523 3018 1596 ipsas
3050 1540 3211 1580 meas
3240 1525 3598 1582 assertiones
3623 1542 3873 1599 progre-

2213 1612 2363 1679 diar,
2396 1613 2684 1683 praemitto
2715 1628 2783 1667 ex
2814 1613 3066 1685 Dupinio
3097 1613 3247 1685 (10):
3292 1637 3322 1664 ‹‹
3354 1616 3440 1669 An
3471 1614 3697 1687 aliquis
3730 1615 3874 1672 liber

2213 1699 2524 1756 habendus
2556 1701 2633 1756 sit
2664 1702 3136 1774 supposititius,»
3171 1703 3318 1759 duas
3348 1708 3581 1760 tantum
3613 1720 3874 1776 sequen-

2213 1794 2302 1846 tes
2334 1789 2566 1862 regulas
2587 1807 2599 1845 :

2282 1880 2337 1932 2.
2375 1880 2414 1934 Ι.
2449 1883 2680 1934 Certum
2727 1883 2818 1934 est
2866 1884 2920 1934 et
2952 1880 3223 1936 sufficere
3259 1882 3329 1936 ad
3363 1880 3776 1937 dubitandum
3807 1882 3874 1936 de

2214 1984 2405 2040 opere,
2460 1969 2611 2040 quod
2666 1969 2737 2023 ab
2772 1969 3029 2041 antiquis
3057 1987 3172 2026 non
3213 1969 3289 2025 sit
3313 1970 3582 2039 citatum,
3616 1970 3876 2043 hincque

2214 2063 2535 2112 caracteres
2565 2057 2929 2128 antiquitatis
2960 2057 3128 2114 valde
3157 2059 3528 2114 authenticos
3565 2060 3752 2115 debet
3781 2060 3878 2115 ha-

2215 2147 2350 2201 bere
2398 2150 2464 2201 ut
2513 2147 2584 2201 ab
2633 2147 2907 2202 omnibus
2957 2147 3307 2220 recipiatur:
3347 2165 3482 2203 cum
3513 2165 3547 2204 e
3577 2151 3878 2205 contrario

2217 2235 2482 2290 minimis
2511 2236 2864 2305 conjecturis
2904 2235 3261 2292 contrarium
3312 2237 3733 2293 evincentibus
3766 2255 3879 2293 una

2214 2340 2346 2379 cum
2405 2329 2664 2380 veterum
2714 2324 2948 2381 silentio
2992 2325 3193 2398 procul
3245 2327 3422 2383 dubio
3485 2328 3878 2400 suppositum

2215 2412 2553 2469 habendum
2587 2413 2682 2469 sit.

2284 2501 2338 2557 3.
2373 2503 2442 2558 II.
2477 2503 2564 2558 Fit
2587 2519 2737 2574 saepe
2759 2504 3120 2574 ut,quamvis
3143 2520 3507 2576 unaquaeque
3532 2504 3880 2573 coniectura

2215 2591 2531 2663 separatim
2575 2592 2947 2648 considerata
2995 2609 3109 2648 non
3161 2593 3431 2648 videatur
3479 2594 3689 2666 magni
3753 2610 3878 2650 esse

2214 2681 2511 2752 ponderis,
2544 2697 2748 2736 omnes
2767 2685 2963 2736 tamen
2995 2681 3173 2738 simul
3198 2683 3418 2753 juncta
3449 2683 3875 2738 certitudinem

2213 2769 2531 2840 quamdam
2564 2768 2844 2824 moralem
2871 2770 3149 2826 efﬁciant.
3186 2769 3438 2843 Reliquae
3469 2771 3698 2844 regulae
3722 2773 3874 2827 criti-

2215 2875 2291 2914 caa
2325 2858 2383 2912 in
2414 2860 2663 2914 decursu
2697 2858 3169 2930 applicabuntur.

2825 2982 3158 3022 PROPOSITIO
3196 2983 3236 3022 Ι.

2217 3055 2346 3111 Vero
2375 3055 2615 3110 similius
2643 3063 2722 3109 est
2752 3053 2890 3125 quod
2916 3057 3132 3125 famosa
3158 3056 3254 3110 sub
3283 3060 3504 3111 nomine
3537 3057 3878 3112 Firmilimu'

2284 3125 2439 3200 ad‘S.
2472 3127 3108 3200 Cypﬁanumhpislota
3155 3143 3265 3182 non
3315 3128 3384 3182 ab
3431 3129 3626 3200 aliqua
3670 3127 3876 3196 Graeco,

461 3231 664 3286 denter
690 3229 779 3285 vel
809 3197 998 3286 astute
1027 3197 1148 3302 egit
1177 3234 1240 3285 ut
1269 3197 1397 3285 eam
1425 3197 1534 3285 sub
1565 3197 1800 3286 nomine
1820 3197 2104 3285 Firmilia-

2287 3197 2379 3253 sed
2407 3215 2442 3252 a
2471 3199 2670 3253 Latino
2702 3197 3015 3253 tenebrione
3039 3201 3213 3270 fuerit
3233 3197 3550 3269 composita.

461 3319 519 3374 ni
572 3318 943 3392 evulgaverit,
995 3322 1286 3390 quatenus
1335 3319 1446 3374 sub
1495 3318 1605 3374 hoc
1663 3319 1895 3375 nomine
1926 3335 2106 3390 quam

461 3408 778 3464 maximam
811 3409 1120 3464 sortiretur
1150 3407 1576 3463 auctoritatem.

525 3495 594 3552 V.
630 3495 839 3551 Isthmo
871 3496 1051 3569 igitur
1079 3494 1326 3568 epistola
1355 3512 1470 3568 prae
1502 3495 1723 3551 caeteris
1754 3512 1912 3550 nunc
1943 3512 2104 3551 accu-

455 3585 657 3640 ratiori
690 3583 827 3640 crisi
866 3584 1232 3656 subjicienda
1261 3589 1369 3654 est,
1401 3589 1601 3657 utpote
1631 3601 1758 3657 quae
1777 3584 1900 3641 sola
1919 3588 2107 3642 exstat

457 3673 567 3729 sub
606 3672 928 3728 Firmiliani
956 3673 1217 3730 nomine.

936 3800 1140 3855 1361
1178 3799 1632 3856 CONSPECTUS

615 3905 941 3952 UTRIUSQUE
981 3906 1440 3945 DISSERTATIONIS
1479 3906 1550 3945 DE
1587 3907 1944 3945 FIRMILIANO.

523 4000 912 4052 DISSERTATIO.
950 3996 990 4051 Ι.
1025 4027 1096 4038 -——
1125 3996 1194 4052 N.
1230 3993 1281 4066 1,
1312 3997 1367 4068 2,
1398 3997 1453 4052 3.
1504 3995 1944 4051 Prwmittuntur
1971 3995 2100 4051 dum

452 4083 664 4156 regulas
695 4085 926 4140 critices
955 4101 1026 4140 ex
1055 4085 1325 4156 Dupinio.

525 4175 857 4244 Propositio.
892 4191 930 4229 Ι.
964 4178 1032 4229 Ν.
1066 4176 1120 4228 4.
1155 4176 1241 4230 12.
1275 4173 1536 4246 Epistola
1565 4189 1694 4244 quas
1737 4174 1847 4228 sub
1891 4173 2103 4229 Firmi"

450 4259 594 4315 liani
627 4262 863 4316 nomine
891 4260 1308 4316 circumfertur
1346 4261 1418 4316 ab
1451 4259 1686 4316 homine
1718 4260 1920 4316 Latino
1945 4261 2103 4316 vide-

453 4355 552 4404 tur
581 4350 848 4405 conficta.

523 4441 849 4510 PrOpositio.
884 4456 945 4494 ιι.
979 4469 1046 4480 -
1075 4438 1144 4493 Ν.
1197 4439 1284 4510 13,
1331 4439 1418 4495 17.
1471 4437 1688 4494 Saltem
1720 4438 1778 4493 S.
1814 4437 2103 4494 Firmilia-

455 4547 568 4586 nus
597 4547 726 4586 eam
759 4547 874 4586 non
897 4529 1246 4601 composuit.

1331 4619 1576 4675 refertur
1605 4618 1791 4690 quoad
1826 4621 2018 4689 partes
2049 4621 2108 4674 et
2133 4582 2182 4648 D

456 4711 657 4767 critice
706 4712 1116 4778 examinatur;
1167 4710 1266 4766 ubi
1320 4727 1379 4766 n.
1434 4710 1522 4781 41,
1573 4727 1644 4765 an
1677 4709 1736 4765 S.
1769 4708 2105 4780 Stephanus

456 4818 608 4874 papa
639 4799 896 4856 validum
924 4800 1170 4857 edixerit
1200 4800 1561 4873 baptismum
1595 4799 1704 4855 sub
1736 4814 2108 4870 quacumque

455 4893 644 4946 forma
673 4889 974 4946 collatum.

529 4982 968 5051 Propositio.1u.
1017 5008 1087 5020 —
1136 4978 1204 5032 N.
1256 4979 1348 5042 78,
1399 4979 1487 5031 87.
1540 4976 1948 5033 Verosimilius
1996 4979 2107 5042 est,

458 5070 614 5141 quod
666 5068 880 5141 aliquis
931 5068 1236 5124 Donatista
1277 5065 1584 5121 Africanus
1633 5067 1810 5121 fetam
1878 5065 2109 5137 Episto-

458 5159 578 5215 lam
610 5158 930 5214 fabricatus
972 5154 1145 5211 fuerit
1188 5159 1319 5225 post
1348 5171 1481 5210 saec.
1515 5172 1592 5221 ιν,
1623 5155 1712 5210 vel
1745 5156 1896 5210 alius
1927 5155 2109 5210 haere-

455 5249 631 5307 ticus.

529 5390 607 5463 (9)
634 5393 923 5446 Asserunt
951 5387 1133 5460 aliqui
1167 5386 1572 5463 Firmilianum
1603 5386 1910 5463 scripsisse
1928 5386 2110 5463 libros

460 5457 771 5534 despiritu
824 5463 907 5534 S.,
942 5457 1324 5534 _eosque__sub
1375 5457 1906 5534 ﬁnem_swculi_iv
1953 5459 2112 5516 visos

461 5530 646 5590 fuisse
677 5553 709 5588 a
739 5535 795 5588 S.
823 5532 1036 5588 Basilio
1067 5530 1140 5588 M.
1176 5530 1390 5586 Verum
1425 5531 1496 5586 de
1526 5531 1618 5586 his
1651 5547 1685 5585 a
1713 5547 1771 5585 n.
1802 5530 1892 5586 89.

531 5607 643 5690 (10)
664 5605 739 5690 'I‘n
771 5604 1070 5688 Rraafatad
1098 5620 1276 5690 suam
1297 5619 1506 5658 novam
1531 5600 2112 5690 bibliothencampI‘deo

460 5673 633 5735 citavi
663 5676 1152 5753 Dupinium,quia
1171 5677 1223 5733 is
1248 5675 1512 5739 famosus
1533 5673 1769 5736 criticus
1790 5673 2114 5752 Epistolam

2290 3288 2342 3341 4.
2378 3286 2655 3342 Probatur
2703 3286 2776 3354 1°,
2828 3285 3085 3358 Epistola
3114 3286 3236 3341 hac
3266 3287 3325 3341 in
3358 3288 3641 3344 idiomate
3675 3289 3878 3344 Greco

2214 3392 2330 3431 non
2361 3380 2588 3431 exstat:
2624 3375 2723 3430 sed
2758 3375 3043 3430 duntaxat
3071 3376 3249 3431 latine
3281 3377 3387 3432 fuit
3417 3377 3473 3431 in
3505 3376 3711 3433 lucem
3747 3394 3879 3450 pro-

2214 3465 2390 3519 ducta
2434 3463 2536 3519 diu
2587 3469 2719 3536 post
2765 3467 3030 3535 tempora
3069 3463 3128 3519 S.
3178 3464 3546 3532 Firmiliani;
3600 3467 3709 3536 qui
3741 3483 3880 3538 ergo

2213 3553 2447 3620 asserit,
2475 3551 2562 3608 vel
2597 3551 2799 3616 credit,
2829 3568 2958 3607 eam
2990 3552 3352 3625 originaliter
3384 3553 3568 3610 fuisse
3583 3554 3879 3622 Graecam,

2214 3647 2413 3713 peccat
2489 3645 2690 3697 contra
2751 3639 3102 3713 principium
3170 3643 3519 3698 sufﬁcientis
3577 3645 3880 3714 rationis;

2214 3731 2326 3786 nisi
2359 3735 2656 3786 momenta
2695 3731 2900 3786 1862
2931 3730 3176 3802 positiva
3206 3731 3685 3803 superaddiderit
3715 3749 3881 3789 com-

2213 3821 2524 3892 probantis.
2568 3835 2695 3875 eam
2746 3819 3066 3891 aliquando
3115 3819 3374 3877 Graacam
3419 3822 3753 3890 exstitisse,
3787 3823 3880 3878 vel

2204 3909 2430 3980 judicia
2485 3908 2793 3963 adduxerit
2847 3909 3103 3963 Graecam
3162 3908 3480 3964 redolentia
3551 3911 3877 3983 originem.

2211 3998 2390 4069 Atqui
2421 3996 2583 4051 nulla
2603 4002 2900 4052 momenta
2921 3995 3166 4067 positive
3188 3997 3398 4053 adduci
3427 4003 3718 4070 poterunt
3738 4001 3878 4056 sub-

2203 4086 2538 4158 judicantia
2570 4085 2828 4141 Grecam
2863 4086 2995 4140 fatae
3024 4085 3286 4158 epistola:
3315 4087 3716 4143 nativitatem.
3752 4090 3878 4145 Non

2212 4179 2302 4231 est
2351 4175 2732 4230 asserendum
2781 4173 2935 4229 hanc
2979 4173 3246 4230 Latinam
3291 4174 3512 4246 prolem
3547 4192 3619 4231 ex
3651 4177 3880 4232 Gracia

2213 4279 2342 4320 esse
2385 4263 2734 4331 oriundam;
2779 4279 2897 4318 non
2937 4263 3094 4318 enim
3154 4280 3295 4319 sano
3345 4265 3549 4320 critico
3581 4267 3740 4321 satis
3771 4273 3880 4336 est,

2212 4353 2367 4425 quod
2397 4351 2524 4424 ipse
2557 4352 2870 4407 fabricator
2899 4351 3068 4406 dicte
3112 4352 3369 4424 epistola
3403 4353 3744 4410 Firmiliani
3780 4372 3884 4411 no-

2213 4458 2346 4497 men
2404 4439 2907 4512 superscripserit,
2954 4443 3057 4495 aut
3100 4457 3165 4496 se
3210 4441 3271 4496 in
3321 4441 3702 4513 Cappadocia
3732 4444 3887 4499 inter

2213 4532 2442 4587 Graecos
2499 4529 2841 4602 episcopum
2885 4545 3015 4584 esse
3064 4530 3307 4599 innuat;
3359 4531 3502 4587 alias
3555 4531 3887 4589 innumera

2214 4636 2409 4687 opera,
2443 4635 2570 4690 quas
2601 4622 2756 4674 certo
2786 4617 3162 4691 supposititia
3207 4623 3368 4688 sunt,
3400 4636 3764 4693 cogeremur
3791 4623 3884 4678 ad-

2213 4708 2447 4764 mittere
2477 4712 2541 4763 ut
2569 4707 2846 4780 genuina.
2901 4708 3084 4779 Igitur
3113 4709 3354 4779 przefata
3383 4709 3636 4781 epistola
3669 4712 3884 4767 Latina

2216 4799 2441 4856 tamdiu
2472 4798 2744 4854 habenda
2772 4803 2862 4853 est
2891 4797 3115 4871 origine
3146 4799 3562 4867 Latina,donec
3593 4803 3885 4874 probetur

2216 4905 2346 4944 eam
2378 4887 2519 4944 olim
2565 4888 2860 4943 exstitisse
2898 4886 3178 4943 Graecam.
3211 4893 3389 4944 Porro
3420 4888 3559 4945 licet
3591 4893 3886 4962 probare-

2216 4984 2314 5034 tur
2345 4994 2474 5034 eam
2515 4976 2655 5032 olim
2703 4976 2995 5032 exstitisse
3031 4976 3310 5044 Graecam,
3346 4977 3753 5037 nihilominus
3781 4981 3884 5036 ha-

2218 5069 2406 5123 benda
2436 5070 2717 5138 tanquam
2751 5067 2809 5121 S.
2837 5065 3174 5121 Firmiliano
3205 5067 3606 5139 supposilitia,
3640 5071 3884 5126 uldice-

2217 5161 2314 5211 tur
2345 5172 2379 5211 a
2408 5171 2653 5210 numero
2689 5156 2773 5210 13.

2286 5246 2342 5300 5.
2377 5244 2666 5300 Probatur
2690 5244 2751 5299 2°
2779 5244 2904 5300 Non
2937 5243 3129 5301 solum
3161 5245 3416 5302 Graecam
3449 5246 3749 5319 originem
3769 5265 3882 5304 non

2219 5386 2291 5441 de
2321 5401 2438 5457 qua
2468 5385 2700 5513 agimus
2730 5384 2904 5440 refert
2934 5389 3000 5440 ut
3029 5384 3344 5458 genuinam
3366 5386 3424 5441 in
3441 5384 3880 5458 V.Cyprianus;

2221 5458 2445 5513 addens
2472 5475 2484 5513 :
2568 5456 2750 5512 ullum
2785 5461 3013 5513 notarat
3029 5457 3354 5513 Cvnrianus
3375 5473 3620 5513 snerare
3639 5477 3880 5513 resnon-

2221 5456 2452 5532 addens‘
2472 5475 2493 5532 :_
2511 5456 2762 5532 Nullum
2785 5461 3013 5527 poterat
3029 5456 3354 5532 Cyprianus
3375 5456 3620 5532 sperare
3639 5477 3881 5532 respon-

2221 5546 2352 5604 sum
2388 5529 2498 5604 sibi
2528 5528 2842 5604 gloriosius
2874 5543 2940 5583 eo
2971 5528 3150 5604 (μιόῷ
3176 5545 3208 5583 a
3240 5528 3583 5604 Firmiliano
3618 5528 3880 5604 accepit;

2223 5601 2601 5675 lj‘irmilianus
2658 5601 2814 5675 enim
2871 5604 3070 5672 aperte
3118 5601 3378 5675 damnat,
3422 5601 3724 5675 verbisque
3749 5601 3880 5659 sua

2221 5671 2397 5744 duris,
2429 5671 2693 5746 Stephani
2720 5686 2885 5744 papa?
2911 5671 3108 5745 actum,
3141 5671 3486 5749 Cyprianum
3513 5671 3735 5736 laudat.
