4112 6174
516 284 672 347 1419

1561 281 1665 341 DE
1711 272 2304 341 HERETICORUM
2346 274 2875 339 BAPTISMATE.

3658 289 3778 355 M20

514 419 749 473 doctore
779 412 1172 473 ecclesiastico
1222 413 1431 470 fuisset
1487 412 1651 469 valde
1706 412 2044 485 singularis,
2102 414 2160 467 et
2185 408 2536 480 Anonnihil
2584 409 2782 480 miror,
2833 408 2990 481 quod
3057 406 3296 481 epistola
3338 408 3602 472 Firmiliani
3639 421 3695 475 ad
3733 423 3779 479 S.

514 502 710 561 nescio
739 520 813 559 an
852 502 1150 559 laudanda
1178 502 1384 559 fuisset
1408 520 1420 570 ;
1447 502 1658 574 reliqui
1689 502 2155 570 SS.Patres,Am-

514 593 766 662 brosius,
802 592 1208 665 Hieronymus,
1260 590 1511 648 Basilius
1542 590 1811 664 Magnus,
1861 595 1996 662 etc.,
2028 606 2156 646 eam

514 683 727 739 imitati
760 699 874 739 non
903 682 1151 738 fuere.3°
1179 682 1328 737 Sane
1358 685 1415 736 et
1453 680 1579 753 ipse
1607 679 1993 753 S.Cyprianus
2025 679 2156 734 rhe-

513 777 607 828 tor
634 770 1096 828 facundissimus
1124 775 1257 842 post
1302 770 1737 826 conversionem
1782 769 1971 824 multa
2018 784 2155 823 con-

516 860 891 933 scripsit,non
923 860 1115 917 solum
1147 876 1325 916 sensu
1351 858 1825 932 gravissima,sed
1867 862 1924 914 et
1965 856 2157 913 verbis

515 949 894 1006 ornatissima
928 966 943 1003 :
972 947 1235 1020 exemplo
1268 948 1388 1003 sint
1416 946 1741 1019 epistolas.
1781 944 2051 1019 Cypriani
2083 945 2154 1001 ad

513 1043 827 1105 Donatum,
859 1054 1034 1094 suum
1085 1037 1226 1093 olim
1269 1037 1329 1092 in
1376 1036 1728 1109 baptismate
1781 1035 2155 1107 suspiciendo

514 1125 786 1183 socium:
839 1122 1084 1198 epistola
1129 1124 1187 1179 S.
1238 1123 1507 1196 Cypriani
1565 1124 1636 1179 ad
1692 1128 1976 1196 martyres
2020 1122 2153 1193 (23),

511 1217 599 1270 An
631 1214 849 1281 forsan,
881 1215 1022 1269 dum
1055 1213 1164 1269 has
1194 1212 1448 1285 scripsit,
1482 1230 1601 1269 suae
1623 1211 1975 1268 humilitatis
2000 1227 2158 1267 exer-

513 1304 712 1359 cendae
732 1303 922 1358 fuerat
952 1301 1214 1358 oblitus?

585 1393 671 1448 11.
704 1390 1073 1447 Bollandistae
1106 1390 1215 1463 (24)
1241 1389 1547 1462 epistolam
1602 1390 1895 1446 Fimiliani
1938 1406 2154 1462 suppo-

511 1486 662 1536 nunt
690 1480 1089 1536 authenticam
1116 1497 1130 1547 ;
1162 1480 1266 1535 sed
1298 1485 1491 1535 tamen
1517 1496 1646 1536 eam
1676 1497 1709 1536 a
1752 1484 1809 1534 S.
1870 1479 2155 1553 Cypriano

511 1587 541 1626 e
562 1570 758 1626 Graeco
791 1569 1031 1624 latinam
1064 1571 1274 1624 factam
1304 1586 1432 1625 esse
1463 1573 1697 1642 negant,
1750 1569 1889 1641 quia
1920 1586 2034 1624 non
2066 1570 2156 1623 est

510 1654 840 1714 verosimile
873 1675 886 1714 :
922 1660 979 1713 1°
1009 1659 1163 1729 quod
1207 1658 1265 1714 S.
1316 1658 1638 1731 Cyprianus
1688 1674 1923 1730 Operam
1985 1675 2154 1713 suam

510 1748 846 1820 impendere
876 1745 1125 1802 voluerit
1156 1750 1220 1802 ut
1250 1746 1715 1803 iratiFirmiliani
1736 1746 1795 1801 in
1827 1747 1885 1803 S.
1911 1747 2154 1819 Stepha-

511 1854 653 1891 num
684 1851 898 1908 papam
928 1835 1189 1891 convicia
1229 1835 1431 1891 Latine
1471 1836 1697 1891 reddita
1739 1840 2155 1909 spargerentur

512 1925 690 1981 latius
723 1950 737 1993 ;
765 1926 828 1979 2°
865 1924 1022 1996 quod
1074 1924 1363 1996 interpres
1409 1923 1585 1979 fuerit
1627 1923 1883 1996 epistolae
1928 1924 1988 1979 in
2038 1942 2155 1997 qua

512 2020 795 2087 tanquam
826 2030 896 2070 ex
924 2013 1105 2084 hujus
1135 2017 1330 2069 mente
1349 2029 1415 2069 ac
1435 2013 1725 2069 sententia
1746 2018 1992 2087 negatur
2019 2030 2155 2087 apo-

511 2103 796 2160 stolorum
859 2102 1225 2175 temporibus
1286 2102 1591 2160 haereticos
1663 2103 1955 2159 exstitisse
2001 2102 2154 2175 (vide

511 2193 759 2249 dicenda
781 2209 945 2247 num.
975 2192 1090 2261 27),
1121 2207 1255 2246 cum
1306 2191 1430 2263 ipse
1475 2191 1533 2246 in
1583 2190 1831 2263 epistola
1876 2192 1947 2247 ad
1990 2195 2156 2248 Pom-

510 2281 708 2353 peium
739 2280 1101 2336 contrarium
1131 2279 1503 2351 asseruisset,
1534 2284 1882 2351 tantumque
1912 2280 2156 2337 dixisset

511 2374 716 2441 postea
743 2368 919 2424 etiam
958 2367 1209 2424 acriores
1242 2385 1418 2440 quam
1451 2358 1599 2440 quos
1629 2368 1875 2441 apostoli
1909 2370 2152 2425 damna-

511 2463 671 2527 runt,
704 2457 1063 2530 prorupisse.
1098 2457 1238 2525 Quis
1268 2461 1461 2514 autem
1496 2457 1673 2513 tatam
1707 2458 2012 2530 epistolam
2046 2460 2151 2515 La-

510 2547 744 2604 tinitate
774 2546 1096 2618 donaverit,
1129 2544 1389 2601 divinare
1419 2545 1547 2602 ausi
1578 2563 1693 2602 non
1717 2551 1874 2603 sunt.

580 2636 669 2692 12.
706 2634 992 2691 Omnibus
1021 2634 1131 2690 rite
1180 2633 1482 2707 perpensis
1528 2640 1775 2691 restaret
1815 2635 2150 2706 dicendum,

511 2724 819 2798 epistolam
857 2722 1308 2779 Firmilianicam
1360 2742 1474 2778 non
1523 2729 1638 2779 aS.
1689 2726 1995 2798 Cypriane,
2050 2729 2152 2784 sed

508 2816 760 2887 quodam
791 2814 989 2886 ignoto
1010 2812 1247 2869 homine
1266 2814 1376 2869 sub
1398 2818 1553 2869 veste
1573 2814 1779 2870 Latina
1809 2817 2152 2887 productam

510 2904 709 2961 fuisse.
742 2902 855 2959 Sed
881 2919 994 2974 quo
1030 2907 1290 2974 tempore
1313 2904 1341 2956 Υ
1373 2902 1480 2968 Qui
1516 2902 1741 2974 primus
1789 2920 1917 2959 eam
1950 2909 2149 2977 protu-

510 2994 599 3061 lit,
650 3008 829 3066 quam
877 2991 1057 3047 Graeci
1106 2990 1396 3058 nesciunt,
1448 2990 1641 3047 Latini
1678 2991 1927 3065 antiqui,
1981 2998 2043 3049 ut
2090 2996 2149 3052 S.

508 3082 757 3155 Optatus
786 3078 1175 3146 Milevitanus,
1203 3079 1608 3151 Hieronymus,
1632 3081 2016 3153 Augustinus,
2038 3088 2146 3139 etc.

2267 499 2618 573 Cyprianum
2686 497 3053 572 responsoria
3109 515 3231 572 qua
3287 500 3589 575 originaliter
3624 506 3782 568 fuisset

2267 589 2662 659 Graeca,modo
2695 592 3030 661 compareat
3051 587 3197 645 inter
3221 588 3542 662 Cyprianicas
3567 596 3784 655 duntaxat

2268 679 2495 749 Latina,
2529 684 2590 734 at
2619 695 2753 734 vero
2782 679 2840 734 S.
2874 678 3142 751 Cypriani
3172 680 3242 734 ad
3269 680 3661 741 S.Firmilianum
3681 704 3781 744 con-

2266 767 2514 825 sultoria
2528 785 2654 840 quas
2676 767 3038 840 originaliter
3058 767 3263 824 fuisset
3279 769 3653 837 Latina,nullibi
3670 792 3785 832 com-

2267 862 2485 931 pareat.
2521 858 2739 913 Forsan
2790 861 2848 913 et
2875 857 2995 913 haec
3055 857 3309 930 proxime
3354 864 3688 932 componenda
3706 864 3786 921 erit

2267 946 2556 1017 Quidquid
2588 947 2688 1017 sit,

2868 1057 3210 1109 Paoeosmo
3237 1070 3295 1108 ιι.

2266 1147 2386 1199 Non
2416 1148 2498 1197 est
2534 1142 2877 1216 rverosimilre,
2931 1145 3075 1213 quod
3113 1147 3173 1216 ις.
3222 1143 3557 1216 Firmilianus
3593 1151 3793 1216 [animum

2329 1229 2431 1285 pro
2462 1214 3249 1297 rebaptimntibusepistolam
3272 1223 3443 1271 contra
3468 1215 3514 1271 S.
3534 1214 3794 1289 Stephanum

2330 1302 2533 1357 papam
2559 1296 2969 1357 conscripserit.

2338 1393 2423 1447 13.
2457 1391 2742 1448 Probatur
2776 1394 2828 1445 1ο
2858 1391 3004 1458 Quia
3033 1392 3313 1449 asserenti
3341 1408 3459 1449 eam
3488 1410 3518 1449 a
3554 1394 3604 1449 S.
3642 1395 3795 1450 Firmi-

2263 1480 2419 1535 liano
2446 1480 2724 1553 scriptam
2755 1481 2940 1537 fuisse
2978 1481 3268 1537 incumbit
3296 1480 3534 1554 probatio
3561 1482 3688 1553 (28);
3710 1483 3798 1538 hac

2265 1569 2387 1624 fieri
2427 1570 2599 1625 debet
2627 1585 2730 1642 per
2762 1573 2940 1627 testes
2970 1587 3207 1639 coasvos,
3239 1570 3322 1626 vel
3353 1571 3584 1643 proxime
3606 1588 3800 1641 coavos;

2264 1658 2323 1712 hi
2355 1656 2589 1730 penitus
2620 1658 2938 1717 deficiunt:
2976 1676 3112 1714 nam
3155 1675 3340 1731 neque
3383 1658 3632 1715 Eusebius
3667 1664 3798 1715 Cess-

2262 1746 2498 1815 riensis,
2550 1763 2739 1820 neque
2791 1748 2851 1805 S.
2916 1747 3324 1820 Hieronymus,
3370 1748 3463 1820 qui
3506 1764 3566 1803 ex
3608 1749 3802 1820 professo

2265 1839 2590 1891 tractarunt
2640 1837 2710 1892 de
2778 1834 3166 1909 scriptoribus
3233 1834 3627 1905 ecclesiasticis,
3668 1852 3802 1908 neque

2263 1925 2320 1980 S.
2350 1924 2617 1997 Optatus,
2652 1942 2839 1997 neque
2869 1925 2928 1985 S.
2979 1925 3340 1998 Epiphanius
3387 1926 3453 1981 de
3496 1924 3586 1981 illa
3626 1924 3806 1997 epistola

2263 2030 2390 2084 quas
2423 2013 2670 2070 maxime
2691 2014 2916 2070 famosa
2944 2013 3692 2087 fuisset,ullam§mentionem
3709 2014 3807 2069 fece-

2263 2106 2420 2157 runt.
2454 2102 2564 2158 Sed
2600 2119 2787 2174 neque
2818 2103 3073 2159 haeretici
3104 2103 3205 2176 qui
3252 2102 3454 2159 sarculo
3500 2120 3551 2158 1v
3596 2107 3644 2159 et
3666 2120 3691 2157 ν
3715 2103 3810 2158 rebs

2266 2191 2583 2263 ptizabant,
2618 2196 2682 2246 ut
2732 2191 3083 2247 Luciferiani
3131 2210 3166 2247 a
3215 2193 3275 2249 S.
3324 2192 3638 2265 Hieronymo
3670 2191 3806 2263 exagi-

2264 2280 2391 2346 tati,
2428 2280 2737 2337 Donatistas
2766 2297 2803 2337 a
2837 2286 2894 2336 Β.
2927 2281 3261 2354 Augustino
3312 2282 3383 2337 ob
3428 2279 3810 2353 anabaptismum

2262 2367 2598 2439 expugnati,
2631 2384 2889 2440 unquam
2921 2369 2992 2423 ad
3025 2369 3208 2425 tatam
3232 2368 3540 2424 Firmiliani
3570 2367 3808 2440 Epistolam

2263 2471 2389 2527 quae
2423 2455 2567 2528 ipsis
2597 2457 2852 2513 maximo
2884 2457 3097 2513 fuisset
3125 2457 3423 2530 praesidio,
3448 2472 3741 2531 provocasse
3758 2454 3811 2510 le-

2262 2544 2626 2617 guntur.Hoc
2642 2562 2834 2601 meum
2857 2551 3275 2619 argumentum
3298 2547 3610 2620 negativum
3630 2544 3812 2601 exsilen-

2261 2633 2339 2688 tio
2366 2636 2632 2689 omnium
2654 2639 2913 2691 veterum
2928 2635 3355 2693 catholicorum
3378 2641 3434 2693 et
3451 2634 3811 2692 acatbolicornm

2261 2722 2672 2794 depromptum
2701 2722 2846 2778 mihi
2879 2724 3108 2780 videtur
3147 2725 3390 2780 maximi
3429 2742 3547 2781 esse
3576 2722 3811 2796 ponderis;

2261 2811 2540 2867 confiteor
2575 2816 2787 2883 tamen,
2816 2814 2970 2884 quod
3007 2830 3117 2869 non
3171 2814 3345 2886 plene
3392 2815 3637 2886 probaret
3674 2824 3814 2866 meum

2260 2901 2575 2970 intentum,
2609 2901 2659 2957 si
2690 2900 2777 2956 vel
2806 2918 2991 2957 unum
3024 2902 3285 2958 solidum
3318 2907 3689 2977 argumentum
3714 2897 3817 2970 posi-

2260 2988 2445 3044 tivum
2476 3007 2545 3045 ex
2572 2989 2920 3062 antiquitate
2952 2991 3279 3047 desumend
3293 3009 3388 3047 um
3421 2990 3617 3064 opponi
3646 2990 3814 3062 posset,

2260 3080 2363 3135 sed
2399 3097 2582 3152 usque
2618 3081 2786 3137 modo
2822 3098 2936 3136 non
2970 3082 3163 3153 potuit
3197 3082 3482 3150 inveniri;
3515 3099 3650 3137 nam.

510 3173 855 3245 ignorarunt
884 3169 912 3224 ‘2
941 3170 1062 3225 Imo
1091 3168 1148 3224 in
1164 3167 1522 3225 editionibus
1547 3171 1977 3243 typograpbicis
1997 3174 2148 3228 anti-
2180 3157 2222 3225 C
2335 3169 2421 3225 14.
2473 3168 2921 3226 Eruditissimus
2963 3171 3129 3226 Joan.
3195 3171 3534 3227 Laurentius
3578 3167 3704 3224 Berti
3740 3164 3817 3235 (29)

510 3259 817 3333 quiorlbus
872 3275 988 3314 non
1044 3257 1373 3329 comparuit
1447 3258 1602 3314 inter
1682 3276 1859 3331 opera
1914 3259 2147 3333 Cypria-

509 3348 642 3406 nica
698 3348 831 3421 (25).
864 3346 1144 3404 Morellus
1184 3350 1275 3401 est
1320 3346 1548 3418 primus
1590 3347 1690 3420 qui
1734 3364 1864 3404 eam
1910 3350 2149 3407 Parisiis

508 3438 830 3512 publicavit
858 3453 1012 3493 anno
1050 3437 1183 3491 1564
1215 3436 1324 3508 (26)
1350 3454 1363 3503 ;
1396 3452 1463 3492 ea
1481 3453 1583 3492 nec
1611 3436 1960 3509 stylum,nec
1991 3443 2148 3495 Grin-

512 3545 642 3584 cam
687 3525 1002 3583 dictionem
1050 3525 1272 3582 redolet
1322 3526 1453 3597 (27).
1504 3525 1869 3597 Expedisset,
1927 3527 2008 3584 ait
2045 3528 2149 3585 Pa-

513 3617 744 3687 melius,
777 3620 842 3671 ut
888 3632 1191 3686 nunquam
1251 3615 1452 3672 1365
1510 3616 1665 3671 edita
1717 3616 1945 3675 fuisset.
2008 3618 2151 3691 Ergo

588 3834 699 3903 (‘23)
724 3832 910 3900 Hujus
941 3830 1333 3902 fragmentum
1363 3829 1577 3903 videsis
1609 3831 1667 3885 in
1686 3832 1971 3888 Breviario
2002 3834 2149 3890 Rom.

514 3902 835 3962 de'Comm.
865 3908 1096 3975 Martyr.
1128 3908 1309 3975 temp.
1345 3902 1581 3975 Pasch,,
1607 3906 1641 3956 2
1668 3903 1794 3958 loco
1842 3903 1899 3958 in
1934 3906 1969 3958 2
2018 3923 2151 3962 noc-

515 3985 671 4035 turn.
707 3978 850 4033 ltem
880 3976 952 4030 de
976 3973 1196 4030 Comm.
1235 3973 1473 4045 Virgin,,
1503 3975 1538 4027 2
1570 3973 1716 4029 loco.

584 4048 862 4120 (24))Acta
909 4046 1159 4120 Sanctor.
1207 4045 1582 4120 Sept.,4to‘m.
1638 4063 1714 4110 Iv,
1771 4046 1841 4101 ad
1902 4047 2153 4102 diom1li

511 4117 755 4193 Βερῐίὶη
790 4120 846 4173 S.
869 4118 1186 4193 Cypriane,
1218 4133 1357 4170 num

580 4188 693 4262 (25)
724 4190 884 4263 Apud
909 4188 1233 4263 Manutium
1268 4206 1381 4263 non
1403 4188 1684 4263 habetur,
1737 4205 1924 4263 neque
1956 4189 2156 4263 inedi-

511 4259 1016 4320 tione'Ba'sileensi
1046 4262 1118 4315 de
1146 4277 1298 4315 anno
1331 4259 1489 4321 1558,
1535 4277 1711 4331 quam
1750 4262 1988 4315 Fermus
2014 4262 2152 4317 Bot-

510 4337 847 4392 terodamus
864 4348 1015 4388 anno
1049 4332 1185 4386 1519
1216 4348 1283 4387 ex
1312 4331 1501 4386 tribus
1533 4331 1910 4398 editionibus,
1946 4332 2153 4388 Roma~

510 4425 603 4475 na,
636 4405 891 4462 Badiana
924 4408 982 4459 et
1009 4403 1267 4475 quadam
1300 4401 1639 4475 alia_(cujus
1669 4419 1881 4475 nomen
1916 4404 2151 4475 excidit)

509 4495 575 4560 a_c
592 4473 1041 4534 vetustissimis
1070 4475 1371 4531 codicibus
1417 4473 1851 4543 Jemblacensi.,
1902 4473 2147 4531 adorna?

502 4555 691 4691 vnézﬁ)
726 4619 909 4690 Dupin
946 4617 1203 4674 Bibliolh.
1236 4632 1343 4691 ηρη
1377 4621 1520 4671 ῐοωο
1573 4616 1637 4691 Ii,
1670 4615 1862 4691 Υθτδι,
1884 4616 2144 4691 Cyprian-

394 4676 407 4687 ’
504 4676 602 4747 ubi
638 4676 897 4747 recenset
925 4691 1212 4746 editiones
1244 4690 1308 4743 17
1342 4676 1787 4760 typograpbicas
1810 4676 2148 4745 Mureniana

500 4763 846 4819 vetustiores
875 4762 933 4816 in
963 4761 1178 4834 quibus
1218 4758 1468 4833 epistola
1492 4758 1837 4815 'Firmiliani
1886 4761 2143 4817 nonduin

499 4834 856 4909 apparuerit.
1342 4903 1351 4909 _
1469 4903 1477 4909 _
1554 4886 1619 4909 κ.

568 4901 684 4979 (27)
726 4903 1384 4979 OpportumAsuccurrit
1430 4903 1502 4956 cl.
1547 4901 1853 4979 _Dumesui_l
1906 4921 1936 4957 e
1994 4901 2143 4979 cele-

498 4971 725 5034 berima
754 4971 1027 5033 societate
1055 4975 1221 5038 Jcsu,
1253 4974 1361 5028 hoc
1394 4971 1603 5027 saeculo
1652 4990 1794 5028 xvm
1827 4974 1884 5028 in
1917 4975 2143 5031 univer-

497 5051 669 5106 sitate
697 5042 1501 5123 Argentoratensi_Cath(_)lica
1530 5045 1954 5123 .canncellarius,
1988 5047 2026 5101 Ι.
2059 5064 2139 5123 v_u

494 5125 560 5178 de
590 5115 847 5179 doctrina
896 5131 945 5175 ει
991 5118 1294 5187 Disciplina
1337 5115 1672 5187 Ecclesiae,§
1722 5118 1809 5181 46,
1860 5117 1944 5172 ita
1994 5119 2138 5172 scri-

494 5195 642 5250 bens
672 5211 687 5249 :
719 5194 781 5249 Si
801 5202 991 5249 tamen
1020 5189 1265 5260 epistola,
1296 5202 1414 5258 quae
1460 5188 1558 5260 sub
1602 5189 1923 5242 Firmiliani
1958 5192 2135 5244 nomi-

493 5283 564 5321 ne
593 5265 844 5333 habetur,
866 5269 942 5318 est
972 5258 1218 5329 genuina
1245 5260 1433 5333 {hanc
1460 5258 1734 5333 ignoravit
1774 5262 2132 5333 Augustinus,

491 5339 703 5407 primus
741 5330 911 5393 edidit
963 5332 1211 5407 Morellus
1255 5330 1597 5407 Caieinistq,
1615 5347 1731 5407 nec
1758 5332 1985 5407 stylum,
2038 5348 2137 5387 nec

494 5402 737 5465 Grecam
757 5406 1163 5464 distinctionem
1181 5402 1662 5467 redolet,acerbior
1680 5406 1733 5457 et
1754 5403 1919 5469 plena
1948 5412 2136 5459 contu-

489 5481 692 5544 meliis,
720 5482 908 5536 aliena
938 5476 1149 5532 vtdetur
1173 5493 1209 5531 a
1234 5474 1661 5530 mansuetudine
1700 5473 2048 5531 Christiana:
2070 5492 2133 5531 ac

484 5550 721 5625 proinde
764 5552 950 5607 minus
996 5550 1323 5607 conveniens
1378 5546 1713 5604 Firmiliano
1764 5552 1952 5604 sancto
2014 5549 2131 5620 epi-

486 5638 671 5785 δωςέἓ)
701 5694 909 5759 Contra
940 5692 1092 5754 hanc
1130 5690 1362 5752 critioes
1407 5693 1464 5747 et
1515 5688 1824 5766 utrimque
1856 5689 2004 5765 juris
2036 5705 2123 5750 re-

2257 3274 2388 3313 cum
2420 3257 2557 3313 totis
2590 3258 2811 3314 viribus
2851 3258 3224 3315 authentiam
3260 3261 3391 3317 fata
3420 3258 3651 3332 epistolis
3678 3259 3819 3310 contra

2259 3347 2667 3419 Raymondum
2700 3347 3029 3403 Missorium
3064 3349 3178 3421 (30)
3213 3350 3519 3405 defendere
3546 3350 3743 3403 conatus
3758 3345 3817 3397 est

2259 3435 2504 3492 adduxit
2541 3453 2791 3508 sequens
2822 3438 3012 3509 quoad
3045 3439 3445 3495 substantiam
3492 3439 3819 3509 argumentum

2259 3541 2363 3580 ceu
2416 3523 2848 3581 validissimum
2902 3541 2913 3581 :
2966 3549 2994 3577 ‹‹
3046 3526 3156 3583 Illa
3208 3527 3458 3601 epistola
3502 3528 3602 3583 sub
3649 3520 3820 3579 nomine

2260 3612 2581 3670 Firmillani
2614 3614 3115 3688 I366reperitur
3172 3617 3234 3673 in
3289 3617 3465 3674 variis
3511 3608 3826 3672 bibliothecis.

2262 3827 2474 3903 gulam
2498 3827 3437 3903 frequentissime__delinquitur.
3495 3831 3555 3886 E.
3606 3844 3655 3901 ε.
3701 3838 3831 3903 nuper

2263 3899 2416 3956 anno
2457 3899 2629 3973 1788,
2653 3901 2941 3973 Antonius
2991 3899 3159 3973 Vogt.
3212 3899 3277 3958 i'n
3335 3919 3443 3958 suo
3498 3899 3826 3973 commentario

2264 3971 2691 4046 s‘cripturistico
2737 3971 3046 4046 Moguntiaa
3074 3970 3236 4029 edito
3286 3975 3496 4030 iterum
3540 3970 3828 4046 pertractavit

2264 4040 2426 4115 illam
2486 4040 2926 4099 celeberrimam
2985 4045 3381 4115 quaestionem
3414 4063 3427 4101 :
3461 4040 3559 4100 An'
3586 4040 3767 4115 Cophes,
3790 4050 3828 4115 ,α

2264 4114 2444 4193 Paulo
2491 4115 2787 4193 Antiochiae
2842 4108 3203 4193 rector-gntus,
3226 4120 3327 4193 psit
3376 4118 3560 4193 Petrus
3586 4113 3606 4168 ?
3636 4108 3716 4193 ῑζᾳι
3741 4108 3827 4193 :_

2264 4188 2455 4261 Petrus
2476 4188 2619 4261 circa
2650 4186 2810 4256 ﬁdem
2837 4180 3135 4261 peccauerit
3166 4180 3200 4242 ἶ
3223 4189 3475 4261 Vogtius
3515 4180 3829 4261 asseritailir-

2265 4259 2478 4313 mando
2500 4259 2554 4332 SA.
2584 4255 2984 4332 Petrum’esse
3014 4258 3116 4332 qui
3162 4255 3512 4332 peccaverit,
3566 4256 3686 4329 quin
3730 4255 3827 4306 satis

2262 4331 2486 4404 probet.
2522 4329 2601 4384 Ad
2633 4328 2793 4404 illam
2826 4328 3439 4404 objecti’onefnﬁliqui
3462 4328 3647 4404 negant
3668 4332 3828 4404 Petrus

2261 4402 2351 4475 vet
2374 4401 3151 4475 unquamjuisseJ-lutiochiav
3194 4401 3514 4475 respondet
3543 4420 3556 4457 :
3587 4403 3648 4457 Hi
3668 4402 3830 4475 πῳαηζτ

2260 4472 2352 4528 sed
2379 4466 2777 4544 nonprobant.
2812 4472 3010 4537 Qualis
3048 4466 3335 4532 criticus'l
3366 4481 3457 4531 An
3509 4490 3631 4544 ergo
3670 4466 3828 4539 "etim

2180 4529 2226 4593 D
2255 4547 2463 4615 factum
2478 4529 2781 4615 incumbit
2812 4529 3074 4615 probatio
3095 4547 3122 4600 ‘?

2330 4617 2443 4697 (g9)
2474 4613 2628 4697 Herti
2659 4614 2761 4697 lib:
2793 4606 2923 4670 ixx1
2952 4615 3020 4670 de
3052 4617 3396 4697 Theologicis
3423 4614 3706 4697 disciplinis

2261 4704 2316 4741 n.
2338 4683 2404 4754 '5,
2426 4683 2506 4742 ad
2540 4703 2715 4757 quem
2745 4685 2941 4742 locum
2972 4704 3111 4744 suos
3140 4683 3399 4745 lectores
3430 4683 3656 4745 remittit
3693 4683 3829 4757 ius“?

2255 4750 2826 4815 Brcoiario'liistoriae
2866 4760 3299 4828 Ecclesiasticae,
3323 4761 3481 4818 edito
3535 4774 3672 4815 anno
3722 4750 3832 4813 1761.

2255 4834 2619 4907 pertractans
2649 4828 2962 4907 hi_s_s_oriam
2996 4830 3190 4887 saeculi
3225 4848 3314 4907 ut.
3662 4896 3693 4907 η
3728 4891 3758 4907 ν

2324 4903 2436 4971 (30)
2488 4901 2662 4957 Porro
2709 4900 3015 4957 Missorius
3062 4920 3131 4958 ex
3178 4904 3394 4960 ordine
3444 4891 3829 4971 Conventialium

2254 4968 2647 5045 nitidissimus
2679 4973 2927 5045 scriptor
2955 4992 3107 5030 anno
3143 4977 3286 5030 1733
3336 4975 3663 5045 Firmiliano‘
3704 4968 3827 5021 {aiam

2251 5043 2555 5118 epistolam
2588 5042 2960 5115 abjudicavit,
2993 5063 3057 5101 ac
3092 5045 3247 5101 ultra
3282 5060 3619 5118 progressus
3646 5042 3826 5118 ipsum

2250 5108 2502 5189 asseruit
2533 5108 2708 5171 totum
2728 5108 3211 5189 rebaptizantium
3231 5108 3541 5174 historiam
3560 5108 3829 5189 ab‘Eusebio

2250 5187 2431 5242 fuisse
2476 5190 2818 5258 icontictam,
2857 5183 2913 5245 et
2959 5192 3029 5245 ab
3079 5190 3337 5246 Eusebio
3392 5190 3567 5244 tuisse
3615 5183 3823 5258 decepi“

2248 5260 2305 5313 S.
2344 5257 2618 5331 Basilium
2661 5263 2734 5314 M.
2786 5254 2843 5316 et
2886 5267 3123 5317 caeteros
3170 5260 3508 5317 Catholicos
3540 5254 3825 5331 quipostﬂl

2245 5330 2492 5412 faverint
2530 5330 3041 5412 rebaptizantibus.
3076 5331 3243 5412 absit
3293 5338 3361 5412 ut
3401 5332 3536 5412 huic
3561 5327 3828 5412 'ultirnnoss-

2243 5409 2398 5475 serto
2426 5396 2785 5459 consentiam
2817 5420 2831 5471 ;
2864 5420 3069 5459 censeo
3099 5403 3541 5475 interpolatam,
3572 5416 3664 5475 seu
3693 5396 3825 5475 Ευξε-

2241 5473 2336 5547 bio
2367 5475 2754 5547 suppositam,
2778 5468 2929 5546 quod
2965 5475 3151 5531 fusius
3170 5468 3491 5532 ostendam
3523 5473 3579 5547 in
3608 5468 3828 5547 disserta'

2236 5544 2397 5677 {ipse
2426 5544 2712 5622 singulari
2760 5544 2831 5605 de
2870 5547 3121 5607 Eusebio
3162 5546 3240 5603 ab
3286 5546 3577 5605 haereticis
3620 5544 3820 5610 interpo-

2262 5634 2374 5677 διο.
