4112 6174
299 315 446 375 1421

1237 309 1430 369 PARS
1476 307 1552 369 Il.
1587 339 1663 352 --
1708 302 2274 367 RECENTIORUM
2326 303 2756 367 EXCURSUS.

3545 307 3699 366 M22

305 449 608 520 signanter
655 443 711 498 in
747 441 942 499 codice
973 443 1370 514 manuscripto
1415 440 1776 496 bibliothecae
1830 442 1937 492 An—
1974 438 2020 503 A
2053 453 2185 492 vere
2216 437 2554 500 exstitisset,
2592 437 2793 491 I367
2847 452 2960 491 non
3027 435 3234 491 fuisset
3289 437 3612 493 omittenda
3669 456 3701 494 a

305 536 489 610 glicze,
515 549 686 607 quem
719 536 978 604 tempore
1001 531 1220 588 Nicolai
1247 531 1313 585 V.
1340 548 1500 603 papae
1533 531 1813 601 (adeoque
1835 545 1942 584 sae-

294 625 426 682 culo
474 625 566 696 xv)
599 641 663 679 ex
693 623 1010 678 vetustiore
1059 621 1312 677 exaravit
1342 620 1728 692 Hieronymus
1759 618 1942 674 Pisto-

294 714 546 842 ;iensits;
579 713 760 785 igitur
792 712 1059 767 habenda
1088 715 1176 767 est
1206 715 1269 765 ut
1298 709 1590 788 genuinus
1634 709 1692 764 S.
1743 706 1942 762 Firmi-

317 787 432 842 iani
501 790 674 841 (stus.
705 807 732 834 »

317 787 432 842 iani
479 788 674 841 fastus.
705 807 732 834 »

365 877 578 932 Verum
610 875 930 945 respondeo
965 873 1020 926 1ο
1051 873 1107 927 Si
1133 872 1239 926 hoc
1271 875 1684 944 argumentum
1706 867 1940 939 valeret,

299 964 598 1020 innumeri
620 962 750 1018 libri
784 961 1099 1033 apocryphi
1130 965 1328 1016 essent
1358 959 1701 1014 admittendi
1738 963 1801 1012 ut
1852 973 1944 1029 ge-

296 1053 485 1121 nuini,
518 1070 569 1107 v.
604 1069 659 1124 g.
683 1050 928 1123 epistola
946 1051 999 1105 S.
1033 1050 1348 1105 Clementis
1371 1065 1528 1121 papae
1561 1053 1584 1101 Ι
1615 1048 1685 1102 ad
1736 1048 1794 1102 S.
1853 1046 1942 1102 Ja-

295 1144 506 1200 cobum
538 1142 774 1196 fratrem
811 1139 1059 1203 Domini,
1091 1154 1267 1209 quam
1318 1136 1532 1194 saeculo
1579 1153 1632 1192 1v
1673 1136 1943 1191 Rufﬁnus

296 1230 602 1287 transtulit
631 1246 699 1286 ex
729 1245 914 1302 graeco
945 1229 1003 1282 in
1037 1227 1306 1297 latinum,
1353 1243 1459 1282 nec
1503 1231 1700 1281 tamen
1741 1225 1862 1280 haec
1911 1242 1945 1280 a

297 1322 458 1378 sanis
483 1321 702 1376 criticis
726 1319 1071 1390 agnoscitur
1102 1334 1207 1373 ceu
1241 1318 1615 1383 authentica;
1661 1319 1725 1370 ut
1775 1314 1944 1369 omit-

298 1417 418 1467 tam
443 1411 732 1482 quasdam
752 1407 1067 1464 decretales
1087 1407 1234 1476 Lini,
1251 1405 1696 1477 Cleti,Evaristi,
1721 1408 1854 1470 etc.,
1878 1419 1945 1458 ac

297 1499 553 1572 plurima
579 1498 694 1554 alia
731 1496 1014 1568 opuscula
1063 1495 1120 1549 in
1169 1494 1531 1567 quibuslibet
1576 1491 1947 1548 bibliothecis

303 1589 470 1644 facile
500 1586 867 1659 reperiunda.

375 1675 716 1747 Respondeo
745 1675 805 1727 2°
847 1674 995 1745 Ergo
1023 1672 1117 1726 ille
1147 1671 1776 1743 antiquissimustestis
1835 1687 1948 1742 pu-

303 1765 515 1832 blicus,
549 1763 647 1835 qui
682 1779 783 1835 pro
815 1761 1119 1817 authentia
1153 1762 1280 1816 fatae
1307 1761 1584 1833 epistolae,
1619 1761 1772 1832 quod
1803 1759 1947 1830 haec,

304 1855 421 1912 NB.
457 1853 668 1909 saeculo
720 1868 780 1906 III
813 1866 994 1923 graece
1031 1851 1248 1921 scripta
1270 1849 1444 1905 fuerit
1476 1851 1533 1904 in
1565 1849 1951 1922 Cappadocia,

305 1943 514 1999 adduci
549 1941 776 2014 poterit,
811 1945 900 1995 est
931 1956 1084 1995 unus
1116 1940 1501 2010 Hieronymus
1560 1937 1952 2004 Pistoriensis,

305 2033 420 2088 NB.
459 2033 690 2088 Latinus
720 2047 787 2084 ex
813 2029 1027 2084 saeculo
1044 2045 1116 2082 xv
1136 2028 1164 2082 ?
1193 2030 1276 2082 Ita
1308 2045 1446 2083 sane
1469 2029 1789 2083 secundum
1819 2027 1954 2081 Ber-

306 2123 456 2178 tium
508 2120 866 2193 praecipuum
901 2119 1067 2172 dictae
1125 2118 1382 2190 epistolae
1437 2124 1954 2189 prOpugnatorem,

307 2212 427 2284 Ego
458 2210 796 2265 null;.tenus
817 2207 907 2262 hic
939 2207 1094 2262 ultra
1118 2207 1444 2262 curandum
1477 2223 1706 2271 censeo,
1737 2205 1870 2276 quis
1901 2208 1958 2260 et

310 2307 539 2373 quantae
573 2297 932 2354 auctoritatis
965 2296 1138 2350 fuerit
1196 2296 1290 2352 ille
1343 2296 1716 2351 Pistoriensis
1767 2295 1960 2350 Hiero-

312 2407 544 2463 nymus,
578 2405 734 2456 cum,
759 2387 804 2442 si
833 2386 916 2441 vel
941 2385 1066 2457 ipse
1085 2386 1496 2440 sanctissimus
1520 2402 1667 2457 papa
1688 2383 1958 2439 Nicolaus

312 2481 355 2535 V
387 2495 622 2536 summa
656 2477 1040 2532 aestimatione
1073 2476 1460 2546 venerandus,
1492 2474 1821 2546 epistolam,
1854 2488 1958 2528 ceu

312 2574 368 2626 S.
406 2567 740 2624 Firmiliano
772 2565 1065 2638 prOpriam
1099 2564 1310 2620 seculo
1360 2582 1430 2619 xv
1482 2563 1839 2628 adduxisset,
1899 2562 1959 2616 in

314 2659 426 2714 hac
443 2662 633 2712 tamen
665 2655 984 2726 quaestione
1010 2653 1141 2708 facti
1169 2653 1426 2709 historici
1462 2670 1576 2708 non
1603 2657 1756 2708 esset
1785 2655 1958 2707 tanta;

315 2746 674 2804 auctoritatis
706 2749 771 2798 ut
800 2743 851 2799 is
882 2743 964 2798 vel
1009 2746 1210 2798 contra
1258 2742 1498 2797 unicum
1546 2745 1962 2814 argumentum

316 2836 646 2910 negativum
676 2835 797 2905 jam
831 2832 1070 2888 allatum
1104 2832 1411 2887 sufﬁceret.

387 2924 726 2996 Respondeo
747 2923 806 2976 3°
840 2923 920 2976 Ex
934 2920 1268 2976 testimonio
1293 2919 1627 2992 Hieronymi
1658 2918 1965 2973 Pistorien-

316 3017 398 3072 sis
449 3012 593 3070 nihil
654 3011 807 3067 ultra
853 3010 1117 3082 sequitur
1147 3026 1322 3081 quam
1356 3009 1506 3079 quod
1532 3007 1743 3063 saeculo
1800 3025 1869 3061 xx
1901 3007 1960 3062 in

318 3122 435 3162 una
492 3100 848 3158 bibliotheca
908 3097 1152 3170 Anglica
1199 3099 1325 3169 jam
1383 3097 1666 3153 exstiterit
1720 3095 1965 3166 epistola

2051 527 2106 580 S.
2139 525 2507 598 Hieronymo,
2541 530 2598 580 et
2621 525 2807 580 multo
2839 525 3036 581 minus
3067 523 3138 581 ab
3171 524 3440 596 Eusebio,
3501 530 3702 599 utpote

2051 615 2146 685 qui
2182 615 2237 668 in
2273 615 2647 670 suaHistoria
2669 615 2740 670 de
2763 613 3073 686 praecipuis
3090 618 3144 669 S.
3170 615 3491 672 Firmiliani
3523 616 3704 688 gestis

2053 702 2366 759 sollicitam
2400 703 2613 775 saepius
2645 708 2887 759 renovat
2907 703 3359 759 memoriam.At
3389 719 3522 759 vero
3552 721 3700 777 pras-

2056 792 2222 847 dictzs
2255 793 2524 864 Epistolas
2557 809 2661 847 nec
2696 793 3112 865 fragmentum,
3144 809 3250 849 nec
3279 793 3564 849 indicium
3599 794 3708 850 mi-

2054 881 2287 936 nimum
2315 882 2567 937 occurrit
2600 881 2754 952 apud
2784 881 3127 936 Eusebium.

2128 971 2213 1025 16.
2249 971 2534 1026 Probatur
2590 971 2648 1024 3°
2700 973 2762 1024 In
2823 969 3069 1043 epistola
3127 971 3711 1042 pseudo-Firmiliani

2054 1059 2448 1126 continentur,
2511 1059 2772 1130 quaedam
2808 1059 3087 1115 historica
3118 1060 3368 1116 maxime
3407 1059 3690 1116 notabilia

2053 1149 2115 1203 E.
2150 1165 2204 1221 g.
2243 1149 2289 1204 ~l.
2327 1149 2485 1215 Quod
2520 1148 2579 1202 in
2631 1147 2989 1220 Cappadocia
3046 1153 3305 1220 tempore
3365 1149 3713 1219 Firmiliani,

2056 1237 2282 1292 daemon
2333 1236 2715 1309 baptizaverit
2767 1238 2825 1291 in
2885 1237 3122 1293 nomine
3173 1237 3359 1292 Patris
3381 1243 3437 1291 et
3468 1237 3596 1291 Filii
3657 1241 3716 1292 et

2061 1327 2318 1398 Spiritus
2350 1326 2558 1396 sancti,
2590 1326 3020 1381 Eucharistiam
3058 1327 3392 1394 confecerit,
3426 1331 3560 1395 etc.,
3594 1329 3658 1380 ut
3687 1343 3720 1380 a

2058 1432 2221 1470 num.
2249 1416 2320 1468 56
2348 1415 2698 1470 videbimus.
2721 1416 2774 1470 2.
2809 1416 2993 1481 Quod,
3023 1415 3162 1487 quia
3186 1415 3337 1470 circa
3361 1432 3580 1471 annum
3612 1415 3720 1470 235

2055 1504 2294 1575 integrae
2329 1505 2502 1559 urbes
2536 1504 2751 1558 fuerint
2780 1521 2813 1559 a
2844 1507 3000 1559 terra
3038 1505 3345 1575 absorptae,
3395 1505 3524 1559 ideo
3587 1521 3714 1577 gra-

2056 1593 2142 1647 vis
2167 1593 2488 1664 persecutio
2523 1596 2726 1647 contra
2749 1597 3008 1648 nostram
3033 1593 3422 1648 Christianam
3483 1592 3719 1665 religio-

2058 1699 2211 1753 nem,
2242 1687 2519 1753 tanquam
2581 1682 2755 1737 istius
2815 1681 2952 1737 mali
3012 1682 3294 1754 originem
3327 1683 3501 1737 fuerit
3562 1682 3717 1736 exci-

2059 1776 2182 1827 tata
2233 1772 2363 1843 (3’1).
2409 1772 2466 1827 Si
2523 1772 2644 1826 haec
2700 1789 2733 1826 a
2802 1771 3141 1827 Firmiliano
3198 1757 3329 1827 vere
3387 1771 3723 1843 conscripta

2065 1861 2342 1929 fuissent,
2370 1861 2668 1916 moraliter
2690 1860 3057 1933 impossibile
3109 1860 3255 1915 mihi
3286 1859 3515 1916 videtur
3570 1860 3724 1932 quod

2065 1965 2132 2006 ea
2164 1951 2236 2004 ab
2262 1950 2512 2018 Eusebio
2564 1949 2907 2006 Caesariensi
2937 1949 2994 2004 in
3028 1967 3134 2005 sua
3191 1948 3439 2004 historia
3495 1953 3728 2020 praeter-

2067 2039 2215 2094 mitti
2252 2039 2626 2111 potuissent;
2694 2043 2752 2093 at
2793 2055 2925 2094 vero
2986 2037 3380 2110 praetermissa
3444 2044 3584 2093 sunt
3635 2040 3730 2094 ab-

2072 2128 2344 2194 Eusebio,
2379 2127 2750 2198 Hieronymo,
2800 2126 3146 2198 Epiphanio,
3207 2131 3315 2183 etc.
3378 2127 3583 2198 Igitur,
3615 2130 3728 2183 etc.

2138 2217 2444 2272 Cazterum'
2485 2217 2637 2287 quod
2672 2217 2728 2270 S.
2784 2215 3162 2271 Firmilianus
3218 2215 3724 2287 rebaptizantibus

2067 2309 2132 2360 ut
2159 2305 2335 2360 habet
2360 2305 2691 2360 communis
2721 2303 2985 2359 omnium
3019 2304 3340 2375 persuasio,
3407 2304 3724 2375 aliquando

2068 2394 2398 2463 adhaeserit,
2431 2393 2662 2448 interim
2712 2392 3111 2464 praetermitto,
3145 2394 3327 2447 donec
3360 2393 3419 2447 in
3451 2392 3564 2448 alia
3603 2393 3724 2448 dis-

2069 2484 2380 2540 sertatione
2404 2481 2643 2554 speciali
2694 2483 3202 2537 demonstraturus
3257 2481 3370 2536 sim
3418 2481 3724 2537 historiam

2068 2572 2321 2638 Eusebii,
2356 2572 2546 2643 quoad
2579 2571 2686 2625 hoc
2723 2576 3030 2642 punctum,
3066 2570 3248 2625 fuisse
3309 2570 3721 2643 interpolatum

2071 2663 2141 2717 ab
2168 2659 2582 2732 Anabaptistis.
2643 2659 2702 2714 Si
2731 2676 2867 2715 vero
2899 2661 2953 2714 S.
2989 2659 3369 2715 Firmilianus
3409 2659 3467 2714 in
3532 2676 3727 2716 errore

2071 2748 2557 2820 rebaptizantium
2591 2765 2915 2819 nunquam,
2951 2751 3014 2802 ut
3047 2748 3188 2803 mihi
3225 2764 3574 2820 persuasum
3623 2748 3727 2803 ha-

2071 2839 2198 2904 beo,
2232 2841 2496 2892 versatus
2529 2837 2736 2905 fuerit;
2763 2841 3102 2908 quantuma
3133 2853 3268 2892 vero
3301 2836 3543 2891 distabit
3574 2836 3730 2890 hunc

2072 2929 2344 2981 sanctum
2376 2925 2566 2980 virum
2637 2926 2816 2980 fatam
2861 2925 3168 2997 epistolam
3222 2925 3559 2998 scripsisse!
3615 2924 3725 2980 Sed

2075 3015 2184 3069 hoc
2212 3014 2448 3069 interim
2482 3014 2754 3086 seposito.

2157 3105 2247 3159 17.
2274 3104 2559 3159 Probatur
2615 3109 2670 3156 4°
2719 3103 2793 3158 Ut
2843 3103 3093 3175 epistola
3143 3104 3202 3159 S.
3267 3102 3591 3159 Firmiliani
3657 3101 3734 3158 sit

317 3191 642 3251 Firmiliani
671 3189 850 3245 latine
881 3165 1250 3258 conscripta;
1295 3186 1353 3242 id
1379 3203 1490 3242 non
1543 3165 1965 3241 obstatidictis
1996 3165 2038 3231 C
2079 3192 2432 3258 authentica,
2469 3191 2643 3248 simul
2705 3165 2934 3246 admitti
2975 3193 3143 3248 (labet
3201 3193 3354 3264 quod
3405 3193 3730 3264 Cyprianus

319 3299 484 3339 num.
520 3282 570 3335 4.
603 3281 682 3334 Ex
715 3293 958 3333 numero
991 3277 1060 3330 l2
1089 3275 1294 3344 elucet,
1320 3291 1448 3330 eam
1474 3275 1530 3330 in
1581 3274 1783 3330 multis
1838 3274 1970 3332 aliis

319 3367 691 3429 bibliothecis
721 3367 872 3422 inter
895 3381 1070 3437 opera
1099 3364 1439 3438 Cyprianica
1459 3363 1598 3419 olim
1632 3381 1747 3420 non
1790 3363 1970 3420 fuisse

319 3461 657 3534 repositam.
826 3490 828 3493 -

398 3552 484 3606 15.
505 3547 858 3604 Probatur‘Zo
871 3543 1153 3600 Eusebius
1166 3543 1276 3616 (3|)
1296 3547 1349 3599 et
1363 3545 1420 3599 S.
1447 3545 1833 3616 Hieronymus
1855 3543 1968 3616 (32)

323 3639 586 3695 referunt
614 3634 891 3709 epistolas
923 3633 1119 3688 minus
1152 3632 1458 3701 notabiles,
1481 3649 1536 3699 ν,
1565 3649 1618 3704 g.
1653 3633 1968 3706 Polycratis

323 3729 423 3801 qui
458 3728 515 3782 in
551 3725 764 3781 minori
795 3723 1028 3796 negotio
1059 3723 1186 3794 (pro
1221 3722 1524 3777 retinenda
1564 3739 1680 3777 suae
1713 3721 1967 3777 ecclesiae

322 3815 746 3874 consuetudine
777 3811 1109 3869 celebrandi
1165 3812 1469 3868 Paschatis
1509 3811 1663 3867 diem
1713 3811 1855 3866 luna
1900 3812 1968 3867 44

322 3906 533 3964 saeculo
565 3922 606 3961 ιι
658 3901 911 3972 labente)
944 3917 1004 3957 se
1034 3902 1090 3958 S.
1133 3900 1350 3956 Victori
1409 3916 1570 3972 papae
1623 3900 1970 3972 opposuisse

322 3996 572 4062 dicitur;
635 3993 682 4050 si
733 4008 965 4064 quoque
1021 3994 1056 4044 S
1112 3989 1485 4044 Firmilianus
1536 4006 1692 4060 papa:
1731 3990 1784 4044 S.
1839 3990 1970 4044 Ste-

323 4086 519 4159 phano
553 4086 575 4139 I
607 4098 732 4139 sese
788 4084 951 4137 tanto
1010 4095 1143 4136 cum
1202 4079 1469 4150 strepitu,
1520 4081 1806 4149 quantum
1849 4079 1970 4152 epi-

325 4174 478 4230 stola
507 4176 762 4240 resonat,
788 4169 1160 4242 opposuisset
1189 4168 1247 4222 in
1277 4185 1455 4223 causa
1483 4169 1858 4238 baptismatis
1881 4186 1971 4225 re-

325 4262 602 4336 petendi;
635 4260 758 4317 siis
789 4259 1060 4331 episcopo
1120 4257 1381 4313 Romano
1422 4257 1849 4323 celeberrimas,
1910 4264 1974 4314 ut

325 4351 888 4424 Epistolaloquitur,
920 4347 1174 4420 synodos
1197 4348 1321 4418 jam
1369 4347 1594 4418 pridem
1653 4348 1975 4405 celebratas

329 4439 717 4497 obmovisset:
753 4436 802 4492 si
832 4435 1064 4490 Graecus
1117 4433 1212 4489 ille
1233 4434 1368 4489 data
1397 4434 1467 4488 ad
1519 4434 1576 4488 S.
1625 4435 1976 4507 Cyprianum

2080 3283 2232 3337 circa
2263 3298 2480 3336 annum
2512 3282 2618 3334 256
2639 3297 2707 3335 ex
2727 3282 2919 3336 Africa
2941 3281 3213 3336 nuntium
3243 3282 3467 3336 miserit
3497 3281 3553 3334 in
3587 3283 3734 3352 Cap-

2079 3371 2404 3444 padociam,
2437 3369 2664 3425 consilii
2698 3387 2729 3424 a
2752 3371 2810 3425 S.
2849 3369 3183 3424 Firmiliano
3236 3370 3500 3442 capiendi
3531 3385 3733 3424 causa.

2082 3462 2134 3516 Is
2157 3477 2351 3526 casus,
2382 3460 2534 3530 quod
2570 3459 2882 3530 episcopus
2910 3459 3152 3513 Latinus
3183 3475 3249 3513 ex
3280 3459 3471 3514 Africa
3523 3474 3732 3512 consu-

2078 3549 2251 3604 luerit
2279 3548 2337 3603 iu
2372 3548 2544 3602 rebus
2577 3547 2708 3601 fidei
2777 3547 3039 3602 Graecum
3095 3546 3153 3600 in
3208 3546 3589 3619 Cappadocia,
3648 3549 3740 3602 est

2079 3638 2317 3693 omnino
2348 3637 2864 3706 exiraordinarius,
2890 3654 2922 3691 a
2953 3636 3113 3691 nullo
3160 3636 3438 3692 historico
3494 3635 3733 3701 relatus,

2080 3729 2380 3800 signanter
2412 3743 2523 3780 non
2561 3726 2632 3781 ab
2659 3725 2907 3781 Eusebio
2932 3725 3146 3790 Graeco,
3168 3725 3262 3794 qui
3287 3722 3738 3796 praecipuusfuit

2079 3817 2134 3871 in
2170 3816 2512 3872 celebrando
2536 3816 2593 3869 S.
2619 3814 3146 3868 Firmiliano.Nihil
3173 3813 3565 3868 dubitandum
3597 3812 3737 3882 quin

2077 3923 2142 3961 eo
2176 3910 2435 3976 tempore
2482 3907 2690 3976 praeter
2748 3904 2808 3958 S.
2883 3903 3246 3974 Stephanum
3317 3919 3527 3974 papam
3587 3901 3742 3956 inter

2084 3994 2312 4050 Latinos
2353 3992 2570 4047 fuerint
2623 3990 2887 4063 insignes
2915 3989 3170 4062 episcopi
3206 4007 3306 4061 per
3367 3989 3734 4061 Hispaniam,

2077 4083 2348 4148 Galliam,
2383 4081 2632 4146 Italiam,
2667 4079 3022 4135 Sardiniam.
3052 4080 3108 4134 Si
3140 4083 3195 4133 S.
3231 4079 3558 4151 Cyprianus
3607 4078 3742 4134 Afer

2081 4173 2308 4229 Graecos
2339 4171 2397 4225 in
2454 4171 2628 4225 rebus
2648 4169 2781 4224 tidci
2807 4172 3111 4224 consulere
3168 4168 3435 4235 voluerit,
3463 4185 3568 4223 cur
3622 4184 3741 4223 non

2085 4261 2246 4316 misit
2277 4261 2346 4314 ad
2379 4261 2606 4314 Graecos
2638 4259 2948 4329 Europaeos
2991 4257 3101 4312 sibi
3136 4257 3384 4329 decuplo
3435 4258 3744 4313 viciniores

2087 4349 2407 4422 praesertim
2439 4365 2571 4403 cuni
2604 4346 2662 4402 in
2697 4363 2860 4402 mora
2891 4345 3217 4418 periculum
3251 4351 3375 4402 erat
3407 4362 3744 4402 excommu-

2089 4437 2399 4493 nicationis
2431 4436 2842 4491 incurrendae?
2882 4435 2940 4490 Si
3000 4451 3096 4491 ver
3125 4434 3437 4490 consilium
3484 4452 3550 4490 ex
3607 4434 3748 4490 Asia

331 4530 607 4586 Latinum
632 4525 889 4600 Epistola
915 4529 1098 4580 totam
1128 4523 1381 4579 Africam
1426 4527 1630 4592 contra
1659 4526 1971 4582 Ecclesiam
2009 4536 2053 4600 1)
2084 4533 2210 4584 erat
2267 4525 2708 4599 reportandum,
2768 4541 2872 4580 cur
2931 4523 3204 4579 nuntium
3256 4524 3544 4596 ablegavit
3592 4525 3748 4581 ultra

333 4619 661 4674 Romanam
685 4614 894 4671 saeculo
926 4631 988 4669 ιιι
1012 4613 1386 4677 concitasset,
1421 4612 1502 4667 vel
1529 4613 1586 4667 in
1615 4614 1982 4676 dissensione

333 4709 771 4772 confirmasset;
797 4704 917 4758 haec
940 4701 1276 4757 Firmiliana
1298 4701 1542 4774 epistola
1565 4702 1771 4760 fuisset
1796 4709 1984 4781 magis

336 4794 757 4864 memorabilis,
783 4810 959 4865 quam
990 4792 1090 4846 illa
1121 4790 1435 4864 Polycratis
1465 4793 1578 4863 (33)
1605 4810 1617 4847 :
1674 4794 1871 4867 igitur,
1930 4799 1979 4854 si

409 4922 520 4993 (3|)
550 4920 764 4976 Euseb.
799 4919 927 4993 H_.E.
966 4918 1005 4972 Ι.
1057 4933 1110 4986 ν,
1145 4933 1248 4993 cap
1303 4917 1394 4993 23,
1417 4918 1541 4993 _27,
1594 4917 1694 4993 ubi
1722 4921 1778 4993 et
1827 4919 1979 4993 frag-

337 4987 602 5049 mentum
638 4991 904 5063 Epistolas
928 5005 1104 5060 quam
1128 4987 1381 5060 episcopi
1417 4987 1732 5044 Palaestinae
1756 4991 1862 5046 hac
1894 4987 1987 5047 su-

343 5081 447 5138 per
477 5080 536 5119 re
556 5063 1062 5138 conscripserunt.

414 5138 525 5206 (32)
553 5131 885 5206 Hierony‘m,
920 5134 974 5185 in
1013 5132 1184 5185 Curat.
1218 5131 1283 5206 de
1309 5131 1458 5206 Viris
1491 5133 1816 5187 lllustribus.

413 5203 1124 5289 (33)'Est_.ar'gumentum
1176 5203 1252 5289 ad.
1300 5203 1619 5289 hominem;
1673 5205 1989 5289 adversarii

341 5273 517 5345 enim,
544 5273 805 5348 Bertius;
826 5283 958 5345 etc.,
984 5274 1144 5348 sine
1177 5273 1295 5348 ulla
1350 5273 1713 5348 haesitatione
1772 5277 1982 5332 admit-

339 5354 494 5414 tunt,
517 5350 682 5405 illam
717 5345 1028 5421 Pelycratis
1059 5345 1365 5421 epistolam
1397 5362 1524 5400 esse
1548 5347 1982 5421 authenticam,

342 5426 410 5476 ut
439 5437 504 5476 eo
528 5421 755 5476 facilius
785 5417 1152 5492 propugnare
1177 5417 1410 5492 valeant
1439 5417 1819 5492 authentiami
1842 5417 1984 5492 epi-

345 5492 506 5549 stolae
535 5487 959 5548 Firmilianicas.
981 5487 1125 5544 Vide
1160 5487 1406 5543 dicenda
1435 5505 1597 5544 num.
1657 5491 1748 5544 71.
1805 5487 1992 5548 Meam

347 5564 706 5639 singularem
738 5563 1092 5639 opinionem
1128 5558 1373 5639 eruditis
1397 5634 1406 5639 Δ
1429 5562 1875 5620 communicabo
1933 5562 1991 5620 in

347 5631 588 5713 speciali
619 5631 1028 5695 dissertatione
1057 5631 1124 5690 de
1154 5631 1457 5708 Polycrate.

2090 4616 2288 4671 Asiam
2350 4615 2657 4683 minorem,
2719 4630 2785 4668 ex
2863 4613 3054 4668 Africa
3138 4613 3197 4667 in
3284 4612 3748 4686 Cappadociam?

2091 4704 2306 4759 Verum
2339 4703 2408 4757 de
2440 4702 2547 4756 hac
2571 4719 2630 4757 re
2667 4701 2878 4756 iterum
2928 4717 3090 4755 num.
3120 4702 3210 4767 23,
3243 4703 3331 4756 34.
3400 4702 3457 4756 Si
3515 4701 3748 4774 Cypria-

2095 4809 2206 4848 nus
2237 4809 2270 4847 a
2300 4790 2589 4847 sententia
2618 4791 2676 4846 S.
2709 4789 2985 4862 Stephani
3017 4807 3178 4861 papae
3211 4790 3504 4862 appellare
3553 4789 3748 4845 volue-

2168 4920 2279 4989 (34)
2317 4921 2390 4973 De
2413 4918 2518 4972 hoc
2537 4923 2698 4971 terras
2723 4921 2881 4971 motu
2908 4917 3100 4971 fusiuo
3127 4918 3417 4989 agendum
3445 4915 3555 4970 erit
3577 4915 3744 4989 (3,35.

2096 4991 2220 5046 Non
2253 4987 2482 5045 constat
2515 4991 2680 5060 {quod
2731 4989 2802 5042 ob
2828 4993 2993 5043 terras
3053 4987 3275 5042 motum
3320 4991 3525 5060 contra
3584 4987 3746 5060 Chri-

2099 5063 2320 5117 stianos
2353 5065 2423 5116 ab
2454 5057 2911 5131 imperatoribus
2943 5060 3167 5114 decreta
3186 5059 3357 5112 fuerit
3383 5057 3745 5131 persecutio;

2101 5136 2200 5189 sed
2239 5140 2428 5188 tanen
2464 5129 2670 5205 pagani
2699 5131 3020 5205 populares,
3043 5132 3319 5205 continuo
3349 5136 3552 5205 contra

2103 5206 2326 5261 stianos
2358 5201 2719 5271 frendebant,
2756 5218 2820 5255 ac
2867 5201 3059 5256 omnis
3107 5201 3454 5256 calamitatis
3505 5201 3750 5272 publica?

2103 5293 2337 5332 causam
2372 5275 2429 5330 in
2463 5274 2825 5329 Christianos
2858 5274 3266 5328 refundebant.
3301 5273 3362 5327 Si
3387 5272 3547 5328 urbe:
3594 5281 3750 5328 terra:

2102 5358 2253 5403 motu
2283 5348 2702 5402 concutiuntur:
2733 5347 2804 5399 sit
2836 5349 2968 5409 etc.,
3002 5344 3378 5400 conclamant:
3413 5343 3750 5399 Christianos

2103 5421 2170 5474 ad
2202 5421 2378 5474 leones-
2409 5419 2489 5473 ait
2517 5415 2910 5488 Tertullianus
2944 5416 3002 5470 in
3050 5417 3312 5488 Apologia
3344 5431 3545 5488 quam
3602 5420 3748 5470 tem-

2104 5507 2240 5563 pore
2269 5489 2692 5563 perse_c_uti_onis
2715 5487 2776 5543 in
2807 5487 2997 5544 Africa
3037 5486 3406 5562 conscripsit,
3439 5488 3593 5546 circa
3649 5503 3752 5563 an:

2104 5559 2243 5620 hum
2270 5559 2400 5633 202,
2432 5561 2499 5618 V.
2537 5559 2728 5617 Fleur.
3269 5559 3288 5562 “
3393 5559 3400 5562 ⁷
3726 5559 3756 5565 ’“
