4112 6174
398 319 556 380 1423
1451 311 1553 371 DE
1603 305 2195 372 HAERETICORUM
2240 305 2774 372 BAP'I‘ISMATE.
3667 305 3820 366 M'Zt

397 455 470 508 rit
499 451 570 507 ad
597 449 899 523 episcopos
931 443 1274 516 Asiasticos;
1299 446 1658 518 paradoxum
1684 449 1877 502 tamen
1901 447 2045 516 erat,
2077 445 2132 512 Α
2234 442 2322 500 19.
2359 443 2441 499 Ita
2473 444 2678 516 incipit
2734 440 3359 517 pseudo-Firmilianus
3389 455 3403 498 :
3437 467 3467 494 ιι
3528 440 3819 496 Firmilia-

397 539 551 612 quod
584 537 682 593 illo
713 541 974 610 tempore
1005 536 1074 591 ad
1110 535 1363 590 tribunal
1396 535 1454 591 S.
1489 534 1811 590 Firmiliani
1845 535 2043 590 conl'u-
2151 549 2264 589 nus
2285 533 2567 606 Cypriano
2599 533 2869 591 salutem.
2902 533 3249 606 Accepimus
3280 549 3384 606 per
3413 530 3814 605 Rogatianum

399 628 565 700 gerit.
601 628 757 682 Licet
787 627 944 682 enim
985 624 1181 680 I363
1217 624 1591 680 Firmilianus
1623 625 1857 680 tandem
1914 641 2041 679 eva-
2152 622 2462 679 diaconum
2497 642 2530 679 a
2560 624 2723 680 vobis
2759 624 3029 690 missum,
3062 623 3312 691 litteras,
3371 639 3521 695 quas
3571 622 3643 677 ad
3713 637 3821 677 nos

400 718 542 772 serit
598 720 730 788 post
795 717 854 771 S.
925 714 1240 786 Donysinzn
1299 712 1708 770 celeberrimus
1767 713 2038 782 (Praefat,
2153 712 2679 784 fecisti(37),frater
2707 713 3164 770 charissima...»
3193 717 3398 768 Postea
3421 711 3820 784 pergitanos

404 822 565 861 num.
589 806 942 876 2),tcmpcre
974 807 1166 858 tamen
1189 803 1462 874 Stephani
1494 819 1655 875 papae
1676 803 1937 857 nondum
1960 801 2043 856 ita
2151 817 2281 856 vero
2313 817 2400 867 ea,
2433 819 2558 874 quae
2616 819 2650 856 a
2703 802 2868 858 vobis
2922 802 3140 872 scripta
3182 805 3342 867 sunt,
3375 800 3548 872 quasi
3608 804 3815 855 nostra

399 894 814 963 eacellebat,ut
840 891 1293 948 interAsiaticos
1335 891 1417 948 vel
1441 896 1626 959 aetate,
1649 890 2043 964 veldignitate
2150 890 2386 963 propria
2414 891 2806 963 suscepimus,
2849 907 2956 947 nec
2977 891 3396 946 intranscursu
3413 888 3815 962 legimuszsed

399 983 664 1040 Ecclesia:
695 981 921 1055 primus
951 979 1147 1036 haberi
1182 980 1472 1053 potuerit;
1515 980 1806 1052 siquidem
1842 978 2046 1051 Diony-
2152 996 2304 1052 saepe
2335 981 2580 1052 repetita
2615 980 2908 1038 memoriae
2943 981 3428 1036 mandavimus.»

398 1074 523 1129 sius
581 1071 912 1146 patriarcha
973 1069 1402 1125 Alexandrinus
1455 1070 1608 1125 circa
1669 1085 1888 1124 annum
1941 1069 2047 1122 255
2220 1071 2309 1124 20.
2345 1069 2487 1125 Hine
2516 1087 2584 1125 ex
2629 1071 2878 1126 decursu
2912 1069 3101 1143 magis
3129 1069 3370 1142 patebit,
3432 1068 3592 1141 quod
3642 1083 3818 1139 pseu-

395 1161 690 1234 Stephano
721 1177 880 1232 papas
897 1157 1238 1232 prescripsit
1267 1158 1508 1212 nomina
1537 1157 1918 1213 celebriorum
1943 1173 2046 1228 pro

393 1258 534 1308 tunc
565 1251 624 1306 in
684 1250 821 1304 Asia
883 1249 1333 1320 episcoporum:
1397 1246 1548 1301 inter
1614 1247 1720 1302 hos
1754 1263 1855 1318 pro
1908 1250 2047 1301 tunc

395 1340 586 1396 adhuc
616 1337 826 1393 ultimo
858 1337 985 1392 loco
1022 1340 1284 1390 recenset
1313 1334 1720 1390 Firmilianum
1753 1334 1848 1389 cui
1898 1351 2045 1406 prae-

394 1429 576 1484 mittit
591 1427 1027 1482 Demetrianum
1053 1422 1363 1479 Antiochiae
1378 1423 1917 1493 (35),Theoctistum
1935 1422 2046 1494 (36)

394 1520 660 1573 Cresareze
692 1517 770 1587 (in
803 1513 1150 1584 Palrestina),
1186 1513 1584 1567 Mezubantem
1618 1509 2045 1582 llierosolymze,

395 1607 681 1662 Marinum
732 1603 887 1674 Tyri,
949 1601 1321 1657 Heliodorum
1372 1600 1691 1667 Laodicere,
1765 1600 2046 1654 llelenum

2156 1158 2638 1215 do-Firmilianus
2670 1159 3022 1232 Cyprianum
3056 1158 3373 1231 aliquando
3403 1158 3462 1214 in
3509 1157 3824 1229 singulari,

2155 1246 2470 1319 aliquando
2503 1247 2562 1303 in
2595 1247 2802 1320 plurali
2834 1249 3206 1318 alloquetur:
3244 1272 3269 1296 ‹‹
3297 1265 3328 1302 a
3350 1247 3511 1302 vobis
3535 1246 3820 1301 missum:

2158 1341 2219 1390 tu
2251 1337 2320 1392 ad
2354 1353 2460 1392 nos
2494 1337 2741 1407 misisti;
2778 1359 2804 1386 ››
2838 1342 2930 1392 ast
2959 1339 3028 1392 de
3059 1353 3122 1392 se
3188 1338 3314 1408 ipso
3367 1338 3714 1392 constanter
3767 1335 3827 1389 in

2157 1425 2369 1498 plurali
2428 1426 2814 1498 pronuntiat;
2860 1426 3064 1482 1369
3095 1447 3122 1476 «
3179 1426 3294 1482 Nos
3331 1448 3358 1474 ››
3438 1424 3828 1480 Firmilianus

2155 1536 2182 1562 «
2217 1514 2573 1586 accepimus,
2609 1537 2636 1564 ››
2671 1515 2770 1586 qui
2802 1518 2992 1586 stylus
3023 1513 3236 1570 saeculo
3269 1532 3331 1568 ιιι
3367 1515 3523 1585 apud
3583 1513 3827 1568 Graecos

2156 1601 2578 1658 fuitinsolitus.
2611 1607 2759 1659 Sane
2797 1603 3113 1676 Dionysius
3145 1602 3576 1658 Alexandrinus
3635 1603 3715 1658 de
3765 1617 3829 1657 se

2157 1690 2282 1762 ipso
2317 1690 2547 1747 locutus
2581 1697 2670 1748 est
2701 1692 2762 1748 in
2790 1692 3076 1764 singulari
3107 1693 3240 1763 (18).

2227 1779 2484 1850 Ojicinnt
2509 1798 2527 1834 ι
2556 1781 2932 1837 Firmilianus
2963 1782 3216 1853 acceptis
3246 1799 3280 1837 a
3311 1781 3636 1853 Rogatiano
3693 1781 3822 1836 dia-

2156 1884 2300 1923 cono
2331 1867 2718 1926 litterisillico
2751 1871 3040 1942 synodum
3094 1875 3567 1942 congregaverat,
3610 1876 3676 1926 et
3727 1886 3831 1925 no-

2152 1957 2308 2012 mine
2341 1957 2517 2014 totius
2552 1958 3149 2031 synodiresponditin
3171 1959 3384 2032 plurali
3409 1977 3422 2016 :
3444 1983 3472 2009 α
3505 1959 3624 2016 Nos
3659 1976 3826 2016 acce-

2152 2063 2369 2116 pimus.
2394 2067 2423 2095 »

2233 2135 2578 2208 Respondeo
2615 2138 2662 2192 l.
2697 2136 2886 2192 Etiam
2921 2137 3246 2210 Cyprianus
3292 2137 3531 2194 nomine
3587 2138 3831 2194 concilii

2152 2223 2405 2279 Africani
2441 2225 2808 2282 consuluisse
2866 2225 3283 2282 Firmilianum
3345 2227 3676 2294 asseritur;
3727 2244 3833 2282 cur

396 1693 604 1750 Tharsi
636 1692 960 1764 episcopos.
993 1690 1059 1746 Hi
1093 1707 1296 1745 omnes
1326 1689 1606 1762 episcopi,
1637 1690 1695 1744 S.
1734 1688 2046 1760 Dionysius

393 1783 845 1842 Alexandrinus,
877 1785 1009 1849 etc.,
1043 1778 1325 1851 dignitate
1347 1780 1598 1849 majores
1629 1781 1794 1833 erant
1840 1777 2044 1833 Firmi-
2076 1821 2124 1886 Β

396 1871 591 1938 liano;
625 1872 791 1926 erant
819 1867 1103 1941 Cypriane
1135 1867 1474 1933 viciniores;
1509 1883 1647 1921 nam
1679 1865 2043 1938 Cappadocia

398 1963 650 2017 multum
674 1961 930 2016 distabat
950 1959 1105 2014 ultra
1135 1959 1450 2020 Tharsum,
1521 1957 1639 2013 imo
1700 1958 1856 2012 ultra
1905 1971 2042 2028 pro-

394 2051 612 2107 vincias
670 2048 899 2116 Ciliciae,
952 2048 1008 2103 in
1060 2064 1177 2120 qua
1215 2047 1476 2102 Tharsus
1534 2054 1619 2102 est
1678 2044 2038 2117 metropolis.

393 2142 674 2211 Quisjam
709 2143 798 2194 est
829 2137 923 2193 ille
949 2137 1133 2201 testis,
1167 2137 1514 2209 quirel‘erat,
1541 2136 1698 2208 quod
1719 2134 2041 2208 Cyprianus

395 2230 631 2285 Latinus
689 2229 746 2283 in
781 2243 840 2282 re
907 2231 1025 2281 tam
1076 2227 1278 2294 ardua,
1335 2225 1553 2280 omisso
1637 2225 2042 2295 episcoporum

393 2318 730 2374 Latinorum
761 2315 1027 2382 consilio,
1061 2316 1131 2370 ad
1165 2314 1419 2385 aliquem
1453 2314 1713 2369 Grmcum
1736 2312 1795 2367 in
1827 2313 2045 2383 Cappa-

389 2408 554 2463 docia
585 2405 842 2478 positum
899 2403 1195 2476 appellare
1254 2402 1500 2458 voluerit
1532 2401 1752 2458 ?Solus
1803 2417 2042 2474 pseuso-

393 2493 768 2550 Firmilianus
790 2491 1018 2558 asserit,
1042 2507 1103 2546 se
1125 2507 1253 2546 esse
1285 2490 1449 2545 illum
1470 2493 1754 2555 Grmcum,
1780 2490 1850 2544 ad
1872 2505 2043 2560 quem

397 2582 582 2639 Latini
617 2580 1055 2653 appellaverint.
1092 2611 1158 2620 —
1189 2579 1652 2635 CredatJudreus
1685 2578 1945 2650 Appella.
1976 2608 2047 2618 —

397 2672 560 2737 Quod
601 2668 865 2726 Ecclesiae
907 2668 1111 2724 Grrecro
1155 2667 1559 2724 consuluerint
1612 2667 1866 2737 Latinos,
1921 2667 2045 2739 plu-

399 2763 550 2817 rima
570 2759 856 2816 habemus
887 2757 1151 2830 exempla
1175 2775 1206 2812 a
1238 2758 1450 2812 Graecis
1483 2756 1911 2828 antiquioribus
1955 2773 2047 2811 rc-

401 2853 556 2917 lata;
591 2849 745 2922 quod
772 2847 1080 2919 episcopus
1117 2847 1356 2902 Latinus
1389 2847 1444 2901 in
1505 2846 1678 2901 rebus
1731 2846 1863 2900 fidei
1909 2844 2048 2900 olim

401 2937 763 2996 consuluerit
809 2941 1057 3002 Graecos,
1111 2934 1335 3003 nullus,
1398 2934 1447 2990 si
1506 2935 1575 2989 dc
1650 2935 1708 2990 S.
1764 2935 2048 3007 Cypriano

398 3028 633 3084 interim
668 3024 1150 3099 praescindamus,
1185 3022 1328 3078 mihi
1362 3023 1534 3079 modo
1565 3023 1810 3078 occurrit
1855 3040 2047 3079 casus.

470 3113 691 3172 Seeculo
726 3131 764 3182 ι,
799 3113 1078 3169 Corinthii
1110 3112 1308 3178 Graeci,
1369 3112 1591 3167 vivente
1649 3112 1840 3167 adhuc
1897 3111 2048 3167 inter

397 3210 620 3261 Graecos
636 3204 858 3259 Joanne
887 3202 1269 3274 Evangelista,
1295 3218 1433 3257 suas
1455 3218 1662 3256 causas
1686 3199 1942 3256 detulere
1975 3201 2046 3256 ad

397 3295 812 3352 S.Clementem
831 3291 1179 3364 episcopum
1197 3289 1772 3358 Romanum,S:eculo
1791 3307 1853 3359 ιι,
1874 3307 2048 3345 causa

398 3381 710 3457 Polycratis
734 3398 836 3437 seu
869 3380 1064 3454 potius
1096 3379 1743 3452 quartodecimanorum
1798 3396 1867 3434 ex
1915 3380 2053 3434 Asia

397 3475 642 3529 Romam
674 3470 886 3526 delata.
934 3468 1160 3524 Saeculo
1221 3484 1305 3538 ιιι,
1365 3467 1676 3540 Dionysius
1720 3467 2054 3540 patriarcha

396 3560 829 3618 Alexandrinus
880 3558 940 3613 in
993 3558 1308 3631 quaestione
1351 3558 1735 3630 Baptismatis
1797 3556 2055 3612 consulit

398 3652 640 3724 Xystum
671 3664 904 3721 papam,
925 3647 1199 3719 Stephani
1222 3661 1644 3701 successorem.
1676 3645 2051 3719 Polycarpus,

401 3739 699 3812 Origenes,
736 3735 1115 3809 llegesippus,
1151 3736 1206 3790 in
1237 3751 1416 3790 causa
1443 3734 1742 3806 religionis
1808 3735 2052 3790 Romam

408 3828 645 3903 profecti
679 3828 856 3890 fuere,
892 3837 952 3880 ut
985 3825 1160 3880 refert
1192 3823 1476 3878 Eusebius
1507 3825 1758 3879 Grzecus.

476 3919 564 3976 48.
603 3917 888 3973 Probatur
935 3915 992 3967 5°
1049 3912 1443 3968 Examinando
1487 3913 1675 3986 ipsam
1725 3912 2056 3986 epistolam,

407 4026 532 4081 quae
591 4023 658 4063 ex
688 4001 1202 4061 notisintrinseeis
1251 4003 1340 4056 vel
1401 4007 1696 4074 suspecta,
1733 4001 1819 4058 vel
1882 4001 2058 4058 etiam

407 4101 603 4170 aperte
641 4091 1018 4166 supposititia
1057 4090 1542 4162 deprehendetur.
1603 4091 1873 4146 Cnntinet
1903 4090 2059 4146 enim

407 4184 847 4258 quamplurima
895 4180 1213 4252 respective
1237 4179 1321 4234 vel
1373 4179 1668 4250 haeretica,
1721 4179 1808 4235 vel
1857 4179 2062 4234 hmresi

408 4275 689 4350 proxima,
725 4270 1001 4327 historice
1035 4268 1202 4338 falsa,
1238 4285 1370 4323 cum
1403 4268 1758 4342 geographia
1787 4272 1844 4324 et
1901 4269 2064 4324 chro-

407 4363 638 4436 nologia
684 4357 1170 4433 incompatibilia,
1251 4357 1480 4430 aliaque
1531 4355 1865 4414 Firmiliano
1914 4357 2063 4413 indi-

425 4471 560 4527 gna.

495 4578 605 4649 (35)
640 4577 695 4649 Is_
724 4574 911 4649 primo
943 4572 1067 4631 loco
1101 4571 1325 4646 positus
1357 4572 1582 4627 videtur
1603 4572 1676 4628 ob
1723 4571 2067 4644 dignitatem

427 4647 545 4707 sua:
570 4647 860 4704 Ecclesiae.

489 4721 604 4793 (36)
630 4718 998 4774 Theoctistus
1037 4715 1321 4793 dignitate
1349 4714 1664 4793 episcopali
1685 4713 1813 4787 jam
1846 4715 2080 4793 functus

423 4787 630 4858 fuerat,
691 4797 1005 4862 antequam
1062 4787 1148 4843 vel
1181 4787 1459 4862 Origenes
1511 4790 1698 4862 luerat
1755 4788 2076 4860 presbyter.

427 4871 496 4922 V.
531 4864 740 4919 Euseb.
776 4859 940 4927 aII-3.,
976 4860 1009 4914 l.
1045 4877 1124 4930 vr,
1149 4875 1198 4915 c.
1231 4863 1337 4914 20:
1373 4859 1409 4912 l.
1436 4874 1540 4923 vn,
1574 4876 1624 4914 c.
1651 4860 1704 4912 5.

494 4936 605 5010 (37)
635 4936 765 5010 Haec
797 4933 1029 5010 phrasis
1062 4932 1571 5010 lilgrasadfiliurn
1599 4933 1801 5010 ['arere,
1835 4935 1890 4986 et
1919 4931 2082 4987 simi-

423 5001 509 5066 les
551 5001 608 5064 in
641 5001 905 5080 epistolis
935 5003 1106 5075 vulgo
1125 5001 1486 5074 Cyprianicis
1516 5004 1849 5072 frequentes
1879 5019 2079 5059 occur-

425 5085 582 5138 runt.

491 5153 601 5225 (:38)
774 5147 1006 5225 Euseb,
1067 5143 1106 5224 1ἶ
1155 5157 1280 5225 vui,
1337 5142 1484 5225 5.e_t
1518 5144 1577 5225 9_
1613 5143 1711 5225 ubi
1745 5143 2082 5225 Patriarcha

427 5213 856 5282 Alexandrinus
903 5219 961 5272 in
1020 5213 1268 5287 epistola
1309 5214 1516 5285 quinta
1547 5217 1616 5270 de
1647 5215 1945 5286 Baptismo
2002 5216 2082 5270 ita

428 5295 605 5354 scribi
649 5295 722 5348 ad
792 5291 1035 5364 Xystum
1113 5302 1364 5412 papam:
1430 5287 1665 5342 Consilio
1713 5304 1841 5358 opus
1916 5287 2082 5344 [iubeo

429 5378 480 5412 pr
514 5362 1027 5412 hmmsentenliam
1075 5375 1103 5412 α
1146 5375 1170 5412 s
1210 5362 1260 5412 te
1316 5368 1454 5412 veto.
1512 5375 1703 5412 cum...
1774 5373 1962 5412 verear
2016 5375 2082 5412 ne

429 5378 480 5426 et
513 5376 662 5422 tuam
690 5362 1027 5420 sententiam
1075 5362 1170 5413 abs
1210 5362 1260 5414 te
1313 5368 1454 5430 peto,
1512 5375 1703 5415 cum...
1774 5373 1962 5414 verear
2016 5375 2084 5414 ne

434 5439 1047 5584 [aig193._ﬂaptim,imo
1078 5499 1408 5573 raptissime
1439 5501 1716 5584 scriptam
1767 5501 1947 5584 fuisse
2003 5502 2085 5584 ait

505 5518 617 5584 (39)
652 5518 1047 5579 ltaptlm,1mo
1078 5518 1408 5573 rapusmme
1439 5518 1716 5630 scriptam
1767 5518 1947 5558 tuisse
2003 5518 2083 5557 ait

442 5575 872 5651 Dupinius.Cui
900 5574 1089 5651 risum
1122 5590 1236 5651 non
1271 5578 1493 5651 moveat
1523 5574 1561 5629 il
1592 5573 2083 5651 ud‘raptissime?

512 5644 625 5746 βο)
659 5649 787 5713 Haec
817 5646 964 5716 Asiae
993 5645 1256 5719 concilia,
1303 5661 1433 5722 quae
1467 5644 1824 5720 jampridem
1852 5649 2082 5722 (secun-

2156 2329 2294 2385 ergo
2324 2314 2700 2370 Firmilianus
2757 2315 2817 2370 in
2862 2315 3142 2387 pretemio
3203 2317 3515 2388 respondet
3567 2316 3675 2370 uni
3733 2320 3834 2386 Cy-

2155 2402 2359 2473 priane
2387 2418 2399 2456 :
2432 2423 2460 2451 ‹‹
2501 2405 2656 2469 Quas
2694 2403 2903 2470 fecisti,
2938 2403 3287 2460 charissima
3320 2404 3596 2460 frater?»

2229 2491 2570 2561 Respondeo
2628 2494 2681 2546 2.
2735 2491 3373 2549 Pseudo-Firmilianus
3458 2508 3524 2548 se
3583 2497 3835 2550 excusat

2155 2579 2309 2650 quod
2347 2595 2515 2633 suam
2549 2580 2983 2651 responsoriam
3008 2582 3185 2638 nimis
3211 2583 3601 2639 acceleranter
3633 2583 3836 2640 absol-

2153 2683 2285 2722 vere
2315 2668 2429 2736 (39)
2459 2673 2696 2724 coactus
2725 2668 2935 2735 fuerit;
2961 2669 3101 2741 quia
3145 2670 3511 2743 Rogatianus
3535 2673 3834 2729 diaconus

2157 2760 2491 2827 exspectare
2521 2756 2746 2824 nolens,
2777 2757 2930 2812 illico
2956 2759 3012 2814 in
3045 2759 3299 2816 Africam
3325 2762 3553 2832 regredi
3581 2763 3829 2818 festina-

2157 2844 2275 2907 bat,
2319 2848 2384 2899 ut
2407 2845 2635 2900 dicetur
2667 2863 2828 2902 num.
2861 2849 2949 2902 3i.
2985 2849 3042 2903 Si
3076 2865 3211 2922 ergo
3268 2851 3830 2921 pseudo-Firmilia-

2161 2949 2274 2988 nus
2308 2938 2530 2987 tantam
2555 2951 2778 2989 moram
2812 2952 2926 2990 non
2962 2936 3251 3006 habuerit,
3286 2945 3351 2992 ut
3378 2939 3675 3010 Cypriano
3738 2941 3832 2994 de-

2159 3021 2280 3076 bite
2306 3022 2655 3092 respondere
2676 3023 2763 3078 vel
2795 3023 3099 3094 potuisset,
3133 3043 3275 3081 sane
3295 3031 3351 3081 et
3380 3029 3678 3099 synodum
3745 3046 3831 3084 ce-

2161 3108 2440 3165 lelebrare
2473 3128 2586 3166 non
2621 3112 2810 3182 potuit
2843 3130 2856 3179 ;
2893 3111 2975 3167 vel
3022 3115 3304 3170 mentitus
3333 3119 3423 3170 est
3450 3121 3662 3172 auctor
3709 3118 3834 3189 epi-

2158 3198 2324 3255 stolas
2356 3199 2760 3255 Firmilianicze
2801 3200 3125 3256 incusando
3191 3203 3577 3276 Rogatianum
3633 3206 3837 3262 diaco-

2160 3305 2325 3359 num,
2360 3289 2514 3360 quod
2548 3289 2596 3344 is
2655 3288 2926 3361 dyscolus
2969 3291 3234 3361 nuntius,
3294 3309 3362 3348 ex
3391 3291 3569 3366 longo
3621 3295 3839 3351 itinere

2158 3377 2374 3436 lassus.
2408 3377 2700 3432 tantillum
2737 3379 3018 3451 temporis
3069 3380 3342 3437 Czrsareae
3377 3382 3434 3437 in
3467 3383 3845 3456 Cappadocia

2162 3467 2480 3521 consistere
2513 3467 2784 3522 noluerit.
2820 3474 2884 3522 ut
2910 3469 2964 3523 S.
2998 3470 3333 3526 Firmiliano
3360 3473 3638 3544 episcopo
3669 3476 3841 3529 suffi-

2171 3557 2332 3612 ciens
2365 3573 2529 3611 mora
2561 3556 2776 3612 fuisset
2807 3557 2863 3611 in
2900 3561 3098 3613 rotam
3135 3560 3315 3614 ardua
3348 3560 3610 3616 debitam
3665 3564 3849 3618 conli-

2165 3644 2357 3700 ciendi
2388 3643 2697 3716 epistolam
2735 3647 3187 3716 responsoriam.

2238 3737 2578 3810 Respondeo
2609 3738 2661 3791 3.
2696 3739 2908 3792 Auctor
2939 3738 3193 3808 epistola:
3223 3739 3395 3811 vulgo
3413 3741 3840 3798 Firmilianicze

2168 3827 2310 3882 satis
2341 3827 2651 3882 manifeste
2675 3826 2914 3896 indicat,
2948 3829 3236 3899 synodum
3270 3833 3342 3884 ob
3365 3830 3646 3903 Cypriani
3681 3833 3845 3888 litte-

2170 3932 2268 3970 ras
2299 3914 2692 3971 cousultorias
2724 3932 2839 3970 non
2878 3915 3055 3969 fuisse
3088 3933 3119 3970 a
3152 3917 3494 3973 Firmiliano
3560 3937 3847 3976 convoca-

2183 4011 2324 4076 tam,
2357 4021 2514 4070 cum,
2535 4004 3232 4076 pseudo-Firmilianusin
3258 4025 3364 4061 sua
3382 4010 3449 4062 ad
3478 4010 3844 4082 Cyprianum

2173 4093 2558 4165 responsoria
2583 4093 2853 4164 scripsit;

2247 4183 2300 4237 'l°
2334 4182 2721 4248 Qumstionem
2745 4183 3102 4255 jampridem
3140 4184 3198 4240 in
3228 4185 3492 4242 conciliis
3539 4189 3630 4258 =50)
3699 4192 3843 4244 Asis:

2177 4271 2361 4328 fuisse
2394 4273 2719 4327 definitam.

2247 4361 2455 4415 I370
2478 4360 2536 4414 2ο
2568 4361 2955 4424 Quaestionem
2997 4364 3144 4419 adeo
3182 4364 3414 4437 copiose
3445 4367 3848 4423 examinatam

2179 4452 2237 4505 et
2278 4449 2719 4520 comprobatam
2756 4451 2936 4506 fuisse
2968 4451 3023 4506 in
3058 4453 3308 4525 cpistola
3334 4470 3434 4525 per
3489 4456 3855 4528 Cyprianum

2179 4573 2320 4628 dum
2347 4571 2684 4627 Sbaraleam
2744 4572 2896 4628 Diss.
2929 4588 2968 4637 ι,
3000 4575 3053 4637 2,
3099 4592 3155 4628 n.
3230 4577 3313 4644 l3,
3373 4593 3526 4632 anno
3588 4580 3723 4644 2‘20,
3772 4580 3854 4634 vel

2189 4646 2314 4723 2l:_'),
2347 4645 2432 4698 vel
2503 4645 2690 4723 antea)
2723 4645 3193 4723 an_abaptis_m_um
3255 4641 3717 4723 deerravissrnt,
3759 4653 3852 4723 Cy-

2192 4715 2404 4788 priane,
2428 4715 2756 4786 usquedum
2791 4716 2989 4788 ignota
3022 4717 3202 4772 fuisse
3228 4719 3540 4786 videntur;
3579 4715 3724 4777 nam
3761 4715 3852 4778 an-

2192 4787 2317 4843 etor
2354 4787 2754 4866 Firmiliauica}
2787 4794 2876 4842 est
2907 4787 3154 4866 primus,
3188 4790 3288 4866 qui
3317 4791 3517 4866 eadem
3556 4793 3850 4866 Cypriane

2191 4858 2520 4914 annuntiat.
2587 4857 2655 4914 Ut
2700 4859 2848 4913 clam
2909 4857 3217 4915 omnibus
3269 4861 3491 4918 Latinis
3551 4857 3852 4921 cellsbrata

2193 4931 2460 4999 fuissent,
2495 4945 2729 5006 necesse
2760 4935 2885 4995 est;
2940 4932 3080 5002 quia
3136 4932 3349 5006 nullus,
3393 4937 3753 5006 pontificum
3794 4954 3852 4992 se

2192 5000 2799 5084 opposuisselegitur.
2837 5008 2902 5054 Al
2933 5000 3064 5084 vero
3098 5010 3267 5075 raptu
3297 5000 3536 5061 difficile
3569 5013 3664 5084 est
3690 5011 3848 5082 quod

2193 5072 2341 5128 nihil
2369 5072 2588 5148 de_illis
2630 5072 2905 5148 episcopo
2957 5072 3226 5148 Roman—or
3265 5093 3440 5148 super
3496 5072 3848 5136 universum

2192 5161 2422 5218 gregem
2449 5145 2684 5218 jugiterg
2722 5144 2981 5218 vigilanti
3008 5144 3397 5214 innotuisset;
3451 5166 3588 5205 cum
3653 5159 3852 5207 tamen

2195 5216 2331 5271 Asia
2364 5233 2464 5288 pro
2497 5221 2635 5270 tunc
2656 5216 2847 5289 Roma:
2880 5217 3071 5289 adhuc
3101 5219 3362 5289 subjecta
3393 5227 3519 5274 erat
3552 5223 3611 5277 in
3674 5225 3852 5278 civili-

2195 5291 2303 5344 bus
2335 5286 2494 5358 aique
2527 5304 2592 5343 ac
2618 5286 3046 5343 ecclesiasticis.
3087 5290 3182 5345 lno
3219 5286 3343 5345 ’illa
3388 5293 3537 5346 Asia:
3601 5298 3855 5350 consiiia

2191 5359 2566 5430 latueruntet
2597 5358 2899 5427 Origenem
2934 5367 3284 5430 corevum,et
3316 5362 3644 5419 Firmiliani
3684 5367 3852 5421 fami-

2191 5429 2573 5505 liarissimum
2605 5430 3029 5505 ethusebium,
3088 5429 3346 5505 alio'sque
3392 5439 3648 5492 Graecos.
3717 5441 3852 5505 Epi-

2193 5503 2402 5578 stolam
2428 5502 2710 5578 Dionysii,
2747 5507 2921 5578 prout
2945 5503 3050 5559 hoc
3091 5502 3268 5578 modo
3294 5505 3507 5578 legitur
3537 5511 3707 5578 apud
3738 5502 3848 5566 En-

2193 5575 2443 5650 sebium,
2474 5574 2516 5645 Ι,
2548 5574 2646 5650 vu,
2680 5590 2729 5631 c.
2775 5575 2844 5650 5,
2884 5575 3294 5650 interpolatam
3327 5574 3475 5650 esse,
3544 5574 3666 5638 alia
3725 5583 3846 5640 vice

2193 5646 2519 5710 ostendam.
2536 5647 2808 5721 Origenes
2831 5645 2942 5707 isto
2959 5645 3216 5723 tempore
3251 5645 3492 5708 ﬂorebat
3513 5654 3843 5731 presbyter,
