4112 6174
292 342 444 405 1425

1235 339 1440 404 PARS
1485 341 1561 404 li.
1597 374 1672 389 -
1705 342 2265 408 RECENTIORUM
2315 343 2752 410 EXCURSUS.

3553 347 3706 411 H26

290 476 499 549 missa,
535 480 598 534 ut
630 476 1256 551 pseudo-Firmilianus
1286 474 1481 535 nullas
1525 494 1703 536 novas
1733 467 1941 552 proba-
1975 479 2024 548 Α
2060 477 2257 536 innuit
2308 477 2628 554 singularis
2676 476 2778 535 illa
2824 477 3144 552 expressio:
3178 500 3207 531 «
3254 494 3406 554 saepe
3455 482 3711 555 repetita

289 568 483 624 tiones
514 567 764 624 voluerit
813 569 1266 640 supperaddere,
1299 565 1417 624 imo
1457 585 1523 624 ex
1554 572 1694 624 tunc
1726 569 1943 640 episto-

290 657 408 713 lam
442 657 710 730 Cypriani
745 657 1081 713 memoriter
1106 657 1407 712 addiscere
1444 657 1704 728 cmperit.
1740 657 1944 713 Confe-

291 751 500 802 rantur
529 765 584 801 ιι.
622 747 689 802 49
735 751 790 802 et
840 747 929 802 30.
980 747 1125 814 Ergo
1158 746 1788 818 pseudo-Firmilianus
1841 763 1942 802 no-

289 853 420 891 vam
466 836 753 908 synodum
805 835 1128 891 celebrasse
1189 852 1304 891 non
1354 835 1600 891 videtur.
1645 836 1944 892 Asscrenti

286 925 507 979 factum
540 924 829 979 incumbit
859 925 1144 995 probatio.

356 1012 774 1083 21.0bjiciunt
832 1030 892 1067 ιι.
932 1017 1144 1067 Auctor
1219 1012 1476 1086 epistola
1535 1012 1944 1069 Firmilianicre

285 1105 343 1159 in
377 1102 751 1158 conclusione
797 1102 992 1157 addit:
1029 1124 1056 1151 «
1089 1103 1239 1158 Bene
1269 1108 1325 1158 te
1381 1102 1572 1158 valere
1624 1119 1757 1157 cum
1810 1101 1943 1157 uni-

286 1191 494 1258 versis,
527 1190 625 1262 qui
661 1191 715 1244 in
749 1191 944 1246 Africa
973 1194 1130 1262 sunt,
1165 1191 1526 1264 cpisc0pis...
1561 1190 1816 1247 universi
1841 1207 1941 1262 op-

287 1284 504 1336 tamus.
537 1301 564 1329 »
601 1283 747 1352 Ergo
787 1280 1078 1352 synodum
1110 1279 1438 1336 celebravit.

358 1369 696 1440 Respondco
723 1371 770 1424 1.
800 1369 910 1424 Sed
952 1370 1052 1442 qui
1083 1375 1222 1426 sunt
1263 1370 1321 1424 hi
1357 1394 1383 1418 ‹‹
1417 1370 1698 1439 universi,
1734 1392 1761 1421 »
1796 1386 1943 1442 quos

285 1462 404 1514 tam
441 1459 554 1513 cito
588 1458 1008 1530 congregavit?
1045 1459 1126 1514 Ne
1173 1458 1262 1514 vel
1311 1459 1488 1516 unius
1536 1476 1782 1516 suorum
1815 1475 1942 1515 coe-

285 1546 659 1618 pisceperum
685 1562 897 1601 nomen
925 1546 1209 1618 Cypriane
1261 1546 1622 1618 perscripsit,
1648 1563 1838 1618 neque
1858 1547 1941 1602 lo-

285 1652 419 1690 cum
478 1635 986 1707 congregationis;
1039 1640 1204 1691 estne
1254 1635 1346 1690 hic
1401 1636 1590 1706 stylus
1649 1635 1939 1692 scribendi

283 1723 561 1796 epistolas
619 1722 1072 1796 synodicas?——
1113 1725 1219 1780 Sed
1282 1725 1428 1780 forte
1483 1725 1638 1780 dicat
1690 1724 1939 1795 aliquis:

2059 569 2352 625 memoriae
2385 569 2814 625 mandavimus.
2845 590 2872 616 ››

2127 659 2335 714 Nescio
2367 676 2439 714 an
2473 658 2660 730 magis
2692 655 3007 712 dolendum
3059 657 3145 712 vel
3186 659 3520 715 mirandum
3555 663 3706 732 quod

2055 747 2310 818 pretiosa
2344 747 2464 814 illa,
2495 751 2558 802 ut
2589 745 2888 816 asseritur,
2921 746 3167 817 epistola
3197 748 3254 802 in
3286 747 3532 804 concilio
3563 750 3712 805 Lati-

2055 853 2266 892 norum
2307 837 2576 892 Africano
2608 836 2954 908 composita,
2991 837 3046 890 in
3080 836 3322 892 concilio
3374 838 3704 895 Graecorum

2055 923 2225 995 lecta,
2277 925 2491 997 saepius
2547 924 2780 995 relecta,
2830 941 3006 996 quam
3058 924 3433 982 Firmilianus
3481 928 3702 996 statim,

2056 1019 2372 1086 antequam
2403 1013 2492 1069 vel
2521 1012 2922 1085 respenserias
2955 1012 3274 1083 scripserit,
3307 1031 3424 1070 sua:
3456 1017 3708 1072 manda-

2052 1103 2135 1159 vit
2165 1103 2480 1173 memoriaa,
2516 1120 2630 1158 non
2665 1101 2994 1172 pervenerit
3034 1102 3105 1156 ad
3142 1104 3450 1174 post-eros?
3481 1105 3604 1160 Non
3637 1107 3708 1161 ad

2055 1193 2498 1266 Hieronymum,
2529 1190 2614 1247 vel
2666 1191 2981 1246 Eusebium
3007 1189 3034 1244 ‘?
3063 1193 3188 1245 lme
3238 1190 3369 1262 ipsa
3416 1209 3532 1248 una
3571 1210 3704 1248 cum

2054 1281 2201 1336 actis
2233 1281 2605 1352 praefatorum
2641 1278 3022 1335 conciliorum
3081 1279 3371 1334 interierit
3403 1283 3424 1334 Ρ
3456 1281 3556 1336 sed
3589 1299 3706 1338 non

2055 1370 2348 1426 irascatur
2379 1371 2578 1426 1371
2638 1373 2838 1425 contra
2864 1368 3140 1440 antiquos
3171 1370 3487 1441 scriptores
3519 1371 3702 1426 cccle-

2054 1459 2346 1527 siasticos,
2379 1475 2630 1530 quorum
2664 1457 2922 1512 ofﬁcium
2960 1457 3189 1525 fuisset,
3225 1456 3433 1513 saltem
3466 1457 3702 1529 aliquod

2054 1550 2469 1618 argumentum
2503 1563 2570 1601 ex
2601 1545 2854 1618 prmfatis
2879 1545 3113 1617 scriptis
3145 1560 3462 1601 asservare.
3485 1545 3704 1602 Verum

2052 1635 2390 1706 Eusebium,
2437 1633 2872 1707 Hieronymum,
2914 1638 3046 1704 etc.,
3080 1633 3366 1690 habemus
3416 1633 3520 1689 hac
3552 1634 3612 1690 in
3645 1651 3706 1690 re

2051 1724 2354 1792 innocuos,
2380 1741 2512 1780 cum
2538 1728 2595 1780 et
2616 1723 2762 1796 ipsis
2784 1722 3185 1795 Anabaptistis
3207 1722 3418 1779 saeculo
3452 1740 3508 1780 ιν
3529 1726 3586 1779 et
3606 1722 3706 1779 illa

281 1813 481 1868 Hiems
513 1813 873 1869 imminebat.
908 1813 1244 1868 Firmiliano
1267 1819 1498 1887 tempus
1531 1831 1643 1870 non
1679 1814 1938 1869 sufﬁcic-
1973 1851 2016 1915 Β
2054 1830 2296 1869 suorum
2346 1813 2726 1869 conciliorum
2772 1815 2920 1880 acta,
2954 1812 3072 1868 imo
3120 1823 3176 1867 et
3218 1811 3457 1867 nomina
3487 1811 3705 1867 fuerint

281 1902 383 1956 bat
413 1901 719 1973 epistolam
766 1905 927 1958 tanto
979 1903 1209 1976 negotio
1260 1907 1685 1976 competentem
1740 1903 1934 1959 absol-

277 1989 451 2045 vendi
479 2007 491 2056 ;
525 1989 768 2044 nuntius
800 1991 1108 2046 Africanus
1139 1991 1361 2064 regredi
1396 1991 1729 2048 festinabat.

357 2079 751 2151 ReSpondeo:
805 2080 953 2152 Ergo
1003 2097 1107 2135 nec
1160 2085 1393 2153 tempus
1440 2081 1646 2136 habuit
1693 2096 1935 2154 congre-

281 2169 455 2241 gandi
490 2169 779 2240 synodum
802 2187 824 2233 ;
855 2173 910 2223 et
940 2185 1044 2223 cur
1086 2185 1199 2224 non
1251 2169 1482 2225 distulit
1531 2170 1791 2226 Latinam
1825 2171 1934 2244 Cy-

285 2257 473 2329 priani
497 2256 801 2328 epistolam
850 2256 1185 2313 memoriter
1233 2257 1557 2326 addiscere,
1589 2259 1771 2314 donec
1808 2259 1934 2331 ipse

284 2362 453 2402 suam
486 2345 919 2418 respensoriam
971 2345 1366 2402 absolvisset?
1398 2348 1680 2403 Cazterum
1717 2347 1813 2403 ille
1843 2365 1931 2403 ar-

284 2433 568 2490 chitectus
593 2451 900 2506 personam
923 2433 1192 2489 velociter
1212 2434 1520 2490 scribentis
1540 2436 1936 2507 assumpsisse

281 2523 512 2578 videtur
533 2524 660 2578 ideo
692 2528 775 2590 ut,
799 2522 848 2578 si
881 2540 1171 2578 naevorum
1197 2524 1650 2580 commissorum
1698 2525 1932 2581 convin-

282 2617 528 2678 ceretur,
581 2612 810 2668 facilius
851 2613 1221 2668 excusandus
1270 2617 1444 2668 esset.
1493 2617 1560 2668 V.
1615 2631 1669 2686 g.
1714 2613 1931 2670 oblitus

280 2701 393 2755 fuit
425 2701 633 2756 addere
657 2700 846 2757 locum
871 2701 1123 2767 concilii,
1150 2702 1349 2756 timuit
1382 2703 1683 2758 nominare
1713 2705 1931 2775 episco-

277 2806 386 2862 pos
419 2789 514 2860 qui
547 2794 779 2845 assertze
814 2791 1034 2863 synodo
1064 2790 1486 2846 interfuissent.
1521 2821 1592 2832 —
1621 2791 1699 2846 Ab
1730 2809 1794 2848 eo
1826 2792 1927 2864 qui

277 2878 490 2950 raptim
526 2879 730 2934 scribit
761 2879 910 2950 exigi
947 2879 1150 2950 nequit
1180 2884 1243 2934 ut
1276 2879 1420 2936 tales
1448 2881 1926 2938 circumstantias

275 2969 489 3023 referre
513 2969 739 3024 debeat.
772 2969 877 3023 Sed
909 2973 1103 3023 tamen
1155 2984 1260 3040 ego
1311 2968 1407 3023 uni
1440 2970 1740 3025 asserenti.
1775 2993 1800 3018 «
1835 2987 1921 3026 re-

273 3055 725 3127 baptizationem
758 3057 938 3113 fuisse
968 3055 1107 3112 olim
1139 3057 1197 3112 in
1243 3056 1488 3113 concilio
1536 3057 1858 3130 definitam,
1889 3081 1917 3110 υ

2045 1902 2263 1975 ignota.
2311 1901 2521 1957 Omnia
2597 1904 3006 1957 remanserunt
3061 1901 3351 1972 impressa
3406 1900 3700 1957 memoria:

2046 1991 2223 2047 unius
2260 1989 2861 2063 pseudo-Firmiliani.
2889 1988 2994 2055 Qui
3030 1989 3255 2062 pergit:

2114 2081 2204 2136 23.
2244 2103 2270 2131 ‹‹
2293 2079 2523 2136 Gratias
2553 2083 2790 2151 propter
2817 2077 2928 2134 hoc
2975 2078 3221 2134 Domino
3271 2077 3562 2136 maximas
3586 2079 3702 2151 egi-

2045 2186 2180 2224 mus
2226 2169 2380 2241 quod
2423 2168 2749 2240 contigerit,
2796 2171 2860 2223 ut
2904 2167 3001 2238 qui
3052 2183 3289 2239 corpore
3337 2184 3700 2240 separamur,

2045 2258 2252 2330 spiritu
2284 2258 2679 2314 adunemur...
2709 2260 2773 2312 ut
2803 2256 3041 2328 quasi...
3075 2256 3134 2310 in
3183 2256 3382 2311 eadem
3417 2257 3586 2313 demo
3619 2257 3703 2313 si-

2045 2346 2168 2404 mul
2185 2346 2610 2413 inhabitantes,
2631 2346 2784 2418 quod
2803 2349 2858 2401 et
2872 2346 3032 2401 decet
3049 2345 3259 2411 dicere,
3276 2344 3415 2416 quia
3430 2345 3704 2418 spiritua-

2041 2436 2117 2492 lis
2160 2437 2372 2492 domus
2420 2435 2520 2492 Dei
2570 2452 2687 2491 una
2717 2439 2826 2491 est.
2861 2435 2985 2489 Erit
3005 2434 3232 2489 enimin
3254 2433 3701 2501 nevissimis,ait

2043 2526 2318 2581 diebus...
2351 2526 2563 2580 domus
2598 2524 2694 2580 Dei
2728 2539 2905 2595 super
2935 2524 3179 2579 vertices
3231 2523 3590 2579 mentium...
3625 2527 3691 2580 Et

2041 2615 2098 2669 in
2139 2613 2371 2670 Psalme
2403 2611 2736 2684 postulatur
2757 2629 2788 2668 a
2812 2611 3054 2668 Domine
3089 2611 3418 2668 inhabitare
3439 2613 3498 2668 in
3517 2613 3690 2669 deme

2039 2705 2135 2757 Dei
2170 2720 2273 2775 per
2301 2719 2506 2758 omnes
2535 2702 2659 2757 dies
2690 2701 2841 2756 vitae.
2875 2704 2940 2754 Et
2971 2701 3028 2755 in
3062 2699 3174 2756 alio
3205 2699 3364 2756 loco:
3399 2702 3561 2766 Ecce,
3594 2701 3689 2757 in-

2037 2792 2186 2863 quit,
2218 2808 2396 2863 quam
2431 2793 2650 2847 bonum
2690 2795 2746 2846 et
2794 2788 3133 2859 veluptibile
3185 2794 3292 2857 est,
3320 2792 3384 2844 ut
3428 2789 3693 2846 habitent

2035 2879 2245 2934 fratres
2277 2878 2336 2933 in
2371 2895 2623 2933 unum...
2654 2879 2764 2933 Sed
2790 2881 2846 2933 et
2876 2876 3098 2948 angelis
3129 2875 3482 2948 voluptatem
3514 2878 3694 2932 maxi-

2036 2983 2190 3023 mam
2223 2971 2496 3040 praestat:
2522 2966 2738 3038 quibus
2758 2981 2950 3022 sermo
2981 2964 3215 3022 divinus
3253 2981 3382 3022 esse
3410 2966 3692 3038 gaudium

2033 3056 2091 3112 in
2122 3073 2239 3112 une
2270 3060 2571 3128 peccatore
2593 3054 2992 3128 pamitentiam
3027 3060 3236 3128 agente
3266 3059 3322 3111 et
3353 3055 3423 3111 ad
3450 3055 3693 3112 unitatis

274 3162 389 3202 non
441 3147 673 3202 credam
707 3146 820 3202 nisi
877 3146 1054 3202 simul
1099 3148 1286 3203 edicat
1317 3163 1330 3204 :
1388 3167 1408 3196 ι
1445 3147 1565 3219 ubi,
1601 3149 1854 3221 quando,
1888 3166 1921 3205 a
1971 3219 1982 3221 _
2028 3145 2328 3201 vinculum
2362 3148 2726 3202 revertente..
2761 3167 2789 3195 ››

276 3234 494 3306 quibus
530 3257 549 3284 ι
589 3235 763 3290 fuerit
791 3233 1173 3292 celebratum.

347 3325 436 3378 22.
470 3324 830 3396 Suppenitur
885 3341 1043 3397 ergo,
1104 3326 1257 3396 quod
1319 3328 1377 3381 S.
1411 3326 1733 3399 Cyprianus
1793 3345 1925 3383 cum

276 3412 564 3468 universis
586 3412 794 3469 Africa:
816 3413 1104 3486 episcopis
1132 3413 1354 3470 litteras
1384 3417 1777 3486 composuerit
1806 3417 1925 3488 ple-

278 3503 522 3558 nissime
554 3504 891 3575 probantes,
920 3525 948 3553 «
983 3503 1343 3575 baptismum
1377 3504 1449 3558 ab
1491 3504 1776 3560 haereticis
1808 3505 1924 3561 col-

277 3591 460 3647 latum
497 3609 609 3647 non
642 3591 829 3648 valere
857 3617 872 3660 ;
906 3615 934 3642 »
967 3593 1119 3663 quod
1151 3593 1256 3648 has
1295 3592 1518 3648 litteras
1551 3593 1926 3651 Firmilianus

277 3697 412 3735 cum
447 3680 570 3736 suis
602 3681 891 3736 universis
923 3681 1072 3736 tanti
1104 3681 1319 3752 fecerit,
1349 3687 1416 3737 ut
1451 3699 1550 3738 eas
1580 3682 1734 3754 (licet
1767 3683 1920 3740 idem

275 3769 746 3842 pseudo-dogma
776 3769 834 3824 in
869 3786 973 3824 sua
1004 3773 1058 3824 et
1089 3770 1293 3825 vicinis
1325 3771 1636 3843 provinciis
1658 3773 1782 3841 jam
1807 3772 1922 3845 pri-

273 3858 408 3913 dem
471 3857 778 3912 dcfinitum
811 3857 1021 3929 fuerat)
1052 3861 1268 3913 attente
1300 3863 1354 3914 et
1383 3858 1596 3931 saepius
1632 3860 1922 3932 relegerit,

271 3952 332 4002 et
362 3947 656 4002 memoriae
704 3946 1084 4013 mandaverit,
1118 3948 1452 4003 memoriter
1493 3949 1796 4005 addiscere
1826 3966 1920 4004 vo-

269 4035 464 4091 luerit.
499 4036 735 4090 Videtar
767 4052 902 4108 ergo
952 4036 1582 4108 pseudo-Firmilianus
1613 4036 1920 4110 epistolam

271 4125 544 4196 Cypriani
572 4125 828 4180 Latinam
863 4124 1048 4197 pluris
1081 4125 1306 4192 fecisse,
1340 4143 1515 4198 quam
1565 4131 1775 4184 cuncta
1814 4128 1922 4183 hac

271 4231 450 4286 super
477 4231 536 4270 re
563 4231 596 4270 a
627 4213 842 4270 Graecis
873 4214 1164 4271 celebrata
1196 4216 1344 4272 Asiae
1375 4215 1655 4286 concilia;
1683 4217 1740 4273 id
1764 4216 1918 4273 enim

273 4390 420 4463 obiit
441 4390 550 4446 sub
582 4390 874 4462 Stephano
909 4408 1091 4463 papa;
1124 4392 1266 4448 dum
1297 4393 1540 4462 vivebat,
1579 4393 1918 4450 consuleba-

275 4462 458 4537 turgin
493 4463 854 4537 quibuslibet
883 4462 1291 4537 controversiis
1331 4483 1364 4521 a
1407 4465 1632 4537 dissitis
1662 4482 1825 4537 teque
1855 4481 1919 4520 ac

275 4551 310 4589 a
341 4533 546 4606 vicinis
578 4534 887 4606 episcopis,
923 4535 1173 4592 maxime
1204 4553 1237 4591 a
1267 4536 1623 4592 Firmiliane.
1660 4533 1918 4592 In'velu-

277 4605 542 4660 minibus
591 4605 718 4677 qua:
749 4607 1031 4678 Origenes
1077 4607 1311 4677 reliquit
1370 4607 1646 4678 plurima,
1691 4608 1915 4663 nullum

275 4679 531 4751 occurrit
553 4679 845 4751 judicium
878 4679 949 4733 de
977 4677 1093 4734 illis
1141 4679 1286 4734 Asia:
1335 4677 1617 4744 conciliis,
1652 4685 1752 4734 aut
1778 4697 1918 4751 prae-

273 4750 395 4820 fata
424 4749 938 4820 Anabaptistarum
964 4751 1372 4806 controversia.
1397 4751 1682 4806 Eusebius
1713 4749 1918 4806 omnes

271 4819 537 4894 Origenis
568 4819 748 4894 libros
799 4821 1051 4892 legerat;
1086 4821 1182 4876 illa
1214 4823 1363 4877 Asis:
1411 4821 1655 4878 concilia
1685 4823 1916 4894 ignora-

268 4891 374 4960 vit,
420 4909 544 4962 qnai
595 4891 633 4948 l.
666 4910 724 4947 v1
776 4891 986 4948 referre
1034 4894 1352 4948 debuisset.
1405 4895 1625 4949 Ibidem
1676 4891 1920 4950 mentie-

270 4963 596 5039 nemj'acit,
630 4965 790 5039 quod
818 4965 970 5039 circa
999 4982 1220 5039 annum
1250 4967 1355 5039 238
1378 4965 1674 5039 Berylluis,
1693 4967 1915 5039 episce-

269 5051 383 5106 pus
418 5035 744 5111 Sostrensis
778 5036 833 5089 in
886 5036 1098 5111 Arabia
1131 5036 1455 5111 httBI‘C‘liCUS,
1490 5035 1828 5111 abgOrigene
1860 5037 1918 5092 in

265 5105 514 5180 concilio
547 5106 934 5180 plurimorum
977 5108 1380 5180 episcoporum
1434 5108 1608 5164 fuerit
1638 5105 1919 5165 re'ductus

269 5177 343 5254 ad
378 5177 560 5254 fidem
584 5177 928 5254 catholicam
959 5197 971 5245 ;
1007 5177 1115 5254 ast,
1150 5177 1304 5254 quod
1333 5183 1396 5254 et
1420 5180 1456 5235 ii
1500 5181 1598 5254 qui
1632 5197 1664 5236 a
1698 5181 1920 5254 Berylle

269 5251 501 5324 fuerant
530 5250 804 5322 baptizati
837 5251 1144 5324 debuerint
1169 5250 1542 5324 rebaptizari,
1568 5252 1783 5324 nemini
1808 5250 1921 5324 'pre

269 5327 412 5395 tunc
445 5322 504 5375 in
557 5327 814 5395 mentem
859 5323 1089 5395 venisse
1137 5322 1409 5395 patctfex
1455 5323 1723 5390 Eusebio,
1752 5323 1790 5390 l,
1819 5322 1922 5386 vn,

271 5390 372 5466 ubi
406 5393 617 5466 asserit
649 5394 802 5466 quod
838 5390 1213 5466 rcbaplizatie
1248 5393 1499 5465 primum
1545 5396 1778 5466 ccepcrit
1813 5395 1923 5450 sub

271 5412 372 5445 um
406 5412 617 5447 asserit
649 5412 802 5466 quoa
838 5412 1213 5466 renapuzaue
1248 5412 1499 5465 primum
1545 5412 1626 5451 cce
1672 5412 1778 5450 cru
1813 5412 1923 5450 sue

271 5463 590 5534 Stephano.
626 5468 704 5519 Ac
761 5466 917 5520 illius
967 5467 1171 5536 synodi
1230 5470 1430 5520 contra
1489 5412 1777 5534 Beryilum
1839 5483 1926 5521 co-

274 5539 438 5610 actae,
473 5540 528 5590 et
578 5538 930 5610 quaestiones
986 5536 1249 5610 Origenis
1298 5541 1500 5610 contra
1528 5537 1718 5610 illum
1759 5543 1924 5610 meta:

276 5606 802 5681 adhucexstabant
849 5606 1116 5681 tempore
1159 5609 1389 5664 Eusebii
1439 5609 1536 5680 qui
1570 5610 1849 5668 videatur.
1884 5609 1922 5663 l.

277 5696 360 5752 v1,
393 5695 442 5737 c.
477 5679 566 5750 33,
600 5683 654 5739 et
693 5697 741 5738 c.
773 5681 862 5740 20.
894 5679 1062 5755 Apud
1093 5681 1409 5742 Eusebium
1458 5679 1716 5757 episcopi
1747 5682 1927 5741 eccle-

2108 3235 2150 3290 Ι.
2185 3235 2400 3290 Verum
2433 3238 2540 3300 est,
2576 3234 2676 3290 SS.
2712 3231 3089 3288 l‘irmilianus
3123 3237 3178 3288 et
3214 3234 3537 3305 Cyprianus
3568 3250 3691 3289 cer-

2037 3339 2174 3396 pere
2204 3324 2457 3380 maxime
2489 3324 2928 3394 separabantur,
2961 3322 3254 3392 siquidem
3286 3324 3346 3380 S.
3370 3323 3691 3395 Cyprianus

2035 3413 2384 3485 Carthagine
2414 3430 2473 3468 in
2504 3413 2715 3484 Africa,
2758 3412 2857 3468 ubi
2908 3429 3064 3468 nunc
3115 3413 3431 3484 Tunetum,
3463 3413 3688 3483 episce-

2035 3519 2145 3574 pus
2176 3507 2320 3571 erat,
2353 3506 2410 3558 et
2437 3502 2495 3557 S.
2524 3500 2899 3557 Firmilianus
2929 3501 2988 3556 in
3028 3501 3166 3557 Asia
3216 3502 3424 3573 majori
3458 3501 3690 3558 habltr

2034 3591 2149 3659 bat,
2187 3591 2496 3663 episcopus
2537 3590 2808 3646 Caesareae
2844 3591 2904 3645 in
2954 3590 3342 3664 Cappadocia,
3369 3609 3495 3664 quas
3529 3592 3684 3664 regie

2033 3681 2261 3750 adiacet
2299 3679 2602 3750 Armeniaz,
2634 3679 2721 3736 vel
2753 3680 2928 3736 etiam
2977 3679 3158 3753 hujus
3207 3698 3342 3754 pars
3381 3685 3685 3754 reputatur

2032 3768 2104 3824 ab
2127 3768 2257 3825 aliis
2277 3769 2410 3841 (41).

2101 3858 2207 3914 Sed
2238 3875 2312 3914 an
2344 3858 2614 3930 scriptori
2649 3858 2942 3916 Cathelice
2989 3858 3172 3916 videri
3221 3859 3509 3932 potuisset
3541 3860 3682 3931 quid

2031 3945 2328 4021 singulare
2365 3946 2453 4004 vel
2484 3949 3035 4016 extraordinarium,
3078 3949 3232 4022 quod
3284 3948 3588 4020 contigerit
3620 3955 3684 4004 ut

2031 4037 2144 4092 duo
2176 4036 2232 4091 in
2267 4037 2468 4092 eodem
2512 4038 2771 4092 Romano
2812 4037 3056 4110 imperio
3085 4036 3366 4110 episcopi,
3400 4036 3498 4109 qui
3557 4054 3680 4093 cer-

2029 4143 2168 4200 pore
2189 4130 2554 4198 separantur,
2580 4127 2787 4199 spiritu
2812 4126 3258 4183 aduncntur?ln
3283 4143 3393 4198 quo
3416 4126 3683 4183 consistit

2028 4215 2129 4272 illa
2160 4215 2546 4288 deprazdieata
2577 4216 2946 4284 ceadunatie,
2973 4215 3046 4271 ob
3079 4231 3281 4287 quam,
3303 4218 3367 4270 ut
3405 4232 3463 4271 n.
3495 4216 3566 4270 26
3595 4215 3676 4270 vi-

2029 4393 2247 4467 siarum
2271 4393 2588 4467 lconiensis
2619 4410 2648 4449 c
2678 4393 3030 4467 Synadensis
3062 4396 3465 4467 recensentur,
3491 4410 3524 4448 a
3555 4393 3674 4449 dis-

2029 4466 2244 4538 ciplina
2275 4466 2609 4538 laudantur,
2636 4465 3139 4538 sancti_vocantur
3166 4469 3224 4538 et
3255 4465 3409 4538 beati
3428 4465 3669 4538 fratres,

2028 4535 2119 4593 ast
2148 4539 2217 4592 de
2248 4536 2508 4593 cencillis
2532 4537 2748 4592 ibidem
2783 4536 3090 4592 celebratis
3131 4535 3316 4592 altum
3366 4537 3670 4592 silentium

1950 4594 1995 4658 D
2026 4614 2132 4665 est.
2170 4609 2247 4663 Ex
2281 4609 2372 4662 his
2395 4608 2662 4677 conjicio,
2689 4607 2788 4662 illa
2817 4607 3065 4664 concilia
3093 4625 3222 4664 esse
3245 4608 3464 4664 fictitia.

2097 4681 2207 4748 (41)
2237 4680 2520 4735 Videatur
2547 4679 2877 4752 Calepinus,
2911 4696 2941 4733 e
2965 4680 3258 4752 veteribus
3305 4679 3530 4734 Plinius
3580 4695 3669 4735 se-

2027 4752 2290 4808 cundus:
2327 4755 2581 4806 Caesarea
2619 4751 2993 4822 Cappadociae
3025 4751 3161 4808 olim
3215 4751 3517 4809 dicebatur
3553 4754 3671 4805 Ma-

2027 4769 2290 4808 cuneus:
2327 4769 2581 4806 Caesarea
2619 4769 2993 4877 uagpadeciaa
3025 4769 3161 4808 eum
3215 4769 3517 4809 dicebatur
3553 4769 3671 4805 ma-

2027 4840 2180 4878 zaca.
2204 4823 2311 4878 Via
2359 4822 2652 4878 ordinaria
2746 4823 3050 4895 arthagine
3088 4830 3404 4880 ()zesaream
3441 4822 3671 4895 institui

2027 4897 2304 4951 debuerat
2337 4911 2433 4964 per
2485 4910 2645 4950 mare
2688 4893 3174 4952 Mediterraneum
3231 4912 3434 4952 versus
3486 4893 3671 4965 Ephe-

2029 4984 2162 5024 sum
2187 4987 2201 5032 ς
2234 4966 2510 5023 distantia
2540 4967 2694 5022 inter
2723 4967 3015 5035 Ephesum
3048 4973 3104 5023 et
3127 4967 3532 5035 Carthaginem
3554 4965 3668 5020 erit

2030 5039 2256 5094 circiter
2310 5039 2535 5104 eadem,
2597 5055 2722 5110 qum
2769 5036 3194 5095 Romaminter
3247 5044 3304 5095 et
3354 5036 3670 5110 Ephesum.

2030 5115 2144 5166 lter
2175 5110 2439 5181 pedestre
2479 5109 2708 5181 Epheso
2756 5126 2961 5165 versus
3008 5111 3326 5181 Mazacam,
3350 5125 3448 5163 seu
3485 5109 3672 5181 Caesa-

2032 5179 2211 5251 ream,
2257 5188 2404 5238 teste
2454 5179 2758 5252 Strabone,
2811 5181 2848 5236 1.
2890 5198 3003 5252 xxv,
3038 5185 3197 5252 sunt
3270 5180 3411 5252 3820
3460 5179 3673 5252 stadia,

2032 5270 2167 5326 ergo
2196 5249 2303 5308 7175
2334 5252 2603 5308 milliaria
2659 5249 2935 5326 Romana,
2966 5249 3067 5326 vel
3091 5251 3162 5326 (isi
3192 5253 3226 5305 5
3249 5249 3530 5326 milliaria
3564 5251 3672 5326 Ro-

2035 5323 2208 5380 mana
2241 5329 2648 5394 computentur
2671 5325 2736 5379 ad
2762 5342 2945 5380 unum
2969 5323 3217 5379 milliare
3237 5323 3674 5394 Germanicum)

2031 5398 2102 5450 95
2133 5393 2404 5451 milliaria
2434 5395 2800 5463 Germanica,
2825 5412 3072 5467 quorum
3107 5395 3175 5450 45
3201 5393 3460 5467 efﬁciunt
3486 5398 3522 5467 1,
3543 5409 3672 5467 gra-

2035 5469 2196 5523 dum.
2229 5500 2303 5549 -ῖ
2346 5467 2630 5549 Bingham
2681 5485 2758 5549 v,_
2788 5464 3323 5549 Βᾎιξιίᾳᾳτιεςςῖιιξδ.
3374 5464 3672 5549 Carthagi-

2035 5557 2167 5611 nem
2200 5536 2497 5611 collocavit
2529 5538 2586 5593 in
2619 5540 2803 5611 gradu
2835 5541 2905 5593 26
2935 5536 3314 5611 longitudinis
3353 5536 3671 5611 ct_33_lati-

2035 5610 2278 5674 tudinis,
2311 5606 2720 5665 Caesaream—in
2747 5612 2944 5686 .gradu
2989 5612 3061 5666 68
3099 5608 3305 5736 lonfit,
3335 5612 3394 5665 et
3421 5609 3490 5664 3O
3521 5606 3674 5664 latit.

2037 5682 2267 5736 Distant
2293 5699 2429 5736 eme
2457 5684 2494 5736 5
2523 5682 2810 5736 gradibus
2839 5682 2983 5736 latit.
3019 5687 3073 5736 et
3102 5682 3168 5736 32
3221 5680 3403 5736 enizit.

2037 5682 2267 5741 Distant
2293 5699 2429 5757 ergo
2457 5684 2494 5742 5
2521 5680 2810 5757 gradibus
2839 5682 2983 5740 latit.
3019 5687 3073 5739 et
3102 5682 3168 5737 32
3196 5680 3403 5752 longit.
