4106 6190
415 338 570 397 1427

1455 333 1558 393 DE
1603 330 2204 395 ΗιΕῆΕτιωοιιυΜ
2247 330 2778 392 BAPTISMATE.

3675 332 3836 394 “28

410 464 702 534 debimus,
726 482 860 523 cum
893 482 1106 540 magna
1125 465 1328 523 laetitia
1357 465 1736 524 exsultaverit
1762 466 1788 522 ?
1814 468 1895 522 An
1920 467 1976 521 in
1999 483 2064 522 eo
2097 466 2150 534 Α
2180 464 2620 537 improbitatem
2653 463 2762 519 hac
2795 463 2986 536 prima
3024 465 3144 522 vice
3190 465 3655 538 praetereundam
3705 483 3839 525 esse

413 557 566 630 quod
624 557 934 626 Novatum,
987 557 1321 613 haereticum
1397 559 1732 631 nuperrime
1786 563 2072 624 exortum,

415 647 716 703 communi
747 663 1037 703 consensu
1088 648 1158 702 ab
1210 647 1470 704 Ecclesia
1516 648 1826 719 ejecissent
1855 647 1881 701 ?
1913 648 1972 702 Id
2011 647 2069 702 S.

417 737 788 793 Firmilianus
820 737 916 809 qui
937 737 993 792 in
1025 737 1233 792 haresi
1254 737 1455 792 Novati
1483 738 1552 792 ab
1579 736 1849 792 Ecclesiis
1880 736 2073 792 Orien-

419 827 634 882 talibus
668 826 952 897 ejicienda
984 830 1258 881 strenuus
1309 827 1672 882 laboraverat
1719 827 1852 898 (42),
1886 830 2075 880 tacere

423 934 538 970 non
571 915 886 982 debuisset,
925 931 1039 970 non
1093 915 1418 986 potuisset;
1455 921 1546 971 ast
1591 917 1662 970 ob
1711 915 2073 971 eliminatam

422 1004 692 1061 haeresim
733 1004 935 1059 Novati
969 1003 1160 1060 nullas
1189 1004 1304 1060 Deo
1333 1005 1552 1076 gratias
1595 1005 1862 1076 scripsit;
1898 1019 2075 1076 quam

425 1111 560 1166 ergo
604 1096 676 1149 ob
728 1110 967 1148 causam
1019 1092 1135 1165 egit
1187 1093 1522 1148 maximas?
1564 1094 1724 1157 Quod
1765 1093 2076 1148 coadunati

424 1183 642 1238 fuerint
664 1187 863 1238 contra
886 1186 1106 1254 Papam
1133 1182 1538 1238 defendentem
1570 1181 1912 1238 traditiones
1933 1181 2079 1237 anti-

425 1289 593 1344 quas,
628 1273 783 1344 quod
816 1272 1218 1328 consenserint
1250 1271 1306 1326 in
1342 1271 1660 1327 tolerandis
1704 1272 1858 1326 circa
1889 1272 2078 1343 bapti-

426 1377 621 1416 smum
682 1360 1172 1416 dissensionibus.
1206 1360 1418 1415 Contra
1455 1364 1684 1415 Patrem
1717 1360 2077 1416 debacchan-

429 1454 545 1518 tur,
593 1451 663 1505 de
693 1449 1077 1505 haeresiarcha
1109 1449 1326 1506 Novato
1360 1448 1553 1504 silent.

503 1538 572 1593 ΙΙ.
607 1539 823 1593 Textus
854 1538 911 1592 S.
944 1538 1256 1609 Scriptura:
1303 1538 1499 1594 minus
1533 1554 1787 1610 congrue
1835 1538 2079 1593 adhibiti

428 1627 750 1695 videntur;
778 1644 881 1683 nec
914 1627 1067 1699 sapit
1087 1627 1232 1682 illud
1260 1626 1596 1699 voluptibile
1617 1628 2080 1700 gaudium,quod

431 1718 637 1772 1372
673 1715 898 1789 angelis
939 1716 1014 1771 sit
1060 1717 1117 1771 in
1180 1733 1293 1771 uno
1355 1723 1649 1786 peccatore
1684 1716 2080 1788 paenitentiam

431 1810 657 1878 agente.
709 1805 1032 1860 Praemissis
1084 1804 1200 1860 illis
1233 1823 1334 1877 per
1381 1806 1440 1861 S.
1477 1805 1837 1878 Scripturam
1880 1822 2081 1877 evaga-

430 1895 690 1951 tionibus
712 1895 1090 1967 conqueritur
1120 1900 1321 1950 contra
1351 1895 1714 1966 Stephanum
1749 1911 1980 1966 papam.

501 1986 589 2039 24.
613 2009 638 2034 ‹‹
675 1985 835 2048 Quod
872 2001 972 2056 per
1001 1984 1181 2054 hujus
1209 1984 1698 2039 inhumanitatem
1732 2001 1887 2038 nunc
1914 1984 2080 2039 effec-

432 2078 557 2129 tum
599 2073 694 2142 sit,
731 2079 793 2128 ut
825 2091 926 2128 nec
977 2073 1369 2128 confabulatio
1412 2074 1536 2144 jam
1579 2073 1766 2145 possit
1796 2090 1944 2144 esse,
1980 2091 2082 2128 nec

433 2179 626 2219 sermo
659 2163 1011 2218 communis.
1053 2185 1072 2211 υ

505 2253 545 2306 l.
590 2252 739 2322 Ergo
789 2250 1078 2306 sententia
1127 2250 1405 2322 Stephani
1451 2267 1610 2322 papas
1671 2251 1986 2306 maximam
2023 2251 2081 2304 in

433 2340 648 2395 animis
698 2339 1126 2411 episcoporum,
1187 2340 1362 2394 etiam
1411 2339 1824 2410 Orientalium,
1884 2341 2085 2396 fecerit

436 2428 910 2500 impressionem,
944 2445 1178 2484 necesse
1211 2434 1315 2499 est,
1341 2446 1475 2484 cum
1501 2429 1634 2484 inde
1657 2430 1922 2487 effectum
1957 2431 2082 2484 fue-

438 2517 533 2584 rit,
568 2522 633 2572 ut
667 2516 864 2571 nullus
895 2533 1027 2571 cum
1066 2517 1398 2573 Firmiliano
1438 2518 1798 2574 confabulari
1830 2518 2084 2590 amplius

434 2606 702 2674 voluerit,
737 2623 840 2661 nec
872 2607 995 2678 ipse
1029 2623 1357 2662 sermonem
1405 2607 1613 2663 habere
1643 2609 1895 2680 potuerit
1928 2626 2085 2665 com-

438 2711 697 2749 munem.
731 2694 1030 2757 Qoumodo
1063 2696 1183 2750 ινιωο
1232 2696 1521 2751 cohaerent
1567 2713 1701 2751 cum
1743 2702 1962 2753 asserta
1987 2715 2088 2770 sy-

441 2783 592 2838 nodo
625 2799 726 2854 per
750 2783 1153 2838 Firmilianum
1181 2785 1237 2838 in
1272 2785 1526 2840 favorem
1561 2786 1620 2841 S.
1646 2786 1917 2858 Cypriani
1951 2786 2090 2843 cele-

435 2871 731 2926 brataPN.
763 2874 852 2927 21.
878 2874 1160 2928 Caeterum
1185 2872 1392 2928 lubens
1423 2874 1666 2929 admitto
1699 2876 1875 2946 quod,
1897 2877 1945 2930 si
1977 2877 2091 2932 Fir-

440 2959 722 3014 milianus
752 2978 785 3015 a
821 2978 966 3033 papa
1013 2977 1142 3017 vere
1193 2963 1400 3017 fuisset
1448 2964 2009 3031 excommunicatus,
2044 2966 2092 3021 is

439 3049 510 3104 ad
545 3049 1077 3106 confabulationem
1110 3069 1244 3107 cum
1297 3051 1601 3109 catholicis
1648 3055 1945 3110 admissus
1977 3073 2091 3110 non

439 3138 667 3193 fuisset.

2181 553 2424 623 dixerat,
2450 570 2519 609 ne
2554 553 2893 610 maestitiam
2918 555 3145 622 inferat,
3174 555 3474 612 exsultans
3505 557 3840 626 revertitur,

2184 644 2339 699 unde
2371 648 2640 715 coeperat,
2678 643 2877 698 dicens
2905 662 2916 698 :

2257 756 2282 780 ‹‹
2316 735 2458 787 Cum
2495 749 2707 804 magna
2739 731 2940 787 laetitia
2979 733 3423 804 exsultavimus,
3458 739 3517 790 et
3549 735 3665 792 Deo
3699 753 3842 810 gra-

2184 821 2552 893 tiasegimus,
2587 823 2686 893 qui
2737 821 3068 878 invenimus
3100 823 3159 877 in
3195 824 3471 879 fratribus
3525 829 3640 880 tam
3669 825 3846 898 longe

2186 910 2394 983 positis
2425 915 2649 966 tantam
2701 911 3009 966 nobiscum
3051 913 3183 968 fidei
3229 919 3286 967 et
3333 914 3597 969 veritatis
3639 914 3848 970 unani-

2186 999 2533 1055 mitatem...
2561 1003 2623 1054 ut
2653 1017 2754 1055 VUS
2787 999 2886 1070 qui
2917 999 3274 1071 longissimis
3307 1003 3643 1074 regionibus
3674 1021 3709 1059 a
3740 1020 3844 1059 no-

2187 1089 2276 1143 bis
2311 1088 2562 1160 separati
2623 1089 2784 1158 estis,
2819 1106 2996 1144 sensu
3045 1093 3101 1143 et
3158 1088 3346 1162 spritu
3406 1091 3710 1164 cepulatos
3742 1109 3846 1150 vos

2189 1193 2316 1232 esse
2348 1176 2649 1232 nobiscum
2683 1177 3028 1248 probaretis.
3065 1200 3092 1228 »

2261 1267 2302 1320 Ι.
2338 1265 2722 1336 Depraadicata
2755 1265 2854 1321 illa
2886 1266 3019 1321 fidei
3075 1271 3131 1323 et
3171 1268 3430 1324 veritatis
3471 1271 3688 1335 unitas,
3721 1287 3849 1342 qua

2189 1353 2270 1409 illi
2304 1355 2701 1426 Anahaptistaa
2734 1372 2794 1410 se
2827 1371 3000 1411 sensu
3035 1361 3093 1411 et
3137 1357 3346 1428 spiritu
3377 1358 3680 1429 copulatas
3713 1376 3851 1431 pro-

2189 1445 2489 1510 baverant,
2523 1444 2881 1499 consistebat
2913 1444 2970 1498 in
3003 1461 3066 1499 eo
3099 1446 3250 1516 quod
3300 1450 3500 1502 contra
3543 1447 3851 1503 deﬁnitio-

2192 1549 2324 1587 nem
2358 1549 2517 1604 papae
2571 1533 2943 1588 manifestam
2996 1533 3266 1589 haeresim
3319 1535 3580 1590 animose
3627 1553 3850 1608 propu-

2191 1621 2634 1694 gnassent;hinc
2648 1621 3008 1678 exsultantes
3021 1623 3136 1678 Deo
3154 1623 3439 1679 maximas
3457 1630 3852 1698 egeruntgra-

2191 1713 2323 1765 tias.
2358 1710 2467 1764 Sed
2501 1709 2571 1765 ad
2605 1710 2745 1780 quid
2795 1709 2914 1764 hac
2974 1711 3258 1783 repetitio,
3294 1730 3424 1767 cum
3485 1715 3691 1769 eadem
3721 1715 3850 1785 jam

2194 1816 2372 1870 supra
2401 1798 2670 1854 dixerat?
2702 1799 2767 1852 N.
2801 1800 2893 1864 23,
2921 1805 2978 1854 et
3017 1799 3131 1854 sibi
3160 1806 3418 1873 tempus,
3451 1807 3515 1856 ut
3569 1804 3852 1874 quaestio-

2193 1906 2325 1944 nem
2359 1887 2739 1960 principalem
2769 1889 2974 1943 1373
3016 1889 3207 1944 debite
3228 1896 3588 1961 pertractare
3623 1892 3852 1948 valuis-

2193 1983 2299 2043 set,
2333 1979 2533 2033 deesse
2563 1981 2920 2048 conquestus
2953 1977 3204 2034 fuisset?
3235 1979 3300 2033 Ν.
3323 1979 3390 2034 34
3421 1981 3556 2051 (45).

2261 2067 2350 2121 27.
2383 2067 2546 2120 Tunc
2605 2066 2816 2121 iterum
2876 2066 3167 2122 immiscet
3214 2067 3480 2140 exempla
3529 2069 3850 2141 scripturi-

2191 2156 2338 2210 stica
2394 2171 2524 2226 quae
2583 2154 2780 2210 nullus
2836 2159 3245 2227 exspectasset.
3281 2157 3341 2210 E.
3395 2175 3510 2229 gr.,
3529 2163 3854 2230 postquam

2193 2243 2475 2299 inutiliter
2506 2242 2834 2316 repetiisset
2864 2245 3202 2299 distantiam
3234 2244 3518 2314 locorum,
3544 2246 3856 2319 ineptissi-

2194 2351 2288 2389 me
2316 2334 2744 2404 transgreditur
2774 2333 2843 2387 ad
2866 2333 3208 2389 distantiam
3239 2338 3593 2406 temporum.

2271 2444 2289 2470 ι
2325 2423 2655 2478 Secundum
2700 2422 2854 2493 quod
2886 2426 2942 2476 et
2989 2422 3127 2477 olim
3177 2421 3482 2478 intervallo
3514 2428 3855 2494 temporum

2194 2515 2493 2582 separatos
2524 2511 2594 2564 ab
2623 2510 2734 2565 Job
2762 2515 2818 2565 et
2843 2510 2959 2564 Noe
2991 2510 3089 2581 qui
3110 2510 3167 2565 in
3201 2510 3405 2583 primis
3436 2511 3696 2576 fuerant,
3725 2513 3859 2568 Eze-

2195 2600 2440 2655 chielem
2475 2603 2530 2655 et
2561 2599 2848 2654 Danielcm
2882 2600 3233 2671 posteriores
3284 2604 3447 2655 astate
3495 2603 3566 2656 ad
3602 2601 3857 2657 unitatis

2197 2688 2494 2745 vinculum
2527 2688 2712 2744 virtus
2743 2688 2938 2743 divina
2968 2688 3268 2758 conjunxit
3293 2693 3374 2756 ut,
3401 2690 3678 2761 quamvis
3706 2694 3854 2744 tem-

2199 2778 2440 2851 poribus
2471 2777 2641 2849 longe
2671 2778 2904 2832 discreti
2960 2783 3143 2847 erant,
3167 2778 3373 2833 eadem
3420 2783 3619 2834 tamen
3656 2779 3856 2834 divina

2202 2867 2580 2939 inspiratione
2640 2867 2943 2922 sentirent.
2987 2888 3014 2917 ››
3065 2867 3244 2921 Addit
3281 2865 3416 2922 huic
3465 2867 3594 2923 loco
3659 2867 3863 2922 minus

2201 2955 2636 3011 convenientem
2696 2960 2963 3024 textum,
3017 2972 3227 3028 nempe
3281 2973 3349 3011 ex
3407 2956 3576 3012 Psal.
3635 2973 3781 3011 xvm
3848 2975 3860 3012 :

2201 3050 2270 3102 In
2328 3048 2641 3100 universam
2688 3054 2893 3100 terram
2949 3047 3122 3101 exivit
3165 3061 3334 3101 son—us
3407 3062 3617 3102 eorum.
3673 3071 3702 3095 ‹‹
3759 3048 3867 3110 Qui

2205 3135 2428 3190 unitate
2460 3135 2704 3207 spiritus
2738 3134 3009 3191 velociter
3038 3139 3369 3206 currentes,
3404 3159 3425 3184 ο
3461 3140 3572 3191 etc.

511 3227 580 3281 ΙΙ.
614 3230 718 3283 Ast
756 3227 963 3283 falsum
1020 3233 1109 3284 est
1151 3231 1301 3300 quod
1363 3232 1781 3288 commercium
1841 3233 2097 3289 Orientis
2129 3216 2171 3282 C
2281 3223 2575 3279 Pamelius
2607 3224 2706 3296 qui
2740 3223 3062 3296 plurimum
3089 3224 3377 3280 laboravit
3397 3224 3455 3278 in
3490 3223 3869 3280 illustrandis

443 3332 578 3370 cum
611 3317 906 3388 Stephano
940 3336 1086 3390 papa
1119 3319 1289 3375 fuerit
1332 3321 1746 3393 interruptum,
1770 3321 1856 3378 vel
1897 3323 2097 3378 Orien-

442 3404 649 3459 talium
683 3405 833 3461 inter
863 3423 922 3462 se
955 3413 1252 3476 mutuum,
1290 3415 1351 3464 ut
1391 3411 1621 3466 abunde
1652 3415 1808 3482 patet
1849 3429 1917 3466 ex
1947 3411 2098 3468 litte-

445 3493 525 3549 ris
570 3494 824 3566 Dionysii
853 3495 1229 3551 Alexandrini
1275 3499 1345 3552 ad
1394 3499 1756 3571 Stephanum
1807 3501 2100 3574 hujusque

451 3599 816 3639 successores
848 3585 979 3655 (43).
1015 3585 1326 3641 Fabulator
1355 3588 1543 3659 pergit
1573 3605 1658 3644 ac.

517 3673 606 3726 25.
642 3672 1006 3744 Stephanum
1039 3691 1250 3746 papam
1281 3676 1446 3731 Judaa
1487 3677 1766 3748 proditori
1799 3678 2102 3751 (indirecte

451 3760 804 3832 Cyprianum
837 3761 1091 3833 Christo)
1122 3780 1462 3835 comparare
1495 3767 1815 3836 praesumit,
1851 3768 2100 3840 subjun-

448 3864 594 3920 gene
620 3866 633 3904 :
665 3872 691 3900 «
716 3850 827 3906 Sed
851 3850 974 3906 haec
999 3851 1235 3907 interim
1260 3869 1386 3924 quae
1408 3871 1440 3909 a
1457 3855 1753 3926 Stephano
1783 3861 1946 3928 gesta
1966 3861 2105 3912 sunt

449 3943 886 4011 praetereantur,
915 3957 1006 4009 ne,
1040 3941 1180 3997 dum
1232 3943 1488 3999 audacias
1541 3948 1598 4000 et
1627 3945 1947 4002 insolentias
1979 3947 2104 4017 ejus

450 4028 854 4101 meminimus,
889 4030 959 4086 de
990 4030 1164 4086 rebus
1187 4032 1259 4086 ab
1283 4049 1348 4087 eo
1384 4033 1645 4104 improbe
1669 4036 1849 4106 gestis
1882 4035 2103 4109 longio-

449 4132 572 4172 rem
607 4117 942 4173 mmstitiam
979 4119 1148 4175 nobis
1179 4119 1520 4177 inferamus.
1551 4145 1580 4172 ››

521 4207 654 4269 Quae
694 4213 834 4262 sunt
865 4207 984 4263 haec
1043 4208 1307 4281 improbe
1350 4215 1534 4283 gesta,
1565 4212 1636 4268 ob
1689 4229 1813 4284 quas
1865 4215 1921 4270 S.
1958 4231 2108 4286 papa

449 4296 611 4350 Judae
636 4297 916 4367 proditori
944 4299 1053 4368 (44)
1081 4299 1332 4369 potuerit
1362 4299 1674 4356 assimilari
1697 4302 1723 4355 ?
1749 4303 1903 4366 Quos
1928 4307 2106 4359 testes

453 4385 724 4456 producit
783 4387 1458 4457 pseudo-Firmilianus?
1514 4389 1736 4456 Nullos,
1799 4397 2107 4447 contentus

455 4474 615 4529 nuda
644 4475 966 4532 assertione
1010 4478 1267 4548 propria.
1303 4479 1422 4534 Sub
1473 4480 1657 4549 ﬁgura
1703 4481 2108 4552 praeteritionis

2208 3312 2470 3385 epistolis
2527 3314 2624 3368 SS.
2687 3314 2967 3386 Cypriane
3043 3318 3100 3368 et
3152 3313 3485 3369 Firmiliano
3536 3314 3865 3381 attributis,

2210 3403 2362 3458 circa
2413 3403 2710 3473 praefatam
2762 3402 3091 3473 periocham
3160 3404 3394 3458 tandem
3467 3403 3664 3458 fassus
3717 3409 3806 3458 est
3851 3419 3864 3456 :

2211 3516 2238 3542 α
2267 3492 2391 3555 Qua
2419 3492 2476 3546 in
2511 3509 2569 3546 re
2599 3491 2750 3547 idem
2770 3491 3060 3547 senserint
3093 3493 3207 3548 Noe
3237 3499 3292 3547 et
3323 3491 3520 3547 Daniel
3548 3508 3660 3547 non
3700 3493 3867 3563 potui

2211 3580 2536 3635 invenire...
2561 3579 2671 3634 Job
2703 3584 2898 3636 autem
2928 3584 2985 3634 et
3015 3579 3273 3636 Ezechiel
3331 3581 3400 3635 de
3432 3580 3867 3636 resurrectione

2212 3670 2405 3725 carnis
2465 3670 2617 3724 idem
2677 3669 3137 3742 prophetaruut,
3194 3669 3290 3725 ille
3347 3686 3452 3742 cap
3488 3713 3501 3725 .
3556 3687 3655 3724 xxx
3693 3716 3708 3741 ,
3775 3671 3868 3724 hic

2211 3778 2342 3816 VBPO
2374 3778 2586 3816 XXXVII.
2624 3783 2649 3810 ))

2283 3851 2393 3906 Sed
2419 3852 2544 3922 jam
2577 3851 2703 3906 dico
2734 3855 2790 3906 et
2847 3851 3209 3923 Stephanum
3259 3868 3389 3907 cum
3439 3850 3588 3906 Jobo
3639 3855 3699 3905 et
3730 3851 3873 3906 Eze-

2213 3939 2417 4008 chiele,
2442 3941 2558 3996 imo
2588 3951 2641 3996 et
2673 3958 2802 3996 cum
2827 3941 3161 3996 Firmiliano
3184 3945 3238 3997 et
3260 3940 3544 4013 Cypriane
3575 3942 3632 3994 in
3656 3942 3874 3996 unitate

2214 4028 2452 4100 Spiritus
2521 4031 2774 4085 velociter
2837 4032 3167 4086 cucurrisse.
3229 4029 3370 4093 Quis
3449 4029 3608 4084 enim
3703 4029 3872 4084 dubi-

2214 4119 2359 4173 tavit
2388 4117 2746 4189 Stephanum
2781 4135 2944 4191 aeque
2995 4135 3059 4174 ac
3117 4117 3544 4185 Firmilianum,
3586 4121 3726 4184 etc.,
3754 4134 3873 4173 cre-

2214 4207 2434 4263 didisse
2463 4211 2647 4262 carnis
2666 4211 3126 4264 resurrectionem
3151 4211 3175 4260 .9

2285 4297 2374 4351 28.
2407 4297 2787 4368 Prosequitur
2845 4314 2912 4351 ex
2969 4297 3026 4352 8.
3064 4296 3364 4366 Scriptura
3418 4295 3668 4367 probare
3721 4296 3874 4368 quod

2217 4384 2538 4440 econtrario
2573 4385 2716 4440 nihil
2769 4386 2951 4457 prosit
3000 4384 3408 4458 propinquitas
3457 4400 3799 4456 corporum,
3828 4385 3874 4439 si

2219 4476 2369 4532 desit
2399 4477 2729 4548 conjunctio
2763 4477 3117 4532 animorum.

455 4561 698 4616 simulat
726 4563 1013 4634 impostor
1042 4581 1104 4620 se
1143 4583 1210 4621 ea
1239 4584 1361 4637 quae
1408 4573 1647 4623 sanctus
1692 4586 1839 4641 papa
1868 4569 2106 4640 Stepha-
2142 4585 2186 4648 ι)
2288 4565 2431 4620 Nam
2468 4567 2526 4620 in
2559 4566 2856 4638 Scriptura
2904 4567 3151 4639 legitur:
3189 4567 3318 4621 Ecce
3374 4567 3470 4636 qui
3520 4565 3791 4636 elongant
3823 4581 3875 4620 se

457 4666 568 4703 nus
595 4650 770 4720 impie
793 4652 1039 4722 gesserit
1070 4671 1183 4708 non
1230 4661 1850 4722 commemoraturum,
1887 4674 1957 4712 ne
1984 4657 2106 4713 lon-

453 4738 582 4810 gior
611 4738 897 4795 inferatur
919 4742 1190 4798 mestitia
1214 4763 1227 4812 ;
1252 4748 1342 4798 ast
1365 4744 1513 4799 hanc
1539 4747 1947 4816 praeteritionis
1969 4748 2111 4819 ligu-

455 4843 580 4882 ram
609 4829 823 4898 szepius
847 4830 1153 4886 audiemus
1177 4839 1701 4902 reccurrentem,et
1726 4835 2109 4892 nihilominus

456 4917 691 4972 tandem
733 4919 1123 4990 subsequetur
1173 4927 1445 4976 accurata
1495 4924 1970 4980 commemoratio
2019 4941 2108 4980 eo-

458 5024 587 5062 rum
621 5024 747 5079 quae
780 5009 838 5064 S.
865 5009 1196 5080 Stephanus
1227 5010 1407 5083 impie
1432 5013 1697 5084 gesserit,
1725 5030 1852 5084 qua:
1885 5013 2106 5087 longio-

458 5114 578 5151 rem
613 5097 946 5152 mcestitiam
980 5097 1212 5154 illatura
1243 5099 1378 5155 sint.

524 5187 614 5240 26.
678 5185 1332 5252 Pseudo-Firmilianus,
1368 5193 1677 5261 postquam
1712 5192 1766 5246 S.
1805 5192 2108 5263 Stephani-

847 5328 1079 5405 Euseb.,
1113 5327 1162 5405 l._
1187 5346 1262 5405 vi,
1294 5346 1419 5405 cap.
1463 5332 1572 5387 ult.
1603 5349 1614 5398 ;
1648 5332 1748 5387 lib.
1781 5349 1858 5388 vn
1893 5350 2018 5405 cap.
2049 5335 2103 5388 5.

464 5466 496 5476 μ
528 5397 950 5476 (113)8Vidheatur
999 5399 1302 5476 Eusebius,
1336 5397 1382 5456 l.'
1407 5421 1505 5474 vn,
1542 5421 1575 5458 a
1604 5397 1752 5474 cap.
1787 5406 1840 5468 7,
1873 5407 1942 5460 ad
1965 5397 2057 5460 ’11
2090 5425 2102 5474 ;

461 5468 598 5520 item
635 5468 885 5535 Prwt‘at,
919 5488 977 5524 n.
1004 5473 1058 5526 2.

531 5537 644 5618 (μ)
694 5543 1022 5618 Donatistae,
1057 5543 1266 5599 saeculo
1308 5561 1362 5610 ν,
1387 5546 1562 5618 etiam
1616 5547 1671 5602 S.
1706 5548 2104 5618 Augustinum

456 5609 620 5692 Judae
656 5611 949 5692 proditori
982 5609 1434 5692 compararunt.
1469 5617 1535 5672 V.
1569 5623 1623 5672 Β.
1685 5609 2017 5692 Αιιεῖιιεὶίιι.9
2062 5620 2100 5675 l.

459 5699 498 5738 ιι
533 5680 715 5738 Contr.
753 5682 860 5737 litt.
894 5685 1080 5752 Pelil.,
1113 5680 1162 5743 ό.
1196 5688 1250 5742 8.

2220 4655 2318 4710 abs
2353 4657 2406 4710 te
2457 4655 2735 4726 peribunt.
2769 4655 2950 4711 Item:
2987 4660 3172 4722 Pater,
3199 4655 3296 4721 da,
3346 4659 3409 4709 ut
3453 4654 3726 4725 quomodo
3781 4671 3874 4725 ego

2219 4748 2274 4799 et
2300 4748 2360 4798 tu
2391 4761 2562 4799 unum
2581 4761 2786 4812 sumus,
2820 4747 2900 4800 sic
2929 4753 2978 4800 et
3006 4746 3065 4800 hi
3095 4747 3154 4800 in
3184 4746 3340 4801 nobis
3368 4759 3542 4799 unum
3573 4745 3715 4799 sint.

2289 4833 2332 4889 Ι.
2358 4834 2584 4889 Primus
2613 4839 2805 4889 textus
2829 4833 3089 4906 loquitur
3113 4835 3183 4889 de
3207 4833 3420 4888 unione
3444 4832 3710 4887 hominis
3745 4848 3875 4887 cum

2220 4923 2380 4990 Deo;
2432 4923 2724 4979 secundus
2775 4922 2983 4978 nullibi
3033 4923 3091 4978 in
3127 4923 3186 4979 S.
3230 4922 3539 4994 Scriptura
3590 4924 3880 4992 reperitur

2220 5011 2329 5067 sub
2389 5011 2502 5066 illis
2560 5011 2936 5068 formalibus.
2999 5012 3242 5068 Joannis
3299 5028 3456 5075 xvn,
3490 5011 3577 5064 ita
3608 5009 3875 5082 legitur:

2221 5101 2365 5174 Rogo
2397 5117 2493 5172 pro
2523 5103 2674 5170 σίδη,
2707 5111 2766 5157 ut
2792 5119 2967 5157 unum
3001 5105 3137 5170 sint,
3161 5103 3302 5156 sicut
3349 5104 3429 5154 tu.
3465 5101 3661 5166 Pater,
3688 5101 3752 5153 in
3799 5113 3880 5152 me

2217 5193 2272 5245 et
2289 5206 2382 5260 ego
2415 5191 2567 5258 inte,
2600 5198 2663 5245 ut
2695 5199 2746 5246 et
2767 5193 2872 5262 ipsi
2892 5193 2952 5246 in
2982 5191 3136 5246 nobis
3167 5207 3341 5245 unum
3367 5191 3481 5244 sint
3513 5189 3651 5259 (46).

2287 5333 2403 5404 (45)
2434 5336 2721 5403 lmpostor
2752 5333 2820 5387 de
2851 5351 2918 5388 ea
2948 5349 3126 5404 quam
3159 5331 3474 5387 fabricatus
3506 5334 3601 5386 est
3632 5329 3877 5403 epistola

2216 5403 2598 5474 singuluriter
2629 5404 2891 5476 gravisus
2926 5403 3107 5460 fuisse
3134 5405 3379 5459 videtur.

2287 5473 2396 5541 (ἇὸ)
2429 5477 2504 5530 Ita
2539 5473 2770 5546 quoque
2820 5477 3094 5532 recitatur
3121 5494 3153 5531 a
3206 5477 3264 5531 S.
3297 5475 3582 5545 Cypriane
3614 5473 3678 5528 de
3702 5545 3707 5546 γ
3731 5477 3869 5530 Ora-

2215 5549 2360 5672 ζέονῆ
2385 5547 2686 5673 ῗῗὲηίηίθα,
2719 5549 2876 5619 quod
2927 5565 3075 5620 opus
3134 5547 3405 5603 laudatur
3452 5562 3488 5602 a
3545 5547 3609 5602 S.
3644 5545 3856 5602 Hilario

2215 5634 2272 5671 in
2365 5635 2397 5673 a
2498 5659 2509 5672 .

2214 5634 2272 5671 in
2307 5634 2509 5674 manu.
