4112 6174
348 311 502 373 1429

1292 305 1490 365 PARS
1533 301 1610 364 II.
1645 334 1720 347 —
1751 297 2315 363 RECENTIORUM
2365 301 2808 366 EXCURSUS.

3597 305 3752 367 H3O

418 442 488 499 II.
522 439 664 499 Dein
696 440 765 498 ad
801 439 963 513 quid,
997 455 1214 513 quasso,
1245 436 1358 494 illas
1398 436 1735 510 incongruas
1781 450 1990 508 evaga-
2018 431 2072 500 Α
2104 432 2258 491 hunc
2316 435 2918 510 pseudo-prophetam
2979 435 3075 509 qui
3145 451 3212 492 ex
3288 435 3526 509 prmfa‘to
3585 438 3749 494 Pauli

344 533 555 601 tiones,
592 549 717 604 qua
751 531 911 586 nullo
945 530 1116 585 modo
1147 532 1367 585 statum
1400 526 1738 600 qumstionis
1769 540 1995 581 concer-

346 625 529 679 nunt?
574 622 652 676 Ex
675 620 925 694 epistola
955 636 1144 691 usque
1189 619 1304 674 huc
1353 617 1503 673 lecta
1547 617 1798 672 necdum
1849 614 1992 669 divi-

349 729 488 768 nare
544 711 760 781 licebit,
821 710 974 782 quod
1027 708 1200 763 fuerit
1251 707 1543 777 objectum
1590 703 1991 761 controversia

345 803 500 856 inter
532 801 634 856 SS.
671 800 1033 871 Stephanum
1085 803 1140 853 et
1187 797 1541 869 Cyprianum
1592 795 1840 867 agitatae,
1873 796 1929 848 et
1961 809 1994 846 a

346 890 632 957 conciliis,
664 893 730 944 ut
760 889 1067 957 asseritur,
1101 885 1440 943 solemniter
1478 885 1704 941 decisae.
1740 883 1990 938 Multum

345 982 510 1038 abest
542 985 604 1035 ut
630 979 779 1034 hanc
812 995 944 1032 mox
976 977 1246 1048 attingat,
1281 979 1346 1030 ut
1394 975 1588 1047 potius
1633 975 1845 1029 iterum
1879 971 1990 1027 alio

345 1073 640 1141 evagetur.

417 1159 505 1212 29.
529 1155 734 1227 Incipit
756 1154 996 1210 laudare
1020 1153 1330 1226 epistolam
1354 1153 1412 1209 S.
1439 1151 1730 1225 Cypriani,
1749 1151 1949 1207 dicens
1975 1169 1986 1205 :

349 1272 376 1298 ‹‹
403 1249 519 1303 Nos
546 1263 681 1302 vero
710 1262 796 1316 ea,
831 1266 856 1293 »
892 1247 1026 1312 etc.,
1059 1247 1123 1298 ut
1152 1261 1332 1316 supra
1357 1261 1416 1298 n.
1452 1243 1538 1298 19.

417 1336 628 1391 Addit:
663 1352 725 1390 se
757 1333 978 1405 aliquid
1011 1350 1078 1389 ex
1107 1332 1209 1388 illa
1237 1349 1369 1388 esse
1412 1333 1830 1404 repetiturum,
1854 1347 1989 1386 cum

345 1426 466 1482 haec
498 1424 761 1496 repetitio
794 1440 908 1478 non
941 1423 1096 1479 obsit
1127 1422 1361 1478 utilitati
1391 1421 1656 1489 salutari,
1677 1425 1733 1476 et
1765 1420 1988 1493 aliquid

351 1515 480 1570 novi
513 1513 1034 1586 superadditurum
1065 1513 1135 1566 ad
1176 1510 1662 1566 accumulandam
1697 1509 1989 1582 probatio-

346 1621 516 1671 nem;
559 1603 659 1658 sed
693 1602 928 1657 interim
979 1618 1082 1656 nec
1128 1600 1510 1673 quastionem
1563 1599 1851 1672 proponit,
1886 1614 1990 1653 nec

344 1693 474 1748 illas
507 1709 684 1748 novas
715 1690 1084 1763 probationes
1138 1690 1414 1756 adducit;
1464 1689 1605 1760 quin
1658 1706 1759 1760 per
1808 1705 1989 1744 novas

345 1783 621 1853 ambages
654 1780 924 1852 sequitur
953 1779 1267 1845 excusatio,
1303 1796 1406 1833 cur
1449 1779 1574 1851 ipse
1609 1777 1982 1850 quaestionem
2022 1814 2068 1876 Β

346 1885 523 1940 quam
583 1867 804 1923 dixerat
849 1867 1350 1923 sufﬁcientissime
1407 1884 1439 1922 a
1492 1867 1777 1939 Cypriano
1820 1867 1990 1922 modo

345 1959 650 2030 probatam
701 1956 902 2028 fuisse,
954 1957 1116 2012 novis
1166 1956 1609 2028 probationibus
1659 1957 1988 2012 communi-

345 2049 514 2101 turus
546 2046 638 2114 sit,
674 2061 880 2116 nempe
913 2045 1081 2100 ideo:
1119 2068 1144 2094 ‹‹
1177 2045 1322 2108 Quia
1371 2045 1428 2098 in
1477 2043 1736 2099 Ecclesia
1779 2043 1988 2097 Christi

343 2141 484 2192 sunt
539 2135 833 2208 prophetae
889 2134 1082 2202 multi,
1140 2139 1196 2189 et
1253 2135 1302 2189 si
1362 2135 1571 2188 1374
1628 2133 1727 2188 uni
1763 2133 1988 2204 (utique

341 2222 951 2297 pseudo-Firmiliauo)
983 2223 1200 2294 aliquid
1245 2223 1418 2277 fuerit
1467 2223 1809 2290 revelatum,
1843 2220 1988 2276 alter

339 2319 528 2369 tacere
553 2313 738 2368 debet.
779 2334 805 2361 ››
840 2312 919 2367 En
954 2314 1080 2384 ejus
1123 2314 1337 2367 verba:

409 2403 497 2456 30.
535 2425 563 2453 «
589 2402 782 2472 Neque
805 2402 971 2457 obest
993 2401 1234 2457 utilitati
1260 2401 1523 2470 salutari,
1550 2404 1647 2455 aut
1671 2401 1871 2454 eadem
1897 2416 1984 2454 re-

340 2496 530 2547 texere
582 2492 652 2546 ad
710 2492 1169 2546 confirmandam
1223 2489 1551 2555 veritatem,
1585 2493 1686 2544 aut
1717 2489 1982 2560 quaedam

338 2581 548 2636 addere
579 2581 647 2635 ad
682 2579 1098 2635 cumulandam
1136 2579 1558 2651 probationem.
1595 2579 1651 2634 Si
1703 2578 1842 2651 quid
1877 2595 1984 2633 au-

347 2673 457 2725 tem
485 2686 514 2723 a
545 2669 714 2724 nobis
747 2669 1011 2724 additum
1048 2669 1363 2735 fuerit,non
1388 2669 1477 2722 sic
1504 2668 1738 2721 additur
1760 2669 1926 2739 quasi
1954 2685 1986 2723 θ.

335 2758 499 2813 vobis
526 2758 745 2830 aliquid
771 2758 968 2814 minus
993 2759 1214 2813 dictum
1240 2757 1336 2828 sit,
1361 2758 1460 2812 sed
1491 2757 1764 2829 quoniam
1792 2773 1983 2812 sermo

337 2846 568 2902 divinus
596 2847 919 2903 humanam
951 2851 1223 2902 naturam
1257 2847 1717 2918 supergreditur,
1753 2862 1857 2901 nec
1889 2862 1986 2916 po-

335 2940 448 2992 test
476 2941 662 2992 totum
689 2941 743 2992 et
768 2937 1089 3009 perfectum
1113 2936 1309 2991 anima
1331 2935 1654 3007 concipere.
1678 2967 1747 2974 —
1769 2935 1983 2990 Idcirco

336 3031 393 3082 et
422 3030 619 3082 tantus
652 3031 738 3082 est
770 3043 1052 3082 numerus
1094 3026 1534 3097 prophetarum,
1567 3029 1631 3079 ut
1677 3023 1983 3096 multiplex

337 3115 532 3173 divina
563 3116 850 3188 sapientia
881 3132 981 3188 per
1008 3115 1224 3170 multos
1257 3114 1648 3170 distribuatur
1675 3139 1688 3182 ;
1740 3115 1895 3168 unde
1925 3118 1982 3169 et

2101 528 2258 580 textu
2291 526 2402 598 (48)
2436 527 2798 597 ineptissime
2829 543 3034 583 novam
3076 529 3380 599 extorquet
3408 526 3744 598 falsitatem,

2102 631 2311 687 nempe
2351 617 2743 671 necessarium
2777 633 2903 672 esse
2936 621 2998 671 ut
3029 616 3278 689 singulis
3310 616 3478 671 annis
3502 617 3748 672 concilia

2103 712 2569 778 congregentur;
2603 725 2740 762 nam
2770 707 3109 762 immediate
3141 707 3544 778 prosequitur:

2175 796 2262 849 31.
2304 815 2326 844 ι
2358 796 2478 860 Qua
2512 813 2580 852 ex
2610 813 2789 852 causa
2818 797 2973 868 apud
3006 813 3111 851 nos
3145 797 3227 862 ﬁt,
3261 800 3326 851 ut
3357 813 3458 868 per
3478 796 3745 869 singulos

2102 901 2286 940 annos
2318 885 2577 941 seniores
2607 891 2664 941 et
2694 885 2985 958 praepositi
3019 885 3075 939 in
3113 902 3296 941 unum
3331 885 3749 942 conveniamus

2101 975 2172 1028 ad
2205 974 2634 1046 disponendum
2686 991 2754 1029 ea
2795 991 2920 1046 quae
2975 991 3125 1028 curae
3178 978 3388 1029 nostras
3435 975 3754 1030 commissa

2101 1068 2260 1130 sunt,
2296 1067 2380 1128 ut,
2413 1063 2459 1119 si
2494 1081 2619 1135 quae
2651 1063 2917 1135 graviora
2965 1066 3126 1131 sunt,
3171 1063 3471 1119 communi
3503 1063 3749 1120 consilio

2101 1151 2448 1224 dirigantur,
2483 1152 2665 1224 lapsis
2698 1169 2948 1224 quoque,
2984 1175 3012 1202 »
3045 1157 3182 1220 etc.,
3218 1155 3282 1207 ut
3312 1170 3369 1208 n.
3403 1169 3526 1225 seq.

2173 1242 2213 1295 Ι.
2250 1241 2394 1306 Quid
2431 1258 2533 1313 per
2562 1241 2903 1313 praepositos
2947 1257 3095 1312 quos
3145 1241 3474 1296 senioribus
3507 1247 3741 1314 postpo-

2101 1330 2238 1396 suit,
2279 1329 2626 1385 intellexerit
2676 1332 2872 1384 noster
2921 1329 3481 1401 pseudo-propheta,
3535 1330 3748 1385 obscu-

2099 1435 2231 1472 rum
2271 1423 2380 1473 est.
2414 1419 2481 1470 V.
2516 1435 2695 1490 supra
2726 1435 2782 1472 n.
2814 1418 2873 1474 5.
2915 1417 3162 1473 Videtur
3205 1417 3386 1474 fuisse
3436 1419 3560 1490 ipse
3590 1435 3746 1474 unus

2099 1523 2167 1563 ex
2199 1507 2552 1574 senioribus,
2578 1507 2665 1563 vel
2703 1507 3051 1579 praepositis,
3105 1511 3332 1564 amator
3361 1507 3742 1564 conciliorum

2100 1613 2292 1652 annue
2323 1597 2884 1669 congregandorum,
2933 1597 3150 1668 quibus
3196 1597 3478 1654 interesse
3521 1597 3740 1671 gestiit,

2098 1686 2186 1741 vel
2220 1687 2475 1742 assidere
2506 1685 2689 1758 cupiit
2736 1686 2871 1757 (49),
2923 1703 3055 1741 cum
3101 1691 3158 1742 et
3187 1686 3337 1742 hanc
3369 1686 3741 1759 disciplinam

2099 1792 2166 1831 ex
2198 1793 2364 1832 sacra
2393 1775 2713 1847 Scriptura,
2746 1791 2956 1848 nempe
2985 1791 3054 1831 ex
3083 1777 3106 1830 Ι
3155 1776 3282 1832 Cor.
3331 1794 3447 1845 xxv,
3497 1777 3742 1849 probare

2100 1865 2367 1922 voluerit.

2172 1956 2240 2010 II.
2276 1957 2388 2012 Lex
2436 1957 2508 2012 de
2551 1955 2789 2028 synodis
2830 1971 3022 2010 annue
3054 1955 3421 2014 celebrandis
3467 1960 3556 2014 est
3586 1971 3744 2014 mere

2101 2044 2809 2115 humano-ecclesiastica,
2829 2047 2863 2099 I
2879 2045 2972 2100 37
2987 2045 3030 2100 5
3055 2045 3303 2117 primam
3329 2046 3551 2102 habens
3574 2046 3744 2119 origi-

2101 2149 2233 2189 nem
2265 2151 2333 2190 ex
2363 2134 2606 2190 concilio
2635 2133 2862 2188 Nicaeno
2896 2152 2933 2202 ι,
2967 2136 3122 2206 quod
3152 2151 3304 2190 anno
3335 2136 3440 2190 325
3461 2135 3745 2209 (adeoque

2098 2223 2199 2277 diu
2231 2227 2362 2295 post
2392 2227 2638 2278 mortem
2675 2223 2732 2278 S.
2792 2222 3138 2296 Firmiliani)
3187 2227 3444 2296 primum
3486 2225 3740 2282 decrevit

2098 2329 2224 2368 can.
2269 2314 2340 2368 5:
2404 2333 2433 2362 «
2481 2313 2774 2367 Habeatur
2829 2311 3008 2368 semel
3059 2313 3370 2369 concilium
3429 2319 3562 2371 ante
3616 2315 3740 2371 dies

2097 2403 2579 2475 quadragesimae.
2601 2424 2628 2450 «
2649 2403 2712 2455 In
2734 2401 2986 2456 Historia
3002 2401 3255 2468 Eusebii,
3273 2401 3514 2459 ineunte
3531 2403 3741 2460 saeculo

2096 2509 2153 2546 1v
2182 2492 2532 2564 conscripta,
2567 2491 2815 2547 necdum
2849 2491 3100 2546 occurrit
3127 2491 3216 2547 vel
3248 2492 3561 2548 minimum
3595 2493 3743 2548 indi-

2096 2581 2273 2646 cium,
2306 2581 2458 2650 quod
2491 2579 2744 2651 singulis
2774 2579 2942 2635 annis
2985 2580 3240 2654 episcopi
3290 2580 3350 2637 in
3383 2599 3568 2638 unum
3601 2600 3738 2639 con-

2095 2670 2376 2738 venirent,
2409 2668 2496 2724 vel
2528 2669 2855 2724 necessario
2883 2669 3190 2724 convenire
3215 2669 3544 2726 debuerint.
3567 2671 3741 2743 Equi-

2095 2761 2228 2814 dem
2260 2758 2548 2830 Dupinius
2579 2756 2691 2828 (50)
2732 2757 3093 2812 conﬁdenter
3123 2757 3368 2814 asserit:
3405 2781 3432 2809 «
3466 2759 3742 2816 Solebant

2097 2847 2373 2917 Africani,
2408 2845 2617 2902 saeculo
2651 2863 2730 2914 Ill,
2767 2846 2882 2900 duo
2932 2846 3247 2917 quotannis
3295 2863 3500 2920 cogere
3543 2849 3741 2904 conci-

2095 2937 2191 3002 lia,
2246 2951 2426 2991 unum
2476 2950 2626 3002 vere,
2679 2933 2927 2989 alterum
2999 2939 3304 2991 autumno.
3363 2957 3390 2984 »
3439 2939 3545 2992 Ast
3589 2936 3741 2993 hanc

2095 3042 2263 3081 suam
2296 3024 2676 3080 assertionem
2728 3023 2975 3095 probare
3023 3023 3241 3078 omisit.
3287 3025 3512 3080 Adduci
3542 3026 3741 3082 forsan

2095 3118 2290 3187 posset
2330 3117 2532 3169 auctor
2579 3111 2960 3184 epistolarum
3004 3111 3497 3184 Cyprianicarum,
3539 3115 3640 3188 qui
3669 3116 3742 3172 de

335 3210 524 3261 tacere
561 3185 899 3276 praecipitur
934 3204 1122 3277 primo
1153 3203 1209 3257 in
1262 3203 1567 3276 prophetia
1615 3202 1896 3274 loquenti,
1929 3203 1978 3258 si
2011 3185 2052 3250 (ἶ
2095 3185 2258 3260 nulla
2301 3220 2361 3258 re
2406 3202 2766 3274 frequentius
2818 3201 3080 3272 loquitur
3133 3219 3310 3274 quam
3360 3205 3430 3260 de
3475 3185 3739 3262 conciliis

337 3296 592 3351 secundo
625 3296 796 3351 fuerit
826 3295 1164 3351 revelatum.
1199 3297 1323 3360 Qua
1366 3310 1435 3348 ex
1483 3310 1660 3349 causa
1712 3309 1982 3347 necessa-

330 3384 416 3440 rio
451 3385 532 3452 fit,
571 3405 598 3432 »
630 3389 738 3439 etc.
773 3388 837 3438 ut
869 3401 925 3437 n.
967 3400 1091 3454 seq.

402 3473 620 3530 Omitto
654 3474 705 3526 1°
737 3472 894 3528 illam
928 3471 1240 3527 utilitatem
1295 3472 1609 3528 salutarem
1645 3471 1736 3527 cui
1770 3472 1980 3544 repeti-

327 3566 419 3618 tor
449 3580 510 3618 se
559 3579 673 3617 non
725 3562 1067 3616 obfuturum
1117 3566 1413 3631 causatur,
1465 3563 1605 3616 dum
1657 3563 1858 3617 eadem
1892 3579 1978 3617 re-

331 3651 534 3706 scribit
566 3651 623 3706 S.
656 3651 940 3723 Cypriane
990 3668 1116 3723 quze
1168 3652 1238 3706 ab
1289 3652 1397 3706 hoc
1444 3655 1762 3723 acceperat.
1796 3652 1978 3706 Taceo

329 3742 388 3794 2°
442 3741 510 3796 de
562 3757 773 3813 magno
824 3741 1241 3813 prophetarum
1297 3757 1565 3796 numero.
1623 3740 1878 3796 Admitto
1921 3741 1978 3794 3°

331 3831 488 3902 quod
547 3829 1192 3902 pseudo-Firmilianus,
1249 3831 1384 3886 licet
1434 3848 1467 3885 a
1518 3829 1779 3885 conciliis
1828 3830 1977 3884 Asiae

329 3920 566 3990 adjutus
598 3919 789 3989 fuerit,
823 3925 886 3973 ut
918 3937 974 3974 n.
1008 3921 1076 3973 20
1131 3920 1431 3989 asseritur,
1484 3917 1628 3973 nihil
1680 3918 1809 3973 novi
1843 3918 1976 3973 soli-

328 4009 467 4064 dum
501 4008 558 4064 in
593 4009 844 4064 favorem
880 4008 1324 4080 anabaptissimi
1359 4008 1750 4080 superaddere
1778 4012 1977 4079 potuc-

325 4099 401 4153 rit
432 4099 582 4169 (47);
619 4115 731 4153 non
767 4115 1006 4170 possum
1056 4102 1248 4154 tamen
1301 4115 1415 4153 non
1468 4097 1747 4153 admirari
1801 4099 1855 4151 4⁸
1882 4115 1970 4153 ra-

323 4187 564 4254 tionem,
597 4203 771 4257 quam
804 4186 1159 4260 allegaverit,
1193 4205 1296 4242 cur
1335 4188 1538 4242 eadem
1591 4188 1969 4258 recensuerit,

323 4275 604 4331 nimirum
631 4293 642 4331 :
683 4299 703 4326 «
731 4276 1016 4340 Quoniam
1041 4293 1232 4332 sermo
1255 4277 1491 4333 divinus
1515 4277 1836 4333 humanam
1865 4292 1966 4331 na-

319 4370 513 4421 turam
549 4365 1012 4438 supergreditur,
1047 4383 1152 4420 nec
1200 4370 1392 4438 potest
1439 4370 1624 4422 totum
1680 4371 1735 4421 et
1777 4365 1971 4438 perfe-

321 4461 479 4509 ctum
513 4456 710 4510 anima
741 4454 1064 4526 concipere.
1097 4474 1122 4505 ι
1161 4455 1270 4510 Sed
1315 4457 1376 4510 5ο
1409 4455 1660 4510 maxime
1692 4458 1968 4525 suspecta

2095 3293 2263 3366 quasi
2295 3293 2554 3365 quotidie
2579 3291 2914 3358 celebratis;
2952 3307 3155 3346 verum
3193 3309 3306 3346 non
3349 3299 3576 3349 constat
3604 3295 3736 3351 illas

2091 3382 2370 3456 epistolas
2409 3396 2537 3438 esse
2581 3381 2966 3451 authenticas,
2991 3380 3106 3436 imo
3137 3379 3252 3437 alia
3297 3381 3417 3438 vice
3461 3386 3736 3438 ostensu-

2091 3491 2192 3528 rus
2223 3489 2356 3528 sum
2388 3488 2506 3540 eas,
2541 3471 2732 3544 quoad
2761 3471 3077 3526 maximam
3109 3475 3358 3544 partem,
3379 3488 3507 3528 esse
3524 3489 3734 3544 suppo-

2089 3563 2324 3618 sititias.

2165 3653 2255 3707 III.
2281 3655 2559 3706 Caeterum
2587 3649 2687 3707 illa
2709 3651 2778 3707 de
2800 3649 3062 3706 conciliis
3084 3650 3410 3722 frequenter
3434 3650 3731 3707 celebran-

2090 3742 2179 3797 dis
2212 3741 2496 3811 doctrina,
2540 3740 2658 3796 sive
2690 3739 2994 3814 originem,
3038 3739 3158 3796 sive
3203 3741 3381 3797 ﬁnem
3429 3744 3731 3814 spectave-

2088 3833 2296 3901 rimus,
2329 3830 2424 3886 hic
2454 3830 2693 3886 omnino
2721 3830 3108 3902 impertinens
3155 3833 3299 3900 erat,
3335 3829 3479 3885 nihil
3511 3832 3730 3886 condu-

2087 3921 2253 3977 cebat
2300 3921 2372 3976 ad
2423 3923 2640 3976 statum
2696 3919 3075 3991 quaestionis;
3125 3919 3197 3974 ad
3246 3919 3386 3991 quid
3437 3935 3573 3992 ergo
3618 3919 3730 3975 illas

2085 4009 2450 4083 evagationes
2481 4007 2741 4063 hominis
2772 4007 3045 4063 velociter
3074 4007 3404 4074 scribentis,
3437 4009 3554 4080 qui,
3584 4009 3726 4064 dum

2084 4099 2275 4154 adhuc
2309 4097 2481 4153 aliatm
2517 4113 2776 4167 causam,
2809 4113 2912 4152 cur
2956 4096 3206 4153 concilia
3254 4097 3504 4170 singulis
3554 4099 3726 4154 annis

2083 4189 2201 4244 sint
2233 4188 2599 4255 celebranda,
2635 4187 2916 4260 Cypriano
2949 4186 3274 4259 perscribit,
3301 4186 3478 4242 simul
3515 4204 3722 4243 novam

2081 4279 2414 4351 opinionem
2447 4277 2751 4344 admiscet,
2784 4292 3029 4348 eamque
3058 4276 3388 4332 haereticam
3408 4277 3436 4331 ?
3471 4277 3557 4331 Ait
3587 4295 3599 4332 :

2150 4369 2237 4422 32.
2279 4389 2306 4420 ι
2338 4368 2409 4423 Ut
2433 4367 2612 4438 lapsis
2642 4381 2869 4438 quoque
2895 4365 3174 4420 fratribus
3199 4369 3256 4420 et
3276 4364 3720 4437 postlavacrum

2077 4457 2333 4513 salutare
2365 4475 2399 4512 a
2426 4455 2655 4511 diabolo
2685 4453 3003 4510 vulneratis
3039 4471 3141 4525 per
3170 4453 3572 4526 pmnitentiam
3605 4473 3721 4512 me-

324 4543 466 4597 mihi
500 4548 587 4598 est
614 4543 711 4597 illa
742 4543 870 4599 laus
904 4545 1156 4615 propria,
1191 4561 1307 4615 qua
1338 4549 1538 4599 auctor
1568 4561 1630 4599 se
1657 4543 1852 4616 ipsum
1883 4542 1963 4597 in-
2001 4561 2045 4625 ι)
2078 4545 2206 4600 dela
2236 4549 2550 4616 quaeratur,
2585 4562 2699 4598 non
2723 4543 2942 4614 quasia
2966 4543 3133 4598 nobis
3156 4543 3564 4599 remissionem
3590 4561 3718 4617 pec-

321 4631 539 4698 sinuat,
573 4635 852 4701 tanquam
907 4631 1105 4686 divina
1156 4631 1443 4704 sapientia
1488 4631 1798 4703 repletum,
1832 4636 1969 4685 tan-

322 4736 500 4790 quam
554 4720 897 4791 prophetam
956 4722 1209 4777 secundo
1269 4721 1621 4792 loquentem,
1672 4736 1847 4792 quem
1905 4720 1963 4773 S.

320 4808 641 4880 Cyprianus
672 4825 805 4865 cum
837 4809 960 4864 suis
983 4810 1272 4882 episcopis
1294 4809 1598 4878 Africanis,
1623 4813 1678 4865 et
1701 4827 1804 4866 nos
1831 4825 1964 4864 cum

319 4897 436 4953 illis
513 4898 844 4955 auscultare
919 4900 1260 4955 debeamus.
1341 4900 1754 4956 Auscultemus
1828 4915 1964 4971 ergo

389 5076 499 5148 (47)
534 5074 832 5147 Praecipua
881 5079 1227 5148 argumenta
1271 5077 1358 5132 vel
1413 5095 1480 5133 ex
1528 5077 1750 5133 ratione
1780 5077 1864 5133 vel
1898 5095 1965 5134 ex

317 5145 620 5220 Scriptura
648 5145 984 5220 desumpta]
1017 5165 1143 5220 quae
1175 5149 1825 5219 pscudo—Firmilianus
1859 5166 1961 5204 su-

318 5218 720 5294 peraddidisse
750 5218 1055 5294 gloriatur,
1079 5218 1277 5276 omnia
1299 5221 1594 5278 habentur
1616 5223 1672 5276 in
1699 5221 1963 5294 epistolis

317 5291 604 5361 (typriano
636 5291 929 5362 ascriptis.

414 5363 500 5432 ‘18)
535 5363 577 5416 Ι.
609 5362 738 5417 Cor.
772 5380 887 5416 xxv.

414 5366 500 5432 48)
535 5366 577 5416 Ι.
609 5366 738 5417 Cor.
772 5380 887 5416 xxv.

388 5366 502 5507 ξω)
533 5433 633 5487 Illa
665 5435 896 5505 phrasis
925 5435 1492 5507 priepositioccurrit
1526 5439 1580 5489 et
1628 5435 1686 5489 in
1721 5436 1962 5507 Cypria-

319 5504 488 5579 nicis,
523 5504 724 5579 octava
756 5507 865 5579 sub
897 5505 1065 5561 titulo
1096 5506 1230 5562 cleri
1259 5508 1498 5562 Romani
1524 5507 1591 5562 ad
1611 5504 1959 5579 Cyprianum

320 5575 380 5630 in
412 5593 529 5649 qua
559 5576 749 5652 clerus
783 5578 1080 5633 Romanus
1111 5579 1190 5652 ait
1216 5595 1229 5634 :
1263 5581 1369 5647 Qui
1398 5575 1965 5652 vz'demur'praopositi

323 5663 456 5721 esse,
487 5653 544 5706 et
571 5651 678 5707 vici
704 5653 941 5724 pastoris
971 5651 1240 5711 custodire
1266 5667 1500 5725 gregem.
1534 5654 1672 5708 Item
1704 5653 1763 5708 in
1789 5655 1959 5726 epist.

2077 4639 2340 4688 catorum
2374 4637 2828 4703 consequantur,
2861 4631 2960 4687 sed
3014 4636 3077 4686 ut
3127 4649 3228 4704 per
3271 4649 3376 4690 nos
3407 4634 3478 4687 ad
3509 4633 3719 4689 intelli-

2077 4721 2333 4795 gentiam
2367 4721 2710 4776 delictorum
2759 4737 3001 4776 suorum
3050 4726 3482 4791 convertantur,
3515 4727 3572 4777 et.
3604 4722 3720 4777 Deo

2078 4811 2307 4884 plenius
2348 4810 2681 4868 satisfacere
2713 4815 3012 4884 cogantur.
3048 4833 3075 4862 ››

2149 4903 2226 4957 Ex
2255 4903 2448 4957 causis
2478 4901 2842 4973 gravioribus
2884 4901 2956 4956 ob
2988 4917 3132 4970 quas
3177 4901 3394 4972 pseudo
3429 4900 3715 4957 Firmilia-

2073 5083 2127 5152 7,
2165 5081 2249 5149 1~l,
2288 5081 2373 5148 13,
2411 5081 2495 5144 15,
2528 5081 2618 5151 23,
2651 5081 2744 5145 27,
2776 5082 2832 5133 et
2861 5086 2912 5133 et
2956 5079 3026 5133 ad
3074 5079 3330 5152 Magnum
3356 5079 3462 5132 76:
3500 5079 3723 5136 Nemini

2071 5153 2504 5224 praascriherites,
2529 5168 2631 5222 quo
2647 5153 2835 5224 minus
2845 5151 3437 5224 statuatanasquisque
3447 5153 3719 5224 praeposi-

2074 5221 2178 5280 tus.
2215 5221 2607 5280 Tertullianus
2637 5221 3013 5287 Montanista,
3035 5221 3100 5277 de
3121 5221 3328 5277 Corona
3351 5222 3552 5289 Militis,
3576 5221 3627 5277 c.
3653 5224 3714 5279 3:

2073 5297 2485 5351 Eueharistiam
2521 5311 2630 5350 non
2678 5294 2746 5348 de
2791 5295 3030 5348 aliorum
3078 5311 3267 5361 manu,
3315 5309 3481 5365 quam
3527 5300 3718 5364 praesi-

2074 5369 2328 5423 dentium
2345 5368 2542 5438 sumim
2553 5384 2632 5420 us.
2657 5366 2780 5420 Non
2806 5365 3437 5438 possumsubscribere
3459 5365 3714 5438 Sellvag-

2074 5441 2167 5511 gio
2199 5437 2501 5511 asserenti,
2533 5438 2571 5505 1,
2609 5455 2646 5502 I,
2678 5454 2727 5492 c.
2766 5439 2853 5511 12,
2883 5441 2909 5505 §
2937 5438 3005 5511 fl,
3025 5437 3226 5511 titulos
3267 5437 3713 5511 praepositorum

2073 5509 2130 5593 et
2160 5510 2594 5593 prtesideptium
2628 5509 2897 5582 proprios
2927 5509 3107 5564 fuisse
3138 5509 3504 5582 episcopisin
3527 5509 3715 5566 Eccle-

2071 5587 2157 5638 sia
2190 5587 2502 5653 primitiva.

2144 5654 2251 5726 (50)
2286 5656 2347 5710 In
2380 5651 2743 5714 bibliotheca
2775 5669 2936 5722 nova,
2967 5652 3138 5708 verbo
3168 5652 3500 5725 Cyprianus.
