4106 6190
363 286 509 367 usi

1413 284 1515 345 DE
1557 279 2151 346 HERETlCOBUM
2197 277 2636 343 BAPTISMA'l
2653 279 2722 343 E.

3618 280 3782 342 {432

361 434 473 474 nus
507 415 759 491 singulis
789 415 960 474 annis
991 416 1243 490 synodos
1276 417 1605 475 necessario
1655 419 1712 472 et
1739 432 1807 472 ex
1836 412 2000 472 Pauli
2037 416 2089 485 Α
2120 411 2388 469 debuerit
2421 413 2533 469 sibi
2566 413 2843 470 defutura
2869 429 3000 471 esse
3026 417 3384 487 argumenta
3414 410 3789 471 sufficientia

361 506 696 580 praescripto
749 506 826 580 (n.
876 506 962 578 31)
1015 505 1394 563 celebrandas
1443 522 1572 563 esse
1618 510 1835 576 censet,
1871 521 2016 560 non-

361 595 473 651 nisi
508 596 740 653 unicam
771 596 1056 666 nominat,
1092 613 1302 669 nempe
1333 601 1396 651 ut
1418 595 1566 670 lapsi
1590 601 1646 650 et
1667 596 2019 659 poenitentes

359 684 592 758 publice
618 685 1092 753 discruciantur;
1125 684 1248 740 haec
1281 702 1414 741 vero
1447 685 1593 741 ratio
1627 684 1771 740 mihi
1794 683 2023 739 videtur

359 774 526 831 valde
556 780 849 847 suspecta.
883 775 1031 831 Hinc
1064 774 1310 846 conjicio
1360 778 1661 830 auctorem
1714 774 1896 828 fuisse
1924 770 2024 827 vel

360 863 745 920 Novatianum
796 863 885 920 vel
945 864 1337 935 Donatistam,
1387 862 1769 936 posteriorem
1822 865 2017 916 tamen

362 953 747 1025 temporibus.
781 957 837 1007 S.
869 952 1211 1026 Augustini,
1247 953 1363 1008 imo
1396 957 1453 1007 et
1483 950 1738 1007 Socratis
1768 954 1827 1006 et
1848 950 2019 1006 Sozo-

364 1042 520 1098 meni
552 1040 1009 1098 Novatianorum
1046 1042 1178 1111 (51),
1212 1044 1412 1113 utpote
1434 1040 1532 1112 qui
1559 1039 1784 1096 nullam
1811 1039 1882 1095 de
1904 1039 2023 1094 fata

362 1132 610 1205 epistola
636 1129 1035 1188 Firmilianica
1074 1131 1427 1187 mentionem
1458 1129 1697 1185 faciunt.

433 1220 637 1277 Novati
667 1220 911 1276 hairesis
943 1219 1117 1291 erepit
1150 1220 1303 1275 circa
1352 1236 1571 1275 annum
1615 1220 1763 1287 25ος
1820 1220 2023 1274 contra

359 1310 511 1367 hanc
560 1308 812 1365 maxime
860 1309 1143 1382 pugnavit
1195 1310 1256 1364 S.
1307 1307 1711 1375 Firmilianus,
1742 1310 1797 1363 et
1826 1311 2023 1362 tamen

360 1400 420 1455 in
476 1415 543 1455 ea
601 1415 778 1471 quam
852 1398 1261 1454 examinamus
1332 1396 1588 1471 epistola
1664 1395 2022 1453 altissimum

363 1489 707 1545 observatur
735 1486 1031 1542 silentium
1066 1487 1135 1541 de
1166 1486 1406 1555 Novato,
1456 1484 1544 1542 vel
1573 1485 1758 1557 hujus
1789 1482 2024 1541 hzeresi:

361 1577 480 1633 imo
511 1577 632 1633 haec
683 1575 1032 1631 defenditur.
1087 1575 1232 1630 Nam
1292 1591 1516 1631 errores
1564 1572 2021 1629 Novatianorum

363 1667 651 1740 praecipue
700 1664 970 1721 fuerant:
1028 1664 1281 1737 primus,
1330 1664 1485 1736 quod
1537 1661 2028 1733 rebaptizavcrint

362 1772 461 1812 eos
489 1754 590 1828 qui
628 1759 788 1810 extra
821 1771 990 1810 suam
1040 1752 1355 1809 Ecclesiam
1407 1751 1641 1808 fuerant
1688 1750 1851 1806 tincti
1882 1768 1894 1819 ;
1928 1766 2022 1805 se-

362 1845 613 1911 cundus,
671 1844 825 1916 quod
893 1842 1198 1898 docuerint
1274 1840 1594 1897 Ecclesiam
1674 1839 2010 1895 nullatenus

361 1949 535 2006 posse
560 1934 825 2006 graviora
856 1936 1085 2004 peccatu
1121 1930 1418 1987 remittere
1466 1930 1651 2003 lapsis
1693 1929 1829 1985 licet
1871 1944 2007 1985 con-

361 2022 514 2079 tritis
567 2026 623 2078 et
666 2021 1127 2094 pmnitentibus;
1180 2020 1288 2077 hos
1335 2036 1471 2092 ergo
1522 2020 1592 2075 ad
1643 2023 2011 2075 sacramenta

365 2129 479 2168 non
512 2111 916 2181 admittebant,
951 2109 1305 2182 pmnitentiis
1336 2110 1543 2166 1376
1592 2113 1787 2164 tamen
1822 2107 2008 2177 subji-

363 2201 593 2257 ciebant
623 2199 1020 2274 rigidioribus,
1054 2203 1110 2255 ct
1137 2203 1416 2272 praeterea
1446 2196 2007 2271 DeoIpermittendos

363 2307 491 2347 esse
520 2289 809 2345 volebant.

435 2378 772 2447 Donatistis,
805 2376 1015 2434 saeculo
1058 2394 1130 2447 1v,
1183 2376 1336 2432 circa
1382 2392 1602 2432 annum
1651 2376 1776 2447 314,
1826 2372 2008 2430 exorti

362 2467 633 2541 praefatos
661 2465 862 2522 Novati
895 2482 1120 2521 errores
1151 2464 1402 2537 amplexi
1432 2470 1572 2521 sunt
1601 2466 1733 2537 (5‘2).
1760 2465 2006 2535 Insuper

361 2554 714 2612 addiderunt
742 2554 890 2626 quod
926 2558 1256 2626 peccatores
1286 2552 1493 2610 saltem
1516 2553 1807 2627 graviores
1829 2557 1887 2609 et
1906 2569 2008 2625 pu-

365 2643 499 2699 blici
535 2643 643 2715 (53)
673 2660 786 2699 non
822 2648 1060 2716 possent
1105 2641 1297 2698 valide
1349 2643 1713 2715 baptismum
1765 2640 1849 2698 vel
1895 2641 2011 2698 alia

365 2737 731 2787 sacramenta
779 2731 1057 2786 conferre.
1109 2731 1314 2787 Noster
1374 2729 2009 2803 pseudo-Firmilianus

363 2819 487 2876 vult
518 2836 711 2876 annue
760 2821 1013 2893 synodos
1059 2837 1186 2876 esse
1229 2820 1630 2888 celebrandas,
1681 2821 1741 2876 in
1793 2820 2010 2892 quibus

363 2913 694 2982 peceatores
728 2925 842 2964 non
884 2909 1119 2981 quidem
1174 2927 1208 2965 a
1251 2909 1581 2965 senioribus
1631 2908 2010 2965 absolvantur

365 2998 838 3066 misericorditer,
874 2998 972 3054 sed
1006 2998 1042 3052 ii
1077 2998 1174 3071 qui
1210 3016 1242 3053 a
1271 2997 1499 3054 diabolo
1529 2997 1813 3054 vulnerati
1847 3003 2006 3066 sunt,

365 3086 623 3144 severius
654 3087 1035 3159 castigentur,
1068 3102 1191 3154 seu,
1227 3092 1291 3142 ut
1324 3088 1443 3160 ipse
1491 3087 1595 3156 ait,
1622 3110 1647 3137 ‹‹
1683 3087 1754 3143 ad
1788 3085 2006 3142 intelli-

2129 503 2347 575 quibus
2377 504 2751 560 traditionem
2784 502 3165 577 apostolicam
3198 521 3532 578 expugnare
3555 504 3789 577 potuis-

2129 598 2236 662 set,
2270 592 2504 664 iterum,
2554 599 2869 667 antequam
2921 593 3304 666 quaestionem
3355 595 3643 666 attingere
3673 611 3782 650 au-

2131 682 2284 753 deat,
2318 686 2657 753 sequentem
2690 682 2997 754 praemittit
3036 682 3493 752 excusationem,
3526 700 3781 756 nempe:

2130 771 2240 827 sibi
2282 772 2485 826 deesse
2516 787 2739 827 moram
2772 771 3074 844 temporis,
3108 776 3173 827 ut
3199 772 3391 828 debite
3421 773 3779 845 respondere

2129 861 2420 933 potuerit;
2454 861 2535 916 ait
2562 860 2719 916 enim
2746 879 2760 917 :

2201 950 2289 1003 34.
2325 971 2352 999 ‹‹
2389 949 2673 1015 Quoniam
2722 949 2948 1023 legatus
2997 966 3128 1006 vero
3161 950 3271 1006 iste
3296 967 3329 1006 a
3357 950 3521 1006 vobis
3554 951 3782 1008 missus

2130 1037 2357 1109 regredi
2392 1038 2723 1108 festinabat,
2773 1043 2831 1094 et
2877 1043 3112 1112 tempus
3150 1039 3461 1096 hibernum
3506 1041 3781 1113 urgebat,

2131 1131 2415 1200 quantum
2448 1127 2768 1199 potuimus,
2792 1128 2862 1184 ad
2886 1128 3106 1201 scripta
3126 1133 3318 1185 vestra
3338 1128 3784 1202 rescripsimus,

2131 1218 2189 1271 et
2218 1215 2536 1288 quidem...
2576 1238 2603 1265 ››

2205 1304 2245 1360 Ι.
2295 1303 2520 1361 Siccine
2566 1303 2664 1360 ille
2712 1304 2997 1361 diaconus
3045 1305 3272 1379 legatus
3317 1307 3377 1362 in
3441 1323 3622 1365 causa
3667 1310 3794 1364 tam

2134 1393 2336 1462 ardua,
2362 1393 2695 1449 universam
2716 1398 3101 1451 concerncnte
3122 1394 3464 1465 Ecclesiam,
3484 1397 3586 1468 qui
3606 1398 3798 1453 maxi-

2137 1480 2249 1537 mis
2279 1481 2546 1537 Ecclesia:
2596 1499 2715 1538 suae
2765 1483 3103 1556 sumptibus
3152 1483 3322 1556 plura
3369 1492 3637 1552 centena,
3669 1486 3796 1541 imo

2138 1570 2320 1625 millia
2352 1569 2624 1626 milliaria
2655 1570 3005 1645 Carthagine
3036 1589 3225 1644 usque
3263 1573 3323 1627 in
3356 1573 3791 1646 Cappadociam

2130 1660 2255 1731 jam
2289 1659 2634 1730 absolverat,
2658 1676 2689 1715 e
2708 1659 3055 1733 longinquo,
3079 1662 3198 1717 imo
3219 1679 3286 1718 ex
3306 1662 3674 1735 longissimis
3693 1681 3793 1721 re-

2136 1748 2410 1820 gionibus
2442 1753 2697 1820 venerat,
2730 1748 2832 1820 qui
2856 1750 3026 1806 titulo
3048 1750 3468 1823 hospitalitatis
3492 1753 3549 1808 S.
3582 1752 3797 1809 Firmi-

2136 1797 2408 1820 D"""""'
2455 1797 2697 1820 """""
2733 1797 2832 1820 ἰ’-⁵
2861 1797 3022 1806 “”““⁸⁷
3048 1797 3468 1823 “’ν“ἰ⁴””“’⁵¹’““”“¹“’
3493 1797 3549 1808 ν’
3582 1797 3604 1808 ⁵
3628 1797 3770 1809 ⁵⁸⁸⁵⁸⁸

2055 1797 2103 1863 Β
2128 1836 2308 1908 lianc,
2344 1854 2375 1893 a
2407 1854 2523 1909 quo
2555 1854 2795 1893 summa
2841 1854 2975 1894 cum
3030 1838 3233 1895 laztitia
3280 1846 3553 1912 exceptus
3602 1842 3794 1898 fuisse

2119 1926 2473 1999 supponitur
2518 1930 2599 1996 (n.
2647 1928 2740 1994 23,
2788 1928 2901 2000 26),
2949 1932 3247 2001 gratanter
3291 1929 3350 1985 in
3400 1930 3775 2003 Cappadocia

2119 2031 2222 2088 per
2251 2014 2481 2086 aliquod
2508 2021 2741 2087 tempus
2773 2020 3137 2073 sustentatus
3163 2019 3369 2075 fuisset
3394 2037 3408 2088 ;
3433 2019 3526 2075 hic
3550 2019 3775 2091 impor-

2117 2108 2298 2160 tunus
2329 2103 2571 2160 nuntius
2605 2104 2793 2161 noluit
2816 2110 3151 2178 exspectare
3177 2123 3280 2180 per
3306 2107 3530 2180 aliquot
3553 2109 3777 2164 hebdo-

2119 2194 2326 2250 madas
2373 2192 2459 2250 vel
2514 2193 2660 2263 dies,
2714 2201 2779 2250 ut
2816 2195 3454 2268 pseudo-Firmilianus
3501 2215 3676 2254 suam
3713 2198 3776 2254 in

2119 2299 2298 2339 causa
2326 2288 2446 2339 tam
2479 2284 2665 2339 ardua
2693 2284 3135 2356 responsionem
3182 2286 3377 2342 debita
3419 2303 3554 2342 cum
3605 2304 3781 2343 mora

2120 2371 2418 2429 absolvere
2449 2372 2742 2444 potuerit?
2769 2373 2987 2429 Verum
3017 2390 3201 2448 apage
3231 2376 3455 2449 nugas!
3509 2377 3777 2433 Pseudo-

2121 2460 2498 2517 Firmilianus
2519 2463 2719 2517 1877
2745 2462 2818 2534 (v.
2846 2479 3025 2535 supra
3047 2480 3104 2518 n.
3136 2464 3221 2536 19)
3244 2464 3437 2519 fassus
3459 2464 3588 2529 fuit,
3613 2466 3779 2537 quod

2121 2549 2509 2605 sufficientem
2541 2551 2820 2622 temporis
2850 2568 3075 2608 moram
3118 2551 3411 2620 habuerit,
3458 2558 3524 2608 ut
3551 2553 3776 2627 episto-

2118 2638 2234 2695 lam
2268 2640 2324 2695 S'
2359 2640 2629 2712 Cypriani
2661 2656 2908 2711 morose,
2946 2645 3164 2698 attente
3205 2647 3265 2698 et
3301 2643 3516 2714 saepius
3548 2642 3776 2716 relege-

2120 2728 2196 2783 rit
2251 2729 2589 2784 memoriter
2647 2729 2916 2785 didicerit
2969 2731 3121 2802 (54);
3182 2746 3318 2804 ergo
3376 2730 3689 2788 habuisset
3718 2738 3776 2789 et

2121 2834 2343 2873 moram
2377 2818 2649 2874 exarandi
2682 2819 3091 2876 convenientes
3143 2820 3567 2892 responsorias,
3618 2838 3770 2894 prae-

2119 2906 2319 2963 sertim
2352 2923 2485 2963 cum
2519 2906 2696 2964 simul
2727 2908 3041 2965 asseruerit
3079 2909 3465 2981 quaestionem
3488 2911 3617 2982 jam
3651 2912 3771 2982 pri-

2120 2996 2250 3052 dem
2280 2996 2339 3052 in
2372 2995 2638 3053 conciliis
2669 2997 2944 3053 Asiaticis
2975 2997 3161 3055 fuisse
3191 2998 3467 3055 decisam.
3502 2999 3693 3072 Igitur
3716 3006 3773 3056 et

2118 3102 2296 3159 quam
2328 3085 2501 3141 citius
2533 3102 2591 3142 se
2625 3086 2895 3158 expedire
2927 3086 3239 3159 potuisset,
3271 3088 3321 3144 si
3352 3091 3493 3145 Acta
3526 3088 3771 3146 illorum

365 3174 623 3250 gentiam
656 3191 895 3230 suorum
948 3175 1291 3231 delictorum
1345 3180 1755 3233 convertantur
1797 3193 1862 3232 ac
1897 3181 2007 3232 Deo
2040 3171 2083 3239 C
2122 3174 2503 3232 conciliorum
2558 3174 2982 3232 transmisisset
3034 3175 3094 3232 S.
3147 3177 3455 3249 Cypriane,
3502 3177 3601 3234 cui
3648 3179 3776 3235 haec

366 3264 598 3337 plenius
638 3264 1020 3321 satisfaciant.
1058 3288 1086 3316 »

439 3355 538 3409 Ilio
567 3353 724 3426 rigor
753 3370 983 3427 semper
1016 3353 1244 3413 alienus
1277 3355 1386 3411 fuit
1415 3356 1488 3412 ab
1519 3354 1775 3411 Ecclesia
1799 3355 2007 3411 Roma-

366 3442 787 3511 no-Catholiea,
824 3444 1096 3517 pr0prius
1127 3444 1465 3500 Novatianis
1495 3449 1553 3500 et
1585 3443 1925 3501 Donatistis.

435 3538 523 3590 33.
552 3535 810 3591 Tandem
844 3535 1156 3607 aliquando
1178 3536 1830 3608 pseudo-Firmilianus,
1859 3541 2014 3608 post-

365 3640 543 3694 quam
575 3627 694 3678 tam
722 3623 881 3679 varia
913 3624 981 3679 ad
1026 3628 1248 3680 statum
1301 3625 1643 3696 quaestionis
1676 3624 2013 3681 nullatenus

366 3711 737 3784 pertinentia,
786 3712 1027 3784 insuper
1076 3712 1244 3780 falsa,
1293 3712 1381 3769 vel
1428 3712 1675 3770 hmresin
1724 3713 2014 3786 sapientia

367 3799 769 3873 praemisisset,
806 3816 839 3854 a
865 3817 923 3855 n.
962 3802 1026 3855 18
1057 3802 1126 3856 ad
1158 3802 1249 3867 32,
1284 3818 1440 3856 nunc
1474 3802 1680 3875 incipit
1703 3819 1763 3858 se
1784 3820 2015 3859 accom-

370 3889 607 3945 modare
638 3888 732 3957 iis,
768 3890 839 3945 de
872 3891 1087 3962 quibus
1117 3907 1178 3947 se
1212 3909 1245 3947 a
1272 3894 1329 3945 S.
1353 3892 1637 3965 Cypriano
1660 3892 2014 3966 interrroga-

370 3983 495 4034 tum
532 3978 714 4035 fuisse
745 3977 1005 4051 simulat,
1040 3996 1270 4052 nempe.

447 4088 475 4116 ‹‹
504 4068 587 4121 An
624 4067 953 4139 baptismus
981 4067 1111 4124 ideo
1140 4068 1377 4141 praecise
1416 4069 1494 4126 sit
1532 4069 1844 4140 invalidus,
1882 4071 2019 4144 quia

372 4155 678 4226 baptizans
712 4156 823 4211 fuit
853 4156 1163 4214 haereticus
1183 4158 1210 4213 ?
1242 4181 1271 4208 »

443 4245 703 4317 Negabat
722 4244 896 4317 Papa,
913 4246 1210 4302 traditioni
1228 4247 1555 4319 apostolicae
1571 4248 1827 4316 innixus,
1850 4255 2025 4323 negat

373 4331 645 4388 universa
668 4331 926 4389 Ecclesia
943 4332 1251 4389 catholica.
1277 4335 1334 4390 S.
1355 4333 1676 4407 Cyprianus
1694 4338 1751 4390 et
1767 4336 2025 4392 Africani

374 4421 629 4494 episcopi
664 4422 735 4477 de
768 4422 1009 4479 veritate
1061 4423 1351 4496 dogmatis
1399 4424 1681 4479 Catholici
1722 4425 2023 4484 dubitasse

2121 3264 2352 3321 decreta
2381 3264 2684 3338 synodalia
2703 3265 2934 3337 utrique
2962 3264 3210 3322 multum
3235 3266 3488 3339 gratiora
3518 3268 3777 3324 fuissent

2122 3371 2300 3427 quam
2334 3354 2569 3411 inutiles
2601 3353 2843 3410 aliarum
2900 3371 3094 3411 rerum
3140 3356 3539 3413 enarrationes
3582 3361 3643 3413 et
3670 3376 3773 3414 su-

2122 3444 2354 3516 perﬂuae
2377 3444 2767 3516 repetitiones.
2793 3448 2899 3500 Ast
2919 3448 3153 3517 tempus
3171 3444 3481 3502 hibernum
3501 3448 3773 3520 urgebat.

2195 3532 2263 3587 li.
2297 3532 2353 3586 Si
2386 3532 2442 3588 S.
2479 3531 2857 3589 Firmilianus
2888 3532 3040 3588 hanc
3080 3533 3386 3605 epistolam
3421 3551 3553 3591 vere
3582 3536 3774 3608 serip-

2123 3620 2318 3692 sisset,
2369 3637 2563 3677 nonne
2621 3623 3043 3694 congruentius
3103 3622 3382 3679 dixisset:
3436 3646 3466 3674 «
3515 3624 3777 3680 Nuntius

2123 3708 2362 3765 festinat
2402 3710 2651 3783 regredi,
2700 3716 2935 3782 tempus
2982 3710 3291 3767 hibernum
3341 3712 3555 3785 urget?
3585 3735 3614 3764 ››
3646 3713 3779 3769 Non

2123 3817 2257 3856 vero
2290 3801 2496 3872 legatus
2544 3800 2640 3856 ille
2685 3803 3005 3874 festinabat,
3060 3802 3240 3859 hiems
3288 3803 3535 3875 urgebat.
3573 3805 3780 3861 Fabri-

2126 3894 2288 3945 cator
2342 3889 2599 3962 epistolae
2653 3891 2856 3963 utique
2907 3893 3017 3946 fuit
3063 3892 3350 3965 posterior
3404 3894 3781 3965 temporibus

2126 3978 2184 4035 S.
2222 3977 2579 4048 Firmiliani;
2612 3979 2747 4035 hinc
2779 3981 3096 4052 respiciens
3128 3982 3197 4036 ad
3232 3987 3464 4054 tempus
3486 3982 3546 4038 S.
3575 3982 3785 4039 Firmi-

2128 4066 2268 4123 liani
2291 4068 2672 4140 praeteritum,
2698 4085 2799 4125 seu
2825 4069 2965 4124 illud
3006 4088 3120 4142 quo
3158 4068 3463 4142 epistolam
3489 4071 3780 4144 scriptam

2130 4156 2314 4213 fuisse
2343 4157 2590 4225 volebat,
2618 4156 2891 4214 incautus
2924 4159 3103 4214 dixit:
3140 4182 3166 4210 «
3200 4159 3452 4216 Nuntius
3483 4160 3597 4217 iste
3619 4162 3782 4218 festi-

2133 4249 2327 4315 nabat,
2362 4247 2550 4302 hiems
2596 4248 2857 4320 urgebat.
2892 4268 2917 4300 η

2207 4336 2301 4392 Ill.
2336 4335 2597 4392 Stolidus
2631 4336 2836 4392 fuisset
2858 4336 3124 4404 nuntius,
3148 4336 3195 4393 si
3221 4338 3570 4396 imminente
3593 4340 3792 4398 hieme

2135 4427 2243 4482 iter
2273 4444 2341 4481 ex
2371 4425 2736 4498 Cappadocia
2768 4426 2826 4481 in
2859 4426 3112 4481 Africam
3163 4427 3419 4500 incipere
3461 4429 3793 4500 voluisset;

374 4510 673 4576 dicuntur,
703 4510 801 4582 qui
838 4510 1018 4583 igitur
1042 4529 1110 4567 ex
1144 4513 1508 4584 Cappadocia
1531 4514 1837 4569 consilium
1864 4531 2019 4586 quze-
2057 4537 2103 4600 D
2133 4521 2271 4570 tunc
2314 4514 2466 4570 enim
2520 4514 2663 4570 illud
2717 4515 3151 4587 ingravescente
3199 4514 3395 4572 hieme
3444 4519 3797 4576 continuare

378 4599 545 4654 siere.
570 4598 1209 4656 Pseudo-Firmilianus
1227 4602 1511 4657 affirmat:
1538 4602 1637 4658 sed
1664 4619 1796 4659 cum
1821 4604 2026 4660 timere

453 4813 564 4885 (5|)
593 4812 968 4887 Scripserunt
996 4815 1359 4887 Augustinus
1412 4833 1564 4871 anno
1609 4818 1732 4883 420,
1767 4818 2032 4876 Socrates

384 4891 439 4942 et
470 4886 978 4960 Summanus/stt),
1020 4902 1143 4960 quo
1176 4886 1383 4960 ultimo
1430 4894 1696 4960 tempore
1727 4890 2031 4947 Novatiani

385 4976 453 5014 ex
488 4955 888 5029 rigorismoiin
919 4955 1233 5013 laxiSmum
1261 4959 1385 5029 jam
1411 4955 1867 5028 declihaverant,
1894 4980 2032 5018 eon-

386 5028 713 5105 tendentes,
731 5028 1060 5105 cuicunque
1074 5028 1690 5103 Ecclesimparticulari
1717 5049 1885 5088 suam
1909 5051 2033 5105 quae

388 5101 762 5177 praiplaeeret
794 5100 1165 5177 disciplinam
1196 5117 1333 5177 esse
1357 5100 1829 5177 permittendam,
1863 5100 2033 5177 in'je-

382 5172 590 5245 juniis,
640 5172 701 5228 in
751 5172 1038 5245 czelibatu,
1089 5173 1146 5228 in
1199 5172 1585 5231 celebratione
1626 5172 2039 5245 festorum,'si-

391 5244 638 5322 gnanter
662 5244 987 5322 Pascbatis,
1011 5245 1457 5322 in_sacramento
1480 5247 1864 5322 confessionis
1885 5244 2035 5322 apud

393 5318 755 5373 sacerdotem
787 5318 1165 5389 deponendas,
1215 5318 1305 5374 vel
1350 5334 1464 5373 non
1520 5318 2036 5389 deponenda-efﬂe-

393 5390 701 5444 videantur
727 5388 992 5446 Socrates
1040 5388 1077 5445 l.
1126 5407 1183 5458 v,
1233 5406 1359 5458 cap.
1416 5392 1482 5445 19
1513 5396 1569 5446 et
1596 5388 1702 5458 22;
1736 5392 2035 5449 Sozomen.

401 5407 701 5444 vmeantur
727 5407 992 5446 accrates
1041 5407 1077 5445 1.
1126 5407 1183 5458 v,
1233 5407 1301 5445 ea
1349 5432 1359 5444 .
1416 5407 1482 5445 ιν
1513 5407 1569 5446 et
1597 5407 1702 5458 zz;
1736 5407 1832 5447 δοῖ

401 5461 436 5514 l.
470 5476 593 5527 vm,
626 5477 754 5531 cap.
792 5461 877 5531 l5,
909 5462 1012 5533 qui
1045 5465 1290 5533 uterque
1306 5407 1673 5519 llJElovatianus
1705 5464 1832 5520 fuit.

471 5546 586 5624 (52)
612 5551 667 5624 S_.
699 5548 1078 5624 Augustinus,
1124 5550 1189 5606 de
1226 5551 1413 5607 Verbis
1460 5554 1687 5608 Domini
1730 5555 1789 5609 in
1833 5554 2037 5624 Evang.

405 5617 664 5684 Matthxi,
700 5631 875 5671 serm.
906 5622 962 5685 2,
988 5621 1294 5694 impugnat
1316 5639 1435 5692 eos,
1460 5624 1557 5695 qui
1583 5640 1686 5696 pro
1710 5628 1849 5683 tunc
1872 5617 2039 5683 doce-

2137 4603 2459 4675 debuisset,
2492 4620 2606 4676 quo
2652 4607 2915 4677 tempore
2965 4603 3255 4677 navigatio
3300 4605 3482 4664 maris
3511 4607 3797 4666 Mediter-

2141 4822 2283 4877 bant
2305 4820 2609 4891 sequentia
2627 4819 2833 4876 saltem
2858 4825 3096 4892 peccata
3119 4822 3175 4875 1ο
3195 4821 3517 4890 homicidii,
3542 4824 3606 4878 2°
3625 4826 3796 4882 adul-

2141 4892 2292 4974 terii,
2324 4894 2392 4974 3'0.
2417 4892 2727 4974 apostasia:
2758 4909 2792 4948 a
2823 4893 2935 4949 ﬁde
2969 4893 3076 4965 (vel
3109 4910 3143 4949 a
3172 4911 3283 4950 sua
3310 4894 3539 4967 heresi)
3569 4912 3706 4954 esse
3726 4900 3798 4953 ir-

2142 4962 2539 5021 remissibilia.

2217 5044 2330 5115 (53)
2362 5044 2494 5107 Quis
2530 5046 2761 5115 peccata
2795 5043 3130 5099 ministrum
3179 5044 3436 5101 facerent
3472 5046 3797 5104 inhabilem

2148 5114 2613 5170 adsacramenta
2642 5114 2827 5170 valide
2854 5116 3223 5186 conferenda,
3256 5134 3373 5172 non
3412 5119 3558 5173 satis
3593 5136 3800 5177 conve-

2148 5186 2407 5262 niebant.
2440 5187 2497 5241 Si
2528 5186 2837 5262 baptizans
2868 5188 3017 5262 foret
3044 5192 3313 5262 peccator
3352 5190 3645 5262 occultus,
3673 5197 3798 5248 tum

2149 5257 2423 5384 angéglum
2473 5257 2558 5313 vel
2592 5258 2776 5314 Deum
2807 5257 3078 5331 supplere
3109 5260 3414 5317 docebant.
3449 5262 3512 5319 V.
3548 5257 3801 5320 dicenda

2151 5348 2207 5384 n.
2317 5372 2328 5384 .

2151 5348 2207 5386 D.
2242 5348 2328 5384 Q‘d.

2222 5410 2335 5481 (54)
2390 5409 2583 5481 Aliqui
2642 5408 2988 5481 Firmiliano
3016 5413 3245 5467 tantam
3315 5412 3497 5468 fuisse
3558 5429 3795 5471 moram

2150 5480 2555 5558 asserunt,ut
2600 5480 2821 5558 vicinos
2868 5483 3172 5558 episcopos
3222 5487 3692 5558 congregaverit,
3742 5503 3794 5555 v,

2152 5570 2211 5609 ιι.
2272 5555 2363 5625 20,
2398 5553 3089 5629 721,__nomineAcOncilii
3153 5555 3274 5610 haec
3320 5553 3571 5629 epistola
3619 5553 3793 5615 fuerit

2151 5628 2492 5699 composita.
2530 5625 2581 5681 V.
2617 5641 2777 5683 num.
2811 5626 2900 5683 76.
