4112 6174
223 251 364 313 1433

1155 251 1358 314 PARS
1405 251 1482 314 II.
1515 283 1592 296 —
1623 248 2183 314 RECENTIORUM
2233 247 2665 313 EXCURSUS.

3470 247 3627 311 M34

219 386 361 443 ranei
397 388 486 444 est
513 385 765 443 maxime
798 386 1145 459 periculosa,
1182 392 1245 443 ut
1277 390 1433 460 patet
1452 387 1537 444 vel
1569 403 1638 444 ex
1684 403 1850 444 sacra
1878 387 1932 456 Α
1965 384 2192 458 Syriam
2223 387 2358 454 etc.,
2393 400 2570 457 quam
2601 384 2892 443 immensa
2949 383 3228 442 distantia
3264 381 3276 440 ε
3327 383 3520 442 eundo
3567 389 3626 442 et

219 477 527 549 Scriptura,
563 481 682 532 Act.
708 494 883 548 xxvu,
909 495 940 532 a
974 495 1026 532 v.
1068 479 1140 534 9:
1204 478 1334 532 Cum
1381 479 1501 548 jam
1555 494 1663 534 non
1723 480 1855 533 esset

218 569 324 621 tum
353 569 654 637 navigatio,
685 582 744 622 eo
776 567 915 638 quod
946 571 996 621 et
1015 568 1295 637 jejunium
1343 569 1626 636 (Quatuor
1680 567 1852 622 Tem-

129 673 136 684 λ
220 672 412 727 porum
448 655 508 710 in
538 658 890 726 Septembri)
940 658 1050 728 (55)
1099 658 1222 728 jam
1274 658 1659 727 piwterz’issel.
1721 656 1852 711 Cum

208 745 318 816 jam
346 761 454 800 non
485 749 617 800 esset
651 747 1090 813 tutanarigatio,
1117 763 1322 817 nempe
1356 750 1419 800 ut
1465 745 1552 800 vel
1613 763 1680 801 ex
1737 762 1852 801 uno

220 835 382 889 Creta:
408 839 574 905 portu
601 835 670 888 ad
701 833 880 889 alium
904 835 1166 904 ejusdem
1205 834 1408 888 insulae
1432 839 1663 905 portum
1697 851 1854 890 com-

219 923 523 978 modiorem
564 921 925 995 navigarent,
959 923 1175 978 ibidem
1231 924 1566 979 hiematuri.
1629 928 1696 979 ν.
1765 925 1850 979 12.

213 1013 269 1066 Et
303 1029 424 1066 tum
461 1016 622 1083 aptus
672 1019 864 1083 portus
921 1013 1098 1083 (apud
1133 1013 1423 1067 civitatem
1485 1013 1856 1084 Thalassam)

209 1117 303 1156 non
335 1108 469 1156 esset
497 1102 568 1155 ad
603 1101 982 1169 hz'emandum,
1014 1105 1336 1156 statuerunt
1382 1103 1648 1170 navigare
1699 1104 1853 1158 Phre-

207 1195 352 1246 m’cen
382 1195 636 1263 (portum
664 1192 721 1246 in
747 1191 920 1262 plaga
951 1191 1318 1247 meridionali
1350 1193 1613 1263 ejusdem
1647 1193 1852 1249 insulas

205 1282 369 1337 Cretae
400 1281 681 1352 positum)
713 1281 905 1336 hieme.
943 1284 1262 1352 Postquam
1298 1282 1426 1336 navi
1466 1282 1853 1337 Adrumetina

203 1369 497 1424 submersa
547 1373 938 1440 pervenerunt
997 1369 1058 1423 in
1116 1369 1374 1425 insulam
1429 1370 1687 1440 Maltam,
1768 1371 1846 1426 ibi

204 1457 535 1513 invenerunt
595 1475 804 1513 navem
863 1457 1342 1526 Alexandrinam,
1417 1476 1541 1529 quae
1634 1459 1851 1515 ibidem

205 1547 510 1613 hiemabat,
546 1551 603 1602 et
633 1564 778 1602 ausa
816 1548 1023 1602 1378
1053 1565 1167 1603 non
1194 1549 1384 1604 fuerat
1410 1548 1468 1602 in
1505 1549 1850 1619 proximam,

209 1651 312 1707 quo
344 1636 634 1702 tendebat,
665 1635 888 1691 Italiam
916 1636 1189 1707 trajicere
1212 1637 1283 1691 ob
1318 1643 1550 1709 tempus
1582 1638 1851 1694 hiemale.

1963 478 2259 533 redeundo
2279 475 2550 532 milliaria
2569 477 2707 532 1500
2724 476 3058 550 germanica
3080 477 3310 532 circiter
3327 476 3624 533 conﬁcere

1963 567 2282 623 debuisset.
2318 567 2384 622 Et
2413 567 2658 622 nuntius
2689 567 2918 622 nullum
2953 567 3009 621 in
3041 567 3133 622 via
3153 583 3220 621 ex
3241 566 3622 634 _intermediis

1963 655 2222 712 ecclesiis
2249 672 2396 727 quas
2415 656 2710 728 proximas
2731 656 3024 728 praeterire
3051 655 3620 728 dabuit,episcopum

1964 743 2388 800 consuluisset?
2406 745 2662 799 Ecclesia
2675 743 3625 816 Alexandrina,Hierosolymitana

1962 833 2326 889 Antiochena
2355 833 2640 906 Cypriane
2673 838 2838 888 erant
2854 850 2992 889 sane
3018 833 3268 888 multum
3289 832 3619 905 viciniores,

1963 923 2083 979 sive
2111 924 2264 978 viam
2297 927 2660 989 terrestrem,
2694 923 2814 978 sive
2846 923 3204 978 maritimam
3264 927 3617 994 spectemus.

2033 1013 2128 1066 1V.
2164 1016 2225 1066 In
2261 1011 2566 1084 hypothesi
2599 1012 3064 1067 adversariorum
3099 1010 3375 1083 epistolas
3413 1013 3619 1068 Firmi-

1961 1100 2102 1156 ]iani
2133 1105 2190 1156 et
2219 1100 2508 1173 Cypriani,
2529 1105 2594 1156 ut
2625 1101 2892 1172 geminas
2915 1099 3352 1156 admittentium
3376 1117 3621 1173 sequen-

1960 1191 2043 1247 tia
2073 1190 2249 1245 simul
2285 1191 2470 1246 asseri
2505 1191 2719 1246 debent
2749 1191 2879 1262 (57).

2035 1282 2090 1334 1ο
2120 1280 2179 1335 Si
2211 1280 2268 1334 S.
2303 1279 2628 1352 Cyprianus
2660 1296 2811 1334 anno
2841 1279 2969 1345 250,
3021 1278 3113 1334 die
3171 1278 3194 1334 l
3261 1278 3621 1351 Septembris

1961 1368 2314 1425 celebrasset
2344 1369 2631 1441 synodum
2665 1368 3184 1440 Carthaginensem
3215 1369 3282 1423 87
3314 1368 3617 1440 episcopo-

1963 1475 2092 1514 rum
2122 1459 2258 1531 (58),
2287 1459 2345 1513 in
2376 1475 2512 1530 qua.

2035 1550 2317 1604 187920
2347 1548 2604 1603 Necdum
2667 1547 2901 1619 aliquod
2959 1547 3245 1603 indicium
3304 1545 3392 1601 vel
3448 1546 3617 1602 levis-

1963 1638 2183 1694 simum
2215 1639 2286 1694 de
2317 1643 2518 1694 saneto
2541 1637 2878 1693 Firmiliano
2908 1636 2995 1694 vel
3041 1636 3168 1692 aliis
3225 1634 3618 1692 Orientalibus

212 1725 347 1780 Ecce
396 1723 452 1778 hi
496 1741 700 1780 omnes
759 1725 858 1796 qui
915 1725 973 1780 in
1038 1725 1285 1781 navibus
1345 1727 1732 1782 Adrumetina
1800 1731 1932 1828 etB
1964 1728 2373 1800 anabaptismo
2395 1727 2904 1800 patrocinatis,sed
2930 1732 3126 1782 tamen
3158 1725 3422 1781 unanimi
3453 1724 3614 1780 Afro-

212 1813 595 1869 Alexandrina
625 1814 682 1868 in
719 1815 941 1870 Italiam
967 1815 1340 1870 tendentibus
1395 1816 1565 1886 positi
1626 1817 1855 1873 fuerant
1884 1813 1931 1828 ³¹
1962 1834 2092 1872 rum
2120 1833 2408 1872 consensu
2443 1821 2646 1872 contra
2676 1815 3075 1872 definitionem
3109 1815 3328 1872 summi
3371 1813 3611 1870 Pontiﬁ-

213 1903 280 1959 ob
318 1903 570 1958 hiemem
636 1903 904 1975 pluribus
965 1903 1264 1960 mensibus
1325 1910 1736 1960 remanserunt
1793 1906 1851 1961 in

205 1991 409 2048 insulis
433 1992 609 2047 maris
642 1993 1048 2048 Mediterranei
1081 2011 1095 2061 ;
1119 1997 1175 2048 et
1195 1992 1290 2049 ille
1314 1994 1558 2050 nuntius
1578 1995 1850 2067 Cypriani

205 2080 544 2135 imminente
574 2081 766 2136 hieme
797 2097 826 2136 e
860 2083 1125 2136 Caesarea
1147 2082 1522 2154 Cappadocia:
1557 2083 1848 2154 Ephesum

200 2167 306 2241 (vel
335 2169 404 2224 ad
437 2168 780 2225 aliudlittus
811 2171 958 2224 Asiae
1006 2170 1272 2242 Minoris)
1310 2177 1684 2243 properasset
1713 2173 1739 2227 ?
1797 2173 1851 2228 Is

200 2257 385 2313 hieme
414 2258 662 2314 durante
713 2258 1174 2330 archipelagum,
1238 2264 1297 2314 et
1339 2259 1631 2331 reliquum
1692 2277 1852 2316 mare

203 2345 678 2402 Mediterraneum
713 2347 1044 2418 trajecisset
1085 2363 1273 2419 usque
1329 2348 1731 2418 Carthaginem
1791 2349 1849 2404 in

198 2435 383 2490 Africa
411 2436 438 2490 ?
469 2436 610 2501 Quis
633 2437 684 2491 ei
719 2453 920 2492 navem
957 2437 1343 2491 concessisset
1390 2438 1502 2507 (56)
1536 2442 1558 2493 Ρ
1601 2438 1658 2492 Si
1718 2439 1851 2510 quis

197 2525 382 2580 dicere
421 2525 590 2580 vellet
621 2525 894 2580 nuntium
931 2541 1033 2580 seu
1067 2525 1309 2580 latorem
1341 2524 1598 2598 epistola;
1643 2526 1850 2582 itinere

198 2615 452 2670 terrestri
510 2615 858 2687 Carthagine
910 2614 1337 2686 Cappadociam
1409 2615 1603 2682 ivisse,
1680 2621 1737 2671 et
1819 2633 1849 2672 e

195 2704 553 2775 Cappadocia
583 2704 997 2776 Carthaginem
1032 2720 1341 2772 remeasse,
1369 2704 1417 2758 is
1449 2705 1847 2761 omnimodam

196 2792 254 2847 in
285 2793 637 2865 geographia
666 2793 1058 2865 ignorantiam
1091 2792 1300 2864 prodit.
1339 2795 1451 2848 Iter
1497 2793 1652 2848 enim
1700 2793 1844 2848 illud

196 2885 464 2936 terrestre
493 2882 586 2937 via
625 2887 802 2952 recta,
837 2883 1247 2954 qumiinsuper
1314 2880 1677 2953 longissima,
1734 2899 1848 2937 non

198 2973 374 3041 patet,
407 2971 504 3025 sed
541 2987 645 3042 per
669 2970 1024 3025 immensum
1049 2987 1112 3026 se
1138 2971 1493 3026 extendisset
1514 2971 1845 3037 circuitum,

88 3066 104 3078 ‘
194 3058 539 3130 Carthagine
571 3076 772 3114 versus
804 3060 1124 3127 Meridiem;
1158 3065 1296 3115 tunc
1318 3076 1522 3117 versus
1553 3060 1847 3117 Orientem

1961 1906 2045 1963 eis
2068 1907 2365 1962 decretum
2399 1907 2592 1961 fuerit.

2030 1997 2084 2051 3"
2117 1997 2352 2052 Decreta
2387 1996 2563 2067 hujus
2590 1994 2818 2050 concilii
2851 2011 2952 2066 per
2981 1994 3285 2066 episcopos
3315 1991 3614 2046 Africanos

1959 2087 2302 2141 deferuntur
2333 2085 2576 2140 Romam
2609 2089 2664 2140 et
2703 2084 2992 2155 Stephano
3037 2100 3197 2156 papae
3257 2084 3616 2154 praesentan-

1958 2179 2095 2241 tur;
2129 2178 2219 2230 ast
2258 2190 2407 2246 papa
2438 2174 2709 2245 praefatos
2740 2173 3046 2245 episc0pos
3093 2189 3208 2227 non
3266 2170 3501 2227 admisit
3540 2169 3612 2224 ad

1959 2262 2450 2334 alloquium,imo
2482 2261 2802 2334 prohibuit,
2836 2278 2907 2316 ne
2933 2262 3004 2317 ab
3044 2261 3234 2333 aliquo
3269 2260 3328 2315 in
3368 2260 3611 2314 domum

1957 2351 2043 2408 vel
2077 2352 2186 2407 sub
2225 2356 2446 2407 tectum
2481 2351 2896 2422 reciperentur.

2029 2442 2084 2496 4ο
2143 2445 2458 2510 Postquam
2521 2440 2577 2494 hi
2640 2439 2896 2511 episcopi
2958 2439 3141 2495 Roma
3199 2436 3610 2510 Carthaginem

1958 2530 2172 2586 reversi
2220 2530 2468 2594 fuerant,
2528 2529 2851 2600 Cyprianus
2891 2545 3065 2584 suum
3122 2527 3452 2592 ;diaconum
3537 2525 3609 2581 ad

1958 2625 2250 2675 extremos
2284 2618 2530 2672 Romani
2563 2617 2788 2688 imperii
2833 2617 2996 2687 ﬁnes,
3031 2630 3238 2687 nempe
3269 2615 3327 2668 in
3387 2615 3608 2686 Cappa—

1957 2708 2181 2763 dociam
2217 2723 2404 2777 usque
2435 2705 2590 2761 illico
2622 2704 2911 2777 ablegavit
2936 2704 3006 2760 ad
3041 2703 3468 2770 Firmilianum,
3489 2718 3607 2774 quo

1957 2800 2013 2852 et
2042 2796 2320 2851 diaconus
2351 2794 2448 2850 ille
2477 2795 2680 2850 eodem
2713 2798 2994 2849 autumno
3024 2793 3289 2864 ejusdem
3311 2791 3448 2847 anni
3480 2805 3610 2863 per-

1955 2884 2132 2941 venit.

2025 2975 2085 3029 5ο
2118 2972 2492 3028 Firmilianus
2524 2970 2837 3038 (celebrata
2861 2970 3042 3044 prius,
3067 2968 3150 3026 vel
3177 2985 3290 3024 non
3323 2968 3612 3025 celebrata

1958 3062 2176 3136 synodo
2245 3060 2501 3133 plurium
2557 3059 2984 3132 episcoporum,
3042 3061 3114 3114 de
3171 3075 3287 3130 quo
3345 3075 3523 3131 supra
3579 3076 3612 3114 a

191 3146 599 3203 Alexandriam
635 3165 816 3217 usque
847 3166 947 3219 per
973 3151 1281 3222 [Egyptum
1317 3150 1482 3218 ;inde
1520 3149 1844 3223 Hierosoly-
1878 3130 1920 3198 α
1960 3130 2020 3220 1i,
2053 3153 2144 3216 20)
2177 3130 2514 3222 se'accingit
2571 3130 2643 3205 ad
2701 3130 3197 3222 respondendum,
3232 3149 3333 3204 sed
3392 3130 3609 3220 impor-

192 3253 348 3291 mam
379 3253 480 3308 per
506 3237 872 3293 Palaestinam
893 3254 1098 3295 versus
1135 3238 1606 3310 Septentrionem
1637 3257 1650 3307 ;
1711 3244 1850 3295 tunc

189 3325 941 3392 Damascum,Antiochiam
975 3343 1077 3399 per
1107 3327 1332 3400 Syriam
1358 3345 1371 3395 ;
1401 3329 1650 3399 denique
1671 3328 1850 3384 decli-

188 3415 387 3470 nando
418 3432 618 3472 versus
653 3416 1021 3472 Occidentem
1055 3433 1157 3488 per
1179 3416 1511 3488 Bithyniam
1535 3417 1592 3472 in
1627 3422 1846 3490 Cappa-

185 3503 443 3572 dociam,
487 3509 543 3560 et
568 3503 821 3560 vicissim
874 3522 902 3559 e
952 3506 1316 3576 Cappadocia
1377 3505 1434 3560 in
1495 3505 1850 3578 Bithyniam,

262 3665 376 3739 (55)
406 3666 626 3739 Nempe
654 3668 722 3739 ελ
745 3669 932 3739 Lucas
960 3665 1080 3739 haec
1111 3665 1571 3739 scribebatgnonj
1607 3667 1852 3739 Judzeis,

185 3739 292 3793 sed
314 3736 662 3792 Christianis
695 3737 889 3792 Romae
921 3737 1348 3793 habitantibus.
1380 3737 1758 3794 Vid.dissert.
1787 3736 1852 3793 de

184 3808 495 3873 Cathedrz'a,
546 3825 580 3863 a
637 3825 694 3863 n.
752 3809 840 3864 i7.
906 3809 1068 3872 Quod
1129 3825 1264 3864 vero
1312 3810 1569 3880 Apostoli
1623 3811 1854 3880 jejunia

181 3883 445 3950 quatuor
499 3884 832 3951 temporum
893 3880 1273 3948 instituerint,
1334 3883 1550 3935 diserte
1613 3883 1853 3937 tradunt

182 3955 246 4007 ὃ.
316 3951 426 4006 Leo
476 3968 645 4023 papa,
705 3957 842 4023 etc.,
902 3968 968 4006 ac
1027 3952 1334 4006 confirmat
1397 3953 1850 4022 antiquissimus

181 4021 890 4079 omnium'Ecclesiarum
923 4039 1267 4079 consensus.
1310 4021 1594 4078 Baronius
1653 4031 1848 4080 tamen

179 4100 254 4167 ut
287 4093 388 4148 alii
410 4092 618 4167 plures
649 4099 857 4167 putant
888 4094 1069 4149 fuisse
1103 4096 1498 4159 Decembrem,
1551 4095 1638 4151 vel
1689 4097 1849 4167 jeju-

183 4166 359 4221 nium
392 4165 602 4220 decimi
635 4166 858 4221 mensis
887 4167 1224 4221 Judaeorum
1258 4167 1316 4221 in
1350 4171 1615 4222 nostrum
1639 4165 1850 4224 Janua-

182 4237 351 4293 rium
385 4236 669 4292 incidens.
695 4237 803 4293 Sed
837 4241 977 4292 tunc
1016 4239 1170 4294 circa
1228 4239 1543 4294 solstitium
1603 4239 1851 4295 hiemale

179 4314 278 4381 (ut
312 4309 458 4382 bene
489 4308 711 4364 Calmet
745 4310 799 4382 in
823 4309 870 4382 Al.
904 4310 1026 4379 cit.)
1052 4326 1189 4382 non
1251 4309 1638 4382 periculosam
1698 4312 1846 4366 efﬁci

181 4381 648 4450 navigationem,
685 4381 784 4454 sed
817 4380 1406 4452 impossibilem'esse
1438 4387 1621 4438 Lucas
1666 4384 1848 4454 scrip-

178 4454 372 4507 sisset.
403 4469 416 4520 ;
454 4469 660 4524 nempe
681 4451 781 4507 illa
806 4451 972 4508 etate
1002 4469 1115 4524 qua
1148 4469 1287 4508 acus
1329 4455 1564 4509 nautica
1588 4451 1846 4509 nondum

173 4524 545 4579 innetuerat.
609 4524 748 4596 Dein
799 4541 866 4579 ex
940 4529 1205 4579 contextu
1285 4541 1464 4580 sacrae
1539 4526 1852 4596 Scriptura;

177 4596 433 4667 evidens
467 4601 574 4656 est.
609 4595 752 4650 illud
778 4596 1093 4665 jejunium,
1131 4596 1283 4667 quod
1310 4597 1435 4667 jam
1470 4595 1847 4666 praeterierat,

177 4684 309 4722 non
347 4666 525 4740 fuisse
545 4667 838 4740 jejunium
875 4667 1120 4724 hiemale
1150 4666 1164 4733 ξ
1200 4666 1332 4740 nam
1368 4668 1510 4723 inito
1542 4672 1672 4740 post
1702 4668 1847 4724 illud

163 4738 485 4813 jejunium
535 4739 804 4813 consilio,
839 4755 924 4813 _ex
983 4744 1146 4813 Creta
1203 4739 1506 4796 Phoenicen
1543 4738 1850 4813 ‘navigare

174 4809 388 4884 conati
443 4813 601 4884 Sunt,
654 4817 716 4864 ut
773 4809 990 4884 ibidem
1052 4810 1413 4884 hiemarent;
1483 4827 1618 4884 ergo
1677 4809 1850 4884 plena

173 4883 386 4936 hiems
409 4883 668 4936 nondum
693 4888 819 4937 erat
836 4882 1123 4946 Januarii,
1157 4886 1215 4937 et
1261 4900 1375 4938 non
1436 4882 1694 4948 absolvi;
1735 4883 1849 4939 nisi

168 4953 346 5026 circa
376 4953 891 5026 medium.Postea
948 4953 1218 5025 pluribus
1277 4971 1454 5026 quam
1482 5025 1485 5026 ν
1514 4956 1579 5010 14
1640 4955 1849 5011 diebus

166 5025 329 5096 jacti
364 5025 522 5080 fuere
552 5025 612 5079 in
647 5025 811 5080 mari.
845 5027 1102 5080 Tandem
1141 5031 1269 5096 post
1298 5025 1417 5080 tres
1438 5025 1584 5082 alios
1615 5044 1848 5082 menses

171 5097 415 5170 quibus
444 5096 503 5150 in
537 5096 731 5170 insula
763 5097 1380 5170 Malta‘hiemaverant,
1429 5099 1847 5170 navigaverunt

179 5167 242 5223 ib
288 5167 540 5223 Italiam.
584 5167 642 5223 Si
675 5169 907 5223 dicatur
936 5167 1080 5222 illud
1116 5169 1399 5238 jejunium
1461 5167 1641 5226 fuisse
1697 5172 1850 5226 circa

175 5239 434 5295 initium
467 5239 758 5311 Januarii,
813 5245 1238 5311 consequenter
1287 5243 1667 5298 asserendum
1718 5243 1846 5309 erit,

173 5320 433 5382 tempus
465 5310 714 5367 hiemale
746 5310 1213 5383 navigatiOnibus
1244 5311 1523 5369 infestum
1557 5314 1616 5368 in
1673 5315 1847 5368 Malta

175 5383 452 5453 incipere
481 5383 634 5438 circa
691 5383 947 5439 medium
994 5383 1283 5453 Januarii,
1338 5388 1395 5440 et
1455 5402 1564 5440 non
1600 5385 1846 5449 absolvi,

168 5454 303 5510 nisi
340 5455 496 5526 circa
527 5455 783 5510 medium
816 5455 1048 5526 Aprilis,
1104 5456 1258 5526 quod
1312 5460 1400 5512 est
1436 5456 1843 5512 falsissimum.

259 5526 384 5596 (56)
415 5525 567 5600 Olim
598 5527 746 5600 adie
769 5525 978 5600 quarta
999 5525 1338 5584 Novembris
1364 5545 1549 5600 usque
1587 5530 1657 5584 ad
1717 5545 1846 5599 sep-

167 5596 406 5654 timam
467 5597 655 5655 Martii
707 5596 1104 5671 navigationes
1183 5596 1494 5658 cessabant
1562 5600 1620 5658 in
1700 5596 1848 5656 mari

1957 3245 2139 3296 tuuus
2165 3240 2407 3294 nuntius
2439 3244 2641 3294 sancto
2674 3238 3010 3294 Firmiliano
3041 3237 3429 3294 sufficientem
3487 3253 3611 3293 mo-

1961 3346 2108 3397 ram,
2135 3333 2196 3382 ut
2225 3329 2276 3383 is
2309 3328 2501 3383 debite
2534 3328 2884 3398 respondere
2916 3326 3223 3399 potuisset,
3257 3326 3468 3381 renuit.

2032 3421 2092 3473 6°
2119 3417 2374 3473 Nuntius
2405 3417 2560 3473 enim
2595 3416 2938 3472 imminente
2969 3415 3159 3470 hieme
3189 3431 3220 3471 e
3249 3413 3616 3487 Cappadocia

1963 3506 2218 3562 Africam
2250 3506 2475 3578 regredi
2511 3507 2866 3572 festinabat;
2929 3504 3252 3560 ealculante
3309 3504 3505 3576 Pagio,
3551 3502 3610 3558 in

1964 3667 2407 3724 Mediterraneo.
2469 3667 2535 3722 V.
2597 3665 2820 3721 Plinius
2876 3665 3191 3735 secundus,
3268 3666 3404 3720 Hist.
3485 3667 3611 3721 Nat.

1962 3738 2065 3794 lib.
2101 3757 2161 3805 ιι,
2197 3756 2255 3792 n.
2286 3739 2376 3792 37.

2035 3811 2147 3882 (57)
2180 3809 2548 3865 Bollandista:
2581 3808 2650 3882 ad
2684 3808 2836 3882 diem
2889 3810 2954 3882 ili
3013 3807 3308 3882 Septemb.
3369 3807 3426 3861 in
3465 3807 3615 3882 iYita

1964 3882 2022 3937 S.
2043 3878 2323 3953 Cypriani
2349 3883 2400 3953 θ
2431 3881 2534 3945 lii;
2588 3880 2799 3950 Pagius
2848 3880 2917 3934 ad
2965 3879 3300 3953 annos__255
3329 3883 3412 3953 _et
3457 3878 3562 3953 256
3599 3896 3612 3942 ;

1963 3948 2257 4024 Dupinius
2289 3952 2429 4007 bibl.
2465 3967 2613 4024 nov.‘
2638 3948 3042 4024 viACypriiamis
3077 3975 3090 4017 ;
3130 3950 3418 4024 ‘Fleurius
3479 3948 3516 4002 l.
3572 3967 3608 4012 ι,

1962 4020 2088 4092 §20
2118 4029 2173 4079 et
2221 4025 2310 4078 30.
2371 4025 2450 4078 Ex
2506 4020 2814 4076 catholicis
2869 4020 3267 4094 Pearsonius,
3301 4022 3614 4094 episcopus

1960 4096 2330 4161 Cestriensis,
2392 4096 2449 4149 in
2507 4094 2629 4148 suis
2682 4093 3140 4150 accuratissimis
3200 4093 3302 4163 (ait
3340 4093 3615 4152 ’Caveus)

1959 4167 2284 4223 Annalibus
2342 4165 2720 4239 Cyprianicis.
2772 4167 2936 4239 idem
2997 4166 3240 4239 Caveas,
3297 4181 3350 4235 v,
3397 4165 3613 4239 _Firmj:

1963 4240 2175 4295 lienus.
2211 4240 2266 4294 Si
2295 4235 2483 4309 prima
2532 4237 2888 4309 Septembris
2917 4235 3191 4309 _cmperit
3233 4235 3491 4309 synodus
3520 4236 3617 4309 _87

1961 4307 2392 4383 episcoporum,
2417 4310 2485 4383 hi
2519 4307 2762 4383 numero
2781 4307 3017 4383 plurimi
3041 4307 3117 4363 ex
3140 4307 3389 4383 diversis
3412 4307 3612 4383 Africa:

1961 4377 2018 4438 et
2050 4377 2338 4436 Numidiae
2371 4381 2718 4436 dioecesibus
2749 4377 3159 4451 Carthaginem
3193 4377 3482 4450 proficisci
3513 4379 3612 4451 de-

1963 4455 2218 4509 buerunt
2250 4455 2306 4508 in
2342 4453 2547 4508 diebus
2580 4450 3026 4522 canicularibus,
3069 4467 3181 4521 quo
3243 4459 3499 4522 tempore
3554 4450 3612 4504 in

1886 4507 1932 4569 D
1965 4507 2159 4580 Africa
2189 4507 2480 4580 masimus
2513 4523 2654 4580 solis
2687 4524 2860 4578 ardor
2875 4507 3126 4578 viatores
3162 4507 3611 4593 infestatJmpe-

1959 4601 2182 4652 ratores
2245 4597 2503 4651 nondum
2571 4601 2736 4650 erant
2789 4594 3128 4661 Christiani,
3187 4595 3288 4665 qui
3349 4593 3616 4649 vehicula

1959 4667 2194 4740 publica
2226 4667 2794 4740 subministrassent,
2830 4667 2981 4740 quod
3027 4666 3375 4722 beneficium
3435 4666 3613 4721 Cons-

1959 4738 2232 4797 tantinus
2256 4740 2333 4794 M.
2371 4738 2662 4811 episcopis
2689 4739 3213 4811 praestititpostea.

2030 4813 2142 4882 (58)
2187 4807 2424 4879 Omitto,
2477 4807 2630 4882 quod
2681 4807 2912 4865 initium
2973 4807 3152 4881 hujus
3212 4807 3613 4882 controversia:

1959 4880 2318 4955 alligandum
2387 4880 2542 4955 esset
2600 4899 2752 4938 anno
2794 4883 2917 4955 255.
2990 4880 3203 4937 Eodem
3279 4896 3451 4955 anno_
3511 4880 3616 4933 255

1959 4951 2215 5039 synodus
2247 4954 2723 5039 Carthaginepsis
2751 4953 2939 5039 prima
2961 4958 3162 5008 contra
3188 4951 3612 5039 papamidecref

1958 5023 2155 5094 visset,
2190 5023 2548 5098 baptismum
2608 5023 3009 5098 haereticorum
3060 5040 3189 5079 esse
3237 5023 3608 5098 invalidum:

1961 5099 2114 5153 idem
2173 5094 2382 5154 iterum
2445 5100 2744 5153 decretum
2817 5097 3024 5151 fuisset
3107 5112 3259 5150 anno
3340 5095 3466 5158 256,
3554 5094 3608 5147 in

1959 5169 2073 5242 alia
2102 5171 2321 5242 synodo
2371 5171 2630 5225 secunda
2678 5171 2754 5242 7t
2804 5169 3233 5242 episcoporum,
3293 5171 3606 5242 antequam

1958 5240 2057 5296 illa
2097 5237 2321 5297 famosa
2369 5242 2539 5295 tertia
2579 5237 2853 5312 synodus
2885 5241 2952 5293 87
3005 5237 3432 5312 episcoporum,
3490 5238 3606 5312 pri-

1959 5330 2056 5368 ma
2103 5312 2467 5385 Septembris
2523 5309 2905 5385 convenisset.
2946 5309 3158 5385 _Taceo
3217 5309 3288 5363 de
3369 5310 3609 5381 synodis

1958 5383 2246 5440 Iconiensi
2304 5390 2360 5438 et
2403 5383 2789 5456 Synnadensi.
2852 5383 3165 5456 Quisunon
3225 5385 3476 5454 stupent,
3525 5386 3610 5456 tot

1957 5471 2302 5511 numerosas
2323 5451 2578 5526 synodos
2592 5455 2747 5510 intra
2759 5458 2879 5509 tam
2900 5453 3194 5508 modicum
3219 5451 3452 5526 tempus
3465 5451 3610 5508 cele-

1957 5529 2156 5584 bratas
2181 5525 2443 5584 t'uisse’in
2465 5526 2863 5585 defensionem
2885 5526 3179 5592 erroris,et
3199 5525 3421 5581 nullam
3436 5542 3610 5596 syno-

1957 5600 2097 5656 dum
2131 5603 2353 5656 exstare
2411 5616 2514 5673 pro
2546 5599 2887 5658 defensione
2916 5597 3172 5655 veritatis
3191 5597 3218 5651 ‘?
3248 5598 3382 5664 Quae
3404 5598 3564 5654 enim
3585 5596 3614 5648 ‘I
