4112 6174
467 314 499 379 1
513 313 624 377 I35

1502 315 1605 376 DE
1648 313 2244 378 HEBETICORUM
2288 313 2813 379 BAPTISMATE.

3720 311 3749 371 ι
3764 308 3874 373 436

468 447 767 505 Decembri
796 448 1202 522 Carthaginem
1233 465 1498 507 reversus
1547 449 1674 506 fuit.
1730 448 1982 506 Ulterius
2039 464 2106 505 ex
2135 448 2192 517 Α
2291 449 2378 506 36.
2411 473 2440 501 ‹‹
2472 449 2819 509 Plenissime
2849 467 2950 508 vos
2981 448 3392 523 respondistis,
3415 445 3720 504 neminem
3754 461 3877 502 esse

465 538 809 595 necessitate
839 544 1228 611 consequente
1259 545 1549 597 asserunt.

2223 544 2340 596 tam
2375 542 2642 610 stultum,
2677 542 2777 614 qui
2811 541 2918 598 hoc
2948 540 3150 597 credat
3189 538 3482 612 apostolos
3540 537 3876 603 tradidisse,

533 631 594 683 7o
614 629 775 693 Quod
807 629 1020 700 Xystus
1051 629 1326 700 Stephani
1352 630 1798 700 successorjam
1835 645 1987 684 anno
2008 629 2113 683 2338
2222 631 2456 698 quando
2488 631 2736 685 etiam...
2773 654 2796 678 ››

474 720 818 790 martyrium
847 717 1112 787 subjerit,
1149 723 1223 772 et.

544 810 603 862 8°
634 808 693 863 S.
718 807 1034 879 Dionysius
1081 824 1233 879 papa
1288 808 1490 864 eodem
1520 824 1674 863 anno
1729 809 1834 862 258
1883 823 2113 862 succes-

469 897 629 966 serit,
676 913 802 969 quaa
850 896 1050 951 itidem
1112 895 1257 952 falsa
1313 901 1470 964 sunt,
1525 901 1590 951 ut
1647 901 1805 968 patet
1859 914 1924 951 ex
1995 896 2115 951 solo

467 985 739 1057 Eusebio,
771 986 1009 1041 docente
1039 985 1283 1058 Xystum
1317 1003 1527 1057 papam
1575 986 1796 1042 sedisse
1854 1004 1892 1040 ιι
1948 986 2116 1040 annis

469 1077 678 1132 Verum
708 1075 777 1130 de
799 1074 906 1129 hoc
937 1075 1087 1128 nodo
1109 1075 1538 1143 chronologico,
1571 1091 1742 1146 quem
1797 1075 1855 1130 in
1917 1077 2121 1130 Dissert

469 1167 535 1220 de
580 1163 863 1219 cathedris
921 1163 1236 1218 dissolvere
1297 1165 1544 1220 necdum
1611 1165 1796 1236 potui,
1880 1164 2118 1219 uberius

469 1270 639 1326 agam
662 1253 778 1308 alia
806 1252 945 1322 vice,
969 1253 1316 1309 defensurus
1368 1255 1610 1325 Xystum
1667 1254 1890 1310 sedisse
1947 1253 2118 1308 annis

471 1343 699 1398 circiter
727 1360 786 1396 II.

543 1433 656 1503 Ego
705 1431 904 1487 oculos
953 1430 1186 1502 requiro
1252 1431 1692 1504 geographicos,
1755 1435 1818 1486 ut
1865 1432 2117 1499 videant,

473 1520 967 1578 contortissimam
987 1521 1205 1592 praefati
1231 1521 1566 1593 systematis
1589 1521 1966 1576 cbronotaxin
1991 1537 2123 1576 con-

473 1611 681 1666 sistere
711 1627 824 1665 non
858 1626 1049 1682 posse,
1083 1609 1307 1664 etiamsi
1326 1627 1531 1666 omnes
1555 1610 1742 1683 ipsius
1763 1627 1986 1666 errores
2020 1628 2122 1682 pro

470 1699 714 1755 totidem
748 1698 1146 1753 fundamentis
1173 1715 1612 1770 supponamus;
1648 1700 1775 1771 ipsa
1794 1701 1950 1756 enim
1977 1700 2124 1754 mul-

470 1789 659 1844 titudo
691 1805 884 1842 rerum
908 1793 1206 1860 gestarum
1241 1789 1471 1844 abunde
1505 1789 1785 1856 insinuat,
1819 1789 2119 1845 historiam
2153 1827 2199 1890 Β

471 1893 601 1934 esse
633 1877 981 1932 fabulosam.

541 1969 632 2022 55.
680 1967 1329 2033 Pseudo-Firmilianus,
1379 1967 1686 2040 capitalem
1739 1968 2120 2040 quaestionem

475 2073 632 2111 nunc
662 2056 898 2110 tandem
929 2056 1349 2122 dissoluturus,
1380 2057 1656 2129 incipite.
1689 2059 1760 2112 2:
1798 2080 1824 2105 ‹‹
1869 2059 1938 2112 Et
1995 2056 2122 2126 qui-

476 2145 608 2200 dem
642 2150 926 2217 quantum
959 2146 1030 2200 ad
1055 2145 1111 2198 id
1146 2145 1411 2216 pertinet,
1442 2147 1595 2216 quod
1620 2146 1952 2217 Stephanus
1983 2146 2127 2200 dixit

479 2241 704 2292 exstare
732 2235 1106 2291 traditionem
1167 2237 1240 2291 ab
1296 2236 1575 2308 apostolis
1634 2238 1765 2306 (59),
1827 2237 2128 2308 signanter

481 2325 644 2380 Petro
677 2329 734 2379 et
766 2323 942 2378 Paulo
974 2329 1291 2395 acceptam,
1342 2325 1516 2395 juxta
1560 2341 1737 2396 quam
1800 2324 1837 2378 ii
1897 2326 1995 2396 qui
2055 2325 2127 2379 ab

478 2412 767 2468 hmreticis
800 2413 1036 2467 fuerunt
1064 2412 1336 2483 baptizati
1371 2429 1484 2467 non
1517 2413 1729 2468 debent
1751 2413 2125 2485 rebaptizari,

481 2501 828 2575 plenissime
857 2519 958 2556 vus
990 2501 1396 2572 respondistis.
1435 2525 1461 2551 »

553 2591 668 2646 Hoc
701 2590 976 2663 Stephani
1009 2595 1424 2662 argumentum
1465 2607 1533 2647 ex
1560 2591 1870 2648 traditione
1902 2593 2132 2647 desum-

481 2685 646 2754 ptum
674 2684 798 2735 erat
829 2696 968 2734 sane
991 2679 1505 2742 validissinium,et
1529 2680 1693 2753 plene
1716 2681 2130 2753 apodicticum,

483 2768 597 2838 cui,
658 2769 1097 2840 quamprimum
1158 2786 1190 2824 a
1239 2769 1530 2842 Stephano
1607 2769 1848 2825 allatum
1922 2771 2134 2837 fuerat,

481 2857 835 2930 Cyprianum
857 2861 914 2912 et
943 2857 1347 2914 Firmilianum
1375 2858 1446 2928 (si
1469 2858 1518 2915 is
1535 2858 1850 2931 aliquando
1879 2859 2134 2928 rebapti-

483 2947 752 3002 zantibus
800 2945 1164 3017 adhaesisset)
1222 2946 1460 3002 omnino
1518 2948 1878 3020 acquievisse
1937 2947 2136 3004 nullus

486 3034 710 3091 dubito.
739 3036 822 3090 En
856 3051 1014 3091 meas
1046 3036 1302 3092 rationes
1332 3055 1344 3092 :

558 3123 720 3180 Circa
750 3139 969 3179 annum
1017 3124 1142 3192 266,
1206 3125 1520 3198 Dionysius
1567 3125 1993 3181 Alexandrinus
2041 3127 2135 3180 in-

2301 720 2480 791 Igitur
2500 721 2820 792 Cyprianus
2843 725 2899 776 et
2934 719 3140 791 reliqui
3173 717 3428 791 episcopi
3481 716 3741 771 Africani
3799 731 3878 770 re-
3955 723 3958 726 ’

2226 809 2602 880 spondissent
2635 826 2868 865 summo
2901 809 3163 865 Pontiﬁci
3199 825 3211 862 :
3239 807 3580 862 «neminem
3606 821 3739 861 esse
3763 809 3878 860 tam

2226 899 2605 970 stultum,qui
2625 916 2853 954 summo
2875 899 3139 954 Pontifici
3156 897 3399 953 credat?
3416 922 3436 948 ι
3466 900 3629 950 Hanc
3653 910 3884 966 respon-

2227 989 2449 1043 sionem
2482 988 2819 1044 laudassent
2835 988 3206 1044 Firmilianus
3229 987 3494 1058 Origenis
3528 983 3884 1056 discipulus,

2227 1081 2334 1131 etc.
2370 1077 2649 1132 Asiatici?
2677 1078 2906 1142 Quanta
2964 1075 3376 1149 impudentia?
3426 1074 3721 1146 Episc0po
3774 1073 3884 1127 Ro-

2231 1182 2404 1220 mano
2435 1183 2667 1222 summo
2701 1166 2965 1222 Pontiﬁci
2996 1165 3292 1221 attestanti
3323 1165 3393 1219 de
3420 1164 3592 1232 facto,
3633 1163 3705 1217 de
3756 1177 3886 1216 con-

2229 1255 2537 1310 suetudine
2562 1273 2680 1310 sua
2706 1254 2970 1311 Ecclesia:
2987 1256 3402 1323 Romanae,non
3427 1258 3518 1308 est
3549 1250 3891 1306 adhibenda

2231 1345 2419 1400 fides?
2476 1345 2581 1408 Qui
2641 1345 2817 1400 ﬁdem
2867 1345 3143 1400 adhibeat
3202 1343 3447 1399 stultum
3529 1357 3688 1408 esse,
3777 1341 3891 1394 imo

2231 1434 2522 1490 neminem
2552 1451 2680 1490 esse
2709 1439 2829 1489 tam
2861 1433 3110 1490 stultum
3143 1432 3242 1504 qui
3301 1431 3573 1504 episcopo
3625 1430 3895 1485 Romano

2231 1523 2406 1579 ﬁdem
2431 1541 2464 1578 a
2485 1523 2750 1579 lhibeat?
2779 1540 2902 1595 pro,
2935 1527 3155 1595 quanta
3187 1519 3553 1593 impudentia
3581 1521 3592 1574 l
3639 1519 3716 1573 Et
3777 1518 3897 1572 hac

2232 1617 2318 1667 tot
2373 1617 2606 1668 sanctos
2652 1613 2952 1685 episcopos
3005 1612 3308 1668 iniecisset
3354 1608 3566 1665 saeculo
3618 1625 3712 1676 III,
3789 1624 3901 1679 quo

2234 1702 2511 1776 Origenes
2543 1702 2865 1758 devotionis
2893 1718 3050 1775 ergo,
3085 1705 3149 1756 ut
3202 1698 3689 1770 antiquissimam
3734 1712 3906 1752 vene-

2235 1796 2462 1848 raretur
2491 1792 2830 1859 Ecclesiam,
2889 1808 2956 1847 ex
3012 1791 3247 1846 Oriente
3301 1790 3545 1844 Romam
3598 1788 3904 1858 profectus

2233 1882 2341 1936 fuit
2369 1883 2396 1936 ‘I
2428 1882 2548 1945 Quo
2576 1881 3065 1954 Origenes,totius
3094 1879 3346 1934 Orientis
3386 1877 3904 1942 oraculum,suam

2232 1972 2365 2025 fidei
2393 1971 2812 2043 professionem
2869 1974 2925 2024 S.
2986 1967 3239 2024 Fabiano
3297 1968 3568 2039 episcopo
3632 1967 3904 2021 Romano

2234 2059 2568 2116 submisit?
2600 2059 2764 2114 Absit
2796 2063 2859 2114 ut
2881 2058 3110 2113 credam
3160 2057 3260 2112 uni
3300 2054 3904 2126 pseudo-Firmiliano

2235 2167 2404 2206 suam
2437 2147 2863 2220 impudentiam
2895 2146 3213 2202 conﬁtenti.
3260 2145 3548 2200 Caeterum
3603 2143 3908 2198 exstitisse

2236 2239 2535 2312 praefatam
2568 2237 2940 2293 traditionem
2973 2234 3353 2308 apostolicam
3384 2232 3628 2288 aliunde
3666 2233 3908 2303 probari

2238 2329 2382 2384 satis
2427 2326 2814 2399 potuissento
2862 2325 3006 2390 Quia
3054 2341 3157 2397 per
3204 2323 3506 2378 universas
3566 2321 3911 2393 usquedum

2239 2421 2466 2474 servata
2498 2418 2684 2472 fuerat
2714 2414 2927 2472 Ecclesi
2952 2431 3017 2470 .s.
3048 2415 3108 2467 2ο
3139 2413 3286 2479 Quia
3313 2429 3426 2468 non
3472 2413 3802 2468 constabat
3861 2411 3912 2464 in

2240 2524 2354 2579 quo
2378 2506 2624 2562 concilio
2659 2505 2863 2560 fuisset
2894 2503 3162 2559 instituta
3186 2505 3319 2575 (60).

2311 2598 2400 2650 37.
2463 2597 2770 2667 Impostor,
2829 2597 2894 2648 ut
2952 2593 3323 2666 persuadeat,
3380 2589 3778 2646 traditionem
3845 2588 3910 2642 ab

2242 2684 2520 2757 apostolis
2554 2701 2666 2739 non
2691 2683 3086 2752 descendisse,
3122 2698 3325 2737 novam
3369 2679 3726 2744 falsitatem,
3763 2693 3910 2731 eam-

2243 2792 2356 2847 que
2387 2773 2858 2830 enormissimam
2891 2772 3092 2828 atI'ert:
3127 2775 3300 2843 negat
3325 2769 3479 2825 enim
3515 2768 3600 2838 id,
3626 2769 3795 2839 quod
3851 2783 3911 2821 ex

2245 2865 2340 2921 SS.
2374 2863 2665 2932 Patribus,
2700 2879 2765 2917 ac
2831 2878 2900 2917 ex
2949 2862 3077 2933 ipsa
3131 2865 3188 2914 S.
3234 2860 3534 2931 Scriptura
3576 2862 3673 2912 est
3735 2856 3910 2912 notis-

2245 2955 2487 3020 simum,
2511 2969 2717 3023 nempe
2748 2955 2940 3024 negat,
2963 2956 3224 3023 tempore
3273 2947 3686 3021 apostolorum
3748 2946 3912 3000 modo

2246 3044 2495 3100 haereses
2525 3042 2804 3098 extitisse.
2836 3043 2917 3096 En
2951 3039 3109 3095 illius
3141 3037 3444 3095 formalia:

2329 3153 2350 3181 ι
2385 3132 2626 3197 Quando
2643 3131 2817 3187 etiam
2850 3130 3097 3185 han-eses
3122 3131 3418 3184 constet...
3470 3131 3686 3197 postea
3745 3124 3916 3180 exsti-

487 3212 633 3268 dixit
663 3212 947 3284 synodum
969 3197 1386 3269 Antiochenam
1420 3219 1620 3269 contra
1651 3215 1900 3270 Paulum
1931 3216 2139 3271 Samo-
2171 3197 2213 3264 Ο
2252 3223 2414 3290 tisse,
2449 3237 2582 3277 cum
2616 3225 2673 3276 et
2723 3219 2978 3275 Marcion
3028 3217 3306 3273 Cerdonis
3364 3214 3704 3286 discipulus
3763 3214 3915 3268 inve-

487 3307 752 3358 satenum
791 3302 1099 3358 Antiochia:
1131 3303 1468 3376 episcopum
1505 3322 1518 3372 ;
1552 3305 1623 3360 ad
1655 3321 1830 3376 quam
1865 3321 2140 3361 convene-

491 3391 897 3463 runtepiscopi
933 3391 1191 3463 plurimi.
1218 3393 1374 3447 Inter
1397 3393 1718 3465 praecipuos
1756 3399 1895 3449 tunc
1951 3394 2138 3465 primo
2181 3409 2183 3411 ‘

490 3480 614 3536 loco
647 3483 984 3535 recensetur
1013 3485 1213 3536 noster
1238 3481 1768 3552 Firmilianus,dein
1802 3483 2138 3554 Gregorius,

492 3575 550 3626 et
578 3569 983 3624 Athenodorus
1013 3586 1082 3624 ex
1140 3571 1340 3638 Ponto,
1403 3571 1658 3626 Helenus
1709 3572 2015 3627 Tarsensis
2073 3589 2141 3627 ex

491 3657 712 3722 Cilicia,
745 3657 1349 3714 Nicomaslconiensis
1379 3676 1447 3714 ex
1479 3660 1742 3732 Phrygia,
1792 3661 2139 3732 Hymenaeus

491 3763 560 3802 ex
595 3745 1006 3816 Hierosolymis
1029 3747 1234 3801 1380
1267 3752 1322 3801 et
1360 3747 1728 3803 Theotecnus
1771 3749 2140 3805 Caesariensis

492 3851 560 3891 ex
591 3833 912 3901 Palaestina,
947 3835 1236 3891 Maximus
1267 3835 1593 3892 Bostrensis
1624 3854 1692 3892 ex
1715 3838 1942 3893 Arabia.
1968 3840 2144 3894 Innu-

494 3924 640 3980 meri
699 3924 940 3996 insuper
997 3924 1315 3997 presbyteri
1376 3929 1432 3980 et
1480 3925 1708 3981 diaconi
1774 3927 2142 3982 Antiochiam

494 4013 970 4069 acceleraverunt.
1006 4015 1064 4069 In
1099 4014 1206 4070 hoc
1257 4030 1570 4070 numeroso
1623 4016 1888 4082 concilio,
1945 4017 2036 4072 cui
2090 4021 2146 4071 et

495 4101 872 4158 Firmilianus
901 4101 984 4156 vel
1021 4103 1310 4175 praesedit,
1340 4103 1426 4158 vel
1473 4105 1735 4159 interfuit
1794 4106 2144 4177 praecipuus,

497 4191 659 4247 nulla
691 4192 755 4247 ﬁt
812 4193 1028 4248 mentio
1081 4193 1549 4265 rebaptizationis
1611 4194 1763 4248 inter
1819 4195 2145 4252 Catholicos

494 4283 743 4338 usitatae.
779 4287 862 4336 Au
899 4282 1176 4355 possibile
1207 4283 1414 4339 fuisset
1445 4283 1582 4339 utin
1622 4283 1721 4339 illo
1752 4289 1873 4340 toto
1902 4286 2148 4342 concilio

496 4372 574 4427 nil
609 4372 914 4428 definitum
951 4373 1157 4428 fuisset
1185 4372 1242 4426 in
1277 4389 1454 4428 causa
1485 4373 1963 4443 Anabaptismi,si
1992 4374 2146 4429 hunc

493 4467 549 4517 S.
583 4462 955 4518 Firmilianus
987 4464 1058 4517 ab
1104 4478 1254 4517 anno
1302 4463 1408 4516 256
1467 4464 1796 4535 usquedum
1849 4468 2146 4518 contuma-

2249 3313 2443 3367 niatur
2473 3328 2599 3368 sero
2631 3313 2762 3382 post
2794 3306 3090 3380 apostolos
3121 3313 3178 3363 et
3211 3310 3342 3378 post
3390 3305 3462 3360 ab
3495 3305 3585 3360 eis
3646 3308 3920 3374 tempora

2249 3399 2593 3472 sacrilegam
2628 3399 2908 3454 adversus
2939 3397 3120 3452 Deum
3175 3395 3553 3450 traditionem
3589 3392 3917 3447 induxisse.

2251 3489 2481 3562 Apelles
2537 3504 2838 3561 quoque...
2899 3486 3000 3542 sed
3057 3491 3112 3542 et
3167 3484 3456 3540 Valentini
3516 3487 3578 3537 et
3635 3482 3920 3536 Basilidis

2250 3585 2483 3650 tempus
2517 3578 2893 3633 manifestum
2927 3579 3034 3647 est,
3095 3575 3246 3646 quod
3307 3577 3364 3628 et
3421 3577 3551 3643 post
3617 3570 3919 3643 apostolos

2251 3669 2362 3740 ipsi
2421 3682 2654 3738 quoque
2713 3670 2768 3720 et
2821 3670 2951 3738 post
3024 3663 3256 3735 longam
3310 3667 3613 3716 aetatem...
3679 3669 3920 3716 caeteros

2251 3773 2484 3830 quoque
2515 3756 2814 3812 haereticos
2845 3758 3073 3810 constat
3103 3769 3308 3826 pravas
3339 3768 3478 3808 suas
3510 3755 3792 3806 sectas...

2253 3852 2456 3922 postea
2489 3845 2804 3902 induxisse.
2837 3867 2864 3893 »

2325 3934 2639 3991 manus
2660 3933 2823 3990 locus
2845 3936 2933 3989 est
2956 3929 3546 3988 notabilis.Baronius
3583 3929 3918 3996 τωρωι-(61)

2252 4025 2408 4081 hunc
2440 4030 2704 4079 nostrum
2737 4021 3140 4078 Firmilianum
3182 4038 3294 4092 prae
3326 4019 3506 4074 nimio
3542 4019 3643 4072 ira:
3696 4017 3918 4090 impetu

2256 4115 2441 4170 multa
2499 4113 2783 4170 etl‘utiisse
2835 4111 3112 4168 historice
3171 4111 3332 4166 falsa.
3359 4107 3433 4179 {Si
3494 4107 3692 4162 multa
3756 4108 3920 4172 falsa,

2253 4205 2432 4274 igitur
2461 4221 2565 4259 nec
2587 4220 2692 4276 ego
2723 4203 2892 4258 credo
2925 4201 3206 4258 asserenti
3240 4216 3300 4256 se
3359 4199 3541 4254 fuisse
3573 4199 3920 4270 episcopum

2255 4299 2526 4348 Caesarea:
2554 4293 2610 4347 in
2645 4291 3027 4364 Cappadocia,
3057 4308 3118 4346 e
3149 4290 3330 4346 fuisse
3354 4306 3387 4344 a
3433 4289 3728 4360 Cypriano
3790 4303 3921 4342 con-

2257 4382 2502 4448 sultum,
2530 4387 2637 4437 etc.

2330 4469 2696 4526 Bollandistae
2721 4470 2853 4539 (62),
2879 4485 3010 4524 cum
3072 4467 3469 4524 certissimum
3527 4465 3608 4520 sit
3661 4469 3919 4536 tempore

496 4551 638 4606 citer
668 4557 1094 4623 propugnasset
1119 4552 1147 4606 ?
1193 4551 1314 4608 Imo
1365 4552 1413 4606 si
1466 4551 1838 4607 Firmilianus
1893 4553 2144 4608 acerbis-
2183 4573 2223 4636 ι)
2257 4559 2655 4632 apostolorum
2677 4559 2926 4614 haereses
2957 4557 3268 4626 exstitisse,
3301 4555 3440 4610 hinc
3465 4553 3916 4619 beneint‘erunt,

497 4640 679 4694 simas
712 4641 780 4694 de
813 4642 1028 4712 quibus
1059 4641 1310 4712 agimus,
1344 4640 1568 4697 litteras
1599 4645 1799 4696 contra
1831 4640 2145 4697 Ecclesiam

501 4729 822 4783 Romanam
856 4729 1236 4802 scripsisset?

570 4817 735 4872 Nunc
767 4819 1180 4892 percipiamus,
1213 4820 1349 4892 quid
1383 4820 1455 4876 ad
1480 4820 1784 4891 praefatum
1843 4835 1911 4874 ex
1969 4819 2148 4875 tradi-

496 4905 653 4961 tione
676 4911 1087 4978 argumentum
1111 4907 1458 4980 respondeat
1480 4905 2146 4979 pseudooFirmilianus!

496 4995 688 5050 Audet
718 4995 907 5051 dicere
929 5013 948 5048 :

571 5246 822 5317 (59)Hac
879 5245 1459 5317 pseudo-Firmiliani
1511 5247 1800 5301 sententia
1859 5263 2006 5301 usus
2063 5251 2152 5302 est

501 5318 786 5390 Rigaltius
817 5317 886 5372 ad
907 5318 1321 5390 expugnandas
1337 5317 1758 5372 Catholicorum
1786 5318 2144 5374 traditiones.

572 5391 681 5461 (60)
709 5389 1236 5462 Rebsptizationem
1262 5405 1495 5462 semper
1515 5393 1572 5444 in
1599 5391 1871 5444 universa
1893 5389 2148 5444 Ecclesia

501 5461 842 5524 obtinuisse,
903 5476 1008 5515 nec
1064 5461 1694 5517 adversarii’asserere
1777 5462 1903 5516 ausi
1984 5467 2142 5516 sunt.

500 5535 662 5590 lllius
694 5532 927 5587 initium
961 5533 1540 5606 pseudo-Cyprianus
1586 5534 1761 5589 refert
1807 5534 1877 5588 ad
1940 5533 2145 5606 Agrip-

543 5608 703 5662 inum
729 5620 832 5675 pro
866 5608 1005 5660 tunc
1037 5610 1168 5661 ante
1195 5607 1266 5660 20
1297 5622 1482 5662 annos
1513 5611 1846 5672 mortuum;
1896 5605 2146 5676 pseudo-

543 5623 703 5662 Illum
729 5623 832 5675 pro
866 5623 1005 5660 tunc
1037 5623 1168 5661 ante
1196 5623 1266 5660 zu
1297 5623 1482 5662 annos
1513 5623 1846 5672 mortuum;
1896 5623 2146 5676 pseuao-

498 5623 878 5738 Firmilianus
925 5677 993 5734 ad
1058 5678 1303 5734 concilia
1355 5677 1655 5736 Iconiense
1705 5683 1761 5735 et
1814 5677 2148 5751 Synadeuse

2261 4667 2375 4705 non
2407 4666 2534 4704 esse
2557 4647 3064 4718 verosimile,quod
3087 4647 3473 4718 S.Cyprianus
3496 4644 3682 4698 fatam
3707 4644 3919 4714 episto-

2258 4737 2376 4794 lam
2407 4741 2527 4792 tam
2552 4736 2696 4792 falsa
2718 4735 3111 4791 continentem
3129 4734 3188 4788 in
3215 4732 3486 4787 Latinum
3507 4731 3743 4785 idioma
3764 4737 3919 4785 tran-

2261 4827 2511 4884 stulerit.
2545 4827 2661 4898 Ego
2696 4825 2940 4881 ulterius
2970 4823 3177 4890 infero,
3219 4839 3335 4878 non
3384 4837 3513 4876 esse
3563 4819 3917 4878 verosimile.

2260 4917 2415 4990 quod
2448 4921 2503 4973 S.
2539 4914 2915 4972 Firmilianus
2946 4919 3066 4970 tam
3101 4912 3468 4976 mendacem,
3519 4926 3708 4982 quam
3767 4914 3920 4982 petuo

2265 5187 2364 5243 pro
2393 5174 2534 5243 tunc
2557 5169 2682 5243 jam
2735 5167 2977 5243 pridem
3021 5165 3346 5243 celebrata;
3407 5166 3624 5243 neutra
3682 5168 3924 5243 exstant.

2260 5236 2535 5298 Omnium
2558 5236 2849 5313 primum,
2882 5239 2978 5313 qui
3013 5236 3725 5313 rebaptizaveritLEenseg
3757 5237 3925 5313 fuisse

2260 5307 2630 5382 Novutumfa
2658 5316 2714 5366 S.
2739 5307 3002 5366 Cornelio
3043 5307 3212 5382 papa,
3243 5309 3554 5382 anno_25_‘_7,
3573 5325 3648 5362 ex
3674 5307 3924 5382 Ecclesia

2259 5379 2667 5455 ejectum,’qui
2701 5385 2852 5438 circa
2883 5379 3100 5437 annum
3134 5383 3240 5436 253
3297 5379 3637 5438 Catholicos
3680 5381 3923 5452 rebapti.

2259 5475 2388 5513 zare
2421 5456 2721 5528 inceperit.

2349 5530 2440 5596 61)
2469 5527 2795 5584 Αάίθῐιῐιυω
2828 5527 2956 5594 258,
2988 5529 3016 5596 §
3049 5527 3135 5582 44.

2349 5531 2407 5585 61
2469 5531 2553 5584 Ad
2579 5542 2795 5582 annum
2828 5531 2954 5594 258,

2326 5531 2440 5674 E62;
2466 5601 2536 5658 V.
2568 5616 2746 5672 supra
2776 5615 2833 5655 n.
2871 5600 2954 5653 11.
