4112 6174
463 352 615 417 M39

1510 356 1612 417 DE
1656 350 2247 421 HEIlE'I‘ICORUM
2293 355 2819 420 BAPTISMATE.

3721 353 3877 416 1M0

461 486 670 544 Omnia
698 487 952 559 praterit
1001 503 1160 544 more
1209 486 1401 557 solito,
1435 488 1578 545 forte
1609 489 1745 562 quia
1783 489 1974 547 hiems
2006 507 2101 546 ur-
2133 491 2181 558 Α
2215 489 2537 565 Cyprianus
2587 490 2882 564 Stephano
2913 506 2977 547 se
3019 489 3107 547 vel
3158 506 3456 562 nunquam
3507 487 3873 562 opposuerit,

459 576 652 650 gebat,
685 609 752 618 -——
782 577 954 649 longe
1005 577 1171 634 aliter
1219 578 1289 634 de
1319 578 1573 634 Ecclesia
1604 581 1863 636 ltomana
1893 586 1947 636 S.
1991 581 2107 637 Ire-

459 683 642 736 naeus,
678 667 778 738 qui
819 667 1015 722 Romae
1047 668 1172 732 fuit,
1207 671 1568 723 contestatus
1598 675 1685 723 est
1716 670 1954 724 dicens:
1989 694 2014 720 «
2045 672 2106 724 ln

456 772 572 828 qua
602 772 837 828 semper
860 763 1203 812 conservata
1226 760 1313 812 est
1343 773 1408 811 ea
1440 774 1566 829 qua:
1599 759 1670 812 ab
1701 758 1976 831 apostolis
1998 764 2104 827 est,

456 844 717 900 traditio.
753 867 780 895 »

530 934 598 990 II.
636 934 745 990 Sed
777 941 832 989 et
862 934 1072 989 iterum
1132 934 1408 991 historice
1436 935 1649 992 falsum
1697 941 1802 1003 est,
1838 938 1988 1009 quod
2020 939 2107 994 vel

460 1023 614 1079 circa
645 1023 868 1079 Pascha
919 1023 1330 1079 celebrandum
1391 1023 1602 1080 saeculo
1664 1044 1724 1080 ιιι
1757 1027 2109 1082 dissederint

461 1113 726 1170 Ecclesia:
760 1114 1023 1169 Romana
1053 1118 1108 1168 et
1134 1114 1652 1186 llierosolymitana
1681 1117 2106 1188 (75).Eusebius

458 1201 517 1257 in
555 1201 862 1257 Palazstina
900 1201 1209 1273 episcopus
1241 1202 1632 1275 Caasariensis,
1667 1203 1705 1258 l.
1740 1223 1822 1272 ιιι,
1857 1222 1981 1277 cap.
2015 1208 2106 1273 23,

460 1307 638 1362 agens
663 1293 862 1344 contra
884 1291 1490 1364 Quarto-Decimanos,
1516 1296 1774 1365 tempore
1795 1294 1847 1350 S.
1861 1294 2108 1350 Victoris

457 1395 618 1450 papa:
653 1383 903 1446 exertos,
939 1378 1183 1450 positive
1213 1381 1421 1436 asserit
1469 1381 1624 1452 quod
1658 1399 1759 1453 per
1789 1387 1967 1438 totam
2002 1384 2105 1438 Pa-

458 1466 1037 1539 lzestinam,adeoque
1057 1473 1110 1524 et
1133 1468 1565 1542 Hierosolymis,
1584 1471 1804 1526 Pascha
1826 1476 2105 1544 tanquam

459 1572 527 1611 ex
559 1557 872 1612 traditione
919 1557 1236 1630 apostolica
1286 1558 1638 1614 celebratum
1683 1560 1856 1616 fuerit
1904 1563 2104 1618 eodem

457 1646 570 1712 die,
607 1661 723 1717 quo
751 1646 965 1716 Romae,
1001 1661 1212 1718 nempe
1259 1647 1583 1718 Dominico,
1618 1649 1755 1720 quia
1786 1654 1841 1705 et
1873 1651 2106 1707 nonnisi

457 1734 552 1789 die
586 1735 1051 1791 Resurrectionis
1075 1736 1634 1808 Dominieaejejunia
1667 1740 2106 1810 antepasehalia

2216 581 2302 637 vel
2337 581 2598 638 monitus
2634 581 2834 637 statim
2868 580 3229 637 submiserit.

2289 671 2382 726 ΙΙΙ.
2417 673 2601 736 Quam
2630 670 2887 726 absurda
2920 669 3254 741 expressio:
3291 693 3317 719 ‹‹
3349 667 3689 739 Stephanus
3725 684 3870 738 papa

2216 759 2462 815 infamat
2523 761 2752 815 Petrum
2813 763 2871 814 et
2928 758 3171 814 Paulum
3204 759 3315 827 (77)
3348 757 3653 812 haereticos
3714 773 3870 811 asse-

2217 849 2326 904 rit!
2362 871 2388 899 »
2422 852 2506 904 An
2542 849 2669 904 ideo
2699 849 2832 920 quis
2867 848 3238 915 asseruisset,
3270 846 3632 902 defendisset
3656 845 3872 900 Judam

2216 938 2594 1010 proditorem,
2623 939 2919 994 Simonem
2981 937 3239 1008 Magum,
3267 935 3676 1002 Menandrum,
3733 939 3864 1000 etc.,

2217 1027 2353 1099 quia
2385 1028 2673 1099 baptisma
2707 1028 2778 1083 ab
2811 1026 2928 1082 illis
2949 1025 3229 1081 collatum
3253 1024 3556 1079 habuisset
3579 1021 3875 1077 validum?

2289 1117 2380 1171 IV.
2423 1118 2604 1182 Quam
2659 1117 2892 1172 infirma
2922 1115 3110 1172 illatio
3147 1133 3159 1169 :
3216 1137 3243 1164 «
3277 1113 3537 1186 Apostoli
3571 1112 3879 1168 haereticos

2217 1206 2464 1261 aversati
2518 1211 2678 1272 sunt,
2730 1222 2864 1278 ergo
2913 1205 3209 1278 baptisma
3259 1220 3460 1258 eorum
3510 1207 3882 1257 censuerunt

2217 1294 2581 1350 invalidum!
2616 1316 2644 1346 »
2681 1295 2894 1350 Paulus
2926 1293 3195 1366 equidem
3232 1309 3405 1365 quam
3440 1290 3703 1350 maxime
3725 1307 3880 1345 avar-

2217 1387 2380 1438 satus
2411 1388 2498 1438 est
2540 1383 3119 1455 pseudo-apostolos;
3171 1381 3644 1454 praedicationem
3680 1385 3879 1433 tamen

2216 1471 2530 1544 Evangelii,
2553 1471 2600 1526 si
2620 1471 2755 1527 huic
2775 1489 2885 1527 non
2905 1471 3304 1543 insperserant
3333 1483 3747 1537 errorem,non
3771 1467 3879 1521 im-

2217 1560 2501 1632 probavit,
2525 1561 2781 1632 adeoque
2797 1567 2850 1616 et
2875 1560 3236 1632 baptismum
3263 1559 3334 1613 ab
3355 1558 3448 1613 his
3471 1556 3765 1612 collatum
3787 1556 3883 1610 ha-

2216 1649 2344 1704 buit
2372 1649 2628 1704 validum
2661 1667 2672 1717 ;
2708 1653 2770 1704 ut
2817 1649 3149 1705 ostenderet
3192 1647 3458 1703 effectum
3513 1644 3885 1701 sacramenti

2216 1755 2248 1792 a
2306 1737 2780 1794 ministrantibus
2825 1755 2936 1793 non
2997 1736 3347 1809 dependere,
3380 1734 3567 1806 carpit
3622 1751 3726 1788 eos
3787 1733 3886 1803 qui

459 1823 1530 1895 (Quadragesimaaﬁuxtatraditionem
1551 1827 1925 1899 apostolicam
1942 1834 2107 1886 erant
2137 1859 2182 1924 Β
2205 1828 2508 1898 jactabant
2540 1845 2602 1883 se
2634 1845 2664 1882 a
2697 1826 2874 1882 Paulo
2903 1825 2990 1882 vel
3021 1825 3214 1898 Cepha
3243 1841 3372 1880 esse
3405 1823 3769 1924 baptizatos.

461 1915 757 1972 solvenda.
788 1917 966 1972 Addit
987 1917 1278 1973 Eusebius
1303 1936 1408 1974 suo
1429 1937 1544 1992 quo
1574 1921 1800 1976 vivebat
1822 1925 2101 1994 tempore.

461 2009 589 2059 aeta
611 2005 817 2077 synodi
853 2004 1165 2061 Palaastinae
1198 2008 1310 2079 (cui
1362 2008 1720 2080 Theophilus
1752 2011 2107 2069 Cesariensis

457 2097 514 2148 et
529 2093 834 2152 Narcissus
854 2094 1411 2167 Hierosolymitanus
1429 2097 1680 2169 episcopi
1706 2101 2102 2172 praisederint)

457 2181 648 2237 adhuc
678 2181 1004 2250 exstitisse;
1037 2183 1096 2238 in
1129 2183 1246 2238 illis
1278 2184 1538 2240 doctrina
1561 2202 1762 2241 eorum
1795 2189 1894 2258 qui
1929 2205 1961 2243 a
1993 2189 2103 2244 Ro-

455 2286 632 2325 mano
663 2270 777 2326 ritu
811 2271 1192 2339 dissidebant,
1225 2272 1438 2328 dicitur
1479 2290 1738 2342 erronea,
1774 2277 2102 2333 animarum

455 2359 913 2432 seducuva(74i

526 2451 675 2519 Ergo
708 2449 918 2504 falsum
954 2452 1060 2518 est,
1097 2451 1250 2522 quod
1287 2450 1554 2507 Ecclesia:
1579 2453 2104 2527 Hierosolymitana

455 2541 510 2593 et
544 2537 801 2592 Romana
834 2538 1186 2594 dissederint
1216 2539 1274 2595 in
1297 2540 1606 2613 disciplina
1635 2543 1785 2599 circa
1817 2544 1969 2600 diem
1993 2549 2098 2601 Pa-

456 2625 698 2682 schalis.
736 2627 925 2698 Pergit
951 2643 963 2681 :

526 2717 612 2770 39.
656 2715 1017 2771 «Secundum
1049 2718 1201 2788 quod
1231 2722 1285 2773 et
1319 2718 1372 2773 in
1408 2719 1674 2790 pluribus
1705 2738 1933 2794 quoque
1964 2741 2098 2796 pro-

451 2802 660 2859 vinciis
693 2803 876 2859 multa
908 2822 1011 2876 pro
1045 2805 1352 2861 hominum
1388 2824 1618 2880 quoque
1649 2810 1981 2867 diversitate
2011 2831 2102 2868 va-

455 2891 702 2962 riantur,
737 2909 840 2948 nec
872 2897 1068 2949 tamen
1094 2900 1332 2966 propter
1362 2896 1468 2951 hoc
1501 2897 1573 2954 ab
1604 2898 1868 2955 Ecclesia:
1903 2902 2098 2958 catho-

451 2980 574 3036 licaa
608 2997 747 3052 pace
777 2985 958 3053 atque
1008 2982 1230 3038 unitate
1282 2984 1598 3056 aliquando
1632 2988 1958 3044 discessum
1992 2995 2100 3057 est,

454 3070 606 3140 quod
640 3086 794 3126 nunc
827 3071 1161 3143 Stephanus
1209 3091 1392 3130 ausus
1423 3080 1511 3130 est
1561 3075 1769 3143 facere,
1823 3095 2101 3152 rumpens

456 3159 737 3215 adversus
777 3176 878 3215 vos
928 3177 1149 3232 pacem,
1202 3178 1377 3234 quam
1428 3179 1659 3235 semper
1705 3171 2102 3226 antecessores

457 3248 588 3318 ejus
630 3248 1000 3304 vobiscum...
1054 3251 1478 3324 custodierunt,
1512 3253 1700 3309 adhuc
1746 3256 1922 3312 etiam
1954 3258 2102 3313 infa-

457 3352 627 3392 mans
659 3337 892 3393 Petrum
929 3343 984 3394 et
1031 3338 1277 3395 Paulum
1310 3341 1512 3398 beatos
1571 3344 1886 3414 apostolos,
1939 3348 2104 3418 quasi

457 3425 567 3481 hoc
599 3426 945 3482 tradiderint
979 3427 1112 3500 ipsi,
1166 3429 1262 3501 qui
1300 3430 1357 3484 in
1409 3430 1674 3503 epistolis
1707 3432 1829 3489 suis
1879 3433 2105 3490 haereti-

457 3531 559 3570 cos
591 3516 867 3570 exsecrati
895 3522 1053 3585 sunt,
1093 3522 1147 3572 et
1177 3523 1242 3573 ut
1271 3535 1371 3573 eos
1399 3520 1702 3589 evitemus,
1730 3530 2104 3596 monuerunt,

459 3605 613 3660 unde
636 3609 878 3674 apparet
903 3605 1276 3662 traditionem
1303 3608 1450 3664 hanc
1473 3608 1790 3666 humanam
1825 3628 2106 3686 esse,quaa

460 3691 766 3748 haereticos
790 3693 1018 3762 asserit,
1043 3699 1097 3749 et
1120 3695 1413 3766 baptisma
1429 3714 1527 3752 eos
1550 3697 1761 3754 habere
1785 3701 2106 3758 defendit.»

535 3785 578 3834 l.
605 3783 736 3847 Quae
757 3786 896 3837 sunt
923 3781 1024 3838 illa
1042 3782 1225 3839 multa
1245 3784 1272 3838 ?
1292 3816 1358 3825 —
1381 3788 1512 3848 Qua:
1545 3786 1654 3840 illa:
1681 3787 1942 3860 plurimm
1973 3809 2109 3864 pro-

463 3870 718 3926 vinciis?
741 3904 808 3912 -—
839 3873 972 3938 Quae
1006 3872 1106 3928 illa
1161 3873 1286 3929 loca
1317 3878 1372 3930 et
1416 3875 1514 3946 qui
1572 3875 1653 3930 illi
1687 3877 1973 3950 homines,
2009 3899 2108 3953 pro

463 3976 710 4030 quorum
747 3959 1081 4016 diversitate
1114 3960 1300 4017 multa
1328 3963 1708 4019 variabantur
1754 3966 1852 4022 illo
1883 3976 2108 4042 tempo-

464 4063 526 4103 re
557 4049 691 4118 (75),
724 4065 850 4120 quae
883 4049 952 4104 ad
1013 4056 1356 4122 praesentem
1413 4055 1791 4123 quaystionem
1825 4059 2112 4129 pertinere

463 4135 830 4208 possint?——
865 4139 1065 4194 1883
1124 4139 1217 4194 Ha:
1279 4157 1428 4211 vaga:
1488 4143 1841 4201 assertiones
1891 4146 2110 4202 nullam

466 4230 768 4280 merentur
791 4227 985 4293 fidem,
1029 4228 1086 4283 S.
1125 4227 1461 4286 t’irmiliano
1492 4230 1743 4304 indigna:
1776 4238 1932 4289 sunt.

537 4314 608 4370 ll.
633 4315 900 4371 Secundo
933 4316 1085 4386 quod
1120 4316 1178 4371 S.
1211 4317 1544 4388 Stephanus
1574 4337 1706 4375 eum
1739 4322 1796 4376 S.
1829 4321 2114 4394 Cypriane

467 4407 524 4458 et
553 4403 842 4460 Africanis
873 4421 1071 4476 pacem
1106 4405 1328 4477 ruperit
1376 4407 1587 4463 falsum
1621 4414 1727 4474 est,
1782 4415 1845 4464 ut
1876 4410 1968 4465 vix
1999 4429 2112 4467 non

472 4509 673 4549 omnes
695 4493 949 4548 fatentur
971 4495 1244 4565 (76),cum
1269 4494 1602 4568 insuper,ut
1631 4496 1766 4552 alibi
1786 4499 2111 4568 ostendam,

543 4635 652 4701 (73)
684 4634 843 4688 Circa
878 4636 1050 4690 finem
1086 4636 1282 4692 szeeuli
1313 4655 1368 4693 1v
1415 4638 1650 4695 haaresis
1701 4641 2111 4705 Quarto-Deci-

470 4722 775 4760 mauorum
795 4706 1035 4764 invaluit
1066 4707 1654 4782 Hierosolymis,teste
1679 4711 2109 4785 Philastrio(39)

471 4778 627 4832 anud
661 4778 854 4832 Cozza.

471 4794 854 4850 apuduozza.

540 4848 654 4920 (74)
687 4849 872 4921 Hujus
903 4849 1188 4908 haereseos
1207 4855 1502 4908 auctorem
1527 4870 1640 4909 non
1675 4855 1856 4911 fuisse
1877 4855 2112 4911 S.Joan-

468 4938 601 4976 nem
630 4922 1078 4998 Evangelistam,
1115 4929 1177 4979 ut
1208 4925 1783 4998 pseudo-Polycrates
1841 4928 2112 4998 asseruit,

467 4995 771 5050 ostendam
804 4994 916 5051 alia
944 4995 1084 5051 vice.

539 5067 652 5137 (75)
671 5068 828 5130 Quod
853 5067 1270 5138 posterioribus
1287 5068 1650 5137 temporibus
1669 5069 1924 5124 multain
1949 5069 2118 5124 disci-

470 5136 797 5208 plinuribus
821 5136 1036 5193 fuerint
1059 5142 1282 5192 mutata
1302 5136 1694 5209 pro’locorum
1721 5145 1776 5194 et
1809 5140 2134 5196 hominum-

467 5209 802 5284 diversitate
822 5210 1131 5284 indubiam
1151 5213 1258 5284 est;
1275 5214 1365 5284 ast
1389 5211 1594 5284 sarculo
1612 5229 1671 5266 ιιι
1694 5229 1868 5283 quam
1891 5213 2119 5284 rigidis-

472 5281 618 5336 sime
649 5281 1034 5337 insistebatur
1065 5281 1453 5336 uniformitati
1503 5281 2114 5339 conservandis—Dum

471 5352 779 5434 Philippus
808 5353 1130 5434 imperator“
1151 5352 1518 5434 Christianus
1547 5356 1631 5410 vel
1660 5355 2116 5434 catechumenus

473 5422 698 5479 ultimis
727 5422 940 5495 vigiliis
975 5422 1348 5496 l’aschalibus
1379 5425 1660 5482 interesse
1687 5426 1890 5496 voluit,
1919 5444 1950 5481 a
1993 5444 2113 5482 rec-

471 5501 596 5570 tore
617 5494 827 5570 jussus
857 5498 950 5570 est
971 5494 1124 5570 inter
1154 5495 1501 5568 pcenitcntes
1533 5494 1942 5566 consistere,eo
1962 5499 2112 5570 quod

473 5566 529 5621 in
568 5565 766 5624 multis
798 5565 1108 5638 oulpabilis
1138 5565 1318 5637 esset;
1345 5586 1409 5625 ac
1441 5576 1708 5643 prompte
1739 5565 2012 5627 obcdivit.
2047 5571 2114 5625 ν.

478 5639 685 5694 Euseb.
720 5638 758 5693 l.
791 5657 870 5695 vi.
904 5656 952 5695 c.
985 5641 1072 5695 34.

527 5655 685 5694 usen.
720 5655 758 5693 ι.
791 5657 870 5710 vi,
904 5656 952 5695 c.
985 5655 1072 5695 :54.

544 5711 657 5783 (76)
692 5711 737 5769 1.
773 5711 917 5778 Quia
947 5713 1100 5784 quod
1133 5729 1286 5786 papa
1323 5716 1379 5768 S.
1415 5711 1767 5785 Cyprianum
1799 5716 1855 5769 et
1886 5711 2113 5770 univer-

2285 1917 2352 1971 V.
2386 1919 2568 1982 Quam
2603 1917 2912 1972 manifesta
2942 1914 3357 1970 contradictio:
3393 1936 3421 1962 «
3453 1910 3732 1984 Apostoli
3768 1910 3881 1965 ha-

2217 2007 2427 2062 reticos
2450 2006 2730 2062 exsecrati
2755 2009 2910 2071 sunt;
2936 2021 3034 2060 eos
3057 2020 3182 2059 esse
3212 2002 3479 2058 vitandos
3504 2001 3846 2056 docuerunt
3862 2023 3885 2049 η

2217 2097 2284 2153 Ut
2315 2096 2410 2151 hic
2440 2112 2569 2151 vere
2622 2094 2922 2161 asseritur,
2959 2111 3022 2149 ac
3082 2093 3154 2148 ab
3188 2090 3468 2164 apostolis
3522 2090 3784 2163 quaestio
3817 2090 3885 2144 de

2212 2184 2407 2241 valere
2449 2183 2825 2257 baptismatis
2882 2182 3284 2238 haereticorum
3339 2197 3453 2236 non
3506 2179 3713 2252 potuit
3758 2195 3889 2234 esse

2213 2274 2429 2340 decisa,
2463 2291 2528 2329 eo
2573 2273 2788 2345 «quod
2838 2277 3102 2344 tempore
3150 2269 3554 2342 apostolorum
3611 2269 3887 2324 nondum

2214 2364 2432 2419 fuerint
2463 2362 2736 2432 haeretici,
2773 2365 2837 2417 ut
2868 2379 3047 2433 supra
3078 2379 3135 2415 ιι.
3170 2361 3237 2414 37
3270 2363 3567 2414 assertum
3601 2356 3738 2412 fuit.

2286 2453 2371 2507 40.
2406 2451 2646 2523 Attingit
2677 2452 2736 2506 S.
2769 2450 3062 2522 Stephano
3095 2466 3304 2505 novam
3336 2447 3661 2504 absurdam
3689 2461 3884 2502 asser-

2212 2540 2461 2607 tionem;
2497 2539 2774 2612 supponit
2806 2555 3013 2609 nempe
3046 2539 3198 2609 quod
3232 2554 3382 2610 papa
3407 2535 3726 2592 docuerit:

2286 2651 2310 2679 υ
2349 2628 2650 2684 [hereticos
2681 2643 2914 2699 quoque
2945 2626 3103 2698 ipsos
3132 2627 3188 2681 in
3223 2626 3516 2698 baptismo
3549 2624 3871 2681 convenire

2215 2735 2279 2774 eo
2313 2719 2467 2789 quod
2531 2717 2598 2771 ad
2643 2717 2991 2772 alterutrum
3042 2716 3343 2772 venientes
3389 2731 3505 2770 non
3541 2715 3871 2785 baptizent,

2210 2807 2309 2863 sed
2343 2805 2780 2861 communicent
2806 2810 3058 2874 tantum,
3091 2804 3261 2876 quasi
3291 2808 3348 2858 et
3394 2819 3503 2858 nos
3541 2803 3652 2857 hoc
3688 2803 3873 2857 facere

2215 2895 2554 2950 debeamus.
2590 2895 2713 2957 Quo
2745 2893 2803 2947 in
2835 2892 2980 2958 loco,
3013 2893 3120 2947 etsi
3152 2907 3255 2946 vos
3282 2891 3410 2961 jam
3443 2890 3757 2961 probastis
3788 2906 3873 2943 sa-

2213 2984 2314 3050 tis,
2346 2983 2661 3038 ridiculum
2695 2986 2868 3048 esset,
2895 2986 2955 3036 ut
2987 2981 3120 3054 quis
3152 2984 3430 3051 sequatur
3459 2983 3779 3044 errantes;
3814 2977 3875 3031 il-

2213 3073 2310 3128 lud
2348 3077 2612 3128 tamen...
2650 3093 2671 3122 ι

2289 3161 2471 3217 Locus
2501 3165 2587 3216 est
2619 3159 2929 3227 notabilis;
2967 3159 3039 3215 ob
3070 3159 3231 3215 hunc
3280 3159 3436 3214 enim
3467 3161 3526 3212 et
3557 3156 3878 3229 epistolam

2216 3251 2614 3322 Cyprianicam
2643 3251 2712 3304 74
2741 3247 2951 3304 acriter
2978 3253 3035 3304 et
3066 3248 3386 3321 plurimum
3409 3246 3732 3318 disputant
3763 3246 3878 3300 the-

2217 3339 2365 3411 ologi
2397 3341 2529 3411 (74).

2289 3429 2373 3482 41.
2404 3451 2431 3478 ‹‹
2466 3431 2547 3483 An
2580 3427 2910 3499 Stephanus
2966 3424 3224 3481 validum
3263 3421 3619 3495 judicaverit
3653 3421 3878 3494 baptis-

2220 3534 2381 3572 mum
2417 3518 2526 3572 sub
2577 3533 2926 3588 quacunquc
2971 3516 3175 3582 forma,
3209 3515 3382 3569 etiam
3437 3529 3556 3567 non
3603 3513 3875 3566 invocato

2218 3606 2601 3662 sanctissima:
2625 3605 2926 3660 Trinitatis
2957 3604 3229 3677 mysterio
3259 3602 3537 3658 collatum
3562 3600 3590 3654 ?
3625 3623 3654 3647 η

2289 3696 2515 3767 Negant
2557 3694 2752 3766 plures
2784 3695 2856 3748 ob
2888 3693 3134 3748 dicenda
3165 3711 3225 3746 ιι.
3257 3694 3345 3746 52.
3376 3692 3702 3744 Allirmant
3736 3706 3874 3743 non-

2220 3783 2366 3839 nulli
2397 3784 2495 3856 qui
2531 3799 2737 3855 papam
2769 3782 2828 3836 in
2860 3782 3128 3836 hieresim
3162 3779 3391 3852 lapsum
3427 3778 3616 3834 fuisae
3647 3777 3875 3833 volunt.

2221 3874 2376 3929 Inter
2407 3873 2514 3928 hos
2561 3870 2920 3939 Blondellus,
2958 3869 3222 3936 Vossius,
3258 3868 3610 3939 Basnagius,
3644 3867 3878 3922 Marcus

2220 3962 2503 4017 Antonius
2525 3961 2593 4016 de
2616 3957 3878 4028 Dominis,loannesCestriensis,Launoius,

2221 4055 2364 4107 tom.
2397 4052 2466 4120 Il,
2500 4067 2626 4121 pag.
2651 4051 2704 4104 2.
2730 4049 2806 4103 Eo
2836 4053 2892 4104 et
2924 4047 3169 4103 inclinat
3198 4047 3488 4120 Dupinius
3510 4046 3731 4101 doctor
3759 4047 3881 4099 Sor.

2221 4142 2434 4197 bonius
2466 4140 2562 4212 qui
2598 4144 2658 4195 ut
2689 4156 2861 4195 suum
2899 4139 3187 4194 intentum
3240 4139 3429 4211 magis
3453 4138 3690 4209 probet,
3727 4152 3876 4191 asse-

2223 4232 2297 4287 rit
2319 4232 2452 4302 (79):
2476 4229 2708 4285 «nullos
2731 4229 2846 4284 fere
2868 4233 3009 4283 tunc
3035 4226 3218 4281 fuisse
3236 4224 3675 4294 haereticos,qui
3709 4224 3769 4277 in
3793 4239 3882 4277 no-

2224 4321 2379 4378 mine
2410 4321 2794 4376 sanctissimae
2828 4313 3340 4401 1385Trinit¢gjs
3371 4313 3828 4385 baptizaverint.
3853 4337 3878 4359 μ

2223 4416 2329 4466 Ast
2358 4410 2466 4465 hoc
2491 4408 2765 4464 ultimum
2821 4410 3110 4462 assertum
3169 4402 3483 4459 sufﬁcienti
3533 4402 3880 4456 destituitur

2225 4499 2466 4556 ratione.
2501 4498 2846 4569 Majorijure
2878 4495 3359 4566 dixisset,paucos
3387 4493 3497 4560 (80y
3524 4497 3672 4545 tunc
3697 4493 3878 4546 fuisse

2221 4658 2318 4697 sos
2350 4640 2552 4694 Africre
2581 4639 2886 4710 episcopos
2933 4641 3064 4692 actu
3121 4634 3745 4710 excommunicaverit,
3781 4635 3874 4690 ali-

2225 4713 2377 4768 unde
2410 4706 2688 4783 probar'e__
2717 4706 2937 4783 nequit.
2963 4712 3019 4783 2.
3039 4708 3199 4783 Quia
3260 4708 3316 4762 S.
3351 4706 3876 4783 Qyprianinomen

2224 4777 2439 4842 Canonii
2474 4780 2726 4838 Missalis
2761 4777 3002 4836 Romani
3035 4781 3318 4834 insertum
3370 4777 3494 4846 fuit,
3531 4777 3876 4833 nullatenus

2226 4853 2522 4919 credibile,
2547 4854 2700 4925 quod
2733 4853 2993 4908 Romana
3016 4852 3520 4925 Ecclesianomen
3551 4850 3820 4925 hominis
3849 4867 3876 4903 ι

2227 4942 2460 4983 summo
2493 4921 2766 4981 Po'ntifice
2815 4922 3298 4979 excommunicati
3333 4927 3389 4974 et
3437 4921 3619 4990 primi
3650 4938 3876 4977 excom-

2227 4998 2657 5055 municatorum
2693 4994 3135 5067 antesignaniin
3166 4994 3454 5049 Canoncm
3490 4992 3586 5046 sui
3624 4993 3878 5049 Missalis

2231 5069 2543 5126 retulisset.

2297 5143 2407 5214 (77)
2441 5140 2545 5195 Illa
2576 5138 2806 5214 phrasis
2837 5141 3117 5214 inﬁrmare
3145 5134 3427 5208 apostolos,
3461 5133 3652 5190 etiam
3684 5152 3879 5192 occur-

2226 5210 2505 5298 ritliasa-
2523 5210 2875 5298 .Cv'Prianiss
2901 5210 2990 5298 7.?-

2298 5286 2410 5354 (78)
2433 5275 2754 5338 Videahtur
2774 5280 2995 5354 Natalis
3027 5277 3352 5354 Alexander
3380 5275 3448 5330 ad
3470 5277 3780 5354 saeculum
3803 5295 3879 5340 ιιι,

2228 5351 2459 5411 dissert.
2503 5356 2600 5420 Ili;
2657 5352 3018 5420 Tournelius,
3049 5353 3117 5406 de
3162 5351 3530 5407 Sacramentis
3564 5351 3624 5402 in
3661 5366 3878 5418 genere,

2229 5426 2568 5499 quazstio‘l;
2619 5426 2866 5494 Bertius,
2897 5424 2960 5480 de
3021 5424 3260 5494 Theolog.
3323 5420 3516 5491 discip.
3579 5420 3691 5477 lib.
3733 5439 3877 5490 xm,

2228 5518 2352 5570 cap.
2389 5499 2786 5570 t3,num.716.

2298 5565 2413 5642 {79)
2442 5570 2505 5625 In
2538 5566 3050 5642 suaiBibliotheca.
3086 5565 3153 5620 γ.
3191 5566 3532 5642 Cyprianus.

2300 5635 2412 5714 (80')
2443 5645 2560 5698 Hos
2587 5641 2712 5696 vide
2740 5641 2892 5713 apud
2956 5635 3264 5708 Irenaeum,
3289 5635 3324 5691 l.
3362 5653 3400 5705 ι,
3432 5651 3482 5690 c.
3520 5638 3573 5689 8.
3615 5639 3694 5692 De
3728 5641 3877 5692 Mon-
