4112 6174
210 258 355 325 MM

1156 248 1360 318 PARS
1403 252 1482 317 ΙΙ.
1510 286 1588 299 -—
1618 240 2180 314 RECENTIORUM
2226 244 2668 312 EXCURSUS.

3462 240 3615 308 1442

200 394 633 468 haereticos,qui
664 392 988 465 legitimam
1013 392 1260 448 formam
1291 406 1409 446 non
1436 386 1843 445 adhibuerint:
1877 390 1930 457 Α
1964 405 2087 457 tum
2120 400 2370 456 maxime
2401 399 2522 455 ηοιί
2555 399 2669 470 (86)
2699 398 2987 453 sinceram
3019 396 3090 452 de
3124 401 3233 451 ι)ρο
3272 399 3329 451 ει
3363 398 3610 453 sanctis.

200 486 411 543 saltem
441 482 527 539 illi
564 481 842 549 haeretici,
902 480 1003 553 qui
1058 479 1158 536 illo
1214 483 1477 551 tempore
1532 476 1849 533 Ecclesiam

202 574 460 631 maxime
490 573 926 646 perturbarunt,
959 573 1127 625 erant
1145 567 1477 624 Novatiani:
1501 566 1712 622 hivero
1737 565 1848 621 for-

205 681 363 721 mam
392 661 767 735 baptismatis
799 675 1103 731 nunquam
1163 661 1572 729 corruperunt.
1622 654 1850 710 Paulia-

204 753 377 811 nistm
404 756 461 808 et
489 749 804 807 Sabelliani
829 754 963 822 post
983 752 1250 820 tempora
1270 747 1329 802 S.
1354 744 1633 818 Stephani
1647 760 1852 817 proru-

207 845 425 915 perunt
457 855 699 896 :verum
745 837 846 893 illa
898 835 1293 893 controversia
1347 834 1419 890 de
1476 831 1683 889 hisresi
1729 831 1853 887 Ste-

208 929 390 1006 phani
420 946 581 1003 papzs
611 928 671 984 in
702 930 1000 1000 posterum
1033 940 1263 982 cessare
1291 922 1505 996 poterit
1536 939 1550 990 ;
1582 937 1719 977 nam

282 1021 326 1076 Ι.
360 1018 503 1084 Quis
530 1016 687 1073 ultra
715 1015 844 1083 erit,
897 1014 1001 1087 qui
1055 1017 1253 1070 nostro
1313 1008 1854 1086 pseudo-Firmilia-

210 1127 286 1167 no
314 1109 432 1180 (81)
462 1108 663 1162 credat
692 1103 975 1162 asserenti
1010 1121 1023 1160 :
1080 1123 1107 1156 α
1135 1106 1193 1158 8.
1248 1102 1614 1174 Stephanum
1645 1114 1856 1172 papam

212 1197 489 1256 definisse
522 1212 535 1250 :
570 1194 935 1267 Baptismum
986 1209 1102 1249 non
1149 1208 1278 1248 esse
1316 1190 1698 1263 repetendum
1729 1189 1859 1244 ideo

214 1287 355 1361 quia
370 1287 441 1342 ab
458 1283 731 1341 hereticis
756 1282 1129 1356 cognoscitur
1142 1280 1370 1336 validus
1383 1279 1410 1335 ‘I
1425 1302 1453 1330 »
1475 1280 1638 1334 Tunc
1656 1277 1862 1349 utique

211 1374 543 1448 Stephanus
573 1389 688 1428 non
722 1370 1126 1427 Firmilianum
1159 1370 1465 1437 duntaxat,
1497 1368 1600 1424 sed
1631 1367 1861 1422 univer-

214 1482 313 1522 sos
343 1463 525 1520 totius
554 1461 762 1518 mundi
794 1460 1098 1533 episcopos
1129 1462 1186 1515 et
1212 1457 1390 1515 laicos
1414 1461 1616 1513 contra
1643 1471 1706 1512 se
1726 1472 1861 1511 con-

214 1555 474 1617 citasset,
496 1566 634 1607 cum
665 1555 862 1606 tamen
894 1553 1020 1606 tota
1047 1548 1255 1604 saltem
1312 1548 1547 1620 Europa
1590 1548 1864 1603 constans

214 1640 527 1700 adhesserit
557 1641 744 1712 Papae.

1966 491 2118 546 sima
2150 489 2434 544 Trinitate
2471 486 2800 541 doctrinam
2836 502 3015 557 quam
3047 483 3102 539 in
3133 484 3385 540 Ecclesia
3422 484 3618 540 catho-

1958 578 2068 633 lica
2112 577 2454 646 didicerant,
2508 575 2854 630 invariatam
2911 573 3223 640 retinuere,
3273 578 3339 628 ut
3405 590 3610 630 eorum

1961 669 2138 727 simul
2205 674 2264 724 et
2311 668 2559 724 aliorum
2596 667 2856 739 plurium
2890 665 3218 739 baptismus
3266 666 3326 722 in
3375 666 3619 724 concilio

1964 760 2194 815 Niczeno
2226 775 2376 813 anno
2415 758 2520 812 325
2563 756 2802 830 agnitus
2842 756 3016 811 fuerit
3062 760 3129 811 ut
3176 754 3485 827 legitimus.
3539 758 3618 812 De

1964 847 2336 904 Montanistis
2367 847 2465 901 illo
2498 846 2625 918 ipso
2660 850 2925 918 tempore
2954 849 3009 899 S.
3068 844 3388 902 Firmiliani
3432 846 3616 902 famo-

1966 941 2050 996 sis
2080 939 2307 994 dicetur
2336 955 2394 993 n.
2430 938 2518 991 46.

2043 1028 2264 1085 45.Νοιι
2280 1043 2520 1099 possum
2535 1025 2645 1081 hac
2658 1024 2961 1080 occasione
2978 1040 3095 1080 non
3119 1040 3408 1097 opponere
3434 1042 3620 1094 meas,

1972 1135 2097 1191 qum
2112 1113 2992 1187 subierunt,cogitationes.Post
3006 1114 3622 1187 temporaS.Stephani

1971 1226 2131 1280 p'tpzc
2161 1212 2216 1261 et
2263 1204 2530 1278 Cypriani
2564 1202 2945 1260 celeberrima
2972 1202 3266 1259 celebrata
3296 1204 3454 1261 fuere
3488 1222 3623 1261 con-

1970 1296 2104 1352 cilia
2151 1312 2268 1368 quo
2325 1293 2413 1350 vel
2469 1293 2582 1349 tria
2638 1291 3003 1349 Antiochena
3058 1293 3131 1347 ab
3179 1309 3332 1348 anno
3379 1294 3487 1348 265
3541 1295 3614 1349 ad

1971 1400 2192 1439 annum
2238 1384 2365 1452 272,
2418 1381 2578 1437 aliud
2629 1381 2967 1438 Arelatense
3029 1397 3186 1437 anno
3234 1382 3361 1437 314.
3422 1387 3625 1455 postea

1973 1489 2124 1528 anno
2155 1472 2262 1527 325
2289 1471 2588 1526 Nicaenum
2632 1467 2905 1543 generale
2935 1487 2950 1538 ;
2991 1469 3051 1524 in
3111 1469 3343 1526 duobus
3372 1470 3622 1541 ultimis,

1973 1561 2111 1632 quia
2141 1559 2455 1616 Donatistae
2480 1557 3012 1629 jaminvaluerant,
3041 1558 3340 1631 negotium
3369 1559 3625 1631 rebapti-

1972 1649 2218 1704 zationis
2252 1648 2357 1702 fuit
2381 1651 2820 1719 pertractatum.
2855 1646 2915 1703 Si
2945 1645 3005 1702 in
3052 1646 3247 1702 Africa
3277 1648 3386 1703 sub
3418 1647 3625 1720 Agrip~

290 1734 362 1789 Ιῐ.
395 1730 635 1788 Falsum
676 1730 902 1787 videtur
952 1728 1109 1801 quod
1156 1726 1409 1783 heretici
1456 1725 1556 1783 illo
1604 1728 1866 1820 tempore

1995 1740 2109 1794 iino
2140 1742 2199 1793 et
2220 1741 2421 1810 postea
2452 1736 2511 1791 in
2570 1736 2760 1792 tribus
2817 1736 3150 1791 numerosis
3189 1735 3622 1794 Catholicorum

213 1821 413 1879 valida
440 1818 754 1876 habuerint
780 1817 1138 1889 baptismata
1167 1820 1329 1872 extra
1357 1832 1495 1872 suas
1522 1819 1711 1871 sectas
1744 1812 1865 1868 col-
1897 1812 1950 1835 "
1978 1826 2239 1883 οοηοίιίίε
2269 1826 2380 1882 sub
2411 1825 2469 1880 s,
2503 1825 2809 1898 ογριιίαηο,
2843 1824 2983 1880 item
3014 1824 3073 1879 in
3106 1824 3241 1880 Asia
3275 1825 3333 1880 in
3384 1824 3624 1898 εγωάίε

215 1912 354 1969 lata.
391 1915 466 1966 De
493 1908 808 1965 Menandro
836 1906 1104 1964 videatur
1132 1906 1190 1962 S.
1225 1907 1498 1976 Irenazus,
1531 1908 1597 1960 ut
1637 1908 1865 1960 taceam

215 2003 288 2058 de
318 1996 938 2069 Tertullianistis(82).
990 1996 1069 2051 De
1124 1995 1342 2051 Novato
1398 1998 1559 2050 extra
1617 1992 1864 2049 dubium

214 2090 448 2145 videtur
479 2087 665 2159 :quod
700 2085 856 2141 enim
904 2084 1208 2140 Novatiani
1251 2082 1580 2139 Catholicos
1611 2081 1864 2153 rebapti-

216 2179 423 2245 zarint,
458 2179 821 2233 contestatur
837 2174 896 2229 S.
930 2172 1304 2229 Innocentius
1327 2172 1459 2244 (83).
1495 2173 1553 2227 S.
1588 2171 1865 2243 Hierony-

217 2284 351 2326 mus
379 2265 641 2333 tradidit,
674 2264 827 2336 quod
860 2266 916 2319 S.
947 2261 1268 2335 Cyprianus
1305 2261 1661 2334 baptismate
1688 2260 1866 2316 Nova-

216 2361 514 2417 tianorum
543 2357 672 2413 ideo
703 2354 942 2428 cmperit
969 2353 1183 2410 habere
1216 2357 1280 2409 ut
1300 2352 1574 2421 invalida,
1594 2352 1732 2425 quia
1760 2352 1870 2407 No-

217 2446 438 2506 vatiani
457 2444 885 2502 Calholicorum
915 2441 1213 2516 baptisma
1239 2442 1648 2498 habuerantut
1676 2440 1870 2513 illegi-

220 2538 458 2595 timum.
480 2536 744 2607 Denique
771 2538 827 2589 S.
852 2532 1168 2605 Dionysius
1203 2531 1634 2597 Alexandrinus
1663 2528 1872 2588 Novati

224 2642 452 2685 coaevus
472 2625 541 2681 de
571 2624 680 2680 hoc
704 2622 900 2680 retulit
928 2622 1042 2695 (84)
1091 2621 1278 2694 Papae,
1313 2644 1342 2671 «
1377 2622 1532 2695 quod
1578 2622 1633 2676 S.
1694 2625 1872 2675 Lava-

227 2733 397 2774 crum
421 2712 725 2787 respuerit,
757 2733 786 2764 »
812 2716 876 2768 ut
917 2711 1042 2784 ipse
1073 2714 1339 2767 nostrum
1394 2710 1822 2767 Catholicorum
1854 2731 1869 2780 ς

231 2821 371 2862 nam
402 2801 703 2860 Novatiani
735 2803 1167 2858 sacramentum
1193 2798 1563 2872 baptismatis
1585 2816 1699 2856 non
1715 2801 1878 2856 abro-

236 2896 451 2967 garunt
475 2891 610 2965 (85).

305 2981 394 3039 43.
427 2982 727 3039 Ριιεεΐειιεω
773 2980 982 3039 falsam
1041 2979 1446 3049 assertionem,
1506 2981 1659 3053 quod
1690 2980 1751 3036 in
1781 2997 1879 3054 sy-

237 3076 485 3130 stemate
515 3086 881 3144 quarumque
930 3068 1224 3126 haereseon
1280 3069 1708 3126 consectarium
1748 3070 1881 3139 fuit,

233 3186 261 3214 ‹‹
288 3130 582 3235 quemque
610 3130 803 3217 valere
830 3160 1214 3232 baptismum,
1250 3182 1273 3212 ι
1292 3130 1878 3216 ιιίῐίιιιτᾶθωοιιειιιεί
1911 3130 1952 3196 C

234 3251 395 3309 tione
425 3250 715 3323 sequenti.

306 3362 335 3393 ‹‹
358 3339 691 3396 Haeretici...
722 3337 782 3394 in
805 3353 873 3394 eo
902 3353 1091 3394 unum
1120 3340 1179 3393 et
1224 3338 1493 3394 eumdem
1525 3353 1877 3394 consensum

230 3433 449 3497 tenent,
484 3432 548 3483 ut
579 3428 987 3499 blasphcmcnt
1014 3426 1365 3492 Creatorem,
1414 3428 1679 3499 quaedam
1722 3444 1877 3481 som-

226 3519 331 3575 nia
361 3517 475 3575 sibi
505 3520 564 3573 et
593 3516 1007 3589 phantasmata
1049 3516 1236 3588 ignoti
1284 3515 1386 3571 Dei
1443 3517 1876 3589 contingentes:

224 3624 366 3680 ergo
389 3605 595 3663 1386
618 3620 988 3677 consequens
1017 3607 1107 3661 est
1162 3620 1262 3661 eos
1313 3606 1642 3661 consentire
1690 3606 1745 3660 in
1780 3605 1878 3659 ba-

231 3698 440 3771 ptismi
470 3695 560 3751 sui
595 3694 870 3751 vanitate.
901 3715 930 3743 »

302 3786 393 3841 44.
427 3784 666 3841 Falsum
687 3787 775 3840 est
791 3783 946 3855 quod
965 3798 1168 3839 omnes
1189 3782 1445 3839 haeretici
1477 3783 1883 3839 consenserint

229 3874 389 3932 circa
417 3872 950 3946 blasphemandum
981 3871 1310 3928 Creatorem
1346 3889 1359 3940 ;
1394 3888 1529 3927 nam
1576 3872 1881 3928 Novatiani

232 3981 672 4108 tSangstisragﬁm
705 3978 765 4035 in
796 3978 1206 4035 dissertatione
1235 3978 1302 4033 de
1321 3980 1578 4051 Epistolis
1605 3980 1882 4035 canonicis

280 4097 292 4108 .
373 4068 457 4107 εει
490 4068 530 4106 ιι
626 4094 639 4106 .

232 4056 292 4111 S.
326 4051 530 4108 Basilii
563 4051 639 4106 M.

307 4124 424 4196 (81)
450 4123 669 4179 Censeo
701 4121 924 4195 pseudo
951 4119 1358 4196 Firmilianum
1410 4121 1587 4176 fuisse
1620 4123 1882 4196 ejusdem

234 4194 428 4262 sectae,
460 4195 629 4264 cujus
660 4196 783 4247 erat
814 4197 1012 4249 auctor
1056 4194 1441 4265 quarumdam
1501 4195 1884 4265 epistularum

234 4268 712 4341 Cyprianicarum
747 4281 933 4341 ;_nam
969 4269 1159 4341 textus
1180 4264 1588 4341 scri_ptiiristici
1620 4266 1677 4320 in
1710 4267 1885 4341 utris-

237 4336 356 4412 que
387 4338 652 4412 epistolis
684 4336 885 4391 eodem
919 4337 1072 4407 apud
1105 4336 1431 4412 Catholicos
1474 4337 1687 4412 usitato
1713 4338 1886 4393 modo

236 4408 514 4468 citantur.
548 4409 610 4479 E.
645 4425 699 4478 εξ.
736 4414 995 4477 tempore
1029 4408 1338 4479 Augustini
1371 4409 1684 4463 Donatista:
1714 4425 1886 4479 argu-

240 4480 495 4538 mentari
525 4478 792 4536 solebant
835 4494 902 4533 ex
937 4478 1165 4535 Psalmo
1196 4496 1311 4551 an”:
1346 4480 1537 4535 Oleum
1589 4478 1891 4551 peccaturis

240 4570 355 4609 non
383 4559 557 4620 ungat
585 4558 751 4622 caput
770 4566 950 4604 meum
969 4567 988 4610 .·
1019 4568 1154 4623 ergo
1176 4550 1230 4605 S.
1255 4550 1555 4623 Unctionis
1584 4550 1640 4607 et
1669 4553 1894 4623 reliqua

242 4626 624 4694 Sacramenta
652 4621 686 4676 a
716 4627 1014 4694 peccatore
1043 4622 1253 4694 collata
1284 4638 1397 4675 non
1430 4621 1643 4677 valent.
1678 4621 1889 4678 Emlcm

247 4696 424 4752 modo
456 4693 668 4766 legitur
697 4692 756 4747 in
786 4692 1126 4766 Cyprianica
1153 4694 1243 4747 76.
1270 4724 1336 4735 —-
1367 4697 1422 4748 S.
1457 4694 1891 4766 Augustinus,l.

248 4783 314 4835 ιι,
350 4764 782 4838 ϐοηιξϐνεεσοη.
818 4764 869 4819 c.
900 4766 989 4838 24,
1022 4770 1079 4820 et
1107 4765 1144 4820 l.
1182 4781 1257 4838 iv,
1316 4781 1442 4837 cap.
1478 4767 1566 4831 15,
1598 4764 1897 4838 respondit

249 4837 589 4901 Donatistis,
617 4837 666 4891 l.
704 4839 918 4889 textum
951 4836 1143 4908 inepte
1173 4835 1354 4892 fuisse
1392 4835 1732 4900 adductum,
1764 4852 1896 4893 cum

249 4914 389 4982 agat
416 4911 485 4964 de
515 4913 814 4980 peccatore
843 4909 1209 4982 adulan_te.2.
1234 4908 1476 4982 'l‘extum
1511 4926 1544 4964 a
1577 4908 1897 4965 Donatistis

248 4979 435 5038 fuisse
463 4979 827 5052 corruptum,
880 4994 1013 5052 cum
1054 4979 1366 5051 legendum
1399 4981 1511 5036 sit:
1546 4985 1666 5037 Non
1694 4982 1898 5052 impin-

249 5056 383 5122 θηρὶ
438 5050 529 5105 vel
587 5051 957 5121 impinguabil
1029 5050 1191 5121 caput
1249 5067 1450 5106 meum.
1511 5051 1652 5106 Ecce
1702 5050 1903 5107 auctor

250 5121 729 5196 Cyprianicarum
760 5126 815 5176 S.
851 5122 1214 5193 Scripturam
1254 5123 1469 5191 citavit,
1503 5128 1675 5195 prout
1721 5124 1841 5179 haec
1870 5139 1905 5179 ε.

255 5194 582 5252 Donatistis
615 5194 802 5248 fuerat
831 5198 1122 5264 corrupta.

332 5265 461 5337 (82.),
498 5264 896 5337 Tertullianus
944 5264 1070 5337 jam
1129 5264 1485 5337 Montanista
1539 5266 1724 5321 factus
1770 5266 1808 5321 1.
1843 5265 1907 5320 de

261 5335 763 5394 quliciliatlocuit
793 5351 910 5398 eos,
945 5336 1042 5406 qui
1088 5335 1159 5389 ab
1196 5336 1399 5393 hmresi
1437 5343 1744 5404 venerunt,
1778 5351 1907 5393 esse

259 5407 645 5479 baptizandos
665 5407 818 5463 sicut
845 5407 1129 5463 ethnicos.

358 5480 450 5554 83)
483 5479 748 5554 Epist_._n,
783 5479 854 5554 (ut
890 5480 1225 5554 Vlctrz’ciugn,
1259 5493 1387 5554 cap.
1417 5479 1472 5535 8.

360 5550 451 5620 84)
479 5550 785 5609 Eusebius.
808 5550 847 5607 l.
878 5568 978 5620 vn,
1010 5567 1115 5620 cap
1145 5551 1198 5608 8.

363 5567 429 5607 54
482 5567 785 5609 ιςιιεθῠιιιε.
878 5568 978 5620 VII,
1010 5567 1077 5607 08
1145 5567 1198 5636 ὅτ

363 5567 455 5700 85)
487 5627 690 5684 Patet:
726 5638 866 5700 quia
895 5567 1197 5684 Novatrani
1219 5622 1292 5683 ad
1309 5621 1914 5685 nostram-Ecclesium

1975 1915 2259 1973 Iconiensi
2291 1920 2346 1971 et
2384 1913 2748 1987 Synnadensi
2807 1912 3115 1970 deﬁnitum
3159 1914 3368 1971 fuisset
3423 1920 3626 1971 contra

1974 2004 2292 2062 Ecclesium
2314 2004 2661 2071 Romanam,
2699 2021 2726 2055 ιι
2746 2002 2901 2074 quod
2953 2001 3151 2057 nullus
3181 2002 3493 2060 haaretieus
3521 2021 3629 2061 va-

1974 2093 2091 2149 lide
2147 2093 2447 2164 baptizare
2495 2094 2688 2163 queat,
2724 2112 2752 2140 »
2811 2091 3106 2163 quomodo
3164 2092 3443 2162 possibile
3496 2093 3626 2163 fuit,

1977 2183 2135 2256 quod
2166 2160 2529 2237 in—conciliis‘
2548 2160 2870 2235 Arelatensi
2911 2184 2969 2235 et
3016 2160 3246 2235 Nicaano
3290 2180 3450 2237 nulla
3481 2160 3631 2239 facta
3722 2160 3747 2181 ’

1980 2271 2154 2328 fuerit
2185 2269 2404 2325 mentio
2430 2269 2502 2324 de
2532 2267 2920 2324 retractandis
2956 2268 3220 2324 conciliis
3249 2271 3628 2341 praecedenti-

1978 2363 2111 2431 bus,
2170 2358 2497 2431 quemlibet
2551 2356 2871 2429 cujuslibet
2952 2358 3197 2414 haeretici
3266 2358 3629 2430 baptismum

1981 2448 2397 2507 definientibus
2454 2463 2584 2503 esse
2636 2445 2958 2502 invalidum
3006 2446 3035 2500 ‘I
3077 2476 3147 2486 —-
3194 2446 3361 2502 Hunc
3407 2449 3629 2506 nodum

1982 2539 2204 2596 solvere
2233 2554 2350 2593 non
2383 2552 2645 2609 possum,
2689 2535 2801 2590 nisi
2861 2534 3108 2590 dicendo
3140 2551 3153 2590 :
3191 2535 3296 2591 Illa
3322 2537 3525 2593 Africae
3574 2544 3632 2595 et

1982 2627 2133 2683 Asina
2163 2625 2682 2696 Anabaptistarum
2713 2622 2959 2679 concilia
2989 2624 3102 2694 (87)
3140 2628 3281 2679 sunt
3309 2627 3631 2698 suppositi-

1983 2717 2083 2773 tia.
2118 2716 2182 2771 In
2231 2713 2560 2770 Arelatensi
2599 2716 2800 2768 contra
2856 2711 3192 2768 Donatistas
3239 2714 3631 2772 definiebatur

1986 2804 2202 2871 nullos,
2232 2804 2331 2874 qui
2361 2803 2421 2858 in
2476 2803 2664 2858 forma
2697 2806 2754 2858 S.
2815 2801 3119 2857 Trinitatis
3173 2801 3347 2857 tincti
3393 2804 3629 2874 fuerint,

1986 2910 2114 2951 esse
2145 2892 2608 2965 rebaptizandos.
2644 2890 2849 2946 Postea
2885 2890 2943 2944 in
2993 2889 3222 2945 Nicarno
3256 2892 3636 2949 recenseban-

1986 2988 2087 3041 tur
2116 2982 2357 3056 quinam
2414 2983 2613 3037 essent
2644 2979 3063 3052 rebaptizandi,
3097 2984 3155 3035 et
3206 2981 3451 3051 quinam
3492 3000 3630 3040 non.

2061 3075 2150 3129 46.
2230 3073 2424 3137 Porro,
2504 3085 2636 3125 cum
2692 3068 3330 3141 pseudo-Firmilianus
3387 3073 3636 3144 probare

1990 3161 2272 3229 debuerit,
2307 3160 2463 3232 quod
2493 3174 2699 3215 omnes
2730 3158 2979 3214 haeretici
3023 3158 3178 3213 circa
3226 3158 3454 3216 Patrem
3484 3178 3639 3217 erra-

1988 3250 2195 3317 verint,
2226 3249 2286 3304 id
2317 3248 2427 3304 sub
2443 3248 2630 3319 ﬁgura
2658 3245 3065 3319 praeteritionis
3088 3264 3245 3302 nunc
3276 3249 3636 3320 aggreditur,

1990 3340 2286 3397 adducens
2338 3336 2495 3393 solos
2537 3335 2948 3402 Montanistas,
3004 3334 3208 3391 dicens
3239 3352 3253 3404 ;
3288 3358 3317 3386 «
3350 3338 3637 3402 Quoniam

1992 3429 2231 3501 longum
2264 3429 2354 3482 est
2390 3425 2463 3481 ad
2521 3423 2754 3497 singula
2799 3439 3002 3480 eorum
3067 3422 3520 3498 (haereticorum)
3549 3444 3640 3485 re-

1990 3518 2299 3591 spondere,
2342 3515 2488 3571 satis
2535 3519 2627 3570 est
2676 3513 2819 3569 illud
2879 3513 3131 3569 breviter
3184 3514 3244 3569 in
3295 3517 3640 3589 compendio

1989 3607 2178 3664 dicere
2206 3622 2303 3661 eos
2334 3604 2433 3676 qui
2467 3620 2582 3659 non
2635 3607 2872 3658 teneant
2918 3619 3119 3657 verum
3183 3605 3495 3662 Dominum
3539 3607 3646 3663 Pa-

1991 3701 2161 3757 trem.
2205 3699 2401 3749 tenore
2422 3709 2539 3748 non
2575 3708 2744 3764 posse
2771 3708 2875 3747 nec
2890 3691 3015 3746 Filii
3052 3708 3153 3747 nec
3178 3693 3435 3765 Spiritus
3457 3688 3645 3752 sancti

1989 3784 2298 3843 veritatem
2332 3800 2346 3851 ;
2380 3781 2709 3839 secundum
2741 3781 2896 3853 quod
2929 3780 3013 3835 illi
3064 3781 3164 3854 qui
3194 3783 3530 3859 κατάφρυγες
3562 3786 3643 3856 (id

1992 3880 2080 3933 est
2100 3872 2485 3943 Montanistze)
2509 3871 2832 3927 secundum
2856 3870 3114 3944 Phrygas
3127 3872 3237 3943 (88)
3255 3872 3646 3946 appellantur,

1993 3981 2294 4039 venientes
2333 3996 2447 4035 non
2514 3977 2984 4050 baptizabantur.
3045 3977 3274 4050 Videsis
3333 3980 3646 4038 concilium

1992 4056 2313 4110 Niczenum.
2334 4054 2407 4107 At
2434 4065 2565 4105 vero
2597 4049 2947 4115 Catholicos,
2981 4049 3072 4104 vel
3100 4050 3437 4107 Donatistas
3476 4053 3645 4109 reba-

1995 4127 2320 4200 ptizabant,‘
2335 4128 2402 4200 ut
2432 4121 3012 4200 pseudo-Cyprianus
3031 4123 3647 4200 verum__dixerit,dum

2000 4193 2099 4269 Ep.
2132 4198 2202 4250 73
2232 4193 2518 4269 Jubaia’no
2551 4193 2783 4248 scribit
2811 4195 3158 4269 Novaticnscs
3206 4194 3583 4269 (Novatianos
3613 4213 3649 4253 a

1995 4266 2234 4339 Novato)
2263 4266 2602 4339 rebaptigarc
2633 4281 2718 4319 cos
2748 4280 2878 4335 quos
2909 4281 2942 4339 ᾳ
2972 4266 3127 4319 nobis
3154 4266 3460 4322 solicitant.

2070 4341 2179 4413 (86)
2214 4335 2744 4413 Con_tr'a_Nov_atum
2777 4335 3028 4390 maxime
3059 4343 3422 4413 pugnaverat
3452 4338 3648 4395 S.Fir-

2000 4407 2535 4466 milianus.Paulus
2568 4409 2985 4462 Samosatcnus
3016 4407 3125 4478 qui
3152 4407 3525 4465 divinitatem
3556 4427 3657 4466 ne-

1923 4503 1965 4566 ι)
1998 4481 2653 4566 garecoepitﬁem‘pore
2695 4477 3154 4566 S'..Firrni.l.ian‘i,
3218 4486 3350 4553 post
3399 4487 3651 4566 mprtem

2002 4548 2058 4609 Ξ.
2091 4548 2453 4625 Stephaniet
2473 4548 3237 4625 C'yprianiinvaluit.Quos
3283 4569 3421 4625 ergo
3468 4553 3654 4609 haere-

2002 4626 2149 4681 ticos
2178 4619 2574 4707 perstringere
2599 4619 2784 4677 voluit
2804 4621 2861 4702 S.
2897 4619 3467 4707 Firmilianus,_d'iim
3500 4626 3656 4682 circa

2004 4692 2349 4769 annum256
2385 4692 2701 4769 Cypriane
2749 4692 2987 4769 scripsit
3034 4696 3211 4765 quod-
3242 4692 3356 4752 sibi
3411 4696 3659 4769 phanta.

2005 4776 2195 4825 amata
2216 4766 2394 4825 ignoti
2433 4766 2526 4820 Dei
2560 4765 2990 4821 confinxerint?

2078 4840 2190 4911 (87)
2216 4835 2458 4911 Unicum
2494 4838 2648 4911 quod
2673 4837 2924 4911 speciem
2972 4835 3140 4893 solidi
3175 4838 3513 4911 argumenti
3555 4839 3656 4894 ha-

2007 4907 2393 4981 bens'opponi
2434 4907 2576 4981 mihi
2611 4910 2819 4981 poterit
2846 4912 3210 4981 cstsequens
3243 4907 3442 4981 {Apud
3478 4909 3656 4966 Eusc-

2008 4982 2197 5045 bium,
2248 4982 2309 5035 Il.
2346 4984 2434 5054 _E.
2493 4980 2786 5054 li_b."v1u._
2832 4995 2960 5051 cap.
3007 4981 3062 5054 3,
3109 4983 3186 5054 ti_t_
3231 4980 3446 5054 mentio
3499 4983 3657 5054 quod

2010 5055 2065 5109 S.
2129 5052 2452 5124 Dionysius
2481 5050 2925 5124 Alexandrinus
2969 5050 3191 5124 aliquid
3259 5050 3534 5109 audiverit
3587 5053 3658 5109 de

2012 5122 3087 5196 conciliislconiensiet_Synnadensi.
3114 5123 3331 5196 _Verum
3367 5124 3503 5181 alibi
3526 5140 3656 5196 spe-

2014 5197 2241 5253 cialitwr
2263 5195 2567 5250 ostendam
2593 5194 2649 5247 1ο
2677 5192 2833 5249 hunc
2861 5193 3089 5248 Eusebii
3113 5192 3305 5251 locum
3336 5211 3463 5251 esse
3486 5192 3663 5251 inter-

2015 5269 2297 5340 polatum,
2346 5267 2406 5320 2°
2453 5266 2638 5320 Locus
2691 5262 2789 5319 ille
2830 5264 2929 5340 i_t_a_
2959 5264 3245 5340 obscurus
3302 5272 3412 5334 est,
3474 5272 3539 5324 ut
3588 5268 3661 5324 de

2014 5335 2147 5395 vero
2172 5335 2478 5394 verborum
2509 5352 2688 5392 sensu
2720 5335 2934 5392 eruditi
2967 5352 3153 5410 usque
3213 5337 3328 5393 huc
3371 5356 3486 5395 nun
3518 5356 3659 5396 con-

2016 5409 2297 5468 venerint.

2090 5482 2203 5556 (88)
2224 5477 2584 5556 Montanista:
2616 5478 2726 5535 sub
2757 5477 2993 5556 initium
3024 5478 3221 5556 seaculi
3265 5497 3332 5556 ut
3379 5483 3507 5555 jam
3544 5485 3667 5556 tres

2019 5549 2303 5630 i_n'sect_as
2333 5549 2508 5630 divisi
2530 5552 2780 5630 fuerant.
2802 5552 2859 5630 ξ.
2908 5550 3245 5630 Secundum
3273 5549 3666 5630 P_h_r'ygas.__2_.'

2021 5624 2356 5687 Secundum
2393 5621 2678 5683 Proclum.
2711 5624 2767 5685 3.
2800 5622 3133 5684 Secundum
3177 5621 3538 5687 .Eschina'm.
3571 5622 3675 5685 Vi-
