  <div class='ocr_page' id='page_1' title='image "/cluster/home/n/w/nwhite01/storage/ocr_20150623/3/hvd.32044073549586/775.png"; bbox 0 0 4112 6174; ppageno 0'>
   <div class='ocr_carea' id='block_1_1' title="bbox 479 342 631 407">
    <p class='ocr_par' dir='ltr' id='par_1_1' title="bbox 479 342 631 407">
     <span class='ocr_line' id='line_1_1' title="bbox 479 342 631 407; baseline 0 0"><span class='ocrx_word' id='word_1_1' title='bbox 479 342 631 407; x_wconf 72' lang='grc'>1443</span> 
     </span>
    </p>
   </div>
   <div class='ocr_carea' id='block_1_2' title="bbox 1531 331 2830 400">
    <p class='ocr_par' dir='ltr' id='par_1_2' title="bbox 1531 331 2830 400">
     <span class='ocr_line' id='line_1_2' title="bbox 1531 331 2830 400; baseline -0.002 -1"><span class='ocrx_word' id='word_1_2' title='bbox 1531 335 1628 399; x_wconf 77' lang='lat' dir='ltr'>DE</span> <span class='ocrx_word' id='word_1_3' title='bbox 1673 331 2262 399; x_wconf 69' lang='lat' dir='ltr'>H/EHETICORUM</span> <span class='ocrx_word' id='word_1_4' title='bbox 2306 333 2830 400; x_wconf 82' lang='lat' dir='ltr'>BAPTISMATE.</span> 
     </span>
    </p>
   </div>
   <div class='ocr_carea' id='block_1_3' title="bbox 3729 339 3876 399">
    <p class='ocr_par' dir='ltr' id='par_1_3' title="bbox 3729 339 3876 399">
     <span class='ocr_line' id='line_1_3' title="bbox 3729 339 3876 399; baseline 0 0"><span class='ocrx_word' id='word_1_5' title='bbox 3729 339 3876 399; x_wconf 69' lang='grc' dir='ltr'>ιω</span> 
     </span>
    </p>
   </div>
   <div class='ocr_carea' id='block_1_4' title="bbox 475 468 3875 548">
    <p class='ocr_par' dir='ltr' id='par_1_4' title="bbox 475 468 3875 548">
     <span class='ocr_line' id='line_1_4' title="bbox 475 468 3875 548; baseline -0.002 -14"><span class='ocrx_word' id='word_1_6' title='bbox 475 485 533 534; x_wconf 88' lang='lat' dir='ltr'>et</span> <span class='ocrx_word' id='word_1_7' title='bbox 563 493 742 532; x_wconf 89' lang='lat' dir='ltr'>novas</span> <span class='ocrx_word' id='word_1_8' title='bbox 761 469 1098 548; x_wconf 85' lang='lat' dir='ltr'>prephetias</span> <span class='ocrx_word' id='word_1_9' title='bbox 1115 487 1402 545; x_wconf 88' lang='lat' dir='ltr'>usurpare</span> <span class='ocrx_word' id='word_1_10' title='bbox 1426 475 1730 540; x_wconf 83' lang='lat' dir='ltr'>conantur,</span> <span class='ocrx_word' id='word_1_11' title='bbox 1763 487 1867 528; x_wconf 90' lang='lat' dir='ltr'>nec</span> <span class='ocrx_word' id='word_1_12' title='bbox 1891 471 2118 527; x_wconf 81' lang='lat' dir='ltr'>Patrem</span> <span class='ocrx_word' id='word_1_13' title='bbox 2147 468 2204 537; x_wconf 86' lang='grc' dir='ltr'><strong>Α</strong></span> <span class='ocrx_word' id='word_1_14' title='bbox 2233 475 2549 541; x_wconf 90' lang='lat' dir='ltr'>asserente,</span> <span class='ocrx_word' id='word_1_15' title='bbox 2589 470 2817 527; x_wconf 89' lang='lat' dir='ltr'>nullum</span> <span class='ocrx_word' id='word_1_16' title='bbox 2868 471 3207 528; x_wconf 62' lang='lat' dir='ltr'>haereticum</span> <span class='ocrx_word' id='word_1_17' title='bbox 3265 488 3436 544; x_wconf 84' lang='lat' dir='ltr'>posse</span> <span class='ocrx_word' id='word_1_18' title='bbox 3483 469 3747 527; x_wconf 87' lang='lat' dir='ltr'>validum</span> <span class='ocrx_word' id='word_1_19' title='bbox 3780 471 3875 526; x_wconf 83' lang='lat' dir='ltr'>ba-</span> 
     </span>
    </p>
   </div>
   <div class='ocr_carea' id='block_1_5' title="bbox 476 561 2114 639">
    <p class='ocr_par' dir='ltr' id='par_1_5' title="bbox 476 561 2114 639">
     <span class='ocr_line' id='line_1_5' title="bbox 476 561 2114 639; baseline -0.004 -17"><span class='ocrx_word' id='word_1_20' title='bbox 476 568 721 639; x_wconf 88' lang='lat' dir='ltr'>possunt</span> <span class='ocrx_word' id='word_1_21' title='bbox 751 564 1101 628; x_wconf 89' lang='lat' dir='ltr'>habere,nec</span> <span class='ocrx_word' id='word_1_22' title='bbox 1116 561 1348 633; x_wconf 83' lang='lat' dir='ltr'>Filium,</span> <span class='ocrx_word' id='word_1_23' title='bbox 1378 578 1478 617; x_wconf 88' lang='lat' dir='ltr'>nec</span> <span class='ocrx_word' id='word_1_24' title='bbox 1502 561 1784 634; x_wconf 82' lang='lat' dir='ltr'>Spiritum</span> <span class='ocrx_word' id='word_1_25' title='bbox 1809 564 2114 630; x_wconf 88' lang='lat' dir='ltr'>sanctum;</span> 
     </span>
    </p>
   </div>
   <div class='ocr_carea' id='block_1_6' title="bbox 473 651 2114 727">
    <p class='ocr_par' dir='ltr' id='par_1_6' title="bbox 473 651 2114 727">
     <span class='ocr_line' id='line_1_6' title="bbox 473 651 2114 727; baseline -0.004 -16"><span class='ocrx_word' id='word_1_26' title='bbox 473 675 506 711; x_wconf 88' lang='lat' dir='ltr'>a</span> <span class='ocrx_word' id='word_1_27' title='bbox 536 657 752 727; x_wconf 87' lang='lat' dir='ltr'>quibus</span> <span class='ocrx_word' id='word_1_28' title='bbox 785 655 828 711; x_wconf 89' lang='lat' dir='ltr'>si</span> <span class='ocrx_word' id='word_1_29' title='bbox 865 671 1196 726; x_wconf 69' lang='lat' dir='ltr'>quaeramus</span> <span class='ocrx_word' id='word_1_30' title='bbox 1221 669 1392 724; x_wconf 87' lang='lat' dir='ltr'>quem</span> <span class='ocrx_word' id='word_1_31' title='bbox 1427 652 1744 722; x_wconf 87' lang='lat' dir='ltr'>Christum,</span> <span class='ocrx_word' id='word_1_32' title='bbox 1783 651 2114 722; x_wconf 61' lang='lat' dir='ltr'>pradicant,</span> 
     </span>
    </p>
   </div>
   <div class='ocr_carea' id='block_1_7' title="bbox 474 740 2116 819">
    <p class='ocr_par' dir='ltr' id='par_1_7' title="bbox 474 740 2116 819">
     <span class='ocr_line' id='line_1_7' title="bbox 474 740 2116 819; baseline -0.005 -17"><span class='ocrx_word' id='word_1_33' title='bbox 474 745 908 819; x_wconf 88' lang='lat' dir='ltr'>respondebunt</span> <span class='ocrx_word' id='word_1_34' title='bbox 938 760 1071 800; x_wconf 91' lang='lat' dir='ltr'>eum</span> <span class='ocrx_word' id='word_1_35' title='bbox 1103 759 1160 798; x_wconf 88' lang='lat' dir='ltr'>se</span> <span class='ocrx_word' id='word_1_36' title='bbox 1197 740 1528 814; x_wconf 78' lang='lat' dir='ltr'>praedicare,</span> <span class='ocrx_word' id='word_1_37' title='bbox 1588 741 1686 810; x_wconf 86' lang='lat' dir='ltr'>qui</span> <span class='ocrx_word' id='word_1_38' title='bbox 1722 740 1950 796; x_wconf 81' lang='lat' dir='ltr'>miserit</span> <span class='ocrx_word' id='word_1_39' title='bbox 1981 740 2116 812; x_wconf 85' lang='lat' dir='ltr'>Spi-</span> 
     </span>
    </p>
   </div>
   <div class='ocr_carea' id='block_1_8' title="bbox 474 828 2113 908">
    <p class='ocr_par' dir='ltr' id='par_1_8' title="bbox 474 828 2113 908">
     <span class='ocr_line' id='line_1_8' title="bbox 474 828 2113 908; baseline -0.005 -17"><span class='ocrx_word' id='word_1_40' title='bbox 474 835 652 890; x_wconf 87' lang='lat' dir='ltr'>ritum</span> <span class='ocrx_word' id='word_1_41' title='bbox 699 851 802 908; x_wconf 90' lang='lat' dir='ltr'>per</span> <span class='ocrx_word' id='word_1_42' title='bbox 849 834 1193 888; x_wconf 79' lang='lat' dir='ltr'>Montanum</span> <span class='ocrx_word' id='word_1_43' title='bbox 1250 836 1306 886; x_wconf 90' lang='lat' dir='ltr'>et</span> <span class='ocrx_word' id='word_1_44' title='bbox 1356 830 1614 886; x_wconf 89' lang='lat' dir='ltr'>Priscam</span> <span class='ocrx_word' id='word_1_45' title='bbox 1662 828 1922 884; x_wconf 90' lang='lat' dir='ltr'>locutum</span> <span class='ocrx_word' id='word_1_46' title='bbox 1980 829 2113 900; x_wconf 87' lang='lat'>(89).</span> 
     </span>
    </p>
   </div>
   <div class='ocr_carea' id='block_1_9' title="bbox 474 917 2115 996">
    <p class='ocr_par' dir='ltr' id='par_1_9' title="bbox 474 917 2115 996">
     <span class='ocr_line' id='line_1_9' title="bbox 474 917 2115 996; baseline -0.005 -17"><span class='ocrx_word' id='word_1_47' title='bbox 474 924 673 980; x_wconf 75' lang='lat'>1887</span> <span class='ocrx_word' id='word_1_48' title='bbox 714 925 778 978; x_wconf 85' lang='lat' dir='ltr'>In</span> <span class='ocrx_word' id='word_1_49' title='bbox 818 922 1052 996; x_wconf 86' lang='lat' dir='ltr'>quibus,</span> <span class='ocrx_word' id='word_1_50' title='bbox 1094 937 1226 976; x_wconf 90' lang='lat' dir='ltr'>cum</span> <span class='ocrx_word' id='word_1_51' title='bbox 1259 919 1790 976; x_wconf 87' lang='lat' dir='ltr'>animadvertamus</span> <span class='ocrx_word' id='word_1_52' title='bbox 1823 934 1935 973; x_wconf 90' lang='lat' dir='ltr'>non</span> <span class='ocrx_word' id='word_1_53' title='bbox 1967 917 2115 972; x_wconf 84' lang='lat' dir='ltr'>veri-</span> 
     </span>
    </p>
   </div>
   <div class='ocr_carea' id='block_1_10' title="bbox 472 1007 2116 1086">
    <p class='ocr_par' dir='ltr' id='par_1_10' title="bbox 472 1007 2116 1086">
     <span class='ocr_line' id='line_1_10' title="bbox 472 1007 2116 1086; baseline -0.005 -16"><span class='ocrx_word' id='word_1_54' title='bbox 472 1014 611 1070; x_wconf 83' lang='lat' dir='ltr'>tatis</span> <span class='ocrx_word' id='word_1_55' title='bbox 643 1013 940 1086; x_wconf 87' lang='lat' dir='ltr'>spiritum,</span> <span class='ocrx_word' id='word_1_56' title='bbox 975 1012 1074 1067; x_wconf 91' lang='lat' dir='ltr'>sed</span> <span class='ocrx_word' id='word_1_57' title='bbox 1099 1010 1312 1067; x_wconf 91' lang='lat' dir='ltr'>erroris</span> <span class='ocrx_word' id='word_1_58' title='bbox 1337 1007 1538 1076; x_wconf 81' lang='lat' dir='ltr'>fuisse,</span> <span class='ocrx_word' id='word_1_59' title='bbox 1583 1007 1991 1080; x_wconf 87' lang='lat' dir='ltr'>cognoscimus</span> <span class='ocrx_word' id='word_1_60' title='bbox 2017 1023 2116 1062; x_wconf 90' lang='lat' dir='ltr'>eos</span> 
     </span>
    </p>
   </div>
   <div class='ocr_carea' id='block_1_11' title="bbox 473 1095 2116 1174">
    <p class='ocr_par' dir='ltr' id='par_1_11' title="bbox 473 1095 2116 1174">
     <span class='ocr_line' id='line_1_11' title="bbox 473 1095 2116 1174; baseline -0.005 -16"><span class='ocrx_word' id='word_1_61' title='bbox 473 1103 571 1174; x_wconf 90' lang='lat' dir='ltr'>qui</span> <span class='ocrx_word' id='word_1_62' title='bbox 598 1101 802 1158; x_wconf 79' lang='lat' dir='ltr'>falsam</span> <span class='ocrx_word' id='word_1_63' title='bbox 835 1101 1067 1157; x_wconf 91' lang='lat' dir='ltr'>illorum</span> <span class='ocrx_word' id='word_1_64' title='bbox 1100 1099 1464 1172; x_wconf 85' lang='lat' dir='ltr'>prophetiam</span> <span class='ocrx_word' id='word_1_65' title='bbox 1489 1102 1688 1153; x_wconf 88' lang='lat' dir='ltr'>contra</span> <span class='ocrx_word' id='word_1_66' title='bbox 1711 1095 1921 1152; x_wconf 88' lang='lat' dir='ltr'>Christi</span> <span class='ocrx_word' id='word_1_67' title='bbox 1941 1096 2116 1151; x_wconf 84' lang='lat' dir='ltr'>ﬁdem</span> 
     </span>
    </p>
   </div>
   <div class='ocr_carea' id='block_1_12' title="bbox 472 1186 2119 1258">
    <p class='ocr_par' dir='ltr' id='par_1_12' title="bbox 472 1186 2119 1258">
     <span class='ocr_line' id='line_1_12' title="bbox 472 1186 2119 1258; baseline -0.005 -11"><span class='ocrx_word' id='word_1_68' title='bbox 472 1191 791 1258; x_wconf 88' lang='lat' dir='ltr'>vindicant,</span> <span class='ocrx_word' id='word_1_69' title='bbox 825 1190 1120 1245; x_wconf 89' lang='lat' dir='ltr'>Christum</span> <span class='ocrx_word' id='word_1_70' title='bbox 1152 1188 1367 1244; x_wconf 89' lang='lat' dir='ltr'>habere</span> <span class='ocrx_word' id='word_1_71' title='bbox 1398 1203 1514 1242; x_wconf 92' lang='lat' dir='ltr'>non</span> <span class='ocrx_word' id='word_1_72' title='bbox 1549 1202 1738 1258; x_wconf 85' lang='lat' dir='ltr'>posse.</span> <span class='ocrx_word' id='word_1_73' title='bbox 1771 1186 1880 1241; x_wconf 90' lang='lat' dir='ltr'>Sed</span> <span class='ocrx_word' id='word_1_74' title='bbox 1917 1201 2031 1241; x_wconf 93' lang='lat' dir='ltr'>non</span> <span class='ocrx_word' id='word_1_75' title='bbox 2063 1187 2119 1240; x_wconf 86' lang='lat' dir='ltr'>et</span> 
     </span>
    </p>
   </div>
   <div class='ocr_carea' id='block_1_13' title="bbox 473 1278 1758 1356">
    <p class='ocr_par' dir='ltr' id='par_1_13' title="bbox 473 1278 1758 1356">
     <span class='ocr_line' id='line_1_13' title="bbox 473 1278 1758 1356; baseline -0.016 -18"><span class='ocrx_word' id='word_1_76' title='bbox 473 1281 663 1337; x_wconf 67' lang='lat' dir='ltr'>caeteri</span> <span class='ocrx_word' id='word_1_77' title='bbox 703 1280 923 1352; x_wconf 88' lang='lat' dir='ltr'>quique</span> <span class='ocrx_word' id='word_1_78' title='bbox 952 1278 1227 1334; x_wconf 77' lang='lat' dir='ltr'>haeretici.</span> <span class='ocrx_word' id='word_1_79' title='bbox 1263 1299 1291 1326; x_wconf 84' lang='lat'><strong>»</strong></span> <span class='ocrx_word' id='word_1_80' title='bbox 1753 1347 1758 1356; x_wconf 35' lang='grc' dir='ltr'><strong>Ι</strong></span> 
     </span>
    </p>
   </div>
   <div class='ocr_carea' id='block_1_14' title="bbox 544 1360 2121 1442">
    <p class='ocr_par' dir='ltr' id='par_1_14' title="bbox 544 1360 2121 1442">
     <span class='ocr_line' id='line_1_14' title="bbox 544 1360 2121 1442; baseline -0.006 -17"><span class='ocrx_word' id='word_1_81' title='bbox 544 1370 585 1426; x_wconf 93' lang='grc' dir='ltr'>Ι.</span> <span class='ocrx_word' id='word_1_82' title='bbox 621 1368 1059 1442; x_wconf 88' lang='lat' dir='ltr'>Argumentatio</span> <span class='ocrx_word' id='word_1_83' title='bbox 1104 1367 1446 1438; x_wconf 84' lang='lat' dir='ltr'>perinfirma</span> <span class='ocrx_word' id='word_1_84' title='bbox 1485 1372 1574 1424; x_wconf 89' lang='lat' dir='ltr'>est</span> <span class='ocrx_word' id='word_1_85' title='bbox 1606 1385 1619 1436; x_wconf 92' lang='lat'><strong>;</strong></span> <span class='ocrx_word' id='word_1_86' title='bbox 1659 1366 1795 1422; x_wconf 92' lang='lat' dir='ltr'>licet</span> <span class='ocrx_word' id='word_1_87' title='bbox 1831 1364 1986 1421; x_wconf 90' lang='lat' dir='ltr'>enim</span> <span class='ocrx_word' id='word_1_88' title='bbox 2019 1360 2121 1418; x_wconf 87' lang='lat' dir='ltr'>ali-</span> 
     </span>
    </p>
   </div>
   <div class='ocr_carea' id='block_1_15' title="bbox 473 1452 2120 1530">
    <p class='ocr_par' dir='ltr' id='par_1_15' title="bbox 473 1452 2120 1530">
     <span class='ocr_line' id='line_1_15' title="bbox 473 1452 2120 1530; baseline -0.004 -17"><span class='ocrx_word' id='word_1_89' title='bbox 473 1459 592 1530; x_wconf 91' lang='lat' dir='ltr'>qui,</span> <span class='ocrx_word' id='word_1_90' title='bbox 627 1475 676 1522; x_wconf 90' lang='lat' dir='ltr'>e,</span> <span class='ocrx_word' id='word_1_91' title='bbox 709 1474 764 1530; x_wconf 92' lang='lat' dir='ltr'>g.</span> <span class='ocrx_word' id='word_1_92' title='bbox 797 1455 1134 1524; x_wconf 87' lang='lat' dir='ltr'>Lutherani,</span> <span class='ocrx_word' id='word_1_93' title='bbox 1167 1456 1556 1512; x_wconf 81' lang='lat' dir='ltr'>credidissent</span> <span class='ocrx_word' id='word_1_94' title='bbox 1587 1455 1904 1511; x_wconf 89' lang='lat' dir='ltr'>Lutherum</span> <span class='ocrx_word' id='word_1_95' title='bbox 1937 1452 2120 1508; x_wconf 84' lang='lat' dir='ltr'>fuisse</span> 
     </span>
    </p>
   </div>
   <div class='ocr_carea' id='block_1_16' title="bbox 475 1544 2117 1620">
    <p class='ocr_par' dir='ltr' id='par_1_16' title="bbox 475 1544 2117 1620">
     <span class='ocr_line' id='line_1_16' title="bbox 475 1544 2117 1620; baseline -0.003 -19"><span class='ocrx_word' id='word_1_96' title='bbox 475 1547 756 1620; x_wconf 88' lang='lat' dir='ltr'>repletum</span> <span class='ocrx_word' id='word_1_97' title='bbox 791 1545 1006 1617; x_wconf 88' lang='lat' dir='ltr'>Spiritu</span> <span class='ocrx_word' id='word_1_98' title='bbox 1041 1548 1264 1613; x_wconf 89' lang='lat' dir='ltr'>sancto,</span> <span class='ocrx_word' id='word_1_99' title='bbox 1299 1561 1332 1600; x_wconf 94' lang='lat' dir='ltr'>a</span> <span class='ocrx_word' id='word_1_100' title='bbox 1369 1545 1484 1601; x_wconf 92' lang='lat' dir='ltr'>Deo</span> <span class='ocrx_word' id='word_1_101' title='bbox 1527 1545 1798 1614; x_wconf 90' lang='lat' dir='ltr'>missum,</span> <span class='ocrx_word' id='word_1_102' title='bbox 1830 1544 1957 1598; x_wconf 91' lang='lat' dir='ltr'>ideo</span> <span class='ocrx_word' id='word_1_103' title='bbox 2001 1558 2117 1598; x_wconf 92' lang='lat' dir='ltr'>non</span> 
     </span>
    </p>
   </div>
   <div class='ocr_carea' id='block_1_17' title="bbox 472 1629 2120 1707">
    <p class='ocr_par' dir='ltr' id='par_1_17' title="bbox 472 1629 2120 1707">
     <span class='ocr_line' id='line_1_17' title="bbox 472 1629 2120 1707; baseline -0.005 -15"><span class='ocrx_word' id='word_1_104' title='bbox 472 1641 812 1707; x_wconf 86' lang='lat' dir='ltr'>sequeretur</span> <span class='ocrx_word' id='word_1_105' title='bbox 841 1651 939 1690; x_wconf 92' lang='lat' dir='ltr'>eos</span> <span class='ocrx_word' id='word_1_106' title='bbox 967 1651 1195 1690; x_wconf 85' lang='lat' dir='ltr'>errasse</span> <span class='ocrx_word' id='word_1_107' title='bbox 1238 1633 1391 1690; x_wconf 91' lang='lat' dir='ltr'>circa</span> <span class='ocrx_word' id='word_1_108' title='bbox 1446 1633 1877 1691; x_wconf 84' lang='lat' dir='ltr'>sanctissimam</span> <span class='ocrx_word' id='word_1_109' title='bbox 1937 1629 2120 1686; x_wconf 85' lang='lat' dir='ltr'>Trini-</span> 
     </span>
    </p>
   </div>
   <div class='ocr_carea' id='block_1_18' title="bbox 473 1728 674 1780">
    <p class='ocr_par' dir='ltr' id='par_1_18' title="bbox 473 1728 674 1780">
     <span class='ocr_line' id='line_1_18' title="bbox 473 1728 674 1780; baseline -0.01 0"><span class='ocrx_word' id='word_1_110' title='bbox 473 1728 674 1780; x_wconf 88' lang='lat' dir='ltr'>tatem.</span> 
     </span>
    </p>
   </div>
   <div class='ocr_carea' id='block_1_19' title="bbox 546 1810 2196 1911">
    <p class='ocr_par' dir='ltr' id='par_1_19' title="bbox 546 1810 2196 1911">
     <span class='ocr_line' id='line_1_19' title="bbox 546 1810 2196 1911; baseline -0.001 -43"><span class='ocrx_word' id='word_1_111' title='bbox 546 1814 614 1868; x_wconf 91' lang='lat' dir='ltr'>II.</span> <span class='ocrx_word' id='word_1_112' title='bbox 654 1813 895 1868; x_wconf 85' lang='lat' dir='ltr'>Evidens</span> <span class='ocrx_word' id='word_1_113' title='bbox 921 1816 1011 1869; x_wconf 90' lang='lat' dir='ltr'>est</span> <span class='ocrx_word' id='word_1_114' title='bbox 1067 1812 1256 1911; x_wconf 37' lang='lat' dir='ltr'>pri-mo</span> <span class='ocrx_word' id='word_1_115' title='bbox 1303 1829 1371 1867; x_wconf 86' lang='lat' dir='ltr'>ex</span> <span class='ocrx_word' id='word_1_116' title='bbox 1405 1812 1558 1911; x_wconf 44' lang='lat' dir='ltr'>.ipso</span> <span class='ocrx_word' id='word_1_117' title='bbox 1615 1811 1972 1911; x_wconf 74' lang='lat' dir='ltr'>Tertulliano</span> <span class='ocrx_word' id='word_1_118' title='bbox 2005 1810 2117 1911; x_wconf 75' lang='lat'>(90)</span> <span class='ocrx_word' id='word_1_119' title='bbox 2147 1846 2196 1911; x_wconf 85' lang='lat' dir='ltr'><strong>B</strong></span> 
     </span>
    </p>
   </div>
   <div class='ocr_carea' id='block_1_20' title="bbox 476 1899 2118 1974">
    <p class='ocr_par' dir='ltr' id='par_1_20' title="bbox 476 1899 2118 1974">
     <span class='ocr_line' id='line_1_20' title="bbox 476 1899 2118 1974; baseline -0.003 -15"><span class='ocrx_word' id='word_1_120' title='bbox 476 1903 966 1960; x_wconf 88' lang='lat' dir='ltr'>Montanistarum</span> <span class='ocrx_word' id='word_1_121' title='bbox 1001 1902 1290 1974; x_wconf 67' lang='lat' dir='ltr'>praecipuo</span> <span class='ocrx_word' id='word_1_122' title='bbox 1322 1901 1423 1973; x_wconf 91' lang='lat' dir='ltr'>qui</span> <span class='ocrx_word' id='word_1_123' title='bbox 1461 1901 1782 1973; x_wconf 84' lang='lat' dir='ltr'>supervixit</span> <span class='ocrx_word' id='word_1_124' title='bbox 1829 1916 2014 1971; x_wconf 87' lang='lat' dir='ltr'>usque</span> <span class='ocrx_word' id='word_1_125' title='bbox 2045 1899 2118 1954; x_wconf 89' lang='lat' dir='ltr'>ad</span> 
     </span>
    </p>
   </div>
   <div class='ocr_carea' id='block_1_21' title="bbox 476 1989 2118 2064">
    <p class='ocr_par' dir='ltr' id='par_1_21' title="bbox 476 1989 2118 2064">
     <span class='ocr_line' id='line_1_21' title="bbox 476 1989 2118 2064; baseline -0.003 -16"><span class='ocrx_word' id='word_1_126' title='bbox 476 1998 740 2064; x_wconf 90' lang='lat' dir='ltr'>tempora</span> <span class='ocrx_word' id='word_1_127' title='bbox 769 1993 826 2048; x_wconf 93' lang='lat' dir='ltr'>S.</span> <span class='ocrx_word' id='word_1_128' title='bbox 854 1991 1197 2058; x_wconf 90' lang='lat' dir='ltr'>Firmiliani,</span> <span class='ocrx_word' id='word_1_129' title='bbox 1241 1992 1394 2062; x_wconf 91' lang='lat' dir='ltr'>quod</span> <span class='ocrx_word' id='word_1_130' title='bbox 1435 1991 1794 2048; x_wconf 78' lang='lat' dir='ltr'>Montanistze</span> <span class='ocrx_word' id='word_1_131' title='bbox 1828 2006 2014 2061; x_wconf 88' lang='lat' dir='ltr'>usque</span> <span class='ocrx_word' id='word_1_132' title='bbox 2045 1989 2118 2045; x_wconf 90' lang='lat' dir='ltr'>ad</span> 
     </span>
    </p>
   </div>
   <div class='ocr_carea' id='block_1_22' title="bbox 476 2080 2119 2153">
    <p class='ocr_par' dir='ltr' id='par_1_22' title="bbox 476 2080 2119 2153">
     <span class='ocr_line' id='line_1_22' title="bbox 476 2080 2119 2153; baseline -0.002 -17"><span class='ocrx_word' id='word_1_133' title='bbox 476 2081 637 2137; x_wconf 89' lang='lat' dir='ltr'>illam</span> <span class='ocrx_word' id='word_1_134' title='bbox 670 2084 895 2137; x_wconf 72' lang='lat' dir='ltr'>aetatem</span> <span class='ocrx_word' id='word_1_135' title='bbox 924 2081 1244 2153; x_wconf 85' lang='lat' dir='ltr'>generatim</span> <span class='ocrx_word' id='word_1_136' title='bbox 1279 2097 1390 2136; x_wconf 92' lang='lat' dir='ltr'>non</span> <span class='ocrx_word' id='word_1_137' title='bbox 1425 2081 1747 2136; x_wconf 83' lang='lat' dir='ltr'>erraverint</span> <span class='ocrx_word' id='word_1_138' title='bbox 1801 2080 1954 2136; x_wconf 81' lang='lat' dir='ltr'>circa</span> <span class='ocrx_word' id='word_1_139' title='bbox 1984 2096 2119 2134; x_wconf 90' lang='lat' dir='ltr'>san-</span> 
     </span>
    </p>
   </div>
   <div class='ocr_carea' id='block_1_23' title="bbox 477 2168 2121 2240">
    <p class='ocr_par' dir='ltr' id='par_1_23' title="bbox 477 2168 2121 2240">
     <span class='ocr_line' id='line_1_23' title="bbox 477 2168 2121 2240; baseline -0.002 -15"><span class='ocrx_word' id='word_1_140' title='bbox 477 2170 801 2226; x_wconf 88' lang='lat' dir='ltr'>ctissimam</span> <span class='ocrx_word' id='word_1_141' title='bbox 874 2168 1239 2224; x_wconf 87' lang='lat' dir='ltr'>Trinitatem.</span> <span class='ocrx_word' id='word_1_142' title='bbox 1312 2169 1372 2222; x_wconf 84' lang='lat'>2°</span> <span class='ocrx_word' id='word_1_143' title='bbox 1439 2169 1500 2223; x_wconf 94' lang='lat' dir='ltr'>Id</span> <span class='ocrx_word' id='word_1_144' title='bbox 1559 2169 1752 2240; x_wconf 91' lang='lat' dir='ltr'>ipsum</span> <span class='ocrx_word' id='word_1_145' title='bbox 1812 2168 2121 2223; x_wconf 85' lang='lat' dir='ltr'>conﬁtetur</span> 
     </span>
    </p>
   </div>
   <div class='ocr_carea' id='block_1_24' title="bbox 372 2254 2121 2329">
    <p class='ocr_par' dir='ltr' id='par_1_24' title="bbox 372 2254 2121 2329">
     <span class='ocr_line' id='line_1_24' title="bbox 372 2254 2121 2329; baseline -0.003 -15"><span class='ocrx_word' id='word_1_146' title='bbox 372 2254 374 2256; x_wconf 61' lang='grc'>’</span> <span class='ocrx_word' id='word_1_147' title='bbox 479 2260 542 2315; x_wconf 90' lang='lat' dir='ltr'>S.</span> <span class='ocrx_word' id='word_1_148' title='bbox 583 2256 946 2329; x_wconf 86' lang='lat' dir='ltr'>Epiphanius</span> <span class='ocrx_word' id='word_1_149' title='bbox 976 2255 1181 2311; x_wconf 71' lang='lat' dir='ltr'>haeresi</span> <span class='ocrx_word' id='word_1_150' title='bbox 1208 2256 1294 2310; x_wconf 88' lang='grc'>48.</span> <span class='ocrx_word' id='word_1_151' title='bbox 1353 2255 1412 2307; x_wconf 86' lang='lat'>3°</span> <span class='ocrx_word' id='word_1_152' title='bbox 1467 2255 1776 2322; x_wconf 85' lang='lat' dir='ltr'>Eusebius,</span> <span class='ocrx_word' id='word_1_153' title='bbox 1811 2255 1910 2326; x_wconf 90' lang='lat' dir='ltr'>qui</span> <span class='ocrx_word' id='word_1_154' title='bbox 1970 2270 2121 2309; x_wconf 91' lang='lat' dir='ltr'>non-</span> 
     </span>
    </p>
   </div>
   <div class='ocr_carea' id='block_1_25' title="bbox 481 2342 2120 2416">
    <p class='ocr_par' dir='ltr' id='par_1_25' title="bbox 481 2342 2120 2416">
     <span class='ocr_line' id='line_1_25' title="bbox 481 2342 2120 2416; baseline -0.002 -15"><span class='ocrx_word' id='word_1_155' title='bbox 481 2346 628 2401; x_wconf 90' lang='lat' dir='ltr'>nihil</span> <span class='ocrx_word' id='word_1_156' title='bbox 659 2345 955 2416; x_wconf 90' lang='lat' dir='ltr'>antiquior</span> <span class='ocrx_word' id='word_1_157' title='bbox 992 2344 1364 2415; x_wconf 82' lang='lat' dir='ltr'>Hieronymo,</span> <span class='ocrx_word' id='word_1_158' title='bbox 1415 2342 1515 2398; x_wconf 89' lang='lat' dir='ltr'>lib.</span> <span class='ocrx_word' id='word_1_159' title='bbox 1572 2360 1627 2397; x_wconf 82' lang='lat' dir='ltr'>iv</span> <span class='ocrx_word' id='word_1_160' title='bbox 1675 2347 1731 2398; x_wconf 92' lang='lat' dir='ltr'>et</span> <span class='ocrx_word' id='word_1_161' title='bbox 1783 2361 1837 2407; x_wconf 85' lang='grc' dir='ltr'>ν,</span> <span class='ocrx_word' id='word_1_162' title='bbox 1897 2359 2120 2399; x_wconf 88' lang='lat' dir='ltr'>errores</span> 
     </span>
    </p>
   </div>
   <div class='ocr_carea' id='block_1_26' title="bbox 479 2432 2120 2506">
    <p class='ocr_par' dir='ltr' id='par_1_26' title="bbox 479 2432 2120 2506">
     <span class='ocr_line' id='line_1_26' title="bbox 479 2432 2120 2506; baseline 0 -18"><span class='ocrx_word' id='word_1_163' title='bbox 479 2434 906 2506; x_wconf 79' lang='lat' dir='ltr'>Catapbrygum</span> <span class='ocrx_word' id='word_1_164' title='bbox 947 2436 1368 2487; x_wconf 88' lang='lat' dir='ltr'>commemorat</span> <span class='ocrx_word' id='word_1_165' title='bbox 1400 2432 1612 2504; x_wconf 62' lang='lat' dir='ltr'>saepius</span> <span class='ocrx_word' id='word_1_166' title='bbox 1646 2450 1659 2489; x_wconf 87' lang='lat'><strong>:</strong></span> <span class='ocrx_word' id='word_1_167' title='bbox 1712 2433 1863 2504; x_wconf 90' lang='lat' dir='ltr'>quod</span> <span class='ocrx_word' id='word_1_168' title='bbox 1924 2436 2120 2489; x_wconf 89' lang='lat' dir='ltr'>autem</span> 
     </span>
    </p>
   </div>
   <div class='ocr_carea' id='block_1_27' title="bbox 481 2520 2123 2592">
    <p class='ocr_par' dir='ltr' id='par_1_27' title="bbox 481 2520 2123 2592">
     <span class='ocr_line' id='line_1_27' title="bbox 481 2520 2123 2592; baseline -0.002 -13"><span class='ocrx_word' id='word_1_169' title='bbox 481 2524 633 2579; x_wconf 90' lang='lat' dir='ltr'>circa</span> <span class='ocrx_word' id='word_1_170' title='bbox 664 2520 1098 2578; x_wconf 86' lang='lat' dir='ltr'>sanctissimam</span> <span class='ocrx_word' id='word_1_171' title='bbox 1132 2520 1477 2576; x_wconf 87' lang='lat' dir='ltr'>Trinitatem</span> <span class='ocrx_word' id='word_1_172' title='bbox 1509 2521 1779 2588; x_wconf 89' lang='lat' dir='ltr'>errarint,</span> <span class='ocrx_word' id='word_1_173' title='bbox 1831 2521 1930 2592; x_wconf 93' lang='lat' dir='ltr'>qui</span> <span class='ocrx_word' id='word_1_174' title='bbox 1962 2539 2123 2577; x_wconf 91' lang='lat' dir='ltr'>error</span> 
     </span>
    </p>
   </div>
   <div class='ocr_carea' id='block_1_28' title="bbox 483 2609 2122 2678">
    <p class='ocr_par' dir='ltr' id='par_1_28' title="bbox 483 2609 2122 2678">
     <span class='ocr_line' id='line_1_28' title="bbox 483 2609 2122 2678; baseline -0.001 -11"><span class='ocrx_word' id='word_1_175' title='bbox 483 2613 692 2668; x_wconf 83' lang='lat' dir='ltr'>fuisset</span> <span class='ocrx_word' id='word_1_176' title='bbox 733 2609 982 2666; x_wconf 80' lang='lat' dir='ltr'>maxime</span> <span class='ocrx_word' id='word_1_177' title='bbox 1041 2609 1336 2678; x_wconf 81' lang='lat' dir='ltr'>notabilis,</span> <span class='ocrx_word' id='word_1_178' title='bbox 1392 2612 1563 2664; x_wconf 90' lang='lat' dir='ltr'>tacet.</span> <span class='ocrx_word' id='word_1_179' title='bbox 1623 2611 1681 2663; x_wconf 85' lang='grc' dir='ltr'>4ο</span> <span class='ocrx_word' id='word_1_180' title='bbox 1726 2611 1846 2665; x_wconf 93' lang='lat' dir='ltr'>Sub</span> <span class='ocrx_word' id='word_1_181' title='bbox 1888 2610 2122 2666; x_wconf 88' lang='lat' dir='ltr'>initium</span> 
     </span>
    </p>
   </div>
   <div class='ocr_carea' id='block_1_29' title="bbox 483 2698 2121 2768">
    <p class='ocr_par' dir='ltr' id='par_1_29' title="bbox 483 2698 2121 2768">
     <span class='ocr_line' id='line_1_29' title="bbox 483 2698 2121 2768; baseline -0.001 -11"><span class='ocrx_word' id='word_1_182' title='bbox 483 2701 678 2758; x_wconf 64' lang='lat' dir='ltr'>seculi</span> <span class='ocrx_word' id='word_1_183' title='bbox 711 2718 762 2756; x_wconf 86' lang='lat' dir='ltr'>1v</span> <span class='ocrx_word' id='word_1_184' title='bbox 795 2700 1053 2755; x_wconf 90' lang='lat' dir='ltr'>nondum</span> <span class='ocrx_word' id='word_1_185' title='bbox 1105 2699 1476 2754; x_wconf 89' lang='lat' dir='ltr'>innotuerant</span> <span class='ocrx_word' id='word_1_186' title='bbox 1516 2698 1666 2754; x_wconf 93' lang='lat' dir='ltr'>inter</span> <span class='ocrx_word' id='word_1_187' title='bbox 1715 2699 2121 2768; x_wconf 87' lang='lat' dir='ltr'>Montanistas,</span> 
     </span>
    </p>
   </div>
   <div class='ocr_carea' id='block_1_30' title="bbox 482 2787 2123 2864">
    <p class='ocr_par' dir='ltr' id='par_1_30' title="bbox 482 2787 2123 2864">
     <span class='ocr_line' id='line_1_30' title="bbox 482 2787 2123 2864; baseline -0.001 -18"><span class='ocrx_word' id='word_1_188' title='bbox 482 2792 581 2864; x_wconf 90' lang='lat' dir='ltr'>qui</span> <span class='ocrx_word' id='word_1_189' title='bbox 637 2787 1010 2862; x_wconf 88' lang='lat' dir='ltr'>baptismatis</span> <span class='ocrx_word' id='word_1_190' title='bbox 1070 2788 1317 2844; x_wconf 84' lang='lat' dir='ltr'>formam</span> <span class='ocrx_word' id='word_1_191' title='bbox 1377 2792 1756 2860; x_wconf 89' lang='lat' dir='ltr'>corruperant</span> <span class='ocrx_word' id='word_1_192' title='bbox 1806 2806 1820 2856; x_wconf 91' lang='lat'><strong>;</strong></span> <span class='ocrx_word' id='word_1_193' title='bbox 1880 2806 2015 2844; x_wconf 90' lang='lat' dir='ltr'>nam</span> <span class='ocrx_word' id='word_1_194' title='bbox 2063 2789 2123 2844; x_wconf 92' lang='lat' dir='ltr'>in</span> 
     </span>
    </p>
   </div>
   <div class='ocr_carea' id='block_1_31' title="bbox 481 2875 2122 2949">
    <p class='ocr_par' dir='ltr' id='par_1_31' title="bbox 481 2875 2122 2949">
     <span class='ocr_line' id='line_1_31' title="bbox 481 2875 2122 2949; baseline -0.002 -13"><span class='ocrx_word' id='word_1_195' title='bbox 481 2877 728 2936; x_wconf 91' lang='lat' dir='ltr'>concilio</span> <span class='ocrx_word' id='word_1_196' title='bbox 749 2877 982 2933; x_wconf 60' lang='lat' dir='ltr'>Nicano</span> <span class='ocrx_word' id='word_1_197' title='bbox 1014 2875 1385 2933; x_wconf 64' lang='lat' dir='ltr'>Paulianistm</span> <span class='ocrx_word' id='word_1_198' title='bbox 1408 2877 1696 2947; x_wconf 88' lang='lat' dir='ltr'>jubentur</span> <span class='ocrx_word' id='word_1_199' title='bbox 1730 2877 2077 2949; x_wconf 90' lang='lat' dir='ltr'>rebaptizari</span> <span class='ocrx_word' id='word_1_200' title='bbox 2107 2903 2122 2947; x_wconf 85' lang='lat'><strong>;</strong></span> 
     </span>
    </p>
   </div>
   <div class='ocr_carea' id='block_1_32' title="bbox 481 2965 2127 3037">
    <p class='ocr_par' dir='ltr' id='par_1_32' title="bbox 481 2965 2127 3037">
     <span class='ocr_line' id='line_1_32' title="bbox 481 2965 2127 3037; baseline -0.001 -13"><span class='ocrx_word' id='word_1_201' title='bbox 481 2970 553 3024; x_wconf 91' lang='lat' dir='ltr'>de</span> <span class='ocrx_word' id='word_1_202' title='bbox 612 2966 982 3023; x_wconf 88' lang='lat' dir='ltr'>Montanistis</span> <span class='ocrx_word' id='word_1_203' title='bbox 1041 2965 1337 3021; x_wconf 90' lang='lat' dir='ltr'>silentium</span> <span class='ocrx_word' id='word_1_204' title='bbox 1389 2965 1520 3037; x_wconf 79' lang='lat'>(91).</span> <span class='ocrx_word' id='word_1_205' title='bbox 1571 2966 1635 3021; x_wconf 91' lang='lat' dir='ltr'>In</span> <span class='ocrx_word' id='word_1_206' title='bbox 1680 2965 1926 3022; x_wconf 92' lang='lat' dir='ltr'>concilio</span> <span class='ocrx_word' id='word_1_207' title='bbox 1985 2969 2127 3022; x_wconf 86' lang='lat' dir='ltr'>Con-</span> 
     </span>
    </p>
   </div>
   <div class='ocr_carea' id='block_1_33' title="bbox 481 3055 2123 3128">
    <p class='ocr_par' dir='ltr' id='par_1_33' title="bbox 481 3055 2123 3128">
     <span class='ocr_line' id='line_1_33' title="bbox 481 3055 2123 3128; baseline 0.001 -15"><span class='ocrx_word' id='word_1_208' title='bbox 481 3055 1002 3128; x_wconf 89' lang='lat' dir='ltr'>stantinopolitano</span> <span class='ocrx_word' id='word_1_209' title='bbox 1033 3071 1072 3120; x_wconf 82' lang='grc' dir='ltr'>ι,</span> <span class='ocrx_word' id='word_1_210' title='bbox 1127 3071 1279 3110; x_wconf 90' lang='lat' dir='ltr'>anno</span> <span class='ocrx_word' id='word_1_211' title='bbox 1309 3055 1434 3125; x_wconf 90' lang='lat'>381,</span> <span class='ocrx_word' id='word_1_212' title='bbox 1476 3071 1698 3111; x_wconf 89' lang='lat' dir='ltr'>canone</span> <span class='ocrx_word' id='word_1_213' title='bbox 1748 3057 1803 3124; x_wconf 89' lang='lat'>7,</span> <span class='ocrx_word' id='word_1_214' title='bbox 1863 3056 2123 3115; x_wconf 87' lang='lat' dir='ltr'>dicitur:</span> 
     </span>
    </p>
   </div>
   <div class='ocr_carea' id='block_1_34' title="bbox 480 3143 2119 3216">
    <p class='ocr_par' dir='ltr' id='par_1_34' title="bbox 480 3143 2119 3216">
     <span class='ocr_line' id='line_1_34' title="bbox 480 3143 2119 3216; baseline -0.001 -14"><span class='ocrx_word' id='word_1_215' title='bbox 480 3144 868 3215; x_wconf 67' lang='lat' dir='ltr'>Montanistsa,</span> <span class='ocrx_word' id='word_1_216' title='bbox 901 3143 999 3214; x_wconf 91' lang='lat' dir='ltr'>qui</span> <span class='ocrx_word' id='word_1_217' title='bbox 1031 3143 1123 3198; x_wconf 89' lang='lat' dir='ltr'>hic</span> <span class='ocrx_word' id='word_1_218' title='bbox 1154 3144 1407 3216; x_wconf 81' lang='lat' dir='ltr'>Phryges</span> <span class='ocrx_word' id='word_1_219' title='bbox 1438 3144 1736 3214; x_wconf 86' lang='lat' dir='ltr'>dicuntur,</span> <span class='ocrx_word' id='word_1_220' title='bbox 1769 3161 1901 3200; x_wconf 91' lang='lat' dir='ltr'>cum</span> <span class='ocrx_word' id='word_1_221' title='bbox 1928 3147 2119 3202; x_wconf 87' lang='lat' dir='ltr'>Euno-</span> 
     </span>
    </p>
   </div>
   <div class='ocr_carea' id='block_1_35' title="bbox 483 3231 2122 3304">
    <p class='ocr_par' dir='ltr' id='par_1_35' title="bbox 483 3231 2122 3304">
     <span class='ocr_line' id='line_1_35' title="bbox 483 3231 2122 3304; baseline 0 -14"><span class='ocrx_word' id='word_1_222' title='bbox 483 3234 698 3290; x_wconf 80' lang='lat' dir='ltr'>mianis</span> <span class='ocrx_word' id='word_1_223' title='bbox 719 3239 776 3290; x_wconf 90' lang='lat' dir='ltr'>et.</span> <span class='ocrx_word' id='word_1_224' title='bbox 814 3231 1158 3288; x_wconf 86' lang='lat' dir='ltr'>Sabellianis</span> <span class='ocrx_word' id='word_1_225' title='bbox 1208 3231 1658 3304; x_wconf 85' lang='lat' dir='ltr'>rebaptizentur,</span> <span class='ocrx_word' id='word_1_226' title='bbox 1719 3233 1872 3289; x_wconf 88' lang='lat' dir='ltr'>sicut</span> <span class='ocrx_word' id='word_1_227' title='bbox 1927 3239 1985 3290; x_wconf 92' lang='lat' dir='ltr'>et</span> <span class='ocrx_word' id='word_1_228' title='bbox 2023 3234 2122 3290; x_wconf 91' lang='lat' dir='ltr'>alii</span> 
     </span>
    </p>
   </div>
   <div class='ocr_carea' id='block_1_36' title="bbox 483 3321 2124 3396">
    <p class='ocr_par' dir='ltr' id='par_1_36' title="bbox 483 3321 2124 3396">
     <span class='ocr_line' id='line_1_36' title="bbox 483 3321 2124 3396; baseline -0.001 -15"><span class='ocrx_word' id='word_1_229' title='bbox 483 3323 757 3391; x_wconf 71' lang='lat' dir='ltr'>haeretici,</span> <span class='ocrx_word' id='word_1_230' title='bbox 791 3321 1112 3395; x_wconf 74' lang='lat' dir='ltr'>praesertim</span> <span class='ocrx_word' id='word_1_231' title='bbox 1172 3321 1221 3374; x_wconf 88' lang='lat' dir='ltr'>si</span> <span class='ocrx_word' id='word_1_232' title='bbox 1252 3337 1320 3376; x_wconf 83' lang='lat' dir='ltr'>ex</span> <span class='ocrx_word' id='word_1_233' title='bbox 1354 3321 1580 3376; x_wconf 87' lang='lat' dir='ltr'>Galatia</span> <span class='ocrx_word' id='word_1_234' title='bbox 1610 3323 1870 3378; x_wconf 88' lang='lat' dir='ltr'>venerint</span> <span class='ocrx_word' id='word_1_235' title='bbox 1899 3324 2031 3396; x_wconf 76' lang='grc'>(92).</span> <span class='ocrx_word' id='word_1_236' title='bbox 2065 3324 2124 3379; x_wconf 91' lang='lat' dir='ltr'>Si</span> 
     </span>
    </p>
   </div>
   <div class='ocr_carea' id='block_1_37' title="bbox 480 3409 2124 3490">
    <p class='ocr_par' dir='ltr' id='par_1_37' title="bbox 480 3409 2124 3490">
     <span class='ocr_line' id='line_1_37' title="bbox 480 3409 2124 3490; baseline 0 -22"><span class='ocrx_word' id='word_1_237' title='bbox 480 3418 536 3470; x_wconf 88' lang='lat' dir='ltr'>S.</span> <span class='ocrx_word' id='word_1_238' title='bbox 572 3413 978 3484; x_wconf 85' lang='lat' dir='ltr'>Hieronymus,</span> <span class='ocrx_word' id='word_1_239' title='bbox 1026 3409 1266 3465; x_wconf 84' lang='lat' dir='ltr'>tiniente</span> <span class='ocrx_word' id='word_1_240' title='bbox 1323 3409 1532 3490; x_wconf 63' lang='lat' dir='ltr'>saeculo</span> <span class='ocrx_word' id='word_1_241' title='bbox 1594 3427 1667 3481; x_wconf 80' lang='lat' dir='ltr'>iv,</span> <span class='ocrx_word' id='word_1_242' title='bbox 1723 3411 2124 3468; x_wconf 88' lang='lat' dir='ltr'>Theodoretus</span> 
     </span>
    </p>
   </div>
   <div class='ocr_carea' id='block_1_38' title="bbox 481 3498 2127 3570">
    <p class='ocr_par' dir='ltr' id='par_1_38' title="bbox 481 3498 2127 3570">
     <span class='ocr_line' id='line_1_38' title="bbox 481 3498 2127 3570; baseline -0.001 -12"><span class='ocrx_word' id='word_1_243' title='bbox 481 3503 692 3558; x_wconf 72' lang='lat' dir='ltr'>saeculo</span> <span class='ocrx_word' id='word_1_244' title='bbox 722 3519 775 3568; x_wconf 81' lang='grc' dir='ltr'>ν,</span> <span class='ocrx_word' id='word_1_245' title='bbox 809 3505 864 3555; x_wconf 87' lang='lat' dir='ltr'>et</span> <span class='ocrx_word' id='word_1_246' title='bbox 886 3500 944 3555; x_wconf 91' lang='lat' dir='ltr'>S.</span> <span class='ocrx_word' id='word_1_247' title='bbox 978 3498 1292 3570; x_wconf 82' lang='lat' dir='ltr'>Gregorius</span> <span class='ocrx_word' id='word_1_248' title='bbox 1321 3501 1564 3570; x_wconf 87' lang='lat' dir='ltr'>Magnus</span> <span class='ocrx_word' id='word_1_249' title='bbox 1588 3499 1798 3555; x_wconf 67' lang='lat' dir='ltr'>saeculo</span> <span class='ocrx_word' id='word_1_250' title='bbox 1827 3517 1903 3568; x_wconf 72' lang='lat' dir='ltr'>vx,</span> <span class='ocrx_word' id='word_1_251' title='bbox 1935 3506 2127 3556; x_wconf 91' lang='lat' dir='ltr'>conte-</span> 
     </span>
    </p>
   </div>
   <div class='ocr_carea' id='block_1_39' title="bbox 481 3586 2126 3662">
    <p class='ocr_par' dir='ltr' id='par_1_39' title="bbox 481 3586 2126 3662">
     <span class='ocr_line' id='line_1_39' title="bbox 481 3586 2126 3662; baseline -0.001 -14"><span class='ocrx_word' id='word_1_252' title='bbox 481 3595 732 3661; x_wconf 89' lang='lat' dir='ltr'>stentur,</span> <span class='ocrx_word' id='word_1_253' title='bbox 753 3607 785 3646; x_wconf 90' lang='lat' dir='ltr'>a</span> <span class='ocrx_word' id='word_1_254' title='bbox 815 3586 1428 3655; x_wconf 89' lang='lat' dir='ltr'>Montanistis,saltem</span> <span class='ocrx_word' id='word_1_255' title='bbox 1464 3587 1784 3658; x_wconf 89' lang='lat' dir='ltr'>aliquibus,</span> <span class='ocrx_word' id='word_1_256' title='bbox 1809 3590 2126 3662; x_wconf 90' lang='lat' dir='ltr'>baptisma-</span> 
     </span>
    </p>
   </div>
   <div class='ocr_carea' id='block_1_40' title="bbox 480 3676 2124 3750">
    <p class='ocr_par' dir='ltr' id='par_1_40' title="bbox 480 3676 2124 3750">
     <span class='ocr_line' id='line_1_40' title="bbox 480 3676 2124 3750; baseline -0.001 -14"><span class='ocrx_word' id='word_1_257' title='bbox 480 3682 560 3736; x_wconf 89' lang='lat' dir='ltr'>tis</span> <span class='ocrx_word' id='word_1_258' title='bbox 588 3681 834 3735; x_wconf 84' lang='lat' dir='ltr'>formam</span> <span class='ocrx_word' id='word_1_259' title='bbox 870 3677 1048 3733; x_wconf 85' lang='lat' dir='ltr'>fuisse</span> <span class='ocrx_word' id='word_1_260' title='bbox 1097 3681 1452 3749; x_wconf 90' lang='lat' dir='ltr'>corruptam,</span> <span class='ocrx_word' id='word_1_261' title='bbox 1494 3676 1854 3750; x_wconf 87' lang='lat' dir='ltr'>intelligendi</span> <span class='ocrx_word' id='word_1_262' title='bbox 1886 3683 2026 3734; x_wconf 89' lang='lat' dir='ltr'>sunt</span> <span class='ocrx_word' id='word_1_263' title='bbox 2055 3680 2124 3735; x_wconf 90' lang='lat' dir='ltr'>de</span> 
     </span>
    </p>
   </div>
   <div class='ocr_carea' id='block_1_41' title="bbox 483 3766 2125 3838">
    <p class='ocr_par' dir='ltr' id='par_1_41' title="bbox 483 3766 2125 3838">
     <span class='ocr_line' id='line_1_41' title="bbox 483 3766 2125 3838; baseline 0.001 -14"><span class='ocrx_word' id='word_1_264' title='bbox 483 3768 844 3825; x_wconf 82' lang='lat' dir='ltr'>Montanistis</span> <span class='ocrx_word' id='word_1_265' title='bbox 877 3784 981 3825; x_wconf 90' lang='lat' dir='ltr'>suo</span> <span class='ocrx_word' id='word_1_266' title='bbox 1007 3771 1266 3838; x_wconf 91' lang='lat' dir='ltr'>tempore</span> <span class='ocrx_word' id='word_1_267' title='bbox 1311 3766 1726 3822; x_wconf 86' lang='lat' dir='ltr'>exsistentibus</span> <span class='ocrx_word' id='word_1_268' title='bbox 1758 3769 1888 3838; x_wconf 92' lang='lat'>(93).</span> <span class='ocrx_word' id='word_1_269' title='bbox 1925 3769 2005 3824; x_wconf 82' lang='lat' dir='ltr'>Ex</span> <span class='ocrx_word' id='word_1_270' title='bbox 2033 3769 2125 3826; x_wconf 90' lang='lat' dir='ltr'>his</span> 
     </span>
    </p>
   </div>
   <div class='ocr_carea' id='block_1_42' title="bbox 480 3854 2126 3930">
    <p class='ocr_par' dir='ltr' id='par_1_42' title="bbox 480 3854 2126 3930">
     <span class='ocr_line' id='line_1_42' title="bbox 480 3854 2126 3930; baseline 0 -15"><span class='ocrx_word' id='word_1_271' title='bbox 480 3858 726 3930; x_wconf 85' lang='lat' dir='ltr'>aliisque</span> <span class='ocrx_word' id='word_1_272' title='bbox 770 3856 1013 3929; x_wconf 91' lang='lat' dir='ltr'>conjicio</span> <span class='ocrx_word' id='word_1_273' title='bbox 1063 3854 1719 3928; x_wconf 87' lang='lat' dir='ltr'>pseudo-Firmilianum</span> <span class='ocrx_word' id='word_1_274' title='bbox 1766 3857 1994 3914; x_wconf 88' lang='lat' dir='ltr'>venisse</span> <span class='ocrx_word' id='word_1_275' title='bbox 2025 3859 2126 3915; x_wconf 90' lang='lat' dir='ltr'>diu</span> 
     </span>
    </p>
   </div>
   <div class='ocr_carea' id='block_1_43' title="bbox 481 3945 2051 4023">
    <p class='ocr_par' dir='ltr' id='par_1_43' title="bbox 481 3945 2051 4023">
     <span class='ocr_line' id='line_1_43' title="bbox 481 3945 2051 4023; baseline -0.002 -18"><span class='ocrx_word' id='word_1_276' title='bbox 481 3953 611 4023; x_wconf 90' lang='lat' dir='ltr'>post</span> <span class='ocrx_word' id='word_1_277' title='bbox 641 3952 897 4004; x_wconf 83' lang='lat' dir='ltr'>exortam</span> <span class='ocrx_word' id='word_1_278' title='bbox 936 3945 1192 4000; x_wconf 88' lang='lat' dir='ltr'>Montani</span> <span class='ocrx_word' id='word_1_279' title='bbox 1227 3945 1473 3999; x_wconf 77' lang='lat' dir='ltr'>haeresin</span> <span class='ocrx_word' id='word_1_280' title='bbox 1504 3950 1635 4016; x_wconf 90' lang='lat' dir='ltr'>post</span> <span class='ocrx_word' id='word_1_281' title='bbox 1667 3945 1946 4001; x_wconf 69' lang='lat' dir='ltr'>saeculum</span> <span class='ocrx_word' id='word_1_282' title='bbox 1980 3963 2051 4002; x_wconf 84' lang='lat' dir='ltr'>iv.</span> 
     </span>
    </p>
   </div>
   <div class='ocr_carea' id='block_1_44' title="bbox 554 4035 2126 4108">
    <p class='ocr_par' dir='ltr' id='par_1_44' title="bbox 554 4035 2126 4108">
     <span class='ocr_line' id='line_1_44' title="bbox 554 4035 2126 4108; baseline -0.001 -15"><span class='ocrx_word' id='word_1_283' title='bbox 554 4037 728 4094; x_wconf 87' lang='lat' dir='ltr'>III.Si</span> <span class='ocrx_word' id='word_1_284' title='bbox 763 4035 1126 4090; x_wconf 77' lang='lat' dir='ltr'>Montanistze</span> <span class='ocrx_word' id='word_1_285' title='bbox 1160 4035 1481 4089; x_wconf 90' lang='lat' dir='ltr'>secundum</span> <span class='ocrx_word' id='word_1_286' title='bbox 1541 4035 1800 4108; x_wconf 86' lang='lat' dir='ltr'>Phrygas</span> <span class='ocrx_word' id='word_1_287' title='bbox 1852 4036 2126 4108; x_wconf 89' lang='lat' dir='ltr'>baptismi</span> 
     </span>
    </p>
   </div>
   <div class='ocr_carea' id='block_1_45' title="bbox 481 4123 2126 4196">
    <p class='ocr_par' dir='ltr' id='par_1_45' title="bbox 481 4123 2126 4196">
     <span class='ocr_line' id='line_1_45' title="bbox 481 4123 2126 4196; baseline -0.001 -13"><span class='ocrx_word' id='word_1_288' title='bbox 481 4129 725 4183; x_wconf 83' lang='lat' dir='ltr'>formam</span> <span class='ocrx_word' id='word_1_289' title='bbox 753 4123 1138 4196; x_wconf 85' lang='lat' dir='ltr'>corruperint,</span> <span class='ocrx_word' id='word_1_290' title='bbox 1193 4125 1451 4193; x_wconf 89' lang='lat' dir='ltr'>adeoque</span> <span class='ocrx_word' id='word_1_291' title='bbox 1508 4124 1853 4194; x_wconf 89' lang='lat' dir='ltr'>rebaptizari</span> <span class='ocrx_word' id='word_1_292' title='bbox 1912 4126 2126 4182; x_wconf 89' lang='lat' dir='ltr'>debue-</span> 
     </span>
    </p>
   </div>
   <div class='ocr_carea' id='block_1_46' title="bbox 481 4213 2128 4284">
    <p class='ocr_par' dir='ltr' id='par_1_46' title="bbox 481 4213 2128 4284">
     <span class='ocr_line' id='line_1_46' title="bbox 481 4213 2128 4284; baseline 0 -13"><span class='ocrx_word' id='word_1_293' title='bbox 481 4216 775 4284; x_wconf 71' lang='lat' dir='ltr'>rint,in-&#39;lc</span> <span class='ocrx_word' id='word_1_294' title='bbox 821 4214 965 4269; x_wconf 88' lang='lat' dir='ltr'>nihil</span> <span class='ocrx_word' id='word_1_295' title='bbox 1027 4213 1311 4268; x_wconf 90' lang='lat' dir='ltr'>evincitur</span> <span class='ocrx_word' id='word_1_296' title='bbox 1369 4229 1473 4284; x_wconf 89' lang='lat' dir='ltr'>pro</span> <span class='ocrx_word' id='word_1_297' title='bbox 1531 4214 2128 4284; x_wconf 83' lang='lat' dir='ltr'>pseudo-Firmiliano</span> 
     </span>
    </p>
   </div>
   <div class='ocr_carea' id='block_1_47' title="bbox 482 4370 2128 4447">
    <p class='ocr_par' dir='ltr' id='par_1_47' title="bbox 482 4370 2128 4447">
     <span class='ocr_line' id='line_1_47' title="bbox 482 4370 2128 4447; baseline 0.001 -17"><span class='ocrx_word' id='word_1_298' title='bbox 482 4377 690 4430; x_wconf 87' lang='lat' dir='ltr'>deatur</span> <span class='ocrx_word' id='word_1_299' title='bbox 720 4375 918 4447; x_wconf 83' lang='lat' dir='ltr'>noster</span> <span class='ocrx_word' id='word_1_300' title='bbox 948 4370 1297 4447; x_wconf 79' lang='lat' dir='ltr'>Laurentius</span> <span class='ocrx_word' id='word_1_301' title='bbox 1331 4371 1528 4447; x_wconf 78' lang='lat' dir='ltr'>Cozza,</span> <span class='ocrx_word' id='word_1_302' title='bbox 1562 4375 1761 4447; x_wconf 91' lang='lat' dir='ltr'>postea</span> <span class='ocrx_word' id='word_1_303' title='bbox 1783 4373 2128 4447; x_wconf 82' lang='lat' dir='ltr'>Cardinalis,</span> 
     </span>
    </p>
   </div>
   <div class='ocr_carea' id='block_1_48' title="bbox 483 4443 2128 4511">
    <p class='ocr_par' dir='ltr' id='par_1_48' title="bbox 483 4443 2128 4511">
     <span class='ocr_line' id='line_1_48' title="bbox 483 4443 2128 4511; baseline 0.001 -10"><span class='ocrx_word' id='word_1_304' title='bbox 483 4451 539 4501; x_wconf 75' lang='lat' dir='ltr'>in</span> <span class='ocrx_word' id='word_1_305' title='bbox 572 4463 670 4501; x_wconf 83' lang='lat' dir='ltr'>suo</span> <span class='ocrx_word' id='word_1_306' title='bbox 703 4443 1104 4500; x_wconf 79' lang='lat' dir='ltr'>Commentario</span> <span class='ocrx_word' id='word_1_307' title='bbox 1157 4447 1205 4497; x_wconf 86' lang='grc'><em>11</em></span> <span class='ocrx_word' id='word_1_308' title='bbox 1216 4444 1780 4511; x_wconf 75' lang='lat' dir='ltr'>istorico-Dogmatico</span> <span class='ocrx_word' id='word_1_309' title='bbox 1810 4445 1874 4499; x_wconf 80' lang='lat' dir='ltr'>de</span> <span class='ocrx_word' id='word_1_310' title='bbox 1903 4443 2128 4503; x_wconf 56' lang='lat' dir='ltr'>haeresi;</span> 
     </span>
    </p>
   </div>
   <div class='ocr_carea' id='block_1_49' title="bbox 485 4513 2132 4585">
    <p class='ocr_par' dir='ltr' id='par_1_49' title="bbox 485 4513 2132 4585">
     <span class='ocr_line' id='line_1_49' title="bbox 485 4513 2132 4585; baseline 0.001 -12"><span class='ocrx_word' id='word_1_311' title='bbox 485 4521 602 4585; x_wconf 78' lang='lat' dir='ltr'>bus,</span> <span class='ocrx_word' id='word_1_312' title='bbox 635 4533 770 4572; x_wconf 88' lang='lat' dir='ltr'>ann.</span> <span class='ocrx_word' id='word_1_313' title='bbox 814 4517 952 4571; x_wconf 68' lang='lat'>1717</span> <span class='ocrx_word' id='word_1_314' title='bbox 985 4515 1178 4570; x_wconf 72' lang='lat' dir='ltr'>Romae</span> <span class='ocrx_word' id='word_1_315' title='bbox 1210 4515 1389 4583; x_wconf 89' lang='lat' dir='ltr'>edito,</span> <span class='ocrx_word' id='word_1_316' title='bbox 1441 4513 1643 4570; x_wconf 83' lang='lat' dir='ltr'>haeresi</span> <span class='ocrx_word' id='word_1_317' title='bbox 1699 4517 1790 4581; x_wconf 82' lang='lat'>26,</span> <span class='ocrx_word' id='word_1_318' title='bbox 1848 4517 1920 4572; x_wconf 90' lang='lat' dir='ltr'>de</span> <span class='ocrx_word' id='word_1_319' title='bbox 1968 4519 2132 4576; x_wconf 87' lang='lat' dir='ltr'>Cata-</span> 
     </span>
    </p>
   </div>
   <div class='ocr_carea' id='block_1_50' title="bbox 487 4590 2129 4784">
    <p class='ocr_par' dir='ltr' id='par_1_50' title="bbox 487 4590 2129 4784">
     <span class='ocr_line' id='line_1_50' title="bbox 487 4590 2129 4784; baseline 0.002 -70"><span class='ocrx_word' id='word_1_320' title='bbox 487 4590 886 4784; x_wconf 44' lang='grc' dir='ltr'>Ρῇὧξὲῖὲυηῖἶιε</span> <span class='ocrx_word' id='word_1_321' title='bbox 918 4660 1202 4713; x_wconf 80' lang='lat' dir='ltr'>duntaxat</span> <span class='ocrx_word' id='word_1_322' title='bbox 1252 4655 1456 4710; x_wconf 75' lang='lat' dir='ltr'>Priscaa</span> <span class='ocrx_word' id='word_1_323' title='bbox 1515 4657 1580 4710; x_wconf 83' lang='lat' dir='ltr'>fit</span> <span class='ocrx_word' id='word_1_324' title='bbox 1611 4658 1848 4725; x_wconf 88' lang='lat' dir='ltr'>mentio,</span> <span class='ocrx_word' id='word_1_325' title='bbox 1878 4676 2011 4715; x_wconf 90' lang='lat' dir='ltr'>cum</span> <span class='ocrx_word' id='word_1_326' title='bbox 2043 4665 2129 4717; x_wconf 88' lang='lat' dir='ltr'>ta-</span> 
     </span>
     <span class='ocr_line' id='line_1_51' title="bbox 487 4726 2129 4784; baseline 0.001 0"><span class='ocrx_word' id='word_1_327' title='bbox 487 4747 618 4784; x_wconf 89' lang='lat' dir='ltr'>men</span> <span class='ocrx_word' id='word_1_328' title='bbox 650 4731 959 4784; x_wconf 66' lang='lat' dir='ltr'>liontanus</span> <span class='ocrx_word' id='word_1_329' title='bbox 991 4729 1310 4784; x_wconf 89' lang='lat' dir='ltr'>secundum</span> <span class='ocrx_word' id='word_1_330' title='bbox 1330 4726 1756 4784; x_wconf 84' lang='lat' dir='ltr'>Tertullianum</span> <span class='ocrx_word' id='word_1_331' title='bbox 1789 4736 1946 4784; x_wconf 89' lang='lat' dir='ltr'>secta</span> <span class='ocrx_word' id='word_1_332' title='bbox 1976 4733 2129 4784; x_wconf 89' lang='lat' dir='ltr'>Mon-</span> 
     </span>
    </p>
   </div>
   <div class='ocr_carea' id='block_1_51' title="bbox 486 4726 2133 4788">
    <p class='ocr_par' dir='ltr' id='par_1_51' title="bbox 486 4726 2133 4788">
     <span class='ocr_line' id='line_1_52' title="bbox 486 4726 2133 4788; baseline 0.001 -2"><span class='ocrx_word' id='word_1_333' title='bbox 486 4726 618 4786; x_wconf 88' lang='lat' dir='ltr'>men</span> <span class='ocrx_word' id='word_1_334' title='bbox 650 4726 959 4785; x_wconf 87' lang='lat' dir='ltr'>Montanus</span> <span class='ocrx_word' id='word_1_335' title='bbox 991 4729 1310 4785; x_wconf 89' lang='lat' dir='ltr'>secundum</span> <span class='ocrx_word' id='word_1_336' title='bbox 1330 4726 1756 4784; x_wconf 84' lang='lat' dir='ltr'>Tertullianum</span> <span class='ocrx_word' id='word_1_337' title='bbox 1789 4736 1946 4786; x_wconf 90' lang='lat' dir='ltr'>secta</span> <span class='ocrx_word' id='word_1_338' title='bbox 1975 4733 2133 4788; x_wconf 88' lang='lat' dir='ltr'>Mon-</span> 
     </span>
    </p>
   </div>
   <div class='ocr_carea' id='block_1_52' title="bbox 485 4799 2128 4885">
    <p class='ocr_par' dir='ltr' id='par_1_52' title="bbox 485 4799 2128 4885">
     <span class='ocr_line' id='line_1_53' title="bbox 485 4799 2128 4885; baseline -0.001 -26"><span class='ocrx_word' id='word_1_339' title='bbox 485 4802 763 4885; x_wconf 70' lang='lat' dir='ltr'>tanistam</span> <span class='ocrx_word' id='word_1_340' title='bbox 797 4802 1060 4885; x_wconf 62' lang='lat' dir='ltr'>altusque</span> <span class='ocrx_word' id='word_1_341' title='bbox 1090 4799 1440 4885; x_wconf 45' lang='lat' dir='ltr'>Catholico‘s,</span> <span class='ocrx_word' id='word_1_342' title='bbox 1484 4799 1918 4885; x_wconf 48' lang='lat' dir='ltr'>Hieronymum,</span> <span class='ocrx_word' id='word_1_343' title='bbox 1956 4809 2128 4885; x_wconf 79' lang='lat' dir='ltr'>Euse-</span> 
     </span>
    </p>
   </div>
   <div class='ocr_carea' id='block_1_53' title="bbox 487 4872 2133 4956">
    <p class='ocr_par' dir='ltr' id='par_1_53' title="bbox 487 4872 2133 4956">
     <span class='ocr_line' id='line_1_54' title="bbox 487 4872 2133 4956; baseline 0.002 -28"><span class='ocrx_word' id='word_1_344' title='bbox 487 4872 1102 4956; x_wconf 65' lang='lat' dir='ltr'>bium,_Epiphani_u_m</span> <span class='ocrx_word' id='word_1_345' title='bbox 1131 4872 1654 4956; x_wconf 41' lang='lat' dir='ltr'>etc..d.ua&#39;bus.usus</span> <span class='ocrx_word' id='word_1_346' title='bbox 1695 4875 1867 4956; x_wconf 67' lang='lat' dir='ltr'>fuerit</span> <span class='ocrx_word' id='word_1_347' title='bbox 1886 4872 2133 4956; x_wconf 75' lang='lat' dir='ltr'>prpphe-</span> 
     </span>
    </p>
   </div>
   <div class='ocr_carea' id='block_1_54' title="bbox 488 4941 2134 5004">
    <p class='ocr_par' dir='ltr' id='par_1_54' title="bbox 488 4941 2134 5004">
     <span class='ocr_line' id='line_1_55' title="bbox 488 4941 2134 5004; baseline 0.002 -4"><span class='ocrx_word' id='word_1_348' title='bbox 488 4947 648 5002; x_wconf 89' lang='lat' dir='ltr'>tissis</span> <span class='ocrx_word' id='word_1_349' title='bbox 664 4941 1009 5001; x_wconf 34' lang='lat' dir='ltr'>&#39;Priscillact</span> <span class='ocrx_word' id='word_1_350' title='bbox 1031 4941 1360 4998; x_wconf 80' lang='lat' dir='ltr'>Maximilla.</span> <span class='ocrx_word' id='word_1_351' title='bbox 1383 4941 1731 4999; x_wconf 88' lang='lat' dir='ltr'>Philastrius</span> <span class='ocrx_word' id='word_1_352' title='bbox 1751 4943 1853 5002; x_wconf 87' lang='lat' dir='ltr'>lib.</span> <span class='ocrx_word' id='word_1_353' title='bbox 1869 4941 1938 5002; x_wconf 83' lang='lat' dir='ltr'>de</span> <span class='ocrx_word' id='word_1_354' title='bbox 1952 4941 2134 5004; x_wconf 64' lang='lat' dir='ltr'>Hazre-</span> 
     </span>
    </p>
   </div>
   <div class='ocr_carea' id='block_1_55' title="bbox 487 5015 2134 5089">
    <p class='ocr_par' dir='ltr' id='par_1_55' title="bbox 487 5015 2134 5089">
     <span class='ocr_line' id='line_1_56' title="bbox 487 5015 2134 5089; baseline -0.001 -14"><span class='ocrx_word' id='word_1_355' title='bbox 487 5018 651 5075; x_wconf 90' lang='lat' dir='ltr'>sibus</span> <span class='ocrx_word' id='word_1_356' title='bbox 684 5035 696 5073; x_wconf 89' lang='lat'><strong>:</strong></span> <span class='ocrx_word' id='word_1_357' title='bbox 731 5017 1109 5089; x_wconf 74' lang='lat' dir='ltr'>Cataphryges</span> <span class='ocrx_word' id='word_1_358' title='bbox 1149 5017 1369 5089; x_wconf 60' lang='lat' dir='ltr'>Patrem</span> <span class='ocrx_word' id='word_1_359' title='bbox 1411 5025 1466 5089; x_wconf 70' lang='lat' dir='ltr'>et</span> <span class='ocrx_word' id='word_1_360' title='bbox 1489 5015 1720 5089; x_wconf 54' lang='lat' dir='ltr'>Filium,</span> <span class='ocrx_word' id='word_1_361' title='bbox 1763 5019 1828 5089; x_wconf 56' lang='lat' dir='ltr'>et</span> <span class='ocrx_word' id='word_1_362' title='bbox 1860 5017 2134 5089; x_wconf 79' lang='lat' dir='ltr'>Spiritum</span> 
     </span>
    </p>
   </div>
   <div class='ocr_carea' id='block_1_56' title="bbox 485 5086 2134 5160">
    <p class='ocr_par' dir='ltr' id='par_1_56' title="bbox 485 5086 2134 5160">
     <span class='ocr_line' id='line_1_57' title="bbox 485 5086 2134 5160; baseline -0.003 -14"><span class='ocrx_word' id='word_1_363' title='bbox 485 5091 827 5160; x_wconf 74' lang='lat' dir='ltr'>conﬁtentur,</span> <span class='ocrx_word' id='word_1_364' title='bbox 864 5086 1178 5160; x_wconf 64' lang='lat' dir='ltr'>Montanum</span> <span class='ocrx_word' id='word_1_365' title='bbox 1211 5088 1259 5138; x_wconf 79' lang='lat' dir='ltr'>et.</span> <span class='ocrx_word' id='word_1_366' title='bbox 1315 5086 1630 5160; x_wconf 56' lang='lat' dir='ltr'>Priscillam</span> <span class='ocrx_word' id='word_1_367' title='bbox 1659 5095 1708 5141; x_wconf 75' lang='lat' dir='ltr'>et</span> <span class='ocrx_word' id='word_1_368' title='bbox 1730 5086 2134 5160; x_wconf 54' lang='grc' dir='ltr'>ΔΜιιαῖῑηπίιιαηι</span> 
     </span>
    </p>
   </div>
   <div class='ocr_carea' id='block_1_57' title="bbox 485 5157 2132 5225">
    <p class='ocr_par' dir='ltr' id='par_1_57' title="bbox 485 5157 2132 5225">
     <span class='ocr_line' id='line_1_58' title="bbox 485 5157 2132 5225; baseline 0 -9"><span class='ocrx_word' id='word_1_369' title='bbox 485 5157 825 5217; x_wconf 73' lang='grc' dir='ltr'>αηήιιηιίιιηι</span> <span class='ocrx_word' id='word_1_370' title='bbox 860 5161 1068 5214; x_wconf 86' lang='lat' dir='ltr'>Mirum</span> <span class='ocrx_word' id='word_1_371' title='bbox 1103 5159 1150 5212; x_wconf 89' lang='lat' dir='ltr'>si</span> <span class='ocrx_word' id='word_1_372' title='bbox 1185 5162 1442 5225; x_wconf 85' lang='lat' dir='ltr'>tempore</span> <span class='ocrx_word' id='word_1_373' title='bbox 1473 5163 1526 5210; x_wconf 66' lang='grc' dir='ltr'>ὃ.</span> <span class='ocrx_word' id='word_1_374' title='bbox 1567 5157 1886 5214; x_wconf 82' lang='lat' dir='ltr'>Firmiliani</span> <span class='ocrx_word' id='word_1_375' title='bbox 1909 5162 2132 5217; x_wconf 88' lang='lat' dir='ltr'>evenis-</span> 
     </span>
    </p>
   </div>
   <div class='ocr_carea' id='block_1_58' title="bbox 487 5227 2134 5301">
    <p class='ocr_par' dir='ltr' id='par_1_58' title="bbox 487 5227 2134 5301">
     <span class='ocr_line' id='line_1_59' title="bbox 487 5227 2134 5301; baseline 0.001 -11"><span class='ocrx_word' id='word_1_376' title='bbox 487 5238 597 5301; x_wconf 87' lang='lat' dir='ltr'>set,</span> <span class='ocrx_word' id='word_1_377' title='bbox 639 5237 702 5288; x_wconf 88' lang='lat' dir='ltr'>ut</span> <span class='ocrx_word' id='word_1_378' title='bbox 733 5231 1116 5286; x_wconf 83' lang='lat' dir='ltr'>Maximillain</span> <span class='ocrx_word' id='word_1_379' title='bbox 1137 5227 1478 5301; x_wconf 77' lang='lat' dir='ltr'>oblivionem</span> <span class='ocrx_word' id='word_1_380' title='bbox 1498 5231 1738 5298; x_wconf 88' lang='lat' dir='ltr'>venerit,</span> <span class='ocrx_word' id='word_1_381' title='bbox 1772 5247 1838 5285; x_wconf 90' lang='lat' dir='ltr'>ac</span> <span class='ocrx_word' id='word_1_382' title='bbox 1868 5232 2134 5290; x_wconf 88' lang='lat' dir='ltr'>Priscilla</span> 
     </span>
    </p>
   </div>
   <div class='ocr_carea' id='block_1_59' title="bbox 489 5299 1916 5363">
    <p class='ocr_par' dir='ltr' id='par_1_59' title="bbox 489 5299 1916 5363">
     <span class='ocr_line' id='line_1_60' title="bbox 489 5299 1916 5363; baseline -0.004 0"><span class='ocrx_word' id='word_1_383' title='bbox 489 5323 556 5363; x_wconf 86' lang='lat' dir='ltr'>ex</span> <span class='ocrx_word' id='word_1_384' title='bbox 584 5299 779 5360; x_wconf 74' lang='lat' dir='ltr'>errore</span> <span class='ocrx_word' id='word_1_385' title='bbox 812 5305 868 5358; x_wconf 91' lang='lat' dir='ltr'>in</span> <span class='ocrx_word' id='word_1_386' title='bbox 905 5303 1157 5357; x_wconf 85' lang='lat' dir='ltr'>Priscam</span> <span class='ocrx_word' id='word_1_387' title='bbox 1183 5299 1354 5354; x_wconf 92' lang='lat' dir='ltr'>modo</span> <span class='ocrx_word' id='word_1_388' title='bbox 1385 5299 1697 5356; x_wconf 87' lang='lat' dir='ltr'>immutata</span> <span class='ocrx_word' id='word_1_389' title='bbox 1725 5302 1916 5359; x_wconf 83' lang='lat' dir='ltr'>fuerit.</span> 
     </span>
    </p>
   </div>
   <div class='ocr_carea' id='block_1_60' title="bbox 582 5373 1510 5430">
    <p class='ocr_par' dir='ltr' id='par_1_60' title="bbox 582 5373 1510 5430">
     <span class='ocr_line' id='line_1_61' title="bbox 582 5373 1510 5430; baseline -0.004 -1"><span class='ocrx_word' id='word_1_390' title='bbox 582 5377 672 5430; x_wconf 77' lang='lat'>90)</span> <span class='ocrx_word' id='word_1_391' title='bbox 706 5375 831 5430; x_wconf 90' lang='lat' dir='ltr'>Vid.</span> <span class='ocrx_word' id='word_1_392' title='bbox 867 5374 974 5428; x_wconf 92' lang='lat' dir='ltr'>loc.</span> <span class='ocrx_word' id='word_1_393' title='bbox 1012 5373 1089 5427; x_wconf 89' lang='lat' dir='ltr'>cit</span> <span class='ocrx_word' id='word_1_394' title='bbox 1132 5386 1389 5428; x_wconf 87' lang='lat' dir='ltr'>:anum.</span> <span class='ocrx_word' id='word_1_395' title='bbox 1422 5373 1510 5425; x_wconf 87' lang='lat'>72.</span> 
     </span>
    </p>
   </div>
   <div class='ocr_carea' id='block_1_61' title="bbox 563 5377 2128 5519">
    <p class='ocr_par' dir='ltr' id='par_1_61' title="bbox 563 5377 2128 5519">
     <span class='ocr_line' id='line_1_62' title="bbox 582 5377 1510 5430; baseline -0.004 -1"><span class='ocrx_word' id='word_1_396' title='bbox 582 5377 651 5429; x_wconf 83' lang='lat'>90</span> <span class='ocrx_word' id='word_1_397' title='bbox 706 5377 831 5430; x_wconf 90' lang='lat' dir='ltr'>Vid.</span> <span class='ocrx_word' id='word_1_398' title='bbox 867 5377 974 5428; x_wconf 92' lang='lat' dir='ltr'>loc.</span> <span class='ocrx_word' id='word_1_399' title='bbox 1012 5377 1089 5427; x_wconf 89' lang='lat' dir='ltr'>cit</span> <span class='ocrx_word' id='word_1_400' title='bbox 1132 5386 1389 5428; x_wconf 87' lang='lat' dir='ltr'>:anum.</span> <span class='ocrx_word' id='word_1_401' title='bbox 1422 5377 1510 5425; x_wconf 87' lang='lat'>72.</span> 
     </span>
     <span class='ocr_line' id='line_1_63' title="bbox 563 5377 2128 5519; baseline 0 -19"><span class='ocrx_word' id='word_1_402' title='bbox 563 5377 672 5519; x_wconf 49' lang='lat' dir='ltr'>E91;</span> <span class='ocrx_word' id='word_1_403' title='bbox 703 5449 931 5519; x_wconf 83' lang='lat' dir='ltr'>Septem</span> <span class='ocrx_word' id='word_1_404' title='bbox 965 5445 1224 5519; x_wconf 77' lang='lat' dir='ltr'>diversas</span> <span class='ocrx_word' id='word_1_405' title='bbox 1269 5442 1554 5519; x_wconf 70' lang='lat' dir='ltr'>editiones</span> <span class='ocrx_word' id='word_1_406' title='bbox 1590 5445 1766 5519; x_wconf 80' lang='lat' dir='ltr'>revidi</span> <span class='ocrx_word' id='word_1_407' title='bbox 1802 5447 1953 5519; x_wconf 82' lang='lat' dir='ltr'>apud</span> <span class='ocrx_word' id='word_1_408' title='bbox 1985 5451 2128 5502; x_wconf 85' lang='lat' dir='ltr'>Har-</span> 
     </span>
    </p>
   </div>
   <div class='ocr_carea' id='block_1_62' title="bbox 490 5513 2133 5593">
    <p class='ocr_par' dir='ltr' id='par_1_62' title="bbox 490 5513 2133 5593">
     <span class='ocr_line' id='line_1_64' title="bbox 490 5513 2133 5593; baseline 0.001 -19"><span class='ocrx_word' id='word_1_409' title='bbox 490 5513 750 5593; x_wconf 46' lang='lat' dir='ltr'>du&#39;inum</span> <span class='ocrx_word' id='word_1_410' title='bbox 773 5513 796 5585; x_wconf 74' lang='grc' dir='ltr'><em>ξ</em></span> <span class='ocrx_word' id='word_1_411' title='bbox 812 5517 868 5593; x_wconf 83' lang='lat' dir='ltr'>in</span> <span class='ocrx_word' id='word_1_412' title='bbox 905 5533 1022 5572; x_wconf 87' lang='lat' dir='ltr'>una</span> <span class='ocrx_word' id='word_1_413' title='bbox 1081 5513 1302 5593; x_wconf 69' lang='lat' dir='ltr'>Isidori</span> <span class='ocrx_word' id='word_1_414' title='bbox 1333 5515 1669 5572; x_wconf 86' lang='lat' dir='ltr'>Mercatoris</span> <span class='ocrx_word' id='word_1_415' title='bbox 1699 5513 2133 5593; x_wconf 74' lang='lat' dir='ltr'>Cathaphryges</span> 
     </span>
    </p>
   </div>
   <div class='ocr_carea' id='block_1_63' title="bbox 487 5585 2131 5663">
    <p class='ocr_par' dir='ltr' id='par_1_63' title="bbox 487 5585 2131 5663">
     <span class='ocr_line' id='line_1_65' title="bbox 487 5585 2131 5663; baseline 0.003 -17"><span class='ocrx_word' id='word_1_416' title='bbox 487 5589 869 5663; x_wconf 79' lang='lat' dir='ltr'>Paulianistis</span> <span class='ocrx_word' id='word_1_417' title='bbox 899 5586 1258 5662; x_wconf 88' lang='lat' dir='ltr'>superadditi</span> <span class='ocrx_word' id='word_1_418' title='bbox 1291 5585 1584 5663; x_wconf 87' lang='lat' dir='ltr'>leguntur,</span> <span class='ocrx_word' id='word_1_419' title='bbox 1616 5589 1716 5645; x_wconf 89' lang='lat' dir='ltr'>sed</span> <span class='ocrx_word' id='word_1_420' title='bbox 1757 5585 1918 5647; x_wconf 76' lang='lat' dir='ltr'>illam</span> <span class='ocrx_word' id='word_1_421' title='bbox 1952 5585 2131 5650; x_wconf 65' lang='lat' dir='ltr'>unam</span> 
     </span>
    </p>
   </div>
   <div class='ocr_carea' id='block_1_64' title="bbox 487 5659 1301 5741">
    <p class='ocr_par' dir='ltr' id='par_1_64' title="bbox 487 5659 1301 5741">
     <span class='ocr_line' id='line_1_66' title="bbox 487 5659 1301 5741; baseline -0.001 -22"><span class='ocrx_word' id='word_1_422' title='bbox 487 5659 898 5741; x_wconf 85' lang='lat' dir='ltr'>interpolatam</span> <span class='ocrx_word' id='word_1_423' title='bbox 919 5659 1047 5721; x_wconf 72' lang='lat' dir='ltr'>esse</span> <span class='ocrx_word' id='word_1_424' title='bbox 1073 5675 1301 5722; x_wconf 88' lang='lat' dir='ltr'>censeo.</span> 
     </span>
    </p>
   </div>
   <div class='ocr_carea' id='block_1_65' title="bbox 2226 559 3875 632">
    <p class='ocr_par' dir='ltr' id='par_1_65' title="bbox 2226 559 3875 632">
     <span class='ocr_line' id='line_1_67' title="bbox 2226 559 3875 632; baseline -0.001 -17"><span class='ocrx_word' id='word_1_425' title='bbox 2226 559 2510 632; x_wconf 90' lang='lat' dir='ltr'>ptismum</span> <span class='ocrx_word' id='word_1_426' title='bbox 2540 561 2818 628; x_wconf 83' lang='lat' dir='ltr'>conferre,</span> <span class='ocrx_word' id='word_1_427' title='bbox 2869 560 3076 617; x_wconf 73' lang='lat'>1888</span> <span class='ocrx_word' id='word_1_428' title='bbox 3137 561 3198 617; x_wconf 91' lang='lat' dir='ltr'>Si</span> <span class='ocrx_word' id='word_1_429' title='bbox 3255 561 3343 617; x_wconf 90' lang='lat' dir='ltr'>vel</span> <span class='ocrx_word' id='word_1_430' title='bbox 3399 560 3763 617; x_wconf 78' lang='lat' dir='ltr'>orthodoxae</span> <span class='ocrx_word' id='word_1_431' title='bbox 3819 560 3875 615; x_wconf 89' lang='lat' dir='ltr'>in</span> 
     </span>
    </p>
   </div>
   <div class='ocr_carea' id='block_1_66' title="bbox 2225 649 3872 722">
    <p class='ocr_par' dir='ltr' id='par_1_66' title="bbox 2225 649 3872 722">
     <span class='ocr_line' id='line_1_68' title="bbox 2225 649 3872 722; baseline -0.001 -18"><span class='ocrx_word' id='word_1_432' title='bbox 2225 649 2576 721; x_wconf 88' lang='lat' dir='ltr'>baptizando</span> <span class='ocrx_word' id='word_1_433' title='bbox 2635 667 2846 722; x_wconf 85' lang='lat' dir='ltr'>aquam</span> <span class='ocrx_word' id='word_1_434' title='bbox 2899 668 3012 706; x_wconf 92' lang='lat' dir='ltr'>non</span> <span class='ocrx_word' id='word_1_435' title='bbox 3073 649 3429 718; x_wconf 82' lang='lat' dir='ltr'>adhibuerit,</span> <span class='ocrx_word' id='word_1_436' title='bbox 3487 649 3575 706; x_wconf 87' lang='lat' dir='ltr'>vel</span> <span class='ocrx_word' id='word_1_437' title='bbox 3629 650 3872 704; x_wconf 75' lang='lat' dir='ltr'>formam</span> 
     </span>
    </p>
   </div>
   <div class='ocr_carea' id='block_1_67' title="bbox 2225 737 3874 810">
    <p class='ocr_par' dir='ltr' id='par_1_67' title="bbox 2225 737 3874 810">
     <span class='ocr_line' id='line_1_69' title="bbox 2225 737 3874 810; baseline -0.001 -18"><span class='ocrx_word' id='word_1_438' title='bbox 2225 737 2647 808; x_wconf 86' lang='lat' dir='ltr'>immutaverit,</span> <span class='ocrx_word' id='word_1_439' title='bbox 2680 744 2821 796; x_wconf 89' lang='lat' dir='ltr'>tunc</span> <span class='ocrx_word' id='word_1_440' title='bbox 2851 740 3000 796; x_wconf 88' lang='lat' dir='ltr'>ritus</span> <span class='ocrx_word' id='word_1_441' title='bbox 3050 739 3146 796; x_wconf 91' lang='lat' dir='ltr'>ille</span> <span class='ocrx_word' id='word_1_442' title='bbox 3204 757 3318 795; x_wconf 92' lang='lat' dir='ltr'>non</span> <span class='ocrx_word' id='word_1_443' title='bbox 3379 739 3488 794; x_wconf 86' lang='lat' dir='ltr'>fuit</span> <span class='ocrx_word' id='word_1_444' title='bbox 3544 737 3874 810; x_wconf 87' lang='lat' dir='ltr'>baptismus</span> 
     </span>
    </p>
   </div>
   <div class='ocr_carea' id='block_1_68' title="bbox 2225 826 3874 901">
    <p class='ocr_par' dir='ltr' id='par_1_68' title="bbox 2225 826 3874 901">
     <span class='ocr_line' id='line_1_70' title="bbox 2225 826 3874 901; baseline 0 -21"><span class='ocrx_word' id='word_1_445' title='bbox 2225 827 2457 896; x_wconf 90' lang='lat' dir='ltr'>Christi,</span> <span class='ocrx_word' id='word_1_446' title='bbox 2485 845 2600 884; x_wconf 91' lang='lat' dir='ltr'>non</span> <span class='ocrx_word' id='word_1_447' title='bbox 2643 829 2838 897; x_wconf 90' lang='lat' dir='ltr'>valet;</span> <span class='ocrx_word' id='word_1_448' title='bbox 2892 830 2993 885; x_wconf 90' lang='lat' dir='ltr'>sed</span> <span class='ocrx_word' id='word_1_449' title='bbox 3054 846 3168 884; x_wconf 90' lang='lat' dir='ltr'>non</span> <span class='ocrx_word' id='word_1_450' title='bbox 3229 828 3539 901; x_wconf 88' lang='lat' dir='ltr'>sequitur:</span> <span class='ocrx_word' id='word_1_451' title='bbox 3573 843 3713 899; x_wconf 88' lang='lat' dir='ltr'>ergo</span> <span class='ocrx_word' id='word_1_452' title='bbox 3775 826 3874 880; x_wconf 85' lang='lat' dir='ltr'>Ca-</span> 
     </span>
    </p>
   </div>
   <div class='ocr_carea' id='block_1_69' title="bbox 2226 915 3403 990">
    <p class='ocr_par' dir='ltr' id='par_1_69' title="bbox 2226 915 3403 990">
     <span class='ocr_line' id='line_1_71' title="bbox 2226 915 3403 990; baseline 0.002 -19"><span class='ocrx_word' id='word_1_453' title='bbox 2226 915 2480 972; x_wconf 83' lang='lat' dir='ltr'>tholicus</span> <span class='ocrx_word' id='word_1_454' title='bbox 2511 933 2626 972; x_wconf 91' lang='lat' dir='ltr'>non</span> <span class='ocrx_word' id='word_1_455' title='bbox 2659 921 2848 990; x_wconf 89' lang='lat' dir='ltr'>potest</span> <span class='ocrx_word' id='word_1_456' title='bbox 2877 917 3064 973; x_wconf 88' lang='lat' dir='ltr'>valide</span> <span class='ocrx_word' id='word_1_457' title='bbox 3092 917 3403 989; x_wconf 89' lang='lat' dir='ltr'>baptizare.</span> 
     </span>
    </p>
   </div>
   <div class='ocr_carea' id='block_1_70' title="bbox 2299 1003 3879 1078">
    <p class='ocr_par' dir='ltr' id='par_1_70' title="bbox 2299 1003 3879 1078">
     <span class='ocr_line' id='line_1_72' title="bbox 2299 1003 3879 1078; baseline 0 -19"><span class='ocrx_word' id='word_1_458' title='bbox 2299 1006 2384 1059; x_wconf 77' lang='grc'>47.</span> <span class='ocrx_word' id='word_1_459' title='bbox 2419 1007 2648 1078; x_wconf 90' lang='lat' dir='ltr'>Pergit:</span> <span class='ocrx_word' id='word_1_460' title='bbox 2684 1029 2711 1055; x_wconf 86' lang='lat'><strong><em>«</em></strong></span> <span class='ocrx_word' id='word_1_461' title='bbox 2750 1007 2854 1062; x_wconf 90' lang='lat' dir='ltr'>Sed</span> <span class='ocrx_word' id='word_1_462' title='bbox 2881 1011 2939 1062; x_wconf 91' lang='lat' dir='ltr'>et</span> <span class='ocrx_word' id='word_1_463' title='bbox 2961 1007 3148 1062; x_wconf 59' lang='lat' dir='ltr'>caeteri</span> <span class='ocrx_word' id='word_1_464' title='bbox 3170 1007 3386 1078; x_wconf 91' lang='lat' dir='ltr'>quique</span> <span class='ocrx_word' id='word_1_465' title='bbox 3419 1003 3688 1060; x_wconf 69' lang='lat' dir='ltr'>haeretici</span> <span class='ocrx_word' id='word_1_466' title='bbox 3722 1008 3879 1060; x_wconf 82' lang='lat' dir='ltr'>extra</span> 
     </span>
    </p>
   </div>
   <div class='ocr_carea' id='block_1_71' title="bbox 2226 1093 3880 1166">
    <p class='ocr_par' dir='ltr' id='par_1_71' title="bbox 2226 1093 3880 1166">
     <span class='ocr_line' id='line_1_73' title="bbox 2226 1093 3880 1166; baseline -0.001 -17"><span class='ocrx_word' id='word_1_467' title='bbox 2226 1093 2543 1150; x_wconf 87' lang='lat' dir='ltr'>Ecclesiam</span> <span class='ocrx_word' id='word_1_468' title='bbox 2575 1095 2876 1151; x_wconf 89' lang='lat' dir='ltr'>constituti</span> <span class='ocrx_word' id='word_1_469' title='bbox 2930 1095 3076 1150; x_wconf 91' lang='lat' dir='ltr'>nihil</span> <span class='ocrx_word' id='word_1_470' title='bbox 3130 1095 3343 1150; x_wconf 91' lang='lat' dir='ltr'>habere</span> <span class='ocrx_word' id='word_1_471' title='bbox 3412 1094 3726 1166; x_wconf 87' lang='lat' dir='ltr'>potestatis</span> <span class='ocrx_word' id='word_1_472' title='bbox 3784 1097 3880 1148; x_wconf 85' lang='lat' dir='ltr'>aut</span> 
     </span>
    </p>
   </div>
   <div class='ocr_carea' id='block_1_72' title="bbox 2227 1182 3879 1256">
    <p class='ocr_par' dir='ltr' id='par_1_72' title="bbox 2227 1182 3879 1256">
     <span class='ocr_line' id='line_1_74' title="bbox 2227 1182 3879 1256; baseline -0.001 -18"><span class='ocrx_word' id='word_1_473' title='bbox 2227 1182 2427 1256; x_wconf 67' lang='lat' dir='ltr'>gratiae</span> <span class='ocrx_word' id='word_1_474' title='bbox 2457 1188 2706 1256; x_wconf 89' lang='lat' dir='ltr'>possunt</span> <span class='ocrx_word' id='word_1_475' title='bbox 2736 1225 2772 1237; x_wconf 94' lang='lat'>..</span> <span class='ocrx_word' id='word_1_476' title='bbox 2825 1184 2887 1238; x_wconf 93' lang='lat' dir='ltr'>In</span> <span class='ocrx_word' id='word_1_477' title='bbox 2947 1183 3203 1239; x_wconf 84' lang='lat' dir='ltr'>Ecclesia</span> <span class='ocrx_word' id='word_1_478' title='bbox 3250 1183 3572 1255; x_wconf 64' lang='lat' dir='ltr'>president</span> <span class='ocrx_word' id='word_1_479' title='bbox 3628 1184 3879 1252; x_wconf 82' lang='lat' dir='ltr'>majores</span> 
     </span>
    </p>
   </div>
   <div class='ocr_carea' id='block_1_73' title="bbox 2229 1270 3882 1344">
    <p class='ocr_par' dir='ltr' id='par_1_73' title="bbox 2229 1270 3882 1344">
     <span class='ocr_line' id='line_1_75' title="bbox 2229 1270 3882 1344; baseline -0.001 -18"><span class='ocrx_word' id='word_1_480' title='bbox 2229 1276 2390 1340; x_wconf 90' lang='lat' dir='ltr'>natu,</span> <span class='ocrx_word' id='word_1_481' title='bbox 2423 1272 2525 1343; x_wconf 91' lang='lat' dir='ltr'>qui</span> <span class='ocrx_word' id='word_1_482' title='bbox 2566 1278 2620 1327; x_wconf 87' lang='lat' dir='ltr'>et</span> <span class='ocrx_word' id='word_1_483' title='bbox 2649 1271 3002 1344; x_wconf 88' lang='lat' dir='ltr'>baptizandi,</span> <span class='ocrx_word' id='word_1_484' title='bbox 3045 1276 3100 1328; x_wconf 91' lang='lat' dir='ltr'>et</span> <span class='ocrx_word' id='word_1_485' title='bbox 3133 1288 3373 1327; x_wconf 89' lang='lat' dir='ltr'>manum</span> <span class='ocrx_word' id='word_1_486' title='bbox 3405 1270 3776 1344; x_wconf 90' lang='lat' dir='ltr'>imponendi,</span> <span class='ocrx_word' id='word_1_487' title='bbox 3828 1277 3882 1326; x_wconf 88' lang='lat' dir='ltr'>et</span> 
     </span>
    </p>
   </div>
   <div class='ocr_carea' id='block_1_74' title="bbox 2228 1359 3873 1432">
    <p class='ocr_par' dir='ltr' id='par_1_74' title="bbox 2228 1359 3873 1432">
     <span class='ocr_line' id='line_1_76' title="bbox 2228 1359 3873 1432; baseline -0.002 -17"><span class='ocrx_word' id='word_1_488' title='bbox 2228 1360 2857 1432; x_wconf 89' lang='lat' dir='ltr'>ordinandipossident</span> <span class='ocrx_word' id='word_1_489' title='bbox 2888 1365 3257 1432; x_wconf 87' lang='lat' dir='ltr'>potestatem.</span> <span class='ocrx_word' id='word_1_490' title='bbox 3293 1359 3557 1416; x_wconf 80' lang='lat' dir='ltr'>Haeretici</span> <span class='ocrx_word' id='word_1_491' title='bbox 3589 1359 3824 1415; x_wconf 90' lang='lat' dir='ltr'>enim...</span> <span class='ocrx_word' id='word_1_492' title='bbox 3852 1382 3873 1411; x_wconf 80' lang='grc' dir='ltr'><strong><em>ι</em></strong></span> 
     </span>
    </p>
   </div>
   <div class='ocr_carea' id='block_1_75' title="bbox 2227 1447 3882 1522">
    <p class='ocr_par' dir='ltr' id='par_1_75' title="bbox 2227 1447 3882 1522">
     <span class='ocr_line' id='line_1_77' title="bbox 2227 1447 3882 1522; baseline 0 -20"><span class='ocrx_word' id='word_1_493' title='bbox 2227 1449 2332 1514; x_wconf 89' lang='lat' dir='ltr'>Qui</span> <span class='ocrx_word' id='word_1_494' title='bbox 2366 1448 2449 1503; x_wconf 92' lang='lat' dir='ltr'>illi</span> <span class='ocrx_word' id='word_1_495' title='bbox 2482 1449 2732 1520; x_wconf 89' lang='lat' dir='ltr'>majores</span> <span class='ocrx_word' id='word_1_496' title='bbox 2765 1453 2927 1517; x_wconf 91' lang='lat' dir='ltr'>natu,</span> <span class='ocrx_word' id='word_1_497' title='bbox 2963 1449 3062 1522; x_wconf 91' lang='lat' dir='ltr'>qui</span> <span class='ocrx_word' id='word_1_498' title='bbox 3097 1449 3153 1504; x_wconf 91' lang='lat' dir='ltr'>in</span> <span class='ocrx_word' id='word_1_499' title='bbox 3215 1447 3472 1505; x_wconf 85' lang='lat' dir='ltr'>Ecclesia</span> <span class='ocrx_word' id='word_1_500' title='bbox 3501 1447 3882 1520; x_wconf 79' lang='lat' dir='ltr'>praesident?</span> 
     </span>
    </p>
   </div>
   <div class='ocr_carea' id='block_1_76' title="bbox 2227 1538 3885 1612">
    <p class='ocr_par' dir='ltr' id='par_1_76' title="bbox 2227 1538 3885 1612">
     <span class='ocr_line' id='line_1_78' title="bbox 2227 1538 3885 1612; baseline 0.001 -20"><span class='ocrx_word' id='word_1_501' title='bbox 2227 1539 2342 1593; x_wconf 91' lang='lat' dir='ltr'>Cur</span> <span class='ocrx_word' id='word_1_502' title='bbox 2363 1555 2572 1594; x_wconf 91' lang='lat' dir='ltr'>nomen</span> <span class='ocrx_word' id='word_1_503' title='bbox 2605 1540 3012 1611; x_wconf 89' lang='lat' dir='ltr'>episcoporum</span> <span class='ocrx_word' id='word_1_504' title='bbox 3055 1544 3112 1595; x_wconf 92' lang='lat' dir='ltr'>et</span> <span class='ocrx_word' id='word_1_505' title='bbox 3158 1540 3632 1612; x_wconf 80' lang='lat' dir='ltr'>presbyterorum</span> <span class='ocrx_word' id='word_1_506' title='bbox 3671 1538 3885 1594; x_wconf 68' lang='lat' dir='ltr'>Grecis</span> 
     </span>
    </p>
   </div>
   <div class='ocr_carea' id='block_1_77' title="bbox 2227 1627 3886 1684">
    <p class='ocr_par' dir='ltr' id='par_1_77' title="bbox 2227 1627 3886 1684">
     <span class='ocr_line' id='line_1_79' title="bbox 2227 1627 3886 1684; baseline -0.002 -2"><span class='ocrx_word' id='word_1_507' title='bbox 2227 1627 2566 1682; x_wconf 82' lang='lat' dir='ltr'>orthodoxis</span> <span class='ocrx_word' id='word_1_508' title='bbox 2611 1627 3065 1684; x_wconf 89' lang='lat' dir='ltr'>usitatissimum</span> <span class='ocrx_word' id='word_1_509' title='bbox 3126 1628 3221 1683; x_wconf 89' lang='lat' dir='ltr'>hic</span> <span class='ocrx_word' id='word_1_510' title='bbox 3277 1627 3490 1684; x_wconf 88' lang='lat' dir='ltr'>iterum</span> <span class='ocrx_word' id='word_1_511' title='bbox 3541 1628 3886 1684; x_wconf 77' lang='lat' dir='ltr'>omittitur?</span> 
     </span>
    </p>
   </div>
   <div class='ocr_carea' id='block_1_78' title="bbox 2226 1715 3887 1790">
    <p class='ocr_par' dir='ltr' id='par_1_78' title="bbox 2226 1715 3887 1790">
     <span class='ocr_line' id='line_1_80' title="bbox 2226 1715 3887 1790; baseline 0.001 -21"><span class='ocrx_word' id='word_1_512' title='bbox 2226 1715 2368 1771; x_wconf 91' lang='lat' dir='ltr'>Vide</span> <span class='ocrx_word' id='word_1_513' title='bbox 2398 1733 2577 1788; x_wconf 90' lang='lat' dir='ltr'>supra</span> <span class='ocrx_word' id='word_1_514' title='bbox 2608 1733 2664 1770; x_wconf 91' lang='lat' dir='ltr'>n.</span> <span class='ocrx_word' id='word_1_515' title='bbox 2699 1717 2786 1771; x_wconf 88' lang='grc'>31.</span> <span class='ocrx_word' id='word_1_516' title='bbox 2821 1716 3140 1772; x_wconf 89' lang='lat' dir='ltr'>Ordinandi</span> <span class='ocrx_word' id='word_1_517' title='bbox 3175 1722 3526 1789; x_wconf 89' lang='lat' dir='ltr'>potestatem</span> <span class='ocrx_word' id='word_1_518' title='bbox 3572 1717 3887 1790; x_wconf 82' lang='lat' dir='ltr'>possident</span> 
     </span>
    </p>
   </div>
   <div class='ocr_carea' id='block_1_79' title="bbox 2228 1805 3887 1879">
    <p class='ocr_par' dir='ltr' id='par_1_79' title="bbox 2228 1805 3887 1879">
     <span class='ocr_line' id='line_1_81' title="bbox 2228 1805 3887 1879; baseline 0 -19"><span class='ocrx_word' id='word_1_519' title='bbox 2228 1805 2331 1860; x_wconf 91' lang='lat' dir='ltr'>soli</span> <span class='ocrx_word' id='word_1_520' title='bbox 2365 1805 2650 1878; x_wconf 89' lang='lat' dir='ltr'>episcopi;</span> <span class='ocrx_word' id='word_1_521' title='bbox 2675 1821 2803 1861; x_wconf 90' lang='lat' dir='ltr'>eam</span> <span class='ocrx_word' id='word_1_522' title='bbox 2833 1807 3083 1878; x_wconf 90' lang='lat' dir='ltr'>majores</span> <span class='ocrx_word' id='word_1_523' title='bbox 3115 1810 3396 1874; x_wconf 89' lang='lat' dir='ltr'>natu,seu</span> <span class='ocrx_word' id='word_1_524' title='bbox 3423 1806 3758 1879; x_wconf 85' lang='lat' dir='ltr'>presbyteri</span> <span class='ocrx_word' id='word_1_525' title='bbox 3777 1822 3887 1860; x_wconf 90' lang='lat' dir='ltr'>non</span> 
     </span>
    </p>
   </div>
   <div class='ocr_carea' id='block_1_80' title="bbox 2226 1893 2462 1949">
    <p class='ocr_par' dir='ltr' id='par_1_80' title="bbox 2226 1893 2462 1949">
     <span class='ocr_line' id='line_1_82' title="bbox 2226 1893 2462 1949; baseline -0.004 0"><span class='ocrx_word' id='word_1_526' title='bbox 2226 1893 2462 1949; x_wconf 88' lang='lat' dir='ltr'>habent.</span> 
     </span>
    </p>
   </div>
   <div class='ocr_carea' id='block_1_81' title="bbox 2297 2001 3891 2074">
    <p class='ocr_par' dir='ltr' id='par_1_81' title="bbox 2297 2001 3891 2074">
     <span class='ocr_line' id='line_1_83' title="bbox 2297 2001 3891 2074; baseline 0.001 -18"><span class='ocrx_word' id='word_1_527' title='bbox 2297 2001 2384 2056; x_wconf 63' lang='lat'>48.</span> <span class='ocrx_word' id='word_1_528' title='bbox 2421 2001 2796 2073; x_wconf 88' lang='lat' dir='ltr'>Prosequitur</span> <span class='ocrx_word' id='word_1_529' title='bbox 2827 2003 2970 2058; x_wconf 88' lang='lat' dir='ltr'>satis</span> <span class='ocrx_word' id='word_1_530' title='bbox 3005 2001 3274 2074; x_wconf 89' lang='lat' dir='ltr'>imperite</span> <span class='ocrx_word' id='word_1_531' title='bbox 3309 2019 3322 2058; x_wconf 88' lang='lat'>:</span> <span class='ocrx_word' id='word_1_532' title='bbox 3359 2025 3387 2052; x_wconf 89' lang='lat'><strong>«</strong></span> <span class='ocrx_word' id='word_1_533' title='bbox 3415 2001 3704 2058; x_wconf 68' lang='lat' dir='ltr'>Haeretico</span> <span class='ocrx_word' id='word_1_534' title='bbox 3740 2003 3891 2058; x_wconf 87' lang='lat' dir='ltr'>sicut</span> 
     </span>
    </p>
   </div>
   <div class='ocr_carea' id='block_1_82' title="bbox 2227 2089 3889 2162">
    <p class='ocr_par' dir='ltr' id='par_1_82' title="bbox 2227 2089 3889 2162">
     <span class='ocr_line' id='line_1_84' title="bbox 2227 2089 3889 2162; baseline 0.001 -17"><span class='ocrx_word' id='word_1_535' title='bbox 2227 2089 2497 2145; x_wconf 89' lang='lat' dir='ltr'>ordinare</span> <span class='ocrx_word' id='word_1_536' title='bbox 2519 2107 2632 2144; x_wconf 91' lang='lat' dir='ltr'>non</span> <span class='ocrx_word' id='word_1_537' title='bbox 2665 2089 2819 2160; x_wconf 89' lang='lat' dir='ltr'>licet,</span> <span class='ocrx_word' id='word_1_538' title='bbox 2856 2107 2959 2146; x_wconf 89' lang='lat' dir='ltr'>nec</span> <span class='ocrx_word' id='word_1_539' title='bbox 2991 2107 3232 2146; x_wconf 89' lang='lat' dir='ltr'>manum</span> <span class='ocrx_word' id='word_1_540' title='bbox 3286 2092 3609 2162; x_wconf 89' lang='lat' dir='ltr'>imponere,</span> <span class='ocrx_word' id='word_1_541' title='bbox 3671 2092 3756 2147; x_wconf 88' lang='lat' dir='ltr'>ita</span> <span class='ocrx_word' id='word_1_542' title='bbox 3790 2109 3889 2147; x_wconf 83' lang='lat' dir='ltr'>nec</span> 
     </span>
    </p>
   </div>
   <div class='ocr_carea' id='block_1_83' title="bbox 2228 2179 3889 2252">
    <p class='ocr_par' dir='ltr' id='par_1_83' title="bbox 2228 2179 3889 2252">
     <span class='ocr_line' id='line_1_85' title="bbox 2228 2179 3889 2252; baseline -0.001 -18"><span class='ocrx_word' id='word_1_543' title='bbox 2228 2180 2592 2251; x_wconf 89' lang='lat' dir='ltr'>baptizare...</span> <span class='ocrx_word' id='word_1_544' title='bbox 2626 2179 2928 2251; x_wconf 89' lang='lat' dir='ltr'>quando...</span> <span class='ocrx_word' id='word_1_545' title='bbox 2964 2203 2992 2229; x_wconf 83' lang='grc'><strong>››</strong></span> <span class='ocrx_word' id='word_1_546' title='bbox 3027 2180 3170 2252; x_wconf 86' lang='lat' dir='ltr'>Ergo</span> <span class='ocrx_word' id='word_1_547' title='bbox 3189 2197 3293 2236; x_wconf 90' lang='lat' dir='ltr'>nec</span> <span class='ocrx_word' id='word_1_548' title='bbox 3323 2179 3660 2237; x_wconf 89' lang='lat' dir='ltr'>Catholicus</span> <span class='ocrx_word' id='word_1_549' title='bbox 3681 2181 3889 2249; x_wconf 74' lang='lat' dir='ltr'>laicus,</span> 
     </span>
    </p>
   </div>
   <div class='ocr_carea' id='block_1_84' title="bbox 2231 2267 3890 2342">
    <p class='ocr_par' dir='ltr' id='par_1_84' title="bbox 2231 2267 3890 2342">
     <span class='ocr_line' id='line_1_86' title="bbox 2231 2267 3890 2342; baseline 0 -19"><span class='ocrx_word' id='word_1_550' title='bbox 2231 2268 2350 2323; x_wconf 91' lang='lat' dir='ltr'>imo</span> <span class='ocrx_word' id='word_1_551' title='bbox 2382 2285 2486 2323; x_wconf 89' lang='lat' dir='ltr'>nec</span> <span class='ocrx_word' id='word_1_552' title='bbox 2515 2267 2817 2338; x_wconf 85' lang='lat' dir='ltr'>diaconus,</span> <span class='ocrx_word' id='word_1_553' title='bbox 2851 2268 2935 2324; x_wconf 90' lang='lat' dir='ltr'>vel</span> <span class='ocrx_word' id='word_1_554' title='bbox 2974 2270 3274 2342; x_wconf 76' lang='lat' dir='ltr'>presbyter</span> <span class='ocrx_word' id='word_1_555' title='bbox 3297 2270 3594 2341; x_wconf 87' lang='lat' dir='ltr'>baptizare</span> <span class='ocrx_word' id='word_1_556' title='bbox 3650 2272 3890 2341; x_wconf 76' lang='lat' dir='ltr'>poterit,</span> 
     </span>
    </p>
   </div>
   <div class='ocr_carea' id='block_1_85' title="bbox 2231 2356 3576 2429">
    <p class='ocr_par' dir='ltr' id='par_1_85' title="bbox 2231 2356 3576 2429">
     <span class='ocr_line' id='line_1_87' title="bbox 2231 2356 3576 2429; baseline 0.002 -19"><span class='ocrx_word' id='word_1_557' title='bbox 2231 2356 2370 2428; x_wconf 89' lang='lat' dir='ltr'>quia</span> <span class='ocrx_word' id='word_1_558' title='bbox 2392 2374 2504 2412; x_wconf 91' lang='lat' dir='ltr'>non</span> <span class='ocrx_word' id='word_1_559' title='bbox 2536 2361 2728 2428; x_wconf 89' lang='lat' dir='ltr'>potest</span> <span class='ocrx_word' id='word_1_560' title='bbox 2758 2356 3095 2413; x_wconf 88' lang='lat' dir='ltr'>ordinare...</span> <span class='ocrx_word' id='word_1_561' title='bbox 3131 2362 3239 2413; x_wconf 80' lang='lat' dir='ltr'>Ast</span> <span class='ocrx_word' id='word_1_562' title='bbox 3262 2359 3532 2429; x_wconf 91' lang='lat' dir='ltr'>sequitur</span> <span class='ocrx_word' id='word_1_563' title='bbox 3563 2377 3576 2413; x_wconf 94' lang='lat'>:</span> 
     </span>
    </p>
   </div>
   <div class='ocr_carea' id='block_1_86' title="bbox 2301 2445 3888 2511">
    <p class='ocr_par' dir='ltr' id='par_1_86' title="bbox 2301 2445 3888 2511">
     <span class='ocr_line' id='line_1_88' title="bbox 2301 2445 3888 2511; baseline 0.002 -12"><span class='ocrx_word' id='word_1_564' title='bbox 2301 2446 2390 2500; x_wconf 86' lang='grc'>49.</span> <span class='ocrx_word' id='word_1_565' title='bbox 2426 2468 2454 2496; x_wconf 90' lang='grc'>‹‹</span> <span class='ocrx_word' id='word_1_566' title='bbox 2485 2446 2726 2511; x_wconf 90' lang='lat' dir='ltr'>Quando</span> <span class='ocrx_word' id='word_1_567' title='bbox 2759 2446 3066 2502; x_wconf 70' lang='lat' dir='ltr'>haereticus</span> <span class='ocrx_word' id='word_1_568' title='bbox 3097 2445 3324 2503; x_wconf 89' lang='lat' dir='ltr'>alienus</span> <span class='ocrx_word' id='word_1_569' title='bbox 3355 2447 3432 2502; x_wconf 89' lang='lat' dir='ltr'>sit</span> <span class='ocrx_word' id='word_1_570' title='bbox 3485 2463 3519 2502; x_wconf 85' lang='lat' dir='ltr'>a</span> <span class='ocrx_word' id='word_1_571' title='bbox 3551 2446 3888 2508; x_wconf 82' lang='lat' dir='ltr'>sanctitate.</span> 
     </span>
    </p>
   </div>
   <div class='ocr_carea' id='block_1_87' title="bbox 2233 2534 3888 2608">
    <p class='ocr_par' dir='ltr' id='par_1_87' title="bbox 2233 2534 3888 2608">
     <span class='ocr_line' id='line_1_89' title="bbox 2233 2534 3888 2608; baseline 0.001 -19"><span class='ocrx_word' id='word_1_572' title='bbox 2233 2535 2386 2606; x_wconf 90' lang='lat' dir='ltr'>quod</span> <span class='ocrx_word' id='word_1_573' title='bbox 2412 2539 2670 2590; x_wconf 88' lang='lat' dir='ltr'>totum...</span> <span class='ocrx_word' id='word_1_574' title='bbox 2717 2555 2746 2586; x_wconf 74' lang='grc' dir='ltr'><strong><em>ι</em></strong></span> <span class='ocrx_word' id='word_1_575' title='bbox 2794 2536 2937 2608; x_wconf 91' lang='lat' dir='ltr'>Ergo</span> <span class='ocrx_word' id='word_1_576' title='bbox 2987 2553 3090 2591; x_wconf 87' lang='lat' dir='ltr'>nec</span> <span class='ocrx_word' id='word_1_577' title='bbox 3153 2534 3485 2592; x_wconf 89' lang='lat' dir='ltr'>Catholicus</span> <span class='ocrx_word' id='word_1_578' title='bbox 3546 2536 3888 2608; x_wconf 83' lang='lat' dir='ltr'>episcopus,</span> 
     </span>
    </p>
   </div>
   <div class='ocr_carea' id='block_1_88' title="bbox 2233 2623 3888 2696">
    <p class='ocr_par' dir='ltr' id='par_1_88' title="bbox 2233 2623 3888 2696">
     <span class='ocr_line' id='line_1_90' title="bbox 2233 2623 3888 2696; baseline 0 -17"><span class='ocrx_word' id='word_1_579' title='bbox 2233 2623 2278 2679; x_wconf 91' lang='lat' dir='ltr'>si</span> <span class='ocrx_word' id='word_1_580' title='bbox 2307 2625 2365 2678; x_wconf 92' lang='lat' dir='ltr'>in</span> <span class='ocrx_word' id='word_1_581' title='bbox 2397 2629 2630 2696; x_wconf 87' lang='lat' dir='ltr'>peccato</span> <span class='ocrx_word' id='word_1_582' title='bbox 2663 2624 2856 2691; x_wconf 85' lang='lat' dir='ltr'>fuerit,</span> <span class='ocrx_word' id='word_1_583' title='bbox 2891 2623 3084 2681; x_wconf 88' lang='lat' dir='ltr'>valide</span> <span class='ocrx_word' id='word_1_584' title='bbox 3113 2624 3405 2696; x_wconf 87' lang='lat' dir='ltr'>baptizare</span> <span class='ocrx_word' id='word_1_585' title='bbox 3455 2625 3698 2694; x_wconf 87' lang='lat' dir='ltr'>poterit.</span> <span class='ocrx_word' id='word_1_586' title='bbox 3768 2625 3888 2679; x_wconf 50' lang='lat' dir='ltr'>Haec</span> 
     </span>
    </p>
   </div>
   <div class='ocr_carea' id='block_1_89' title="bbox 2232 2713 3889 2786">
    <p class='ocr_par' dir='ltr' id='par_1_89' title="bbox 2232 2713 3889 2786">
     <span class='ocr_line' id='line_1_91' title="bbox 2232 2713 3889 2786; baseline -0.001 -18"><span class='ocrx_word' id='word_1_587' title='bbox 2232 2729 2472 2769; x_wconf 90' lang='lat' dir='ltr'>erronea</span> <span class='ocrx_word' id='word_1_588' title='bbox 2498 2713 2778 2779; x_wconf 89' lang='lat' dir='ltr'>doctrina,</span> <span class='ocrx_word' id='word_1_589' title='bbox 2812 2715 2963 2782; x_wconf 82' lang='lat' dir='ltr'>quod</span> <span class='ocrx_word' id='word_1_590' title='bbox 2996 2719 3264 2786; x_wconf 89' lang='lat' dir='ltr'>peccator</span> <span class='ocrx_word' id='word_1_591' title='bbox 3294 2731 3408 2769; x_wconf 90' lang='lat' dir='ltr'>non</span> <span class='ocrx_word' id='word_1_592' title='bbox 3442 2713 3636 2785; x_wconf 87' lang='lat' dir='ltr'>possit</span> <span class='ocrx_word' id='word_1_593' title='bbox 3695 2731 3889 2769; x_wconf 80' lang='lat' dir='ltr'>sacra-</span> 
     </span>
    </p>
   </div>
   <div class='ocr_carea' id='block_1_90' title="bbox 2234 2801 3891 2875">
    <p class='ocr_par' dir='ltr' id='par_1_90' title="bbox 2234 2801 3891 2875">
     <span class='ocr_line' id='line_1_92' title="bbox 2234 2801 3891 2875; baseline 0 -17"><span class='ocrx_word' id='word_1_594' title='bbox 2234 2807 2432 2858; x_wconf 89' lang='lat' dir='ltr'>menta</span> <span class='ocrx_word' id='word_1_595' title='bbox 2477 2802 2778 2870; x_wconf 80' lang='lat' dir='ltr'>coniicere,</span> <span class='ocrx_word' id='word_1_596' title='bbox 2856 2801 3124 2872; x_wconf 89' lang='lat' dir='ltr'>pluribus</span> <span class='ocrx_word' id='word_1_597' title='bbox 3199 2803 3507 2869; x_wconf 67' lang='lat' dir='ltr'>haereticis,</span> <span class='ocrx_word' id='word_1_598' title='bbox 3582 2803 3891 2875; x_wconf 80' lang='lat' dir='ltr'>signanter</span> 
     </span>
    </p>
   </div>
   <div class='ocr_carea' id='block_1_91' title="bbox 2232 2889 3364 2963">
    <p class='ocr_par' dir='ltr' id='par_1_91' title="bbox 2232 2889 3364 2963">
     <span class='ocr_line' id='line_1_93' title="bbox 2232 2889 3364 2963; baseline -0.001 -16"><span class='ocrx_word' id='word_1_599' title='bbox 2232 2895 2428 2947; x_wconf 88' lang='lat' dir='ltr'>tamen</span> <span class='ocrx_word' id='word_1_600' title='bbox 2460 2889 2780 2946; x_wconf 88' lang='lat' dir='ltr'>Donatistis</span> <span class='ocrx_word' id='word_1_601' title='bbox 2813 2891 2923 2961; x_wconf 77' lang='grc'>(94)</span> <span class='ocrx_word' id='word_1_602' title='bbox 2955 2896 3080 2946; x_wconf 91' lang='lat' dir='ltr'>erat</span> <span class='ocrx_word' id='word_1_603' title='bbox 3109 2893 3364 2963; x_wconf 89' lang='lat' dir='ltr'>propria.</span> 
     </span>
    </p>
   </div>
   <div class='ocr_carea' id='block_1_92' title="bbox 2305 2978 3890 3052">
    <p class='ocr_par' dir='ltr' id='par_1_92' title="bbox 2305 2978 3890 3052">
     <span class='ocr_line' id='line_1_94' title="bbox 2305 2978 3890 3052; baseline 0.002 -17"><span class='ocrx_word' id='word_1_604' title='bbox 2305 2981 2580 3036; x_wconf 87' lang='lat' dir='ltr'>Provocat</span> <span class='ocrx_word' id='word_1_605' title='bbox 2609 2979 2822 3034; x_wconf 88' lang='lat' dir='ltr'>adacta</span> <span class='ocrx_word' id='word_1_606' title='bbox 2850 2978 3400 3052; x_wconf 86' lang='lat' dir='ltr'>conciliicujusdam</span> <span class='ocrx_word' id='word_1_607' title='bbox 3423 2997 3456 3035; x_wconf 91' lang='lat' dir='ltr'>a</span> <span class='ocrx_word' id='word_1_608' title='bbox 3484 2980 3735 3037; x_wconf 86' lang='lat' dir='ltr'>nemine</span> <span class='ocrx_word' id='word_1_609' title='bbox 3751 2983 3890 3051; x_wconf 82' lang='lat' dir='ltr'>visa,</span> 
     </span>
    </p>
   </div>
   <div class='ocr_carea' id='block_1_93' title="bbox 2235 3069 3891 3142">
    <p class='ocr_par' dir='ltr' id='par_1_93' title="bbox 2235 3069 3891 3142">
     <span class='ocr_line' id='line_1_95' title="bbox 2235 3069 3891 3142; baseline 0.001 -17"><span class='ocrx_word' id='word_1_610' title='bbox 2235 3069 2434 3126; x_wconf 88' lang='lat' dir='ltr'>dicens</span> <span class='ocrx_word' id='word_1_611' title='bbox 2467 3087 2479 3124; x_wconf 92' lang='lat'><strong>:</strong></span> <span class='ocrx_word' id='word_1_612' title='bbox 2516 3091 2542 3119; x_wconf 88' lang='grc'>››</span> <span class='ocrx_word' id='word_1_613' title='bbox 2574 3069 2735 3133; x_wconf 89' lang='lat' dir='ltr'>Quod</span> <span class='ocrx_word' id='word_1_614' title='bbox 2781 3073 2969 3124; x_wconf 90' lang='lat' dir='ltr'>totum</span> <span class='ocrx_word' id='word_1_615' title='bbox 3000 3086 3107 3125; x_wconf 90' lang='lat' dir='ltr'>nos</span> <span class='ocrx_word' id='word_1_616' title='bbox 3129 3071 3256 3141; x_wconf 89' lang='lat' dir='ltr'>jam</span> <span class='ocrx_word' id='word_1_617' title='bbox 3286 3070 3510 3142; x_wconf 90' lang='lat' dir='ltr'>pridem</span> <span class='ocrx_word' id='word_1_618' title='bbox 3557 3071 3616 3126; x_wconf 89' lang='lat' dir='ltr'>in</span> <span class='ocrx_word' id='word_1_619' title='bbox 3673 3074 3891 3141; x_wconf 85' lang='lat' dir='ltr'>Iconio,</span> 
     </span>
    </p>
   </div>
   <div class='ocr_carea' id='block_1_94' title="bbox 2237 3157 3891 3232">
    <p class='ocr_par' dir='ltr' id='par_1_94' title="bbox 2237 3157 3891 3232">
     <span class='ocr_line' id='line_1_96' title="bbox 2237 3157 3891 3232; baseline 0.002 -19"><span class='ocrx_word' id='word_1_620' title='bbox 2237 3159 2337 3232; x_wconf 92' lang='lat' dir='ltr'>qui</span> <span class='ocrx_word' id='word_1_621' title='bbox 2367 3158 2627 3230; x_wconf 83' lang='lat' dir='ltr'>Phrygiae</span> <span class='ocrx_word' id='word_1_622' title='bbox 2657 3157 2821 3214; x_wconf 89' lang='lat' dir='ltr'>locus</span> <span class='ocrx_word' id='word_1_623' title='bbox 2847 3163 2955 3229; x_wconf 86' lang='lat' dir='ltr'>est,</span> <span class='ocrx_word' id='word_1_624' title='bbox 2979 3159 3201 3215; x_wconf 89' lang='lat' dir='ltr'>collecti</span> <span class='ocrx_word' id='word_1_625' title='bbox 3234 3161 3891 3226; x_wconf 79' lang='lat' dir='ltr'>inunum,convenien-</span> 
     </span>
    </p>
   </div>
   <div class='ocr_carea' id='block_1_95' title="bbox 2155 3213 3892 3321">
    <p class='ocr_par' dir='ltr' id='par_1_95' title="bbox 2155 3213 3892 3321">
     <span class='ocr_line' id='line_1_97' title="bbox 2155 3213 3892 3321; baseline 0.003 -19"><span class='ocrx_word' id='word_1_626' title='bbox 2155 3213 2196 3281; x_wconf 73' lang='grc' dir='ltr'>Ο</span> <span class='ocrx_word' id='word_1_627' title='bbox 2239 3213 2750 3303; x_wconf 59' lang='grc' dir='ltr'>εἶδαεεὲἓειαιῑα</span> <span class='ocrx_word' id='word_1_628' title='bbox 2807 3213 2862 3302; x_wconf 68' lang='grc' dir='ltr'>..ι</span> <span class='ocrx_word' id='word_1_629' title='bbox 2918 3213 3892 3321; x_wconf 31' lang='lat' dir='ltr'>Ciliciaetcaeteris—progiin</span> 
     </span>
    </p>
   </div>
   <div class='ocr_carea' id='block_1_96' title="bbox 2234 3335 3892 3408">
    <p class='ocr_par' dir='ltr' id='par_1_96' title="bbox 2234 3335 3892 3408">
     <span class='ocr_line' id='line_1_98' title="bbox 2234 3335 3892 3408; baseline 0.002 -17"><span class='ocrx_word' id='word_1_630' title='bbox 2234 3335 2570 3407; x_wconf 88' lang='lat' dir='ltr'>regionibus</span> <span class='ocrx_word' id='word_1_631' title='bbox 2601 3335 3149 3392; x_wconf 85' lang='lat' dir='ltr'>conﬁrmavimus...</span> <span class='ocrx_word' id='word_1_632' title='bbox 3193 3353 3327 3392; x_wconf 89' lang='lat' dir='ltr'>cum</span> <span class='ocrx_word' id='word_1_633' title='bbox 3361 3354 3393 3392; x_wconf 93' lang='lat' dir='ltr'>a</span> <span class='ocrx_word' id='word_1_634' title='bbox 3425 3339 3798 3408; x_wconf 89' lang='lat' dir='ltr'>quibusdam</span> <span class='ocrx_word' id='word_1_635' title='bbox 3824 3341 3892 3395; x_wconf 89' lang='lat' dir='ltr'>de</span> 
     </span>
    </p>
   </div>
   <div class='ocr_carea' id='block_1_97' title="bbox 2231 3424 3710 3497">
    <p class='ocr_par' dir='ltr' id='par_1_97' title="bbox 2231 3424 3710 3497">
     <span class='ocr_line' id='line_1_99' title="bbox 2231 3424 3710 3497; baseline -0.003 -16"><span class='ocrx_word' id='word_1_636' title='bbox 2231 3425 2347 3481; x_wconf 89' lang='lat' dir='ltr'>ista</span> <span class='ocrx_word' id='word_1_637' title='bbox 2378 3441 2437 3479; x_wconf 87' lang='lat' dir='ltr'>re</span> <span class='ocrx_word' id='word_1_638' title='bbox 2471 3425 2856 3491; x_wconf 89' lang='lat' dir='ltr'>dubitaretur,</span> <span class='ocrx_word' id='word_1_639' title='bbox 2904 3424 3181 3495; x_wconf 89' lang='lat' dir='ltr'>quoniam</span> <span class='ocrx_word' id='word_1_640' title='bbox 3213 3424 3649 3497; x_wconf 84' lang='lat' dir='ltr'>Stephanus....</span> <span class='ocrx_word' id='word_1_641' title='bbox 3680 3450 3710 3478; x_wconf 83' lang='grc'>››</span> 
     </span>
    </p>
   </div>
   <div class='ocr_carea' id='block_1_98' title="bbox 2301 3511 3891 3588">
    <p class='ocr_par' dir='ltr' id='par_1_98' title="bbox 2301 3511 3891 3588">
     <span class='ocr_line' id='line_1_100' title="bbox 2301 3511 3891 3588; baseline 0.003 -19"><span class='ocrx_word' id='word_1_642' title='bbox 2301 3515 2391 3569; x_wconf 87' lang='grc'>50.</span> <span class='ocrx_word' id='word_1_643' title='bbox 2424 3515 2469 3568; x_wconf 93' lang='grc' dir='ltr'>Ι.</span> <span class='ocrx_word' id='word_1_644' title='bbox 2502 3514 2648 3585; x_wconf 88' lang='lat' dir='ltr'>Ergo</span> <span class='ocrx_word' id='word_1_645' title='bbox 2680 3511 2825 3567; x_wconf 92' lang='lat' dir='ltr'>illud</span> <span class='ocrx_word' id='word_1_646' title='bbox 2858 3516 3068 3585; x_wconf 89' lang='lat' dir='ltr'>totum,</span> <span class='ocrx_word' id='word_1_647' title='bbox 3105 3515 3158 3568; x_wconf 87' lang='lat'><strong>1°</strong></span> <span class='ocrx_word' id='word_1_648' title='bbox 3215 3514 3376 3577; x_wconf 89' lang='lat' dir='ltr'>Quod</span> <span class='ocrx_word' id='word_1_649' title='bbox 3437 3519 3582 3570; x_wconf 88' lang='lat' dir='ltr'>natu</span> <span class='ocrx_word' id='word_1_650' title='bbox 3629 3519 3891 3588; x_wconf 77' lang='lat' dir='ltr'>majores</span> 
     </span>
    </p>
   </div>
   <div class='ocr_carea' id='block_1_99' title="bbox 2233 3602 3896 3676">
    <p class='ocr_par' dir='ltr' id='par_1_99' title="bbox 2233 3602 3896 3676">
     <span class='ocr_line' id='line_1_101' title="bbox 2233 3602 3896 3676; baseline 0.001 -18"><span class='ocrx_word' id='word_1_651' title='bbox 2233 3602 2485 3658; x_wconf 90' lang='lat' dir='ltr'>habeant</span> <span class='ocrx_word' id='word_1_652' title='bbox 2517 3604 2859 3674; x_wconf 89' lang='lat' dir='ltr'>potestatem</span> <span class='ocrx_word' id='word_1_653' title='bbox 2912 3602 3221 3658; x_wconf 90' lang='lat' dir='ltr'>ordinandi</span> <span class='ocrx_word' id='word_1_654' title='bbox 3263 3621 3276 3671; x_wconf 82' lang='lat'><strong>;</strong></span> <span class='ocrx_word' id='word_1_655' title='bbox 3308 3605 3365 3657; x_wconf 86' lang='lat'>2°</span> <span class='ocrx_word' id='word_1_656' title='bbox 3393 3603 3559 3667; x_wconf 85' lang='lat' dir='ltr'>Quod</span> <span class='ocrx_word' id='word_1_657' title='bbox 3591 3605 3698 3676; x_wconf 88' lang='lat' dir='ltr'>qui</span> <span class='ocrx_word' id='word_1_658' title='bbox 3735 3607 3896 3660; x_wconf 89' lang='lat' dir='ltr'>ordi-</span> 
     </span>
    </p>
   </div>
   <div class='ocr_carea' id='block_1_100' title="bbox 2231 3690 3894 3764">
    <p class='ocr_par' dir='ltr' id='par_1_100' title="bbox 2231 3690 3894 3764">
     <span class='ocr_line' id='line_1_102' title="bbox 2231 3690 3894 3764; baseline 0.002 -17"><span class='ocrx_word' id='word_1_659' title='bbox 2231 3708 2371 3747; x_wconf 90' lang='lat' dir='ltr'>nare</span> <span class='ocrx_word' id='word_1_660' title='bbox 2421 3708 2533 3746; x_wconf 90' lang='lat' dir='ltr'>non</span> <span class='ocrx_word' id='word_1_661' title='bbox 2581 3695 2792 3763; x_wconf 90' lang='lat' dir='ltr'>potest,</span> <span class='ocrx_word' id='word_1_662' title='bbox 2851 3708 2956 3746; x_wconf 89' lang='lat' dir='ltr'>nec</span> <span class='ocrx_word' id='word_1_663' title='bbox 3013 3690 3200 3747; x_wconf 89' lang='lat' dir='ltr'>valeat</span> <span class='ocrx_word' id='word_1_664' title='bbox 3253 3691 3549 3764; x_wconf 89' lang='lat' dir='ltr'>baptizare</span> <span class='ocrx_word' id='word_1_665' title='bbox 3584 3695 3691 3760; x_wconf 89' lang='lat'>;3°</span> <span class='ocrx_word' id='word_1_666' title='bbox 3734 3696 3894 3760; x_wconf 79' lang='lat' dir='ltr'>Quod</span> 
     </span>
    </p>
   </div>
   <div class='ocr_carea' id='block_1_101' title="bbox 2233 3780 3898 3852">
    <p class='ocr_par' dir='ltr' id='par_1_101' title="bbox 2233 3780 3898 3852">
     <span class='ocr_line' id='line_1_103' title="bbox 2233 3780 3898 3852; baseline 0.002 -16"><span class='ocrx_word' id='word_1_667' title='bbox 2233 3780 2334 3852; x_wconf 91' lang='lat' dir='ltr'>qui</span> <span class='ocrx_word' id='word_1_668' title='bbox 2377 3780 2603 3836; x_wconf 88' lang='lat' dir='ltr'>alienus</span> <span class='ocrx_word' id='word_1_669' title='bbox 2661 3786 2750 3834; x_wconf 90' lang='lat' dir='ltr'>est</span> <span class='ocrx_word' id='word_1_670' title='bbox 2779 3798 2807 3835; x_wconf 88' lang='lat' dir='ltr'>a</span> <span class='ocrx_word' id='word_1_671' title='bbox 2858 3780 3190 3846; x_wconf 87' lang='lat' dir='ltr'>sanctitate,</span> <span class='ocrx_word' id='word_1_672' title='bbox 3248 3780 3426 3836; x_wconf 89' lang='lat' dir='ltr'>etiam</span> <span class='ocrx_word' id='word_1_673' title='bbox 3467 3781 3706 3838; x_wconf 88' lang='lat' dir='ltr'>alienus</span> <span class='ocrx_word' id='word_1_674' title='bbox 3761 3786 3898 3840; x_wconf 79' lang='lat' dir='ltr'>sita</span> 
     </span>
    </p>
   </div>
   <div class='ocr_carea' id='block_1_102' title="bbox 2234 3867 3896 3942">
    <p class='ocr_par' dir='ltr' id='par_1_102' title="bbox 2234 3867 3896 3942">
     <span class='ocr_line' id='line_1_104' title="bbox 2234 3867 3896 3942; baseline 0.002 -17"><span class='ocrx_word' id='word_1_675' title='bbox 2234 3873 2518 3942; x_wconf 87' lang='lat' dir='ltr'>potestate</span> <span class='ocrx_word' id='word_1_676' title='bbox 2567 3867 2940 3940; x_wconf 85' lang='lat' dir='ltr'>baptizandi:</span> <span class='ocrx_word' id='word_1_677' title='bbox 2975 3868 3118 3939; x_wconf 64' lang='lat' dir='ltr'>haec,</span> <span class='ocrx_word' id='word_1_678' title='bbox 3170 3869 3431 3941; x_wconf 89' lang='lat' dir='ltr'>inquam,</span> <span class='ocrx_word' id='word_1_679' title='bbox 3489 3872 3700 3928; x_wconf 85' lang='lat' dir='ltr'>omnia</span> <span class='ocrx_word' id='word_1_680' title='bbox 3762 3874 3896 3929; x_wconf 86' lang='lat' dir='ltr'>olim</span> 
     </span>
    </p>
   </div>
   <div class='ocr_carea' id='block_1_103' title="bbox 2235 3957 3895 4032">
    <p class='ocr_par' dir='ltr' id='par_1_103' title="bbox 2235 3957 3895 4032">
     <span class='ocr_line' id='line_1_105' title="bbox 2235 3957 3895 4032; baseline 0 -18"><span class='ocrx_word' id='word_1_681' title='bbox 2235 3960 2306 4014; x_wconf 91' lang='lat' dir='ltr'>ab</span> <span class='ocrx_word' id='word_1_682' title='bbox 2337 3958 2675 4014; x_wconf 84' lang='lat' dir='ltr'>orthodoxis</span> <span class='ocrx_word' id='word_1_683' title='bbox 2723 3957 3119 4029; x_wconf 72' lang='lat' dir='ltr'>Cappadociae,</span> <span class='ocrx_word' id='word_1_684' title='bbox 3177 3957 3458 4030; x_wconf 68' lang='lat' dir='ltr'>Phrygiae,</span> <span class='ocrx_word' id='word_1_685' title='bbox 3493 3959 3769 4032; x_wconf 64' lang='lat' dir='ltr'>Galatie,</span> <span class='ocrx_word' id='word_1_686' title='bbox 3805 3963 3895 4016; x_wconf 78' lang='lat' dir='ltr'>Ci-</span> 
     </span>
    </p>
   </div>
   <div class='ocr_carea' id='block_1_104' title="bbox 2235 4047 3894 4123">
    <p class='ocr_par' dir='ltr' id='par_1_104' title="bbox 2235 4047 3894 4123">
     <span class='ocr_line' id='line_1_106' title="bbox 2235 4047 3894 4123; baseline 0.002 -21"><span class='ocrx_word' id='word_1_687' title='bbox 2235 4047 2400 4118; x_wconf 68' lang='lat' dir='ltr'>liciae,</span> <span class='ocrx_word' id='word_1_688' title='bbox 2419 4052 2477 4103; x_wconf 90' lang='lat' dir='ltr'>et</span> <span class='ocrx_word' id='word_1_689' title='bbox 2507 4051 2843 4103; x_wconf 62' lang='lat' dir='ltr'>ceterarum</span> <span class='ocrx_word' id='word_1_690' title='bbox 2861 4047 3254 4117; x_wconf 78' lang='lat' dir='ltr'>proximarum</span> <span class='ocrx_word' id='word_1_691' title='bbox 3272 4047 3575 4119; x_wconf 85' lang='lat' dir='ltr'>regionum</span> <span class='ocrx_word' id='word_1_692' title='bbox 3594 4051 3894 4123; x_wconf 81' lang='lat' dir='ltr'>episcopis</span> 
     </span>
    </p>
   </div>
   <div class='ocr_carea' id='block_1_105' title="bbox 2237 4136 3892 4210">
    <p class='ocr_par' dir='ltr' id='par_1_105' title="bbox 2237 4136 3892 4210">
     <span class='ocr_line' id='line_1_107' title="bbox 2237 4136 3892 4210; baseline 0.002 -19"><span class='ocrx_word' id='word_1_693' title='bbox 2237 4136 2476 4191; x_wconf 75' lang='lat' dir='ltr'>definita</span> <span class='ocrx_word' id='word_1_694' title='bbox 2520 4136 2767 4191; x_wconf 83' lang='lat' dir='ltr'>fuerant.</span> <span class='ocrx_word' id='word_1_695' title='bbox 2813 4137 3000 4201; x_wconf 88' lang='lat' dir='ltr'>Quare</span> <span class='ocrx_word' id='word_1_696' title='bbox 3030 4136 3058 4191; x_wconf 85' lang='lat'><strong>?</strong></span> <span class='ocrx_word' id='word_1_697' title='bbox 3086 4139 3207 4200; x_wconf 90' lang='lat' dir='ltr'>Quo</span> <span class='ocrx_word' id='word_1_698' title='bbox 3239 4153 3390 4191; x_wconf 89' lang='lat' dir='ltr'>anno</span> <span class='ocrx_word' id='word_1_699' title='bbox 3422 4137 3447 4189; x_wconf 81' lang='lat'>‘?</span> <span class='ocrx_word' id='word_1_700' title='bbox 3490 4137 3628 4192; x_wconf 87' lang='lat' dir='ltr'>Jam</span> <span class='ocrx_word' id='word_1_701' title='bbox 3669 4142 3892 4210; x_wconf 82' lang='lat' dir='ltr'>pridem</span> 
     </span>
    </p>
   </div>
   <div class='ocr_carea' id='block_1_106' title="bbox 2238 4224 3893 4296">
    <p class='ocr_par' dir='ltr' id='par_1_106' title="bbox 2238 4224 3893 4296">
     <span class='ocr_line' id='line_1_108' title="bbox 2238 4224 3893 4296; baseline 0.002 -15"><span class='ocrx_word' id='word_1_702' title='bbox 2238 4243 2369 4281; x_wconf 90' lang='lat' dir='ltr'>cum</span> <span class='ocrx_word' id='word_1_703' title='bbox 2402 4243 2436 4281; x_wconf 91' lang='lat' dir='ltr'>a</span> <span class='ocrx_word' id='word_1_704' title='bbox 2467 4225 2820 4296; x_wconf 88' lang='lat' dir='ltr'>quibusdam</span> <span class='ocrx_word' id='word_1_705' title='bbox 2854 4226 2923 4280; x_wconf 90' lang='lat' dir='ltr'>de</span> <span class='ocrx_word' id='word_1_706' title='bbox 2959 4224 3074 4280; x_wconf 88' lang='lat' dir='ltr'>ista</span> <span class='ocrx_word' id='word_1_707' title='bbox 3095 4241 3156 4281; x_wconf 90' lang='lat' dir='ltr'>re</span> <span class='ocrx_word' id='word_1_708' title='bbox 3207 4225 3603 4282; x_wconf 87' lang='lat' dir='ltr'>dubitaretur.</span> <span class='ocrx_word' id='word_1_709' title='bbox 3637 4228 3893 4291; x_wconf 83' lang='lat' dir='ltr'>Quinam</span> 
     </span>
    </p>
   </div>
   <div class='ocr_carea' id='block_1_107' title="bbox 2309 4384 3897 4459">
    <p class='ocr_par' dir='ltr' id='par_1_107' title="bbox 2309 4384 3897 4459">
     <span class='ocr_line' id='line_1_109' title="bbox 2309 4384 3897 4459; baseline 0.003 -20"><span class='ocrx_word' id='word_1_710' title='bbox 2309 4387 2422 4456; x_wconf 84' lang='lat'>(92)</span> <span class='ocrx_word' id='word_1_711' title='bbox 2455 4387 2474 4440; x_wconf 92' lang='grc' dir='ltr'>Ι</span> <span class='ocrx_word' id='word_1_712' title='bbox 2482 4403 2514 4459; x_wconf 82' lang='lat' dir='ltr'>n</span> <span class='ocrx_word' id='word_1_713' title='bbox 2549 4385 2871 4459; x_wconf 85' lang='lat' dir='ltr'>Laodiceno</span> <span class='ocrx_word' id='word_1_714' title='bbox 2893 4384 3069 4440; x_wconf 89' lang='lat' dir='ltr'>etiam</span> <span class='ocrx_word' id='word_1_715' title='bbox 3090 4385 3483 4459; x_wconf 78' lang='lat' dir='ltr'>Cataphryges</span> <span class='ocrx_word' id='word_1_716' title='bbox 3501 4393 3897 4443; x_wconf 74' lang='lat' dir='ltr'>recensentur</span> 
     </span>
    </p>
   </div>
   <div class='ocr_carea' id='block_1_108' title="bbox 2240 4457 3897 4528">
    <p class='ocr_par' dir='ltr' id='par_1_108' title="bbox 2240 4457 3897 4528">
     <span class='ocr_line' id='line_1_110' title="bbox 2240 4457 3897 4528; baseline 0.001 -16"><span class='ocrx_word' id='word_1_717' title='bbox 2240 4457 2389 4513; x_wconf 90' lang='lat' dir='ltr'>inter</span> <span class='ocrx_word' id='word_1_718' title='bbox 2419 4457 2861 4528; x_wconf 89' lang='lat' dir='ltr'>rebaptizandos</span> <span class='ocrx_word' id='word_1_719' title='bbox 2887 4463 3017 4528; x_wconf 87' lang='lat' dir='ltr'>;ast</span> <span class='ocrx_word' id='word_1_720' title='bbox 3048 4474 3162 4513; x_wconf 92' lang='lat' dir='ltr'>non</span> <span class='ocrx_word' id='word_1_721' title='bbox 3195 4457 3600 4514; x_wconf 53' lang='lat' dir='ltr'>satis&#39;cbnstat</span> <span class='ocrx_word' id='word_1_722' title='bbox 3622 4459 3897 4516; x_wconf 82' lang='lat' dir='ltr'>Laodice-</span> 
     </span>
    </p>
   </div>
   <div class='ocr_carea' id='block_1_109' title="bbox 2244 4527 3896 4602">
    <p class='ocr_par' dir='ltr' id='par_1_109' title="bbox 2244 4527 3896 4602">
     <span class='ocr_line' id='line_1_111' title="bbox 2244 4527 3896 4602; baseline 0.001 -19"><span class='ocrx_word' id='word_1_723' title='bbox 2244 4545 2404 4602; x_wconf 84' lang='lat' dir='ltr'>num,</span> <span class='ocrx_word' id='word_1_724' title='bbox 2440 4529 2493 4582; x_wconf 86' lang='lat'><strong>1°</strong></span> <span class='ocrx_word' id='word_1_725' title='bbox 2547 4527 2618 4583; x_wconf 83' lang='lat' dir='ltr'>an</span> <span class='ocrx_word' id='word_1_726' title='bbox 2643 4529 2719 4584; x_wconf 88' lang='lat' dir='ltr'>sit</span> <span class='ocrx_word' id='word_1_727' title='bbox 2747 4527 3109 4601; x_wconf 89' lang='lat' dir='ltr'>genuinum;</span> <span class='ocrx_word' id='word_1_728' title='bbox 3143 4529 3200 4585; x_wconf 84' lang='lat'>2°</span> <span class='ocrx_word' id='word_1_729' title='bbox 3224 4546 3340 4600; x_wconf 92' lang='lat' dir='ltr'>quo</span> <span class='ocrx_word' id='word_1_730' title='bbox 3398 4535 3670 4602; x_wconf 88' lang='lat' dir='ltr'>tempore</span> <span class='ocrx_word' id='word_1_731' title='bbox 3725 4534 3896 4588; x_wconf 79' lang='lat' dir='ltr'>fuerit</span> 
     </span>
    </p>
   </div>
   <div class='ocr_carea' id='block_1_110' title="bbox 2161 4586 2614 4656">
    <p class='ocr_par' dir='ltr' id='par_1_110' title="bbox 2161 4586 2614 4656">
     <span class='ocr_line' id='line_1_112' title="bbox 2161 4586 2614 4656; baseline 0.007 -5"><span class='ocrx_word' id='word_1_732' title='bbox 2161 4586 2208 4651; x_wconf 80' lang='grc' dir='ltr'>Ι)</span> <span class='ocrx_word' id='word_1_733' title='bbox 2239 4586 2614 4656; x_wconf 76' lang='lat' dir='ltr'>celebratum.</span> 
     </span>
    </p>
   </div>
   <div class='ocr_carea' id='block_1_111' title="bbox 2311 4671 3892 4753">
    <p class='ocr_par' dir='ltr' id='par_1_111' title="bbox 2311 4671 3892 4753">
     <span class='ocr_line' id='line_1_113' title="bbox 2311 4671 3892 4753; baseline 0.002 -28"><span class='ocrx_word' id='word_1_734' title='bbox 2455 4671 2972 4753; x_wconf 68' lang='lat' dir='ltr'>SS._llier9nymus</span> <span class='ocrx_word' id='word_1_735' title='bbox 2991 4674 3051 4753; x_wconf 71' lang='lat' dir='ltr'>et</span> <span class='ocrx_word' id='word_1_736' title='bbox 3065 4746 3074 4753; x_wconf 86' lang='lat'>_</span> <span class='ocrx_word' id='word_1_737' title='bbox 3095 4671 3412 4753; x_wconf 68' lang='lat' dir='ltr'>Gregorius</span> <span class='ocrx_word' id='word_1_738' title='bbox 3458 4671 3762 4753; x_wconf 67' lang='lat' dir='ltr'>loquntur</span> <span class='ocrx_word' id='word_1_739' title='bbox 3787 4676 3892 4753; x_wconf 71' lang='lat' dir='ltr'>in-</span> 
     </span>
    </p>
   </div>
   <div class='ocr_carea' id='block_1_112' title="bbox 2240 4741 3899 4810">
    <p class='ocr_par' dir='ltr' id='par_1_112' title="bbox 2240 4741 3899 4810">
     <span class='ocr_line' id='line_1_114' title="bbox 2240 4741 3899 4810; baseline 0.001 -12"><span class='ocrx_word' id='word_1_740' title='bbox 2240 4741 2473 4798; x_wconf 71' lang='lat' dir='ltr'>definite</span> <span class='ocrx_word' id='word_1_741' title='bbox 2505 4761 2518 4810; x_wconf 91' lang='lat'><strong>;</strong></span> <span class='ocrx_word' id='word_1_742' title='bbox 2552 4741 2945 4798; x_wconf 84' lang='lat' dir='ltr'>Theodoretus</span> <span class='ocrx_word' id='word_1_743' title='bbox 3002 4743 3084 4797; x_wconf 89' lang='lat' dir='ltr'>ait</span> <span class='ocrx_word' id='word_1_744' title='bbox 3124 4760 3135 4797; x_wconf 92' lang='lat'>:</span> <span class='ocrx_word' id='word_1_745' title='bbox 3169 4741 3477 4798; x_wconf 70' lang='lat' dir='ltr'>Nonnulla:</span> <span class='ocrx_word' id='word_1_746' title='bbox 3524 4741 3899 4800; x_wconf 70' lang='lat' dir='ltr'>Monianista-</span> 
     </span>
    </p>
   </div>
   <div class='ocr_carea' id='block_1_113' title="bbox 2243 4813 3894 4886">
    <p class='ocr_par' dir='ltr' id='par_1_113' title="bbox 2243 4813 3894 4886">
     <span class='ocr_line' id='line_1_115' title="bbox 2243 4813 3894 4886; baseline 0.001 -18"><span class='ocrx_word' id='word_1_747' title='bbox 2243 4831 2385 4870; x_wconf 88' lang='lat' dir='ltr'>rum.</span> <span class='ocrx_word' id='word_1_748' title='bbox 2403 4815 2672 4886; x_wconf 80' lang='lat' dir='ltr'>Synodus</span> <span class='ocrx_word' id='word_1_749' title='bbox 2690 4813 3332 4886; x_wconf 83' lang='lat' dir='ltr'>Constantinopolitana</span> <span class='ocrx_word' id='word_1_750' title='bbox 3343 4815 3504 4870; x_wconf 88' lang='lat' dir='ltr'>addit</span> <span class='ocrx_word' id='word_1_751' title='bbox 3532 4821 3894 4873; x_wconf 47' lang='lat' dir='ltr'>:Prassertim</span> 
     </span>
    </p>
   </div>
   <div class='ocr_carea' id='block_1_114' title="bbox 2241 4884 3897 4957">
    <p class='ocr_par' dir='ltr' id='par_1_114' title="bbox 2241 4884 3897 4957">
     <span class='ocr_line' id='line_1_116' title="bbox 2241 4884 3897 4957; baseline 0.002 -18"><span class='ocrx_word' id='word_1_752' title='bbox 2241 4888 2290 4940; x_wconf 75' lang='lat' dir='ltr'>si</span> <span class='ocrx_word' id='word_1_753' title='bbox 2321 4887 2410 4940; x_wconf 78' lang='lat' dir='ltr'>illi</span> <span class='ocrx_word' id='word_1_754' title='bbox 2450 4884 2707 4942; x_wconf 58' lang='grc' dir='ltr'>ἥξετε]ιίσί</span> <span class='ocrx_word' id='word_1_755' title='bbox 2750 4901 2820 4940; x_wconf 73' lang='lat' dir='ltr'>ex</span> <span class='ocrx_word' id='word_1_756' title='bbox 2877 4884 3103 4940; x_wconf 68' lang='lat' dir='ltr'>Galatia</span> <span class='ocrx_word' id='word_1_757' title='bbox 3156 4889 3424 4951; x_wconf 77' lang='lat' dir='ltr'>venerint,</span> <span class='ocrx_word' id='word_1_758' title='bbox 3477 4905 3608 4957; x_wconf 61' lang='lat' dir='ltr'>quas</span> <span class='ocrx_word' id='word_1_759' title='bbox 3672 4891 3897 4944; x_wconf 79' lang='lat' dir='ltr'>additis</span> 
     </span>
    </p>
   </div>
   <div class='ocr_carea' id='block_1_115' title="bbox 2243 4957 3896 5019">
    <p class='ocr_par' dir='ltr' id='par_1_115' title="bbox 2243 4957 3896 5019">
     <span class='ocr_line' id='line_1_117' title="bbox 2243 4957 3896 5019; baseline 0.001 -7"><span class='ocrx_word' id='word_1_760' title='bbox 2243 4957 2593 5019; x_wconf 81' lang='lat' dir='ltr'>subindicat.</span> <span class='ocrx_word' id='word_1_761' title='bbox 2630 4958 2873 5012; x_wconf 84' lang='lat' dir='ltr'>formam</span> <span class='ocrx_word' id='word_1_762' title='bbox 2907 4957 2978 5012; x_wconf 89' lang='lat' dir='ltr'>ab</span> <span class='ocrx_word' id='word_1_763' title='bbox 3008 4957 3284 5014; x_wconf 88' lang='lat' dir='ltr'>omnibus</span> <span class='ocrx_word' id='word_1_764' title='bbox 3313 4957 3432 5014; x_wconf 87' lang='lat' dir='ltr'>illis</span> <span class='ocrx_word' id='word_1_765' title='bbox 3464 4958 3768 5016; x_wconf 65' lang='lat' dir='ltr'>haereticis</span> <span class='ocrx_word' id='word_1_766' title='bbox 3789 4977 3896 5016; x_wconf 82' lang='lat' dir='ltr'>non</span> 
     </span>
    </p>
   </div>
   <div class='ocr_carea' id='block_1_116' title="bbox 2245 5029 2763 5084">
    <p class='ocr_par' dir='ltr' id='par_1_116' title="bbox 2245 5029 2763 5084">
     <span class='ocr_line' id='line_1_118' title="bbox 2245 5029 2763 5084; baseline 0 -2"><span class='ocrx_word' id='word_1_767' title='bbox 2245 5029 2424 5084; x_wconf 84' lang='lat' dir='ltr'>fuisse</span> <span class='ocrx_word' id='word_1_768' title='bbox 2454 5033 2763 5083; x_wconf 87' lang='lat' dir='ltr'>mutatam.</span> 
     </span>
    </p>
   </div>
   <div class='ocr_carea' id='block_1_117' title="bbox 2314 5098 3894 5170">
    <p class='ocr_par' dir='ltr' id='par_1_117' title="bbox 2314 5098 3894 5170">
     <span class='ocr_line' id='line_1_119' title="bbox 2314 5098 3894 5170; baseline 0.004 -19"><span class='ocrx_word' id='word_1_769' title='bbox 2314 5100 2616 5170; x_wconf 67' lang='lat' dir='ltr'>(94)Apud</span> <span class='ocrx_word' id='word_1_770' title='bbox 2649 5099 2756 5154; x_wconf 89' lang='lat' dir='ltr'>hos</span> <span class='ocrx_word' id='word_1_771' title='bbox 2787 5098 2843 5153; x_wconf 89' lang='lat' dir='ltr'>in</span> <span class='ocrx_word' id='word_1_772' title='bbox 2877 5115 3014 5153; x_wconf 88' lang='lat' dir='ltr'>casu</span> <span class='ocrx_word' id='word_1_773' title='bbox 3070 5100 3390 5169; x_wconf 89' lang='lat' dir='ltr'>peccatoris</span> <span class='ocrx_word' id='word_1_774' title='bbox 3448 5099 3664 5155; x_wconf 91' lang='lat' dir='ltr'>occulti</span> <span class='ocrx_word' id='word_1_775' title='bbox 3721 5102 3894 5167; x_wconf 79' lang='lat' dir='ltr'>Deus,</span> 
     </span>
    </p>
   </div>
   <div class='ocr_carea' id='block_1_118' title="bbox 2243 5170 3895 5244">
    <p class='ocr_par' dir='ltr' id='par_1_118' title="bbox 2243 5170 3895 5244">
     <span class='ocr_line' id='line_1_120' title="bbox 2243 5170 3895 5244; baseline 0.002 -20"><span class='ocrx_word' id='word_1_776' title='bbox 2243 5170 2326 5244; x_wconf 60' lang='lat' dir='ltr'>vel</span> <span class='ocrx_word' id='word_1_777' title='bbox 2359 5170 2565 5226; x_wconf 87' lang='lat' dir='ltr'>saltem</span> <span class='ocrx_word' id='word_1_778' title='bbox 2601 5170 2843 5244; x_wconf 86' lang='lat' dir='ltr'>angelus</span> <span class='ocrx_word' id='word_1_779' title='bbox 2873 5170 3022 5244; x_wconf 87' lang='lat' dir='ltr'>clam</span> <span class='ocrx_word' id='word_1_780' title='bbox 3057 5171 3388 5242; x_wconf 88' lang='lat' dir='ltr'>supplebat.</span> <span class='ocrx_word' id='word_1_781' title='bbox 3415 5172 3473 5226; x_wconf 90' lang='lat' dir='ltr'>S.</span> <span class='ocrx_word' id='word_1_782' title='bbox 3497 5173 3895 5244; x_wconf 81' lang='lat' dir='ltr'>Augustinus.</span> 
     </span>
    </p>
   </div>
   <div class='ocr_carea' id='block_1_119' title="bbox 2242 5241 3895 5308">
    <p class='ocr_par' dir='ltr' id='par_1_119' title="bbox 2242 5241 3895 5308">
     <span class='ocr_line' id='line_1_121' title="bbox 2242 5241 3895 5308; baseline 0.002 -12"><span class='ocrx_word' id='word_1_783' title='bbox 2242 5241 2390 5297; x_wconf 92' lang='lat' dir='ltr'>libro</span> <span class='ocrx_word' id='word_1_784' title='bbox 2421 5260 2513 5296; x_wconf 74' lang='lat' dir='ltr'>xxx</span> <span class='ocrx_word' id='word_1_785' title='bbox 2543 5247 2735 5297; x_wconf 73' lang='lat' dir='ltr'>contra</span> <span class='ocrx_word' id='word_1_786' title='bbox 2767 5243 3132 5308; x_wconf 77' lang='lat' dir='ltr'>Crescom&#39;um,</span> <span class='ocrx_word' id='word_1_787' title='bbox 3157 5241 3205 5297; x_wconf 54' lang='lat' dir='ltr'>cf.</span> <span class='ocrx_word' id='word_1_788' title='bbox 3239 5244 3326 5307; x_wconf 78' lang='grc'>48,</span> <span class='ocrx_word' id='word_1_789' title='bbox 3382 5247 3438 5297; x_wconf 85' lang='lat' dir='ltr'>et</span> <span class='ocrx_word' id='word_1_790' title='bbox 3492 5243 3555 5298; x_wconf 91' lang='lat' dir='ltr'>in</span> <span class='ocrx_word' id='word_1_791' title='bbox 3598 5241 3895 5300; x_wconf 62' lang='lat' dir='ltr'>Exhortat.</span> 
     </span>
    </p>
   </div>
   <div class='ocr_carea' id='block_1_120' title="bbox 2243 5313 3897 5384">
    <p class='ocr_par' dir='ltr' id='par_1_120' title="bbox 2243 5313 3897 5384">
     <span class='ocr_line' id='line_1_122' title="bbox 2243 5313 3897 5384; baseline 0.002 -16"><span class='ocrx_word' id='word_1_792' title='bbox 2243 5314 2313 5368; x_wconf 89' lang='lat' dir='ltr'>ad</span> <span class='ocrx_word' id='word_1_793' title='bbox 2348 5314 2740 5381; x_wconf 87' lang='lat' dir='ltr'>concordiam,</span> <span class='ocrx_word' id='word_1_794' title='bbox 2775 5314 2944 5384; x_wconf 90' lang='lat' dir='ltr'>epist.</span> <span class='ocrx_word' id='word_1_795' title='bbox 2977 5315 3068 5380; x_wconf 65' lang='grc' dir='ltr'>(ὅθ,</span> <span class='ocrx_word' id='word_1_796' title='bbox 3102 5315 3200 5383; x_wconf 90' lang='lat' dir='ltr'>qui</span> <span class='ocrx_word' id='word_1_797' title='bbox 3255 5313 3658 5370; x_wconf 83' lang='lat' dir='ltr'>subinferebat</span> <span class='ocrx_word' id='word_1_798' title='bbox 3693 5327 3897 5372; x_wconf 74' lang='lat' dir='ltr'>contra</span> 
     </span>
    </p>
   </div>
   <div class='ocr_carea' id='block_1_121' title="bbox 2242 5384 3896 5458">
    <p class='ocr_par' dir='ltr' id='par_1_121' title="bbox 2242 5384 3896 5458">
     <span class='ocr_line' id='line_1_123' title="bbox 2242 5384 3896 5458; baseline 0.001 -18"><span class='ocrx_word' id='word_1_799' title='bbox 2242 5384 2570 5458; x_wconf 81' lang='lat' dir='ltr'>Donatistas</span> <span class='ocrx_word' id='word_1_800' title='bbox 2603 5401 2616 5440; x_wconf 87' lang='lat'><strong>:</strong></span> <span class='ocrx_word' id='word_1_801' title='bbox 2651 5386 2799 5456; x_wconf 87' lang='lat' dir='ltr'>Ergo</span> <span class='ocrx_word' id='word_1_802' title='bbox 2831 5385 3148 5458; x_wconf 83' lang='lat' dir='ltr'>optabilius</span> <span class='ocrx_word' id='word_1_803' title='bbox 3179 5386 3287 5458; x_wconf 88' lang='lat' dir='ltr'>erit</span> <span class='ocrx_word' id='word_1_804' title='bbox 3319 5386 3603 5456; x_wconf 86' lang='lat' dir='ltr'>baptizari</span> <span class='ocrx_word' id='word_1_805' title='bbox 3627 5405 3661 5442; x_wconf 90' lang='lat' dir='ltr'>a</span> <span class='ocrx_word' id='word_1_806' title='bbox 3701 5405 3896 5458; x_wconf 45' lang='lat' dir='ltr'>peccas</span> 
     </span>
    </p>
   </div>
   <div class='ocr_carea' id='block_1_122' title="bbox 2242 5455 3900 5530">
    <p class='ocr_par' dir='ltr' id='par_1_122' title="bbox 2242 5455 3900 5530">
     <span class='ocr_line' id='line_1_124' title="bbox 2242 5455 3900 5530; baseline 0.002 -19"><span class='ocrx_word' id='word_1_807' title='bbox 2242 5459 2366 5530; x_wconf 88' lang='lat' dir='ltr'>tore</span> <span class='ocrx_word' id='word_1_808' title='bbox 2396 5455 2642 5520; x_wconf 89' lang='lat' dir='ltr'>occulto,</span> <span class='ocrx_word' id='word_1_809' title='bbox 2663 5455 3122 5530; x_wconf 81' lang='lat' dir='ltr'>quamhomine</span> <span class='ocrx_word' id='word_1_810' title='bbox 3154 5457 3331 5512; x_wconf 88' lang='lat' dir='ltr'>etiam</span> <span class='ocrx_word' id='word_1_811' title='bbox 3363 5455 3566 5512; x_wconf 82' lang='lat' dir='ltr'>sancto</span> <span class='ocrx_word' id='word_1_812' title='bbox 3601 5476 3616 5512; x_wconf 90' lang='lat'><strong>:</strong></span> <span class='ocrx_word' id='word_1_813' title='bbox 3650 5455 3801 5530; x_wconf 71' lang='lat' dir='ltr'>qiu‘a</span> <span class='ocrx_word' id='word_1_814' title='bbox 3848 5463 3900 5514; x_wconf 67' lang='lat' dir='ltr'>in</span> 
     </span>
    </p>
   </div>
   <div class='ocr_carea' id='block_1_123' title="bbox 2235 5528 3897 5601">
    <p class='ocr_par' dir='ltr' id='par_1_123' title="bbox 2235 5528 3897 5601">
     <span class='ocr_line' id='line_1_125' title="bbox 2235 5528 3897 5601; baseline 0.004 -19"><span class='ocrx_word' id='word_1_815' title='bbox 2235 5529 2417 5601; x_wconf 70' lang='lat' dir='ltr'>primo</span> <span class='ocrx_word' id='word_1_816' title='bbox 2473 5544 2607 5584; x_wconf 81' lang='lat' dir='ltr'>casu</span> <span class='ocrx_word' id='word_1_817' title='bbox 2655 5528 3014 5599; x_wconf 67' lang='lat' dir='ltr'>baptzzarent</span> <span class='ocrx_word' id='word_1_818' title='bbox 3061 5532 3230 5601; x_wconf 60' lang='lat' dir='ltr'>Degis,</span> <span class='ocrx_word' id='word_1_819' title='bbox 3288 5530 3370 5585; x_wconf 80' lang='lat' dir='ltr'>vel</span> <span class='ocrx_word' id='word_1_820' title='bbox 3414 5528 3676 5601; x_wconf 69' lang='lat' dir='ltr'>auge-tus,</span> <span class='ocrx_word' id='word_1_821' title='bbox 3734 5536 3795 5588; x_wconf 74' lang='lat' dir='ltr'>in</span> <span class='ocrx_word' id='word_1_822' title='bbox 3819 5549 3897 5587; x_wconf 72' lang='lat' dir='ltr'>se-</span> 
     </span>
    </p>
   </div>
   <div class='ocr_carea' id='block_1_124' title="bbox 2239 5599 3898 5729">
    <p class='ocr_par' dir='ltr' id='par_1_124' title="bbox 2239 5599 3898 5729">
     <span class='ocr_line' id='line_1_126' title="bbox 2239 5599 3898 5661; baseline 0.002 -5"><span class='ocrx_word' id='word_1_823' title='bbox 2239 5599 2414 5656; x_wconf 68' lang='lat' dir='ltr'>bundo</span> <span class='ocrx_word' id='word_1_824' title='bbox 2470 5616 2610 5658; x_wconf 82' lang='lat' dir='ltr'>casu</span> <span class='ocrx_word' id='word_1_825' title='bbox 2667 5601 2908 5658; x_wconf 76' lang='lat' dir='ltr'>ablueret</span> <span class='ocrx_word' id='word_1_826' title='bbox 2937 5601 3113 5658; x_wconf 73' lang='lat' dir='ltr'>homo.</span> <span class='ocrx_word' id='word_1_827' title='bbox 3146 5600 3308 5658; x_wconf 87' lang='lat' dir='ltr'>Idem</span> <span class='ocrx_word' id='word_1_828' title='bbox 3340 5599 3575 5660; x_wconf 28' lang='lat' dir='ltr'>foret‘in</span> <span class='ocrx_word' id='word_1_829' title='bbox 3627 5599 3766 5661; x_wconf 80' lang='lat' dir='ltr'>aliis</span> <span class='ocrx_word' id='word_1_830' title='bbox 3812 5621 3898 5659; x_wconf 84' lang='lat' dir='ltr'>sa-</span> 
     </span>
     <span class='ocr_line' id='line_1_127' title="bbox 2240 5670 2577 5729; baseline 0 0"><span class='ocrx_word' id='word_1_831' title='bbox 2240 5670 2577 5729; x_wconf 86' lang='lat' dir='ltr'>oramentis.</span> 
     </span>
    </p>
   </div>
   <div class='ocr_carea' id='block_1_125' title="bbox 2240 5686 2577 5733">
    <p class='ocr_par' dir='ltr' id='par_1_125' title="bbox 2240 5686 2577 5733">
     <span class='ocr_line' id='line_1_128' title="bbox 2240 5686 2577 5733; baseline 0.006 -2"><span class='ocrx_word' id='word_1_832' title='bbox 2240 5686 2577 5733; x_wconf 77' lang='lat' dir='ltr'>oramentis.</span> 
     </span>
    </p>
   </div>
  </div>
