4112 6174
204 275 227 335 1
247 274 360 334 445

1155 270 1358 334 PARS
1401 269 1480 333 II.
1512 302 1591 318 —
1620 269 2186 336 RECENTIOMUM
2232 273 2667 338 EXCURSUS.

3450 283 3475 344 1
3489 285 3607 348 446

204 404 469 462 fuereilli
493 405 868 460 dubitantes?
891 403 1013 460 Non
1038 405 1411 472 constat,nisi
1433 422 1584 462 unus
1606 405 1850 478 pscudo-
1879 406 1934 472 Α
1963 405 2235 463 virtutem
2270 412 2400 464 ante
2432 407 2590 463 illam
2635 411 3028 464 Pentecostcm
3081 411 3341 468 nondum
3387 413 3607 472 habue-

203 494 606 562 Firmilianus,
632 497 832 566 utpote
864 494 962 566 qui
996 493 1112 549 ait:
1138 516 1164 544 ‹‹
1193 498 1308 550 Nos
1325 496 1449 566 jam
1475 495 1699 568 pridem
1723 511 1855 550 con-

210 584 600 640 firmavimus.
638 606 666 632 »

283 693 356 747 ΙΙ.
384 693 490 746 Ast
523 689 754 762 Pagius,
787 691 926 746 dum
959 692 1029 747 ad
1062 708 1282 746 annum
1311 692 1439 762 255,
1468 709 1520 746 (ι.
1554 693 1640 760 15,
1675 692 1854 747 fetam

217 780 527 854 epistolam
562 779 1016 836 Firmilianicam
1053 781 1309 836 admittit
1338 787 1402 836 ut
1430 781 1853 853 genuinam,si-

209 869 336 926 mul
387 871 598 925 fatetur
646 874 942 925 auctorem
989 870 1138 924 datze
1186 869 1443 941 epistolae
1486 870 1583 925 isti
1615 870 1856 925 concilio

200 961 328 1030 jam
380 959 606 1032 pridem
657 959 768 1030 (95)
817 957 1106 1014 celebrato
1156 976 1272 1014 non
1319 959 1673 1015 interfuisse.
1717 961 1857 1015 Ecce

209 1065 347 1121 ergo
380 1052 734 1120 pretensum
765 1046 1075 1104 concilium
1109 1047 1406 1104 Iconiense
1444 1046 1712 1104 Ecclesiae
1746 1049 1856 1103 Ro-

211 1154 400 1194 mana:
432 1138 789 1208 oppositum,
835 1136 1038 1192 1389
1083 1136 1154 1192 de
1201 1153 1316 1208 quo
1347 1153 1452 1192 nec
1492 1141 1620 1192 acta
1650 1153 1857 1208 super-

213 1231 374 1294 sunt,
407 1243 510 1282 nec
532 1229 761 1282 constat
789 1242 903 1297 quo
935 1242 1088 1280 anno
1138 1227 1312 1281 fuerit
1358 1227 1735 1294 celebratum,
1767 1227 1856 1282 vel

216 1316 350 1388 quis
381 1315 465 1370 vel
498 1332 651 1370 unus
684 1315 1031 1370 nominatim
1077 1315 1424 1382 interfuerit,
1454 1319 1654 1371 contra
1683 1333 1856 1386 quem

214 1405 303 1461 vel
339 1421 522 1460 unum
554 1404 904 1460 nominatim
936 1403 1111 1459 fuerit
1139 1409 1591 1477 congregatum:
1635 1421 1703 1459 ex
1747 1421 1862 1476 quo

218 1493 496 1562 archivio,
519 1511 587 1550 ex
608 1510 722 1565 quo
750 1497 988 1548 auctore
1009 1493 1637 1565 pseudo~Firmilianus
1668 1492 1865 1548 hausit

219 1583 354 1639 illas
413 1582 782 1639 deﬁnitiones
829 1583 954 1653 jam
1015 1582 1240 1655 pridem
1297 1582 1474 1638 lconii
1535 1582 1761 1639 editas?
1804 1582 1861 1638 Si

219 1674 388 1728 edita:
421 1673 688 1737 fuissent,
717 1672 944 1727 cederet
963 1671 1020 1725 in
1045 1677 1387 1744 perpetuam
1419 1672 1722 1728 infamiam
1751 1671 1867 1742 epi-

1963 495 2034 548 rit
2065 496 2196 566 (96).

2036 584 2128 638 ΙΙΙ.
2165 585 2806 641 Pseudo-Firmilianus
2863 587 3100 644 omnino
3151 594 3311 645 extra
3356 592 3605 650 orbitam

1964 677 2259 744 evagatur.
2285 674 2652 730 Probandum
2675 675 2881 731 fuisset
2901 679 3050 747 quod
3073 678 3405 751 baptismus
3448 681 3608 738 Chri-

1966 763 2041 816 sti
2077 779 2108 816 a
2138 763 2372 817 Simone
2405 763 2591 835 Mago,
2651 763 2736 820 vel
2796 765 2868 820 ab
2910 767 3023 821 alio
3056 767 3324 824 hzeretico
3357 769 3606 826 collatus

1966 851 2145 922 repeti
2167 851 2430 906 debuerit
2445 869 2511 907 ex
2529 857 2813 925 praecepto
2831 855 3226 926 apostolorum
3242 899 3252 913 .
3268 857 3606 930 Baptismus

1963 940 2206 996 Joannis
2236 940 2412 996 etiam
2444 959 2474 994 a
2502 947 2559 995 S.
2609 943 2841 998 Andrea
2897 944 3159 1016 apostolo
3206 945 3296 1002 vel
3349 947 3408 1004 S.
3442 948 3606 1005 Petro

1968 1027 2216 1084 collatus
2249 1046 2363 1084 non
2397 1029 2724 1086 sufficiebat
2753 1031 2808 1084 in
2846 1031 2968 1103 lege
3001 1050 3166 1090 nova.

2041 1117 2132 1171 ιν.
2159 1118 2450 1188 Quidquid
2477 1119 2785 1189 sit,exjam
2815 1119 3077 1176 dicendis
3107 1123 3342 1180 evidens
3368 1125 3611 1196 fit,quod

1969 1208 2027 1261 S.
2061 1207 2395 1278 Stephanus
2427 1225 2541 1262 non
2587 1207 2696 1263 nisi
2748 1209 3109 1281 baptismum
3141 1211 3353 1268 Christi
3384 1230 3612 1282 verum,

1971 1297 2025 1350 id
2061 1301 2168 1362 est,
2203 1297 2302 1368 qui
2334 1297 2445 1352 sub
2477 1296 2739 1369 legitima
2759 1297 2946 1355 forma
2971 1299 3254 1357 aChristo
3281 1303 3619 1374 prtescripta

1974 1385 2220 1441 collatus
2254 1385 2480 1453 fuisset,
2513 1387 2812 1456 agnoverit
2839 1387 3138 1457 validum;
3190 1407 3322 1446 nam
3356 1392 3616 1463 pseudo-

1977 1475 2352 1531 Firmilianus
2398 1475 2584 1548 pergit
2649 1493 2716 1530 ex
2763 1477 2978 1533 Christi
3031 1479 3221 1534 verbis
3273 1480 3620 1552 impugnare

1977 1569 2240 1619 nostrum
2292 1565 2525 1636 dogma,
2578 1565 2729 1635 quod
2788 1566 3110 1624 absurdum
3164 1572 3348 1639 vocat,
3383 1569 3617 1624 dicens:

1979 1678 2004 1701 ‹‹
2033 1653 2179 1707 lllud
2204 1668 2433 1723 quoque
2457 1654 2962 1727 absurdum,quod
2983 1673 3095 1712 non
3118 1661 3344 1730 putant,
3362 1675 3622 1730 quaeren-

220 1779 533 1834 scoporum
613 1742 1063 1816 Ca'tholicorum‘
1126 1742 1520 1832 Cappadociae,
1605 1761 1865 1826 Galatiae,

2001 1744 2120 1796 lum
2152 1758 2301 1807 esse,
2327 1743 2458 1812 quis
2484 1742 2558 1796 sit
2578 1743 2675 1798 ille
2697 1745 2798 1815 qui
2825 1746 3224 1816 baptizaverit,
3249 1764 3315 1803 eo
3343 1749 3494 1819 quod
3521 1747 3623 1818 qui

219 1850 456 1918 Ciliciae,
487 1855 543 1906 et
571 1855 915 1906 caeterarum
973 1849 1366 1919 adjacentium
1408 1850 1732 1922 regionum.
1767 1852 1870 1904 Ast

223 1957 431 1996 censeo
461 1955 768 2011 nunquam
801 1939 988 1994 editas
1020 1937 1218 1994 fuisse.

294 2048 384 2101 51.
431 2046 688 2118 Denique
721 2061 789 2100 ex
818 2061 983 2100 sacra
1031 2045 1336 2117 Scriptura
1385 2046 1627 2116 probare
1666 2045 1873 2100 nititur

225 2141 283 2192 et
313 2137 526 2207 dogma
553 2134 909 2190 catholicum
944 2134 1176 2204 penitus
1209 2134 1548 2203 convellere,
1573 2135 1712 2189 dum
1740 2151 1868 2206 cap.

229 2226 281 2290 4,
314 2225 502 2295 quoad
537 2240 660 2279 rem
693 2225 772 2277 ita
820 2229 1266 2294 argumentatur
1294 2239 1362 2277 ex
1392 2224 1550 2278 Actis
1581 2240 1712 2278 nx:
1751 2245 1778 2273 α
1811 2224 1870 2278 S.

231 2313 445 2370 Paulus
465 2329 565 2368 eos
597 2313 695 2383 qui
729 2311 1077 2383 baptismate
1105 2313 1370 2378 Joannis,
1404 2316 1718 2384 antequam
1751 2312 1876 2383 Spi-

230 2404 378 2458 ritus
402 2405 643 2457 sanctus
675 2396 894 2456 missus
918 2400 1126 2470 fuerat,
1151 2400 1314 2455 tincti
1337 2401 1715 2469 fuere,denuo
1736 2399 1877 2455 lavit

229 2492 584 2563 baptismate
615 2489 826 2545 Christi
857 2514 871 2557 ;
917 2505 1053 2561 ergo
1103 2489 1282 2545 etiam
1329 2491 1430 2560 qui
1461 2490 1531 2544 ab
1566 2489 1874 2556 haereticis,

231 2581 387 2651 apud
415 2597 562 2651 quos
591 2578 844 2649 Spiritus
878 2583 1116 2633 sanctus
1140 2594 1254 2634 non
1278 2583 1388 2644 est,
1413 2579 1688 2650 baptizati
1717 2580 1877 2633 fuere

232 2670 426 2724 denuo
448 2667 728 2740 baptizari
746 2668 1014 2722 debent.»
1035 2666 1219 2739 Igitur
1235 2673 1431 2723 errant
1450 2669 1802 2739 Stephamus
1824 2672 1880 2723 et

233 2758 422 2814 caeteri
454 2757 709 2830 episcopi
734 2756 834 2828 qui
858 2756 1026 2828 Papae
1047 2757 1440 2822 consentiunt,
1463 2757 1880 2812 contendentes

233 2847 638 2904 dimissionem
674 2851 1048 2918 peccatorum
1079 2850 1137 2901 et
1165 2847 1483 2902 secundam
1517 2847 1879 2901 nativitatem

233 2937 292 2992 in
328 2935 736 2990 haereticorum
766 2934 1062 3006 baptismo
1093 2949 1264 3005 posse
1294 2935 1620 3005 procedere.
1663 2933 1881 2989 Paulus

235 3041 352 3080 non
383 3025 572 3095 potuit
606 3024 665 3078 in
715 3039 854 3079 casu
905 3024 1208 3095 praemisso
1267 3022 1549 3094 Spiritum
1610 3029 1882 3078 sanctum

237 3115 395 3180 dare,
421 3113 532 3168 nisi
559 3129 658 3184 per
679 3129 890 3168 novum
911 3112 1121 3168 Christi
1145 3112 1504 3184 baptismum
1533 3131 1546 3178 ;
1571 3129 1644 3167 an
1669 3112 1882 3168 Paulus

241 3203 433 3257 minor
461 3201 578 3258 illis
607 3201 893 3273 episcopis
915 3201 942 3254 ?
968 3202 1057 3256 lta
1088 3201 1739 3273 pseudo-Firmilianus.

313 3310 356 3364 Ι.
389 3309 532 3380 Ergo
553 3307 820 3364 dimissio
851 3312 1220 3379 peccatorum
1248 3312 1306 3363 et
1333 3309 1590 3363 secunda
1618 3307 1890 3364 nativitas

243 3414 349 3454 nec
381 3397 690 3468 procedere
722 3401 914 3468 potest
963 3397 1020 3450 in
1072 3396 1424 3468 baptismate
1471 3397 1887 3451 catholicorum

250 3486 794 3543 administrantium
817 3486 875 3540 in
891 3490 1046 3541 statu
1065 3486 1358 3556 disgratia:
1378 3486 1734 3557 positorum;
1756 3486 1894 3557 quia

249 3576 404 3647 apud
436 3575 544 3630 hos
571 3574 822 3646 Spiritus
853 3578 1095 3630 sanctus
1121 3590 1232 3630 non
1266 3579 1373 3629 est.

327 3682 390 3736 ΙΙ.
427 3684 855 3752 Argumentum
903 3680 1012 3736 hoc
1039 3679 1194 3750 quod
1229 3684 1284 3735 et
1313 3681 1894 3752 pseudo-Cyprianus

249 3770 510 3838 adhibet,
543 3769 600 3824 in
625 3786 717 3842 ep.
738 3771 810 3824 73
831 3770 902 3825 ad
926 3769 1300 3836 Jubaianum,
1329 3769 1554 3825 laborat
1585 3769 1895 3842 multiplici

246 3874 490 3916 erroneo
521 3859 850 3930 supposito.

318 3967 376 4023 4°
406 3967 567 4031 Quod
601 3965 873 4038 discipuli
924 3966 1174 4022 Joannis
1222 3967 1495 4038 Baptistae
1537 3983 1650 4022 non
1687 3967 1900 4023 fuerint

246 4057 308 4111 in
359 4059 517 4110 statu
567 4055 791 4126 gratiae,
841 4055 957 4111 imo
1007 4071 1112 4111 nec
1161 4056 1455 4127 potuerint
1505 4056 1684 4112 fuisse
1725 4057 1896 4126 justi.

246 4145 444 4202 V612°
471 4145 635 4210 Quod
661 4144 991 4216 baptismus
1038 4145 1286 4200 Joannis
1336 4145 1462 4200 ideo
1513 4146 1900 4218 suscipientes

247 4236 620 4290 sanctilicare
679 4251 790 4289 non
852 4236 1121 4306 potuerit,
1183 4237 1323 4304 quia
1380 4235 1630 4305 Spiritus
1661 4242 1900 4291 sanctus

249 4327 509 4378 nondum
530 4324 718 4378 fuerat
744 4323 980 4388 missus;
1009 4323 1142 4378 hinc
1159 4328 1500 4393 sequeretur
1517 4326 1746 4395 quod,si
1773 4330 1902 4396 post

247 4412 504 4486 primam
522 4412 982 4468 Christianorum
1006 4417 1399 4468 Pentecostem
1416 4413 1490 4477 ,in
1511 4429 1625 4484 qua
1643 4415 1901 4485 Spiritus

1981 1833 2308 1902 baptizatus
2342 1831 2435 1897 sit,
2469 1832 2715 1904 gratiam
2750 1835 3028 1906 consequi
3062 1838 3315 1908 potuerit
3358 1837 3626 1892 invocata

1977 1921 2262 1976 Trinitate
2286 1921 2592 1977 nominum
2615 1922 2803 1978 Patris
2835 1928 2890 1978 et
2913 1924 3037 1979 Filii
3063 1930 3119 1979 et
3139 1925 3392 1996 Spiritus
3413 1925 3624 1981 sancti.

1981 2015 2054 2064 At
2085 2011 2217 2082 quis
2247 2014 2335 2064 est
2367 2009 2617 2080 sapiens,
2652 2012 2753 2082 qui
2796 2012 2904 2067 hoc
2955 2013 3245 2082 defendat,
3280 2020 3377 2071 aut
3408 2015 3627 2084 credat,

1983 2101 2139 2171 quod
2171 2099 2458 2154 invocatio
2481 2101 2688 2154 1390
2710 2101 2830 2155 haec
2857 2103 3162 2158 nominum
3187 2105 3344 2159 nuda
3375 2103 3632 2158 sufﬁciat

1983 2190 2052 2243 ad
2087 2188 2491 2243 remissionem
2531 2195 2898 2260 peccatorum
2925 2196 2980 2246 et
3001 2193 3275 2265 baptismi
3307 2193 3634 2250 sanctiﬁca-

1984 2279 2199 2332 tionem
2224 2278 2316 2332 ‘?...
2370 2278 2493 2332 Non
2540 2295 2743 2334 omnes
2792 2285 2984 2334 autem
3035 2281 3134 2352 qui
3167 2297 3379 2336 nomen
3416 2279 3632 2336 Christi

1986 2368 2275 2431 invocant,
2308 2367 2499 2422 audiri
2560 2371 2616 2422 et
2674 2368 3095 2425 invocationem
3149 2386 3316 2425 suam
3352 2367 3635 2440 consequi

1986 2454 2205 2526 aliquid
2263 2455 2464 2526 gratia)
2524 2471 2714 2525 posse,
2781 2455 3061 2510 Dominus
3118 2455 3242 2526 ipse
3296 2455 3638 2510 manifestat

1987 2545 2223 2599 dicens:
2262 2545 2432 2598 Metti
2461 2545 2680 2598 venient
2709 2545 2764 2598 in
2796 2547 3016 2600 nomine
3052 2561 3189 2610 meo,
3223 2545 3484 2600 dicentes:
3523 2545 3636 2612 Ego

1987 2651 2111 2689 sum
2159 2633 2430 2696 Christus,
2461 2641 2511 2687 et
2543 2631 2747 2687 multo:
2776 2633 2973 2703 fallent
3003 2633 3138 2706 (97).
3173 2655 3200 2683 »
3235 2632 3375 2698 Quis
3418 2632 3527 2687 erit
3555 2631 3638 2687 ita

1989 2723 2294 2794 insipiens,
2330 2726 2393 2775 ut
2423 2720 2532 2775 hoc
2565 2721 2736 2776 modo
2767 2720 3111 2778 concludat:
3166 2720 3634 2776 Pseudo-Christi

1993 2811 2211 2865 multos
2245 2809 2479 2878 fallent;
2511 2826 2644 2882 ergo
2678 2810 3007 2881 baptismus
3030 2810 3240 2866 Christi
3267 2810 3339 2864 ab
3361 2809 3634 2866 hieretico

1993 2901 2237 2956 collatus
2269 2903 2357 2953 est
2385 2899 2724 2954 invalidus?

2062 2993 2150 3045 52.
2217 2989 2530 3061 Postquam
2588 2993 2785 3042 noster
2841 2987 3169 3059 Theologus
3251 2986 3633 3056 concluserat,

1992 3078 2149 3134 illico
2205 3083 2486 3149 evagatur
2535 3077 2838 3145 aliorsum,
2873 3094 2938 3132 ac
2969 3093 3093 3147 cap.
3125 3079 3178 3145 5,
3220 3081 3284 3132 ut
3336 3077 3636 3133 curiosum

1914 3151 1957 3217 Ο
1994 3169 2268 3224 lectorem
2299 3166 2743 3238 obstupefaciat,
2780 3167 3052 3221 historias
3085 3165 3376 3221 immiscet
3399 3166 3468 3220 ad
3495 3183 3639 3237 pree-

2000 3262 2223 3314 sentcm
2240 3257 2616 3328 quaestionem
2635 3254 2965 3310 nullatenus
2981 3254 3642 3326 pertinentes;astsimul

2005 3349 2271 3402 incautus
2301 3343 2544 3417 impegit
2571 3343 2886 3400 enormiter
2917 3348 3120 3400 contra
3166 3341 3640 3414 chronologiam:

2010 3461 2028 3484 ι
2056 3435 2196 3492 Volo
2219 3439 2411 3490 autem
2428 3433 2592 3489 vobis
2613 3438 2669 3488 et
2686 3434 2756 3488 de
2777 3432 3020 3489 historia
3039 3450 3165 3504 quae
3188 3433 3340 3504 apud
3364 3448 3470 3488 nos
3494 3431 3647 3488 facta

2004 3531 2110 3593 est,
2125 3539 2409 3596 exponere
2434 3523 2507 3578 ad
2531 3521 2638 3578 hoc
2658 3521 2855 3594 ipsum
2880 3523 3224 3594 pertinente.
3257 3524 3409 3578 Ante
3437 3520 3645 3593 viginti

2005 3615 2158 3672 enim
2191 3618 2246 3668 et
2271 3614 2418 3667 duos
2449 3612 2564 3666 fere
2597 3629 2800 3679 annos,
2836 3611 3197 3682 temporibus
3233 3614 3364 3683 post
3393 3609 3646 3666 Alexan-

2006 3703 2600 3774 drumimperatorem
2616 3701 2811 3756 multis
2826 3701 3282 3756 conﬂictationes
3295 3705 3350 3754 et
3364 3715 3648 3771 pressurae

2007 3793 2364 3860 acciderunt,
2404 3791 2492 3846 vel
2541 3793 2598 3845 in
2649 3789 2944 3846 communi
2977 3789 3253 3846 omnibus
3284 3788 3648 3854 hominibus,

2005 3883 2092 3938 vel
2127 3881 2394 3954 privatim
2425 3879 2790 3934 Christianis.
2825 3880 3012 3933 Terrae
3043 3878 3217 3934 etiam
3259 3883 3474 3932 motus.
3511 3898 3539 3925 »

2079 3973 2122 4027 Ι.
2155 3972 2212 4026 S.
2250 3968 2624 4025 Firmilianus
2654 3969 2763 4023 sub
2800 3966 3122 4022 Alexandro
3153 3968 3522 4037 imperatore,
3549 3966 3650 4035 qui

2011 4077 2161 4117 anno
2189 4061 2315 4130 235,
2349 4059 2408 4112 in
2443 4057 2622 4129 Aprili
2672 4056 2836 4124 obiit,
2861 4057 2985 4126 jam
3039 4056 3148 4110 fuit
3195 4056 3254 4110 in
3285 4055 3653 4127 Cappadocia

2010 4151 2316 4223 episcopus
2347 4149 2496 4219 (98);
2528 4162 2663 4218 ergo
2697 4145 2806 4200 fuit
2836 4146 3145 4218 episcopus
3167 4160 3233 4199 eo
3254 4148 3513 4216 tempore
3535 4159 3651 4215 quo

2012 4241 2110 4296 illa
2141 4239 2385 4296 historia
2413 4237 2566 4308 apud
2599 4237 2968 4308 Cappadoces
2991 4234 3308 4306 contigisse
3330 4233 3562 4289 dicitur.
3591 4232 3651 4288 S.

2012 4330 2389 4386 Firmilianus
2421 4325 2617 4398 igitur,
2644 4325 2693 4378 si
2724 4331 2928 4380 auctor
2957 4324 3164 4378 fuisset
3193 4323 3372 4394 hujus
3394 4321 3652 4394 epistolae

2011 4421 2419 4490 imperatorem
2452 4417 2834 4481 nominasset,
2889 4430 2937 4468 v.
2982 4430 3038 4486 g.
3090 4411 3490 4478 Maximinum,
3541 4412 3651 4467 sub

248 4503 652 4568 descenderat,
681 4502 888 4557 fuisset
919 4501 1188 4567 collatus,
1212 4501 1628 4574 suscipientem
1664 4519 1898 4574 regene-
1932 4521 1975 4586 ί)
2009 4527 2122 4583 quo
2137 4507 2246 4563 ille
2261 4502 2716 4562 conﬂictationes
2735 4503 3064 4559 acciderant
3083 4500 3246 4556 velin
3269 4516 3651 4558 commune...

248 4607 381 4646 rare
407 4591 703 4657 valuisset,
729 4591 868 4663 quia
893 4596 1029 4646 tunc
1053 4591 1447 4662 Spiritusjam
1470 4591 1659 4646 fuerat
1683 4593 1898 4647 missus

246 4682 308 4735 3°
338 4682 500 4746 Quod
533 4681 659 4752 ipse
693 4679 1018 4751 baptismus
1061 4679 1273 4735 Christi
1319 4696 1488 4734 suam
1531 4680 1896 4749 justificandi

325 4824 436 4894 (95)
460 4824 720 4878 Labbeus
741 4826 797 4877 et
815 4823 1081 4878 Petavius
1099 4823 1386 4891 synodum
1409 4825 1764 4880 Iconiensem
1792 4823 1900 4878 illi-

246 4903 466 4962 garunt
493 4912 646 4949 anno
691 4897 816 4960 2:38,
869 4912 982 4965 quo
1031 4899 1088 4949 et
1135 4896 1650 4967 Carthaginiansem
1686 4913 1746 4950 ιιι
1786 4897 1897 4950 sub

245 4969 310 5022 S.
389 4967 674 5037 Cypriano
777 4967 1124 5020 celebratam
1221 4968 1401 5022 fuisse
1475 4969 1897 5034 crediderunt;

245 5038 590 5092 Harduinus
620 5038 781 5092 illam
817 5039 1156 5092 amandavit
1184 5038 1253 5091 ad
1287 5055 1506 5094 annum
1547 5041 1672 5105 331,
1707 5056 1832 5110 cap.
1866 5043 1901 5092 2

245 5111 421 5182 (mihi
453 5126 508 5180 p.
546 5112 668 5182 130)
699 5110 768 5162 ad
825 5126 1043 5163 annum
1091 5111 1219 5182 175-
1256 5111 1500 5164 circiter.
1538 5112 1652 5182 Ego
1705 5117 1900 5180 repeto

248 5179 370 5236 tam
406 5179 801 5254 Iconiensem,
835 5197 1012 5251 quam
1072 5179 1609 5254 Carthaginensem'
1647 5179 1901 5254 synodos

246 5268 382 5309 esse
412 5252 665 5306 tictitias.
700 5252 842 5306 Vide
872 5268 1072 5323 supra,
1107 5269 1164 5304 n.
1205 5252 1294 5305 21.

325 5324 436 5393 (96)
468 5327 628 5377 Hanc
657 5322 992 5395 opinionem
1043 5322 1441 5378 ’l‘ertullianus
1472 5325 1672 5379 docuit
1703 5324 1802 5379 lib.
1835 5323 1903 5378 de

249 5398 556 5450 Baptismo.

328 5412 820 5534 L(ilignis.Vulgata
849 5465 1061 5536 legitur
1089 5465 1292 5536 (Marc.
1322 5483 1444 5531 xm,
1480 5467 1607 5538 21):
1642 5468 1717 5522 Et
1746 5471 1898 5538 tunc,

248 5539 308 5612 si
333 5541 453 5610 quis
485 5537 639 5612 vobis
668 5539 914 5612 dixerit;
950 5538 1198 5612 Bacehis
1235 5545 1318 5594 est
1359 5537 1631 5612 Christus,
1681 5553 1800 5612 ecce
1828 5537 1898 5612 it-

250 5609 352 5681 lic,
387 5624 456 5666 ne
483 5610 850 5668 credideritis.
885 5611 1010 5678 Qua
1037 5609 1292 5670 editione
1321 5613 1525 5668 auctor
1551 5609 1697 5671 usus
1729 5609 1906 5671 fuerit

2007 4598 2093 4655 vel
2117 4595 2387 4669 privatim
2412 4619 2426 4661 ;
2449 4609 2565 4648 non
2589 4608 2720 4648 vero
2744 4592 3026 4647 dixisset:
3053 4614 3074 4644 ι
3113 4589 3504 4663 Temporibus
3521 4593 3656 4663 post

2010 4685 2403 4743 Alexandrum
2437 4681 2572 4754 (99).
2610 4703 2637 4731 ››

2010 4827 2155 4883 mihi
2210 4843 2324 4880 non
2377 4829 2634 4890 constat;
2687 4824 2822 4878 illuc
2855 4824 3278 4879 advertendum
3312 4821 3469 4889 duxi,
3499 4821 3651 4891 quod

2010 4900 2069 4954 in
2100 4897 2438 4970 Cyprianica
2466 4899 2536 4970 777?.
2566 4897 2642 4951 ad
2672 4899 3015 4970 .Iuhnz'anﬁum
3043 4900 3237 4970 textus
3280 4894 3420 4970 su_b__
3441 4893 3650 4946 iisdem

2010 4965 2246 5025 omnino
2281 4969 2625 5024 formalibus
2655 4970 2725 5022 ad
2761 4969 3032 5023 eumdem
3065 4969 3239 5021 finem
3267 4965 3646 5020 adhibeatur:

2012 5043 2181 5104 Multi,
2215 5042 2424 5110 inquit,
2455 5042 2674 5095 venient
2704 5042 2760 5093 in
2798 5041 3025 5093 nomine
3052 5054 3170 5092 meo
3213 5037 3490 5110 dicentes:
3542 5035 3651 5110 Ege

2010 5132 2130 5168 sum
2165 5107 2443 5181 Christus,
2481 5122 2534 5166 et
2583 5113 2783 5166 multos
2834 5111 3048 5181 fallent.
3104 5111 3243 5164 item
3295 5108 3351 5161 in
3397 5107 3544 5160 libro
3587 5107 3653 5162 de

2016 5187 2246 5243 Unitnie.
3247 5209 3252 5213 -

2082 5260 2194 5326 (εδδ)
2228 5255 2531 5317 Eusebius,
2560 5257 2633 5326 Η.
2665 5254 2726 5306 Ε.
2764 5253 2863 5326 lib.
2889 5268 2964 5326 vi,
2989 5251 3155 5326 0.26,
3297 5248 3402 5326 Ubi
3425 5248 3495 5326 de
3525 5249 3653 5320 ipso

2013 5318 2186 5382 refert
2215 5327 2366 5397 quod
2403 5325 2724 5395 praecipuos
2749 5321 3070 5397 Firmiliani
3094 5318 3528 5397 condiscipulos
3551 5318 3656 5374 ’θο-

2013 5392 2295 5471 gnoverit,
2321 5392 2743 5471 Gregoriumet
2759 5395 3216 5471 Athenodorum,
3242 5392 3405 5448 Ponti
3429 5392 3655 5463 episco-

2015 5463 2138 5542 pos.
2175 5488 2280 5524 suo
2313 5463 2570 5538 tempore
2596 5468 2786 5522 adhuc
2815 5463 3180 5542 superstites.

2084 5543 2197 5613 (99)
2228 5541 2345 5595 Hoc
2377 5532 2790 5613 argumentum
2814 5532 3062 5613 maxime
3083 5536 3314 5613 premit,
3339 5532 3661 5613 siepistola

2014 5604 2250 5670 nomine
2288 5604 2473 5668 totqu
2498 5610 2758 5684 concilii,
2786 5615 2853 5669 ut
2896 5604 3100 5686 plures
3125 5604 3668 5678 affirmant,'missa
