4112 6174
475 334 626 395 144⁸7

1535 325 1635 390 DE
1687 325 2277 391 li/ERETICORUM
2323 327 2828 391 BAPTISMATE

3728 327 3886 390 1M8

541 463 2200 536 ll.HmcvagaexpressiozutemporibuspostAlexan-A
2235 464 2289 516 1ο
2341 462 2397 516 hi
2459 463 2921 535 persecutionem
2990 463 3290 520 subsecuti
3367 467 3526 518 sunt.
3586 461 3647 516 2ο
3706 463 3884 518 Fuere

464 556 655 624 drum,
681 575 702 602 ι
741 554 980 608 denotat
1016 553 1231 606 factum
1267 553 1584 625 contigisse
1625 554 1822 626 aliquo
1854 557 2115 626 tempore

467 647 596 714 post
613 646 858 698 mortem
881 643 1219 700 Alexandri.
1234 643 1300 698 Et
1322 659 1518 698 revera
1538 643 1648 698 illae
1665 651 2037 716 pressurm,ut
2052 661 2109 699 n.

460 749 586 804 seq.
619 732 950 800 audiemus,
1000 748 1115 787 non
1165 731 1478 804 contigere,
1521 732 1633 788 nisi
1685 732 1910 804 aliquot
1939 733 2111 788 annis

461 825 594 894 post
623 825 872 878 mortem
902 821 1236 876 Alexandri.
1263 823 1334 876 At
1362 837 1496 877 vero
1518 821 1619 877 illa
1641 821 1966 877 Firmiliani
1991 823 2109 893 epi-

463 910 611 967 stola
631 927 783 966 anno
803 910 910 964 256
933 909 1150 979 scripta
1175 909 1355 964 fuisse
1379 908 1593 964 dicitur
1613 927 1625 977 ;
1649 909 1810 965 eccel
1836 909 1983 981 Ergo
2006 907 2112 964 has

461 1016 768 1071 pressurae
798 998 952 1054 inter
980 1002 1038 1054 et
1065 1002 1300 1070 tempus
1331 999 1558 1070 scripta:
1591 997 1848 1070 epistolis
1875 1015 1987 1054 non
2019 998 2108 1053 in-

456 1091 739 1160 terjacent
767 1088 838 1142 22
868 1087 1028 1143 anni.
1062 1091 1278 1142 Verum
1327 1087 1513 1158 gratis
1565 1088 1948 1143 admittamus
1982 1086 2110 1142 illas

457 1194 763 1251 pressuras
785 1177 1076 1249 incepisse
1095 1177 1300 1232 eodem
1327 1193 1481 1232 anno
1501 1177 1628 1242 235,
1652 1193 1767 1248 quo
1789 1175 2112 1232 Alexander

453 1267 620 1331 obiit,
653 1272 710 1321 et
738 1266 973 1338 quidem
1008 1265 1347 1321 immediate
1370 1269 1503 1338 post
1525 1266 1708 1337 hujus
1732 1270 1973 1321 mortem
2001 1282 2015 1332 ;
2037 1265 2106 1319 ad

454 1356 779 1422 mittamus,
814 1371 999 1410 annos
1031 1353 1164 1409 illos
1196 1355 1267 1408 22
1297 1358 1668 1426 computatos
1693 1371 1820 1410 esse
1852 1371 1885 1409 a
1916 1354 2107 1426 primo

456 1446 620 1499 initio
642 1446 718 1516 (1)
737 1444 970 1499 illarum
993 1442 1426 1512 calamitatum;
1447 1448 1643 1500 tamen
1663 1461 1778 1500 non
1797 1448 1969 1500 erunt
1991 1443 2105 1499 nisi

455 1535 526 1588 2O
554 1535 692 1588 anni
724 1533 1021 1605 completi.

530 1625 566 1677 Ι
581 1624 728 1678 39'!
751 1622 898 1687 Quid
922 1623 995 1677 ad
1013 1621 1135 1677 haec
1155 1622 1398 1695 Pagius‘?
1416 1623 1508 1680 Ait
1529 1639 1714 1679 annos
1733 1622 1936 1695 viginti
1959 1623 2106 1678 duos

455 1712 731 1783 utrinque
762 1712 953 1783 quoad
987 1711 1244 1783 primum
1287 1718 1344 1768 et
1393 1712 1670 1768 ultimum
1722 1713 2106 1783 incompletos

452 1817 580 1857 esse
611 1801 1058 1873 computandas.
1090 1803 1196 1857 Ast
1228 1803 1282 1856 1ο
1314 1802 1422 1858 hac
1455 1802 1652 1874 phrasi
1685 1802 1739 1856 id
1785 1803 1938 1873 quod
1973 1805 2106 1856 ante

2142 1849 2189 1912 B

2224 552 2480 608 notiores
2534 553 2840 624 Cypriane,
2887 570 3066 625 quam
3108 557 3172 608 ut
3222 553 3359 608 huic
3408 568 3476 608 ex
3515 553 3884 623 Cappadocia

2222 645 2352 712 post
2371 642 2440 696 22
2459 659 2644 697 annos
2667 643 2985 698 renuntiari
3008 642 3342 698 debuerint.
3357 642 3692 697 Persecutio
3711 641 3886 713 cmpit

2222 731 2331 786 sub
2363 730 2678 786 Maximino
2709 732 2781 787 ab
2839 749 2993 787 anno
3051 733 3180 787 235.
3245 732 3433 788 Terrae
3491 736 3692 786 motus
3750 737 3884 787 ante

2221 835 2440 875 annum
2461 821 2560 875 241
2587 837 2700 876 non
2725 820 3115 877 invaluerunt.
3139 820 3430 876 Audiatur
3443 819 3642 875 Julius
3661 821 3888 891 Capito-

2222 907 2405 976 linus,
2434 909 2687 981 scriptor
2709 910 3002 974 ethnicus,
3031 909 3130 982 qui
3153 909 3296 964 vixit
3316 911 3470 966 circa
3493 908 3674 964 ﬁnem
3700 925 3887 964 saecu-

2218 996 2280 1064 li,
2314 1015 2400 1064 ιιι,
2434 1003 2490 1054 et
2513 999 2746 1054 initium
2768 1017 2859 1055 1v:
2891 1022 2912 1048 ι
2937 1000 3232 1055 Gordiano
3256 999 3467 1054 iterum
3488 1004 3548 1054 et
3569 998 3890 1070 Papiniano

2221 1087 2565 1143 consulibus
2599 1088 2817 1144 bellum
2851 1090 3142 1144 Persicum
3172 1094 3372 1143 natum
3399 1092 3556 1142 est...
3583 1086 3700 1140 fuit
3725 1093 3892 1142 terra:

2219 1180 2416 1232 motus
2433 1194 2498 1232 eo
2518 1193 2707 1248 usque
2728 1177 3274 1249 gravis,imperante
3291 1175 3891 1244 Gordiano,utcivita-

2218 1271 2303 1322 tes
2327 1269 2532 1324 1392
2561 1269 2738 1324 etiam
2762 1273 2928 1324 terrae
2947 1269 3110 1324 hiatu
3135 1285 3265 1324 cum
3288 1267 3523 1340 populis
3547 1269 3887 1340 deperirent

2217 1358 2290 1413 ob
2323 1375 2448 1429 quae
2479 1359 2769 1414 sacriﬁcia
2808 1376 2912 1430 pcr
2957 1363 3138 1414 totam
3189 1359 3394 1414 urbem
3440 1363 3759 1430 totumque
3790 1375 3880 1413 or-

2217 1447 2350 1503 bem
2383 1451 2671 1503 terrarum
2703 1448 2968 1520 ingentia
2997 1449 3288 1504 celebrata
3326 1452 3465 1503 sunt
3513 1449 3610 1514 (4),
3667 1448 3885 1504 Sedato

2213 1540 2379 1593 terras
2413 1541 2599 1605 motu,
2632 1538 2970 1593 Prmtextato
3001 1542 3061 1593 et
3087 1538 3279 1593 Attico
3327 1537 3704 1600 consulibus.
3741 1537 3884 1592 Gor-

2217 1625 2428 1682 dianus
2473 1627 2768 1698 profectus
2816 1630 2904 1682 est
2953 1630 3157 1682 contra
3209 1627 3485 1681 Persas...
3527 1626 3588 1681 In
3627 1625 3887 1681 Persidis

2217 1714 2436 1770 finibus
2467 1717 2698 1772 occisus
2728 1733 2762 1770 a
2793 1715 3064 1788 Philippo
3095 1730 3457 1771 successore.
3492 1736 3515 1768 ι
3543 1746 3611 1755 -
3638 1720 3719 1769 At
3749 1730 3883 1769 vero

2220 1806 2514 1860 secundus
2535 1805 2808 1860 Gordiani
2831 1806 3173 1860 consulatus
3196 1809 3331 1859 ante
3351 1821 3572 1859 annum
3596 1804 3702 1859 2H
3747 1806 3884 1876 poni

456 1892 524 1943 15
548 1905 780 1945 menses
813 1889 1082 1961 contigit,
1117 1893 1253 1945 ante
1287 1895 1404 1946 tres
1446 1892 1564 1946 fere
1613 1908 1798 1946 annos
1831 1890 2113 1946 accidisse
2142 1889 2189 1912 ”
2221 1911 2335 1949 non
2369 1895 2614 1965 poterit;
2643 1911 2780 1966 ergo
2813 1895 2966 1948 inter
2997 1902 3157 1949 terrae
3192 1898 3415 1950 motum
3437 1898 3493 1948 et
3515 1911 3753 1949 annum
3778 1895 3885 1948 256

455 1979 569 2033 dici
593 1979 828 2050 poterit;
845 1995 1054 2050 nempe
1072 1980 1299 2050 primus
1313 1985 1370 2035 et
1387 1979 1633 2035 ultimus
1657 1997 1848 2036 annus
1870 1997 2112 2036 sumun-

454 2072 551 2122 tur
581 2066 950 2140 incomplete.
982 2071 1042 2122 2°
1089 2067 1168 2126 Ne
1217 2069 1453 2140 quidem
1504 2070 1574 2122 20
1616 2069 1753 2124 anni
1785 2087 1818 2124 a
1853 2073 2110 2140 tempore

459 2161 626 2212 terrae
659 2162 927 2213 motuum
977 2173 1166 2229 usque
1225 2158 1297 2212 ad
1347 2175 1567 2212 annum
1599 2159 1705 2212 258
1734 2159 2105 2224 effluxerunt,

455 2246 540 2300 uti
564 2247 690 2316 jam
722 2246 1072 2302 videbimus.

523 2337 613 2390 53.
648 2335 872 2406 Pergit:
913 2357 934 2383 α
971 2336 1160 2390 Terra:
1191 2340 1389 2390 motus
1420 2335 1596 2391 etiam
1631 2335 1868 2406 plurimi
1905 2339 1962 2390 et
1995 2336 2104 2392 l're-

453 2429 698 2496 quentes
727 2423 1078 2479 exstiterunt
1100 2426 1336 2496 (nempe
1355 2430 1490 2479 ante
1509 2426 1579 2478 22
1601 2441 1808 2495 annos,
1835 2426 2106 2497 tempori-

455 2515 565 2568 bus
622 2517 754 2584 post
801 2512 1238 2583 Alexandrum),
1294 2517 1360 2568 ut
1407 2530 1510 2585 per
1567 2513 1989 2586 Cappadociam
2047 2518 2105 2570 et

455 2605 706 2656 Pontum
733 2600 920 2656 multa
940 2601 1312 2664 subruerent,
1337 2603 1605 2673 quaedam
1629 2603 1805 2658 etiam
1839 2601 2101 2658 civitates

454 2692 513 2746 in
530 2692 884 2764 profundum
901 2695 1139 2762 recepta:
1152 2691 1368 2762 dirupti
1384 2692 1490 2746 soli
1507 2692 1668 2748 hiatu
1684 2693 2103 2748 devorarentur

457 2785 520 2836 ut
549 2798 616 2837 ex
645 2780 757 2837 hoc
790 2779 1119 2852 persecutio
1151 2779 1346 2852 gravis
1376 2782 1689 2837 adversum
1723 2799 1829 2837 nos
1859 2782 2100 2837 Christi-

453 2887 558 2926 nos
593 2870 773 2926 fieret.
810 2892 838 2918 »

523 2960 565 3014 Ι.
598 2961 872 3025 Quaenam
905 2959 1005 3014 illa
1035 2959 1223 3015 multa
1254 2976 1379 3032 qua
1404 2960 1744 3016 subruerint
1764 2961 1791 3016 τ
1820 2961 2094 3025 Quaenam

451 3049 558 3104 illae
592 3049 856 3105 civitates
885 3049 944 3103 in
976 3048 1343 3121 Cappadocia
1371 3054 1428 3104 et
1457 3053 1639 3104 Ponto
1661 3050 1688 3104 ?
1720 3049 1910 3104 Minor
1937 3050 2092 3120 quod

450 3143 652 3194 auctor
682 3136 901 3192 nullam
934 3138 992 3192 S.
1026 3137 1308 3210 Cypriano
1331 3138 1389 3192 in
1413 3137 1514 3193 illa
1534 3137 1780 3210 epistola
1805 3139 1882 3210 (2)
1908 3139 2093 3194 nomi-

451 3228 693 3282 naverit.

525 3317 595 3373 Il.
620 3315 906 3372 Eusebius
929 3331 1167 3371 causam
1191 3314 1362 3387 longe
1387 3314 1585 3381 aliam,
1610 3331 1713 3370 cur
1732 3315 2097 3387 temporibus

452 3410 588 3478 post
615 3404 1006 3460 Alexandrum
1041 3404 1394 3460 Maximinus
1426 3404 1484 3458 in
1525 3404 1854 3460 Chritianos
1903 3404 2100 3459 saevire

453 3495 711 3567 cceperit,
732 3495 1014 3566 assignat,
1040 3509 1250 3564 nempe
1271 3493 1470 3548 odium
1495 3493 1788 3549 Maximini
1821 3495 2100 3549 adversus

449 3583 842 3640 Alexandrum
861 3587 1290 3638 antecessorem
1311 3599 1484 3637 suum
1509 3601 1521 3648 ;
1553 3581 1863 3637 Alexandri
1885 3583 2101 3655 quippe

452 3675 663 3727 domus
722 3670 1052 3743 complures
1110 3672 1458 3726 numerabat
1511 3670 1890 3726 Christianos.
1942 3676 2101 3727 Hanc

454 3762 694 3816 domum
731 3765 794 3815 ut
835 3760 1203 3830 exstirparet,
1259 3761 1316 3814 in
1375 3759 1838 3816 Christianorum
1891 3777 2102 3816 nomen

459 3850 657 3906 saevire
691 3849 943 3905 decrevit
974 3850 1070 3920 (3).

529 3941 626 3995 Ill.
653 3943 866 3994 Verum
891 3939 1154 4010 estquod
1180 3938 1540 4009 temporibus
1562 3944 1695 4010 post
1713 3938 2103 3995 Alexandrum

466 4031 595 4084 dira
625 4029 950 4101 persecutio
983 4033 1040 4082 et
1070 4032 1233 4082 terrae
1265 4031 1459 4083 motus
1492 4028 1688 4100 magni
1724 4029 1972 4098 fuerint;
2005 4029 2105 4085 sed

467 4155 642 4210 fuerit
670 4155 738 4208 ad
777 4156 830 4207 S.
864 4153 1211 4226 Cyprianum
1240 4170 1252 4219 ;
1289 4169 1358 4207 an
1385 4151 1580 4226 nullus
1603 4153 2010 4225 episcoporum
2044 4155 2109 4210 il-

465 4226 655 4282 lorum
689 4225 923 4297 tempus
951 4225 1359 4297 'determinare
1388 4225 1595 4296 potuit,
1630 4243 1743 4297 quo
1775 4226 1874 4281 illa
1909 4243 2106 4282 recen-

467 4299 594 4353 tissi
609 4315 697 4351 ma
729 4296 875 4352 facta
905 4297 1288 4369 contigissent
1304 4296 1332 4347 ‘?

537 4371 614 4440 (1)
646 4370 930 4424 Dicuntur
979 4367 1444 4441 fuisseinumero
1477 4367 1711 4435 multis;
1747 4372 1804 4424 at
1855 4385 1985 4441 quae
2020 4370 2110 4426 vel

468 4444 669 4511 quales
700 4441 936 4505 fuerint,
969 4457 1082 4495 non
1115 4440 1367 4494 additur.
1393 4510 1398 4511 γ
1424 4440 1668 4511 Insuper
1709 4440 1884 4496 terrai
1917 4447 2111 4498 motus

469 4510 704 4594 plurimi
740 4517 796 4567 et
827 4514 1178 4594 frequentes.
1215 4510 1728 4594 Fleurius,lih.nv1_,
1755 4512 1831 4593 ξι
1858 4531 1870 4580 ;
1899 4514 2108 4594 Pagius

2221 1997 2336 2035 non
2371 1981 2665 2036 ﬂuxerunt
2695 1980 2831 2035 anni
2863 1982 2930 2034 22
2955 1980 3311 2052 incompleti.

2290 2069 2385 2123 1V.
2443 2071 2584 2126 Cum
2645 2069 3270 2141 pseudo-Firmilianus
3327 2086 3496 2126 suam
3555 2070 3877 2142 epistolam

2216 2160 2285 2212 22
2307 2159 2476 2214 annis
2509 2163 2640 2230 post
2668 2164 2830 2214 terrae
2863 2163 3056 2214 motus
3085 2159 3362 2230 scriptam
3404 2159 3587 2215 fuisse
3623 2167 3876 2226 asserat,

2217 2263 2452 2303 necesse
2481 2252 2590 2317 est,
2624 2263 2751 2302 eam
2780 2247 2995 2303 editam
3029 2247 3208 2302 fuisse
3238 2264 3392 2302 anno
3417 2249 3547 2318 253,
3573 2265 3698 2320 quo
3726 2255 3878 2303 terr.-

2214 2352 2353 2407 pore
2408 2337 2504 2391 SS.
2566 2336 2897 2408 Stephanus
2955 2341 3012 2392 ct
3066 2336 3388 2409 Cyprianus
3437 2338 3568 2407 jam
3640 2338 3882 2393 fuerant

2213 2423 2450 2480 mortui.

2281 2514 2372 2567 54.
2406 2537 2433 2564 ‹‹
2467 2513 2600 2576 Qua:
2633 2513 2957 2585 persecutio
3006 2519 3140 2585 post
3183 2513 3419 2586 longam
3466 2518 3625 2570 retro
3679 2517 3874 2570 astatis

2212 2619 2413 2674 pacem
2437 2609 2672 2674 repente
2695 2602 2898 2658 oborta
2917 2603 2987 2659 de
3009 2602 3310 2675 inopinato
3327 2608 3383 2660 et
3402 2609 3689 2660 consueto
3716 2605 3875 2660 male

2211 2692 2279 2746 ad
2310 2692 2668 2746 turbandum
2703 2691 2980 2763 populum
3014 2696 3280 2748 nostrum
3314 2692 3633 2748 terribilior
3665 2694 3875 2750 eti‘ecta

2208 2785 2449 2852 est,quzn
2471 2786 2665 2836 tamen
2689 2780 2890 2836 localis
2911 2785 3142 2836 tantum
3165 2782 3526 2851 fuerit,extra
3549 2783 3708 2838 lines
3732 2783 3872 2854 Cap-

2208 2868 2462 2939 padociae
2495 2884 2608 2923 non
2640 2871 2944 2923 extensa...
2977 2867 3257 2924 Serianus
3281 2874 3417 2924 tunc
3440 2869 3553 2924 fuit
3574 2871 3635 2925 in
3663 2876 3869 2926 nostra

2206 2957 2501 3028 provincia
2531 2973 2765 3028 praeses,
2799 2959 3044 3013 acerbus
3075 2962 3130 3012 et
3161 2957 3325 3013 dirus
3357 2964 3726 3029 persecutor.
3771 2983 3797 3007 η

2274 3045 2580 3102 1.8mculo
2641 3063 2700 3101 ιιι
2762 3047 2999 3102 fuerunt
3056 3047 3486 3119 persecutiones
3527 3049 3863 3120 generales.

2205 3137 2260 3191 1ο
2290 3137 2409 3192 Sub
2441 3137 2650 3192 Severo
2682 3135 3030 3208 gravissima
3061 3139 3140 3206 (5)
3186 3154 3288 3208 per
3334 3139 3661 3210 Europam,
3715 3139 3868 3194 Afri-

2124 3212 2167 3279 C
2205 3242 2332 3281 cam
2364 3230 2421 3280 et
2452 3226 2650 3281 Asiam
2675 3225 2743 3280 ad
2769 3241 2990 3281 annum
3008 3227 3103 3280 2H
3135 3231 3190 3281 et
3213 3225 3401 3293 ultra;
3440 3232 3504 3281 ut
3536 3232 3774 3283 taceam
3798 3229 3865 3282 de

2208 3315 2570 3386 temporibus
2613 3313 2946 3370 Alexandri.
2991 3316 3048 3368 2°
3089 3315 3220 3370 Fuit
3268 3316 3376 3371 sub
3420 3316 3751 3373 Maximino
3799 3319 3869 3372 ab

2213 3421 2364 3459 anno
2384 3405 2510 3474 235,
2531 3420 2646 3475 quo
2671 3409 2930 3475 tempore
2953 3403 3231 3476 Origenes
3248 3423 3276 3459 e
3300 3403 3613 3460 Palaestina
3637 3406 3700 3460 in
3724 3406 3872 3478 Cap-

2212 3493 2514 3564 padociam
2547 3495 2861 3548 secessisse
2882 3493 3173 3560 creditur;
3197 3495 3254 3548 3°
3275 3493 3432 3549 Decii
3458 3495 3532 3549 ab
3558 3511 3720 3551 anno
3741 3497 3873 3562 250,

2212 3586 2324 3639 etc.
2359 3582 2464 3638 Ubi
2489 3583 2615 3652 jam
2645 3581 2745 3637 illa
2775 3583 3056 3637 diuturna
3084 3588 3222 3640 aetas
3254 3584 3498 3656 paciﬁca
3529 3585 3653 3654 (6)?

2284 3671 2354 3726 II.
2390 3669 2622 3726 Falsum
2653 3676 2761 3741 est,
2796 3672 2949 3743 quod
2984 3673 3306 3742 persecutio
3354 3673 3690 3741 Maximini,
3722 3675 3875 3730 circa

2214 3775 2428 3816 annum
2461 3760 2568 3814 235
2617 3759 2881 3828 excitata,
2930 3761 3104 3816 fuerit
3149 3762 3433 3818 duntaxat
3473 3761 3688 3818 localis
3721 3765 3872 3819 intra

2214 3850 2592 3922 Cappadociae
2624 3849 2770 3905 fines
2803 3851 3089 3912 restricta,
3125 3867 3255 3906 cum
3291 3852 3651 3907 universalis
3701 3854 3870 3907 fuerit

2217 3943 2420 3994 contra
2449 3939 2796 3994 sacerdotes.
2831 3939 3246 3995 Vehementius
3268 3941 3450 3995 saeviit
3473 3941 3532 3995 in
3557 3941 3874 3998 Palmstiua

2216 4031 2363 4084 teste
2387 4026 2630 4083 Eusebio
2652 4029 2749 4098 (7).
2778 4028 2838 4082 In
2862 4027 3030 4082 Italia
3051 4028 3107 4083 S.
3129 4028 3474 4084 Pontianum
3500 4046 3726 4101 papam
3753 4048 3872 4084 sus-

2219 4150 2471 4206 dentiam
2498 4150 2672 4205 unius
2694 4151 2896 4206 militis
2917 4151 3231 4207 Christiani
3253 4169 3524 4208 coronam
3551 4154 3870 4210 militarem

2220 4223 2405 4296 capite
2437 4228 2664 4296 gestare
2697 4225 2994 4296 renuentis
3043 4225 3224 4280 fuisse
3272 4241 3511 4279 causam
3546 4225 3715 4280 illius
3750 4244 3870 4296 per-

2221 4294 2556 4350 secutionis.
2592 4325 2658 4333 -—-
2688 4295 2847 4360 Quod
2897 4294 3219 4350 Alexander
3259 4296 3608 4350 Christianis
3645 4294 3873 4358 faverit.

2221 4371 2584 4438 contestatur
2603 4365 2786 4421 IElius
2815 4367 3185 4438 Lampridius
3208 4369 3454 4438 scriptor
3475 4367 3765 4424 ethnicus
3790 4372 3875 4423 his

2221 4438 2451 4496 verbis:
2503 4437 2819 4493 Alexander
2875 4437 3210 4494 Christianos
3258 4437 3450 4510 passus
3507 4450 3665 4496 est...
3722 4443 3876 4497 Chri-

2219 4513 2304 4566 sto
2331 4510 2595 4580 templum
2639 4512 2824 4580 facere
2867 4512 3060 4574 voluit,
3104 4528 3335 4582 eumque
3382 4514 3528 4566 inter
3559 4512 3690 4566 deos
3737 4517 3876 4568 rcci-

467 4575 602 4637 illos
631 4590 795 4638 terrae
831 4575 1025 4638 motus
1070 4583 1381 4653 alligarunt
1428 4598 1578 4654 anno
1617 4575 2113 4652 235,vinnite‘ntes
2142 4575 2188 4639 D
2217 4597 2412 4654 pere...
2437 4575 2450 4580 ’
2479 4575 2806 4654 Christianis
2846 4583 3101 4652 permisit
3144 4575 3318 4637 Deam
3345 4600 3506 4637 suum
3539 4587 3768 4654 publica
3796 4603 3874 4639 m-

467 4656 1085 4726 pseudo-Firmiliano;
1117 4654 1438 4726 Selvagius,
1471 4653 1572 4708 lib.
1615 4671 1652 4718 1,
1693 4670 1742 4708 c.
1773 4655 1827 4720 9,
1860 4657 1968 4725 §9,
2003 4657 2108 4711 ad—

469 4725 628 4780 ducit
659 4726 1057 4781 testimonium
1083 4725 1370 4796 Origenis,
1396 4725 1553 4780 hom.
1573 4726 1641 4778 28
1672 4727 1732 4779 in
1759 4729 2106 4784 Manlianum.

469 4803 575 4852 Ast
607 4799 670 4870 lt]
701 4798 807 4870 illm
842 4798 1093 4853 humilia:
1127 4805 1267 4852 sunt
1293 4797 1673 4870 probabiliter
1701 4800 2106 4870 supposititiae,

467 4873 615 4925 teste
647 4869 1020 4924 Bellarmino.
1043 4876 1102 4924 2°
1123 4871 1368 4925 Pseudo—
1386 4868 1663 4939 Origenes
1685 4868 2106 4925 ait’d‘untaxat:

469 4941 682 4996 Scimus
711 4943 865 5011 apud
895 4959 987 4996 nos
1017 4948 1176 4997 terra?
1208 4945 1408 4994 malum
1441 4956 1558 4994 esse
1583 4944 1824 5010 factum:
1865 4948 1954 4996 ast
1984 4943 2108 5008 ubi,

469 5029 584 5084 quo
616 5030 787 5075 anno.
822 5031 932 5068 non
969 5014 1150 5068 addit.
1182 5013 1351 5084 Porro
1379 5012 1527 5079 quod
1560 5016 1821 5082 tempore
1844 5014 2110 5083 Origenis

469 5083 637 5140 terrm
660 5092 853 5140 motus
871 5088 1078 5139 fuerint
1097 5083 1576 5152 admittomrmpe
1599 5085 1748 5137 circa
1770 5101 1987 5138 annum
2006 5087 2113 5138 242

467 5157 608 5211 item
641 5159 793 5211 circa
825 5175 1040 5211 annum
1076 5156 1200 5228 20;),
1235 5171 1349 5228 qgilt’)
1406 5153 1609 5228 ultimo
1653 5172 1803 5209 anno
1833 5158 2108 5228 Origenes

470 5229 672 5282 florere
703 5230 894 5299 rmpit.
929 5229 1056 5282 Vid.
1094 5226 1378 5299 Fleurius,
1413 5224 1511 5299 lib.
1549 5241 1598 5291 v,
1621 5228 1758 5299 §_20.

541 5301 616 5370 (2)
645 5296 813 5354 Aliud
845 5302 989 5354 feret
1018 5300 1074 5352 in
1108 5296 1384 5370 historico
1416 5296 1764 5370 quimultas
1795 5313 1886 5352 res
1916 5301 2110 5370 gestas

470 5370 528 5425 in
549 5367 974 5443 compendium
1001 5370 1230 5443 redigit,
1255 5367 1340 5421 vel
1361 5367 1632 5443 inprima
1657 5373 1788 5443 post
1808 5367 1970 5424 terra?
1995 5385 2112 5424 mo-

469 5447 591 5498 tum
608 5439 1076 5498 consternatione
1094 5439 1414 5497 infortunia
1431 5439 1530 5494 illa
1548 5439 1605 5494 in
1628 5440 1880 5496 Africam
1902 5458 2113 5496 renun-

468 5513 672 5568 tianda
703 5513 1024 5570 habuisset.
1385 5570 1387 5572 .

541 5586 617 5658 (3)
648 5585 956 5658 Eusebius,
973 5586 1074 5642 lib.
1096 5603 1174 5651 vr,
1197 5601 1244 5642 c.
1271 5585 1357 5658 28.
1379 5582 1524 5658 Huic
1546 5582 1734 5658 magis
1755 5584 2108 5658 credendum

471 5655 647 5734 quam
682 5655 963 5736 Selvagio’,
998 5658 1102 5716 lib.
1139 5676 1178 5724 ι,
1211 5673 1260 5715 e.
1301 5656 1354 5720 9,
1387 5656 1415 5727 §
1443 5656 1498 5728 9,
1530 5655 1830 5730 opinanti:
1883 5657 2111 5732 impru-

2223 4652 2376 4716 lcre;
2416 4669 2453 4707 a
2511 4652 2864 4718 Christianis,
2925 4654 3007 4708 vel
3060 4654 3265 4710 Iudaeis
3311 4652 3625 4710 didicerat:
3667 4681 3689 4701 -
3731 4657 3874 4724 Quod

2219 4725 2323 4780 tibi
2350 4739 2458 4778 non
2488 4726 2569 4778 vis
2599 4724 2722 4792 ﬁeri
2741 4727 2907 4779 alteri
2923 4740 2993 4779 ne
3010 4728 3222 4795 laceris.
3252 4750 3277 4773 η
3302 4727 3416 4781 Hoc
3447 4743 3566 4780 non
3599 4728 3874 4782 obstante

2211 4795 2645 4870 jurisconsulti,
2675 4796 3060 4870 ut_Ulpianus,
3087 4804 3291 4870 contra
3316 4798 3688 4853 Christianos
3714 4817 3872 4870 gras-

2219 4869 2330 4921 sati
2354 4869 2542 4941 _fuere.
2577 4874 2641 4920 ut
2672 4867 3055 4922 nihilominus
3080 4869 3248 4923 multi
3283 4877 3565 4941 martyres
3596 4867 3870 4925 sub—Ale-

2218 4939 2440 4994 xandro
2472 4939 2818 5008 imperatore
2844 4941 3018 4993 occisi
3055 4943 3288 4994 l'uerint.
3322 4939 3450 4996 Ητρὲ
3475 4943 3778 4997 subnoxui
3804 4943 3869 4996 ad

2219 5011 2713 5082 prmoccupandas
2740 5011 3112 5081 objectiones.

2292 5082 2362 5150 (ἦ)
2415 5081 2818 5136 Verosimilius
2874 5087 2962 5135 est
3018 5088 3072 5135 et
3132 5082 3476 5138 Christianis
3534 5083 3870 5139 libertatem

2222 5154 2400 5206 fuisse
2433 5169 2763 5207 concessam
2803 5171 2974 5207 suum
3016 5156 3189 5208 Deum
3224 5156 3516 5209 exorandi.

2293 5225 2360 5288 (5:
2401 5225 2628 5293 lCuseb.,
2664 5227 2723 5279 Η.
2756 5227 2843 5287 Ε..
2871 5225 2907 5278 l.
2941 5241 3018 5288 γι,
3049 5242 3096 5278 c.
3129 5227 3182 5280 6.

2292 5297 2367 5366 (6)
2397 5295 2930 5350 Pseudo-Lactantii
2965 5297 3127 5359 liber,
3162 5296 3268 5351 hac
3293 5298 3347 5352 in
3375 5313 3432 5351 re
3462 5314 3579 5351 non
3616 5305 3876 5353 meretur

2223 5366 2391 5421 [idem
2405 5366 2649 5422 .Videsis
2664 5384 2823 5422 meas
2837 5368 3282 5423 dissertationes
3303 5369 3366 5423 de
3387 5370 3686 5424 Cathedris
3703 5371 3868 5426 Petri.

2289 5438 2366 5514 (7)
2400 5439 2608 5514 Euseb.
2643 5439 2679 5493 l.
2715 5456 2789 5502 νι,
2822 5455 2946 5510 cap.
2980 5442 3082 5507 28-,
3119 5440 3402 5514 Fleurius,
3437 5441 3477 5510 Ι,
3512 5458 3593 5514 vi,
3626 5443 3655 5509 ἓ
3685 5442 3744 5498 3.
3780 5459 3872 5514 pu-

2218 5509 2636 5594 tatprigenenm
2673 5517 2830 5594 metu
2867 5509 3285 5594 persecutionis
3303 5509 3468 5594 illius
3493 5529 3524 5567 e
3557 5509 3870 5594 Palaestina

2219 5581 2528 5662 fugissem
2560 5581 2982 5662 Cappadociam
3008 5584 3084 5662 ad
3115 5587 3171 5638 S.
3207 5583 3643 5656 Firmilianum,
3671 5585 3871 5662 ibique

2220 5653 2466 5712 biennio.
2483 5653 2909 5714 commoratum
2941 5654 3140 5713 fuisse.
