4112 6174
241 264 400 326 1849

1190 258 1387 324 PARS
1432 261 1510 322 II.
1545 293 1621 306 —
1653 260 2217 324 RECENTIORUM
2266 263 2707 329 EXCURSUS.

3494 270 3654 331 H50

241 393 462 461 tulit,et
482 390 1054 464 fateturipsePagius
1079 390 1482 449 Firmilianicaa
1500 393 1893 465 patronus(8),
1924 395 1979 460 Α
2009 410 2303 465 usurpans
2332 400 2397 452 ut
2424 396 2569 452 nihil
2601 398 2931 470 discrepare
2962 398 3274 469 videretur,
3294 404 3426 471 etc.,
3459 407 3523 457 ut
3555 419 3653 456 su-

243 483 345 557 qui
376 482 551 539 etiam
583 480 845 537 admittit
875 497 1001 537 eam
1033 480 1091 535 in
1127 480 1354 553 Illyrico
1385 486 1442 537 et
1470 481 1709 537 Thracia
1736 498 1895 554 gras-

242 576 435 627 satam
470 570 669 627 fnisse.
690 570 776 625 An
809 569 1073 625 dicemus
1095 570 1152 625 S.
1181 569 1587 626 Firmilianum
1611 571 1729 626 haec
1749 567 1897 624 falsa

240 678 311 718 ex
340 662 435 716 ires
465 660 688 731 impetu
721 659 1025 725 etfutiisse,
1059 664 1126 715 ut
1155 676 1335 731 supra
1372 676 1535 715 num.
1568 659 1635 714 37
1656 658 1684 714 Ἰ

297 752 505 808 1898
524 751 619 807 IlI.
632 752 819 805 Durus
834 754 891 807 et
903 750 1148 805 acerbus
1170 748 1271 805 illo
1288 754 1546 822 tempore
1564 753 1900 821 persecutor

242 842 353 897 fuit
373 840 728 897 Maximinus
743 839 1195 911 imperator,sub
1220 856 1331 907 quo
1351 844 1621 910 parentes
1639 839 1676 893 S
1701 837 1899 893 Basilii

242 932 436 1005 Magni
468 932 526 985 in
563 930 724 986 silvis
756 929 1009 985 Ponticis
1056 928 1156 984 diu
1192 929 1518 994 latitarunt,
1550 934 1612 984 ut
1660 946 1728 984 ex
1757 929 1898 984 Gre-

243 1023 406 1094 gorio
438 1020 613 1075 Nanz.
648 1023 913 1086 constat;
947 1022 1004 1075 et
1048 1017 1252 1075 nescio
1286 1036 1358 1074 an
1401 1019 1767 1091 Cappadocia
1798 1035 1900 1090 pre

242 1115 385 1165 tunc
416 1109 689 1165 habuerit
719 1107 1031 1180 specialem
1082 1108 1415 1180 praesidem,
1452 1108 1687 1164 nomine
1714 1107 1901 1163 Seria-

247 1216 415 1254 num.
448 1198 683 1253 Interim
716 1197 797 1265 id,
831 1197 925 1252 cui
965 1196 1100 1253 nolo
1148 1197 1471 1267 immorari,
1504 1214 1574 1253 ex
1602 1197 1901 1269 scriptori-

248 1288 362 1344 bus
389 1285 648 1360 profanis
678 1284 1075 1358 eelligendum
1110 1286 1275 1342 feret.

324 1376 411 1431 IV.
445 1376 589 1432 Cum
615 1374 1249 1446 pseudo-Firmilianus
1276 1380 1566 1446 supponat
1587 1375 1748 1430 illam
1785 1391 1907 1447 per-

250 1464 610 1520 secutionem
658 1467 713 1517 S.
766 1463 1051 1535 Cypriane
1105 1464 1284 1519 fuisse
1343 1464 1625 1536 ignotam,
1674 1469 1730 1519 et
1776 1464 1905 1519 ideo

249 1553 389 1608 huic
411 1553 677 1609 eamdem
710 1552 1003 1607 renuntiet
1033 1557 1165 1624 post
1220 1554 1290 1607 22
1337 1569 1543 1617 annos,
1573 1552 1904 1608 mirandum

251 1644 309 1697 1ο
335 1642 452 1697 Cur
476 1641 694 1697 nullius
716 1641 990 1714 martyris
1012 1657 1225 1697 nomen
1244 1642 1552 1711 addiderit,
1576 1642 1664 1697 vel
1687 1641 1908 1713 passio-

246 1732 344 1787 nis
376 1731 615 1787 modum
637 1730 664 1784 ?
691 1732 749 1784 2'
780 1730 895 1786 Cur
924 1730 1165 1785 alterius
1214 1730 1676 1801 persecutionem
1709 1747 1909 1786 recen-
1939 1766 1986 1832 Β

246 1820 416 1876 tierie
447 1820 557 1876 sub
581 1819 752 1875 Decio
774 1819 831 1873 in
853 1818 1220 1891 Cappadocia
1239 1820 1316 1891 (9)
1340 1820 1410 1875 ab
1435 1836 1588 1875 anno
1618 1820 1722 1873 250
1743 1836 1905 1891 gras-

247 1914 389 1965 sata:
422 1926 537 1964 non
573 1908 923 1963 meminerit.

325 1998 515 2063 Addit
547 1996 723 2052 aliam
784 1996 1092 2051 historiam
1147 1997 1315 2052 valde
1366 1997 1715 2069 paradexam
1773 1997 1911 2068 (10),

252 2103 467 2159 nempe
497 2086 819 2143 daemonem
862 2086 923 2140 in
972 2086 1354 2157 Cappadocia,
1389 2103 1491 2141 seu
1545 2086 1846 2141 mulierem
1880 2103 1913 2141 a

256 2176 521 2230 daemone
573 2175 897 2241 obsessam,
951 2189 1349 2242 consecrasse,
1410 2173 1740 2246 baptizasse
1805 2176 1912 2231 sub

264 2265 452 2319 forma
481 2262 775 2336 legitima;

344 2376 371 2403 ‹‹
406 2352 477 2407 Ut
523 2351 669 2407 nihil
701 2352 1030 2424 discrepare
1062 2353 1133 2407 ab
1181 2352 1571 2409 ecclesiastica
1600 2352 1803 2425 regula
1831 2352 1913 2407 vi-

268 2445 523 2500 deretur.
552 2443 699 2507 Quid
752 2444 931 2515 igitur
962 2444 1032 2499 de
1080 2443 1260 2514 hujus
1308 2444 1598 2515 baptismo
1629 2444 1914 2509 dicemus,

269 2552 386 2606 quo
410 2532 800 2605 nequissimus
832 2533 1057 2587 daemon
1090 2549 1191 2603 per
1220 2534 1525 2588 mulierem
1563 2532 1919 2603 baptizavit?

266 2622 543 2694 Nunquid
594 2626 651 2676 et
700 2620 808 2676 hoc
865 2620 1180 2693 baptisma,
1213 2627 1270 2676 et
1318 2621 1418 2693 qui
1466 2621 1549 2676 illi
1583 2620 1918 2693 (Stephano)

265 2712 664 2777 consentiunt,
698 2710 1190 2782 comprobant?...
1226 2710 1419 2765 Potest
1460 2710 1615 2765 credi
1648 2711 1915 2766 remissio

264 2806 635 2874 peccatorum
667 2800 869 2854 data...
904 2800 1003 2855 ubi
1055 2800 1272 2868 omnia,
1306 2799 1575 2870 quamvis
1606 2800 1675 2854 ad
1709 2799 1916 2870 imagi-

264 2906 401 2946 nem
434 2889 713 2955 veritatis,
736 2893 927 2943 tamen
954 2906 1056 2960 per
1084 2890 1406 2944 daemonem
1441 2893 1606 2959 gesta
1636 2893 1771 2943 sunt
1806 2887 1920 2943 nisi

264 2983 326 3034 et
375 2979 696 3033 daemonem
729 2977 787 3031 in
821 2976 1054 3032 nomine
1086 2977 1271 3031 Patris
1318 2981 1375 3032 et
1422 2976 1547 3031 Filii
1578 2981 1633 3031 et
1663 2976 1918 3048 Spiritus

267 3069 453 3124 sancti
494 3067 741 3140 gratiam
792 3067 1069 3139 baptismi
1120 3067 1350 3121 dedisse
1399 3068 1779 3133 contendunt,
1814 3066 1919 3137 qui

2005 502 2129 557 pra.
2170 509 2195 534 ››

2080 573 2123 628 Ι.
2160 576 2284 629 Hinc
2317 577 2459 645 istic,
2482 578 2539 632 id
2566 582 2657 634 est
2676 580 3041 651 Cappadocia
3062 584 3210 647 ante,
3233 581 3304 635 22
3334 580 3449 637 fere
3472 598 3657 637 annos

2006 662 2322 735 contigisse
2354 666 2649 721 renuntiat
2672 668 3305 739 pseudo-Firmilianus
3328 669 3657 741 Cypriane;

2008 767 2112 805 cur
2142 768 2256 807 non
2290 754 2405 810 ait:
2439 756 2546 824 hic,
2579 758 2733 826 apud
2776 774 2893 823 nos,
2940 774 3057 814 meo
3107 763 3347 829 tmpore
3395 759 3648 830 contige-

2008 840 2191 896 runt?
2237 842 2538 913 Siquidem
2598 846 2651 899 S.
2690 846 3059 901 Firmilianus
3105 863 3279 902 anno.
3326 847 3450 915 235,
3486 848 3657 902 modo

2011 930 2199 985 fuerat
2228 931 2540 1004 episcOpus
2572 934 2629 987 in
2661 936 3043 1006 Cappadocia.
3071 936 3235 991 Ratio
3269 935 3433 991 facile
3461 940 3617 1008 patet
3642 953 3655 991 :

2012 1023 2212 1074 noster
2241 1020 2530 1076 fabulator
2578 1038 2692 1077 non
2737 1023 3018 1078 habitavit
3059 1024 3119 1078 in
3166 1024 3573 1095 Cappadocia;
3606 1027 3664 1080 et

1964 1182 1967 1185 _
2012 1106 2378 1179 impossibile
2399 1114 2487 1165 est
2519 1111 2859 1168 mendacem
2887 1112 2995 1167 sibi
3020 1128 3253 1185 semper
3282 1128 3409 1169 esse
3441 1128 3661 1168 memo-

2014 1211 2158 1252 rem.
2190 1196 2256 1251 V.
2292 1215 2350 1253 n.
2384 1199 2577 1264 34,11.

2085 1286 2155 1341 Il.
2190 1290 2276 1341 An
2310 1304 2441 1342 cum
2476 1288 2688 1345 mulier
2716 1289 2815 1344 illa
2848 1294 2980 1363 post
3010 1291 3231 1361 longum
3262 1300 3473 1363 tempus
3504 1288 3665 1346 solli-

2014 1374 2281 1429 citaverit
2314 1376 2760 1449 fraternitatem,
2801 1379 3005 1435 multos
3057 1379 3457 1451 baptizaverit,
3486 1380 3665 1451 pluri-

2012 1462 2273 1529 mos,imo
2296 1463 2552 1532 singulos
2573 1464 3258 1537 deceperit,singulorum
3279 1471 3505 1522 mentes
3526 1466 3667 1521 sub-

2016 1551 2218 1623 egerit,
2250 1557 2382 1624 etc.,
2416 1552 2617 1610 nullus
2664 1558 2843 1610 tanta:
2886 1554 3038 1611 cladi
3086 1554 3146 1611 in
3197 1555 3563 1628 Cappadocia
3606 1571 3668 1611 se

2016 1640 2336 1713 opposuit?
2393 1642 2664 1698 Omnino.
2715 1643 3020 1715 Siquidem
3077 1647 3264 1700 statim
3318 1643 3414 1700 ille
3460 1644 3669 1699 1894

2018 1730 2211 1786 malus
2240 1731 2481 1803 spiritus
2514 1733 2627 1788 fuit
2656 1733 2988 1801 revinctus;
3024 1750 3089 1789 ac
3130 1734 3535 1807 presbyterum
3584 1731 3670 1787 illi

2020 1818 2252 1875 mulieri
2289 1821 2469 1877 fuisse
2500 1822 2872 1894 permistum,
2904 1840 3019 1878 non
3056 1822 3169 1878 nisi
3202 1839 3271 1879 ex
3302 1826 3433 1895 post
3478 1822 3672 1878 detec-

2019 1912 2145 1963 tum
2179 1909 2330 1977 fuit;
2365 1911 2658 1982 quomodo
2691 1910 2833 1979 illud
2870 1910 3098 1983 longum
3142 1916 3350 1985 tempus
3378 1910 3671 1983 explicari-

2021 1997 2163 2052 dum
2195 1998 2291 2065 sit,
2324 1999 2577 2055 viderint
2606 1999 2725 2055 alii.

2094 2109 2121 2137 ‹‹
2155 2087 2300 2143 Nam
2334 2089 2527 2143 subite
2547 2088 2816 2161 apparuit
2847 2089 2931 2144 illi
2954 2106 3111 2145 unus
3142 2090 3213 2145 de
3232 2088 3536 2145 exercistis
3565 2088 3675 2142 vir-

2022 2175 2299 2246 probalus
2327 2193 2341 2244 ;
2375 2177 2473 2247 qui
2506 2177 2904 2233 exhortatione
2935 2194 3165 2249 quoque
3202 2179 3449 2233 fratrum
3482 2176 3671 2249 pluri-

2024 2281 2275 2320 merum.
2303 2266 2404 2337 qui
2456 2270 2513 2322 et
2560 2266 2671 2338 ipsi
2723 2267 2921 2334 fortes,
2970 2271 3028 2322 et
3075 2266 3403 2322 laudabiles
3448 2266 3508 2321 in
3558 2266 3671 2321 fide

2025 2354 2289 2421 aderant,
2322 2354 2605 2411 excitatus
2636 2355 2815 2411 erexit
2843 2372 2906 2411 se
2955 2360 3158 2412 contra
3194 2356 3365 2410 illum
3396 2354 3670 2427 spiritum

2026 2459 2278 2514 nequam
2312 2442 2743 2499 revincendum.
2780 2466 2809 2495 »

2100 2533 2139 2586 Ι.
2196 2531 2383 2602 Hujus
2440 2533 2734 2587 exorcistaa
2785 2550 2997 2589 nomen
3045 2533 3168 2605 (qui
3221 2532 3677 2588 dermitantibus

2026 2620 2337 2693 episcopis,
2389 2620 2744 2692 presbyteris
2792 2624 2847 2676 et
2894 2621 3239 2677 diaconibus
3288 2626 3407 2693 post
3455 2622 3680 2691 longum

2025 2718 2230 2780 tempus
2276 2708 2461 2765 subito
2508 2710 2784 2781 apparuit
2830 2709 3062 2765 mulieri
3114 2726 3244 2781 quae
3304 2710 3437 2765 istic
3484 2710 3678 2764 subite

2027 2798 2367 2868 emerserat)
2403 2798 2645 2869 dignum
2698 2799 2903 2854 fuisset
2953 2802 3017 2853 ut
3065 2800 3122 2854 S.
3156 2798 3443 2870 Cypriane
3475 2797 3683 2852 fuisset

2026 2887 2414 2958 perscriptum
2448 2886 2573 2943 loco
2597 2887 2818 2943 Rustici
2841 2889 3019 2959 (quod
3051 2892 3141 2942 est
3163 2903 3372 2943 nomen
3406 2887 3673 2942 Latinum

2026 2992 2143 3031 non
2173 2976 2455 3046 Graecum)
2506 2976 2848 3048 presbyteri,
2882 2975 2981 3047 qui
3032 2974 3264 3031 mulieri
3312 2975 3679 3031 demoniacaa

2034 3064 2355 3135 permistus
2388 3064 2567 3120 fuisse
2590 3065 2857 3120 studiose
2904 3064 3171 3119 refertur.
3197 3064 3307 3119 Sed
3346 3081 3536 3120 nonne
3579 3064 3681 3120 illa

266 3130 677 3212 haereticorum
700 3130 992 3227 baptisma
1012 3154 1351 3211 defendunt.
1375 3174 1400 3206 ιι
1432 3156 1606 3211 Porro
1639 3130 1917 3211 narratio~
1951 3130 1994 3198 C
2034 3130 2323 3209 enarratio
2344 3154 2496 3208 cedit
2525 3154 2582 3207 in
2616 3154 2984 3209 manifestam
3010 3153 3067 3208 S.
3104 3152 3427 3208 Firmiliani
3456 3155 3679 3225 episce-

271 3263 408 3302 nem
437 3244 656 3317 incepit
684 3244 778 3299 his
808 3244 999 3299 verbis
1024 3261 1037 3299 :

350 3357 376 3385 α
408 3334 657 3390 Emersit
687 3333 816 3389 istic
847 3333 1045 3388 subite
1078 3332 1337 3404 (quando
1368 3333 1570 3388 fideles
1602 3338 1758 3388 metu
1792 3350 1919 3404 per-

273 3423 590 3481 secutionis
639 3421 841 3477 localis
890 3438 920 3477 e
950 3420 1312 3493 Cappadocia
1353 3421 1411 3476 in
1462 3421 1604 3476 alias
1660 3421 1923 3493 regiones

274 3512 593 3584 fugiebant)
628 3510 889 3582 quaedam
924 3509 1135 3565 mulier
1163 3509 1296 3581 (11),
1330 3526 1457 3581 quae
1507 3509 1922 3581 principalium

275 3600 697 3657 dameniorum
720 3599 940 3669 impetu
966 3598 1275 3669 ferebatur,
1304 3602 1483 3668 utper
1512 3596 1751 3670 longum
1775 3603 1923 3654 tem-

274 3706 388 3761 pus
417 3687 775 3754 sellicitaret,
801 3692 856 3743 et
887 3687 1179 3758 deciperet
1206 3685 1627 3742 fraternitatem
1650 3692 1708 3742 et
1738 3688 1925 3742 facere

274 3796 341 3834 se
382 3783 596 3834 terram
645 3775 861 3832 moveri
907 3774 1293 3847 polliceretur.
1327 3775 1551 3839 Quibus
1604 3776 1925 3832 mendaciis

276 3868 506 3922 daemon
529 3864 838 3937 subegerat
861 3869 1085 3919 mentes
1107 3863 1475 3935 singulorum
1500 3869 1562 3918 ut
1583 3865 1695 3919 sibi
1726 3864 1925 3920 obedi-

275 3961 429 4025 rent,
463 3961 519 4011 et
547 3972 897 4027 quocunque
937 3953 1272 4026 praeciperet
1319 3958 1376 4009 et
1422 3954 1679 4020 duceret,
1722 3969 1925 4024 selue-

278 4049 505 4100 rentur.
540 4043 763 4099 Diceret
784 4046 959 4098 etiam
994 4042 1225 4112 mulier,
1250 4058 1311 4097 se
1343 4042 1400 4096 in
1431 4043 1693 4097 Judmam
1724 4048 1780 4097 et
1802 4042 1928 4097 Hie-

278 4132 631 4204 rosolymam
654 4133 1476 4204 festinareﬁngens,tanquam
1499 4131 1634 4186 inde
1650 4130 1923 4187 venisset.

280 4222 386 4277 Hie
409 4226 465 4277 et
484 4238 668 4277 unum
694 4222 763 4276 de
788 4220 1145 4293 presbyterio
1170 4220 1645 4286 Rusticum,item
1669 4224 1725 4275 et
1746 4220 1925 4275 alium

281 4312 598 4366 diaconum
617 4309 907 4378 fefellit,ut
922 4310 1111 4365 eidem
1135 4308 1365 4365 mulieri
1385 4309 1927 4376 commiscerentur,

281 4400 440 4471 quod
473 4398 644 4471 paulo
670 4402 801 4471 post
829 4398 1116 4454 detectum
1142 4403 1250 4466 est;
1272 4415 1403 4454 nam
1441 4398 1634 4453 subite
1659 4397 1931 4469 apparuit

2027 3244 2106 3315 pi,
2131 3242 2429 3314 totiusque
2460 3242 2664 3314 reliqui
2697 3242 2833 3297 cleri
2864 3240 3144 3297 Catholici
3174 3241 3478 3297 infamiam
3501 3242 3529 3295 ‘I
3551 3245 3684 3296 Pre-

2030 3331 2328 3403 sbyterum
2385 3335 2443 3385 et
2497 3331 2833 3397 diaconum,
2878 3347 3025 3402 ques
3079 3329 3310 3385 mulieri
3366 3330 3680 3401 permistos

2032 3420 2212 3476 fuisse
2245 3418 2417 3491 paulo
2462 3425 2592 3491 post
2638 3421 2934 3475 detectum
2982 3423 3092 3489 est,
3127 3420 3450 3488 habemus;
3484 3417 3681 3474 nullus

2032 3508 2133 3580 qui
2166 3524 2228 3563 se
2260 3507 2491 3563 mulieri
2519 3509 2909 3580 opposuisset,
2941 3526 3009 3564 ex
3037 3508 3349 3581 episcopis,
3378 3509 3684 3581 presbyte-

2034 3597 2135 3668 ris,
2176 3596 2265 3653 vel
2311 3596 2656 3653 diaconibus
2698 3602 3016 3671 comparet.
3050 3597 3213 3654 Unus
3262 3597 3683 3654 exercistarum

2034 3702 2362 3759 anonymus
2393 3702 2455 3742 se
2483 3686 2681 3742 erexit.
2718 3689 2835 3742 Ast.

2107 3778 2176 3831 II.
2212 3774 2434 3832 Stecule
2467 3793 2530 3830 In
2551 3776 2703 3847 apud
2738 3777 2964 3831 Graecos
2989 3777 3250 3831 nondum
3272 3776 3506 3831 fuerunt
3526 3791 3685 3831 exer-

2033 3864 2190 3921 cistas
2220 3865 2354 3936 (12),
2397 3864 2495 3935 qui
2529 3863 2807 3935 spcialem
2831 3864 2982 3920 inter
3029 3863 3271 3920 clericos
3304 3864 3559 3920 minores
3590 3880 3681 3919 er-

2035 3954 2232 4009 dinem
2263 3953 2597 4009 habuerint.
2631 3952 2760 4007 Vid.
2803 3952 3113 4025 Bingham,
3149 3951 3187 4006 l.
3221 3970 3305 4019 ιιι,
3334 3969 3381 4007 c.
3416 3954 3469 4022 4,
3501 3954 3529 4020 §
3560 3954 3584 4006 1

2035 4045 2087 4097 2.
2121 4041 2372 4108 Quilibet
2418 4041 2789 4097 Christianus
2820 4041 2919 4097 illo
2961 4046 3223 4113 tempore
3263 4041 3531 4111 ejiciebat
3567 4041 3682 4095 des-

2037 4148 2241 4187 menes
2298 4131 2518 4199 obvios,
2551 4147 2665 4186 non
2718 4129 2909 4186 solum
2940 4146 3007 4186 ex
3059 4130 3419 4199 hominibus,
3454 4130 3553 4185 sed
3612 4145 3682 4185 ex

2037 4220 2248 4289 brutis,
2280 4223 2337 4275 et
2367 4219 2508 4275 locis
2555 4218 2785 4274 diabolo
2834 4218 3063 4285 dicatis,
3100 4224 3162 4273 ut
3207 4223 3455 4275 testatur
3483 4218 3682 4291 Orige-

2039 4326 2164 4376 nes,
2196 4310 2234 4364 l.
2267 4326 2345 4364 vn
2374 4312 2565 4364 contra
2609 4308 2845 4377 Celsum,
2879 4308 3031 4363 circa
3081 4325 3301 4363 annum
3351 4308 3458 4363 243
3503 4308 3680 4364 edito.

2038 4398 2335 4454 Censentit
2382 4399 2450 4453 S.
2513 4396 2857 4469 Cyprianus,
2913 4396 3158 4469 epistola
3222 4397 3294 4453 ad
3369 4398 3683 4468 Donatum,

282 4505 441 4543 unus
471 4488 541 4543 de
584 4487 906 4543 exercistis.
934 4487 1090 4542 Inter
1137 4498 1343 4542 caetera
1386 4486 1599 4559 quibus
1644 4486 1932 4557 plurimos
1968 4498 2012 4563 ι)
2044 4504 2169 4559 quae
2204 4492 2292 4543 est
2320 4486 2597 4559 genuina,
2621 4502 2671 4542 c.
2704 4488 2759 4541 6.

282 4577 610 4648 deceperat,
645 4575 819 4631 etiam
875 4575 983 4630 hoc
1031 4575 1363 4646 frequenter
1411 4592 1555 4630 ausa
1584 4579 1693 4641 est,
1732 4581 1793 4630 ut
1824 4576 1933 4629 Eu-

284 4665 627 4721 charistiam
650 4665 836 4720 facere
867 4663 1195 4733 simularet,
1218 4668 1274 4719 et
1304 4663 1653 4719 sacrificium
1688 4663 1934 4719 Domino

282 4755 413 4809 sine
444 4759 807 4809 sacramento
837 4752 1021 4808 solita:
1070 4752 1495 4823 praedicationis
1517 4752 1764 4820 efferret,
1792 4753 1934 4824 bap-

283 4842 487 4898 tizaret
533 4858 769 4913 quoque
814 4840 1033 4897 multos
1087 4842 1321 4911 usitata,
1357 4845 1415 4897 et
1462 4839 1720 4912 legitima
1762 4841 1937 4897 verba

362 5090 437 5162 (8)
468 5089 678 5162 Pagius
709 5091 777 5146 ad
811 5107 1031 5146 annum
1061 5090 1188 5156 253,
1220 5107 1278 5145 ιι.
1305 5090 1358 5146 3.

363 5160 438 5232 (9)
474 5160 737 5217 Eleurius
768 5163 941 5218 refert
988 5163 1046 5218 in
1100 5162 1204 5217 hac
1259 5162 1317 5217 S.
1368 5160 1715 5217 Mercurium
1746 5163 1935 5219 virum

288 5232 601 5306 militarem
649 5233 918 5306 Caesarea:
964 5234 1025 5290 in
1077 5234 1439 5305 Cappadocia
1487 5235 1799 5306 matyrium
1833 5253 1936 5292 su-

287 5305 492 5377 biisse.
526 5304 565 5357 l.
599 5320 674 5371 v1,
707 5305 737 5377 §
766 5306 853 5373 40,
880 5306 967 5377 lii.

362 5376 474 5449 (40)
506 5380 625 5449 Hoc
665 5374 947 5449 singulari
1002 5377 1217 5449 factum
1268 5374 1698 5449 suaLHistoriae
1753 5377 1939 5433 eccle-

286 5445 537 5503 siasticae
568 5445 943 5503 inseruerunt
974 5448 1342 5504 recentiores.
1376 5446 1644 5503 Fleurius
1675 5448 1711 5502 ι.
1738 5466 1811 5514 v1,
1836 5451 1863 5517 §
1885 5450 1937 5506 4.

287 5519 504 5591 Pagius
534 5518 611 5591 ad
656 5536 877 5575 annum
926 5522 1051 5591 255,
1086 5520 1370 5575 Baronius
1420 5519 1491 5574 ad
1521 5537 1761 5591 (annum
1812 5522 1938 5576 237.

284 5589 427 5647 Mihi
460 5590 657 5646 fabula
686 5591 931 5657 videtur,
955 5592 1013 5646 in
1036 5589 1343 5665 posterum
1374 5607 1444 5647 ex
1477 5589 1734 5651 historiis
1765 5593 1937 5651 eccle-

610 5720 878 5782 PATROL.
928 5720 1032 5781 Ill.

2116 4581 2431 4647 Postquam
2489 4593 2556 4630 ex
2612 4574 2732 4629 illis
2788 4574 2952 4630 Pauli
3007 4576 3244 4633 verbis:
3307 4576 3573 4647 Quotquot
3629 4578 3690 4631 in

2047 4665 2257 4720 Christo
2279 4666 2437 4721 tincti
2453 4666 2595 4731 estis,
2618 4663 2899 4720 Christum
2921 4663 3200 4735 induislis,
3225 4669 3424 4720 contra
3445 4665 3688 4737 Stepha«

2046 4772 2186 4809 num
2219 4757 2663 4825 argumentatus
2709 4754 2913 4823 fuerat,
2946 4754 3184 4809 subdit:
3220 4776 3248 4803 ‹‹
3303 4756 3688 4810 Decurramus

2043 4860 2177 4900 vero
2236 4841 2484 4898 breviter
2540 4845 2597 4897 et
2638 4846 2867 4911 cetera,
2898 4858 3026 4913 qua:
3057 4860 3091 4900 a
3143 4844 3308 4900 vobis
3365 4842 3594 4914 copiose
3632 4845 3692 4897 et

2045 5093 2299 5153 siasticis
2318 5091 2697 5149 eliminanda.

2119 5169 2231 5238 (11)
2261 5164 2670 5238 Tillemontius
2702 5164 2809 5238 fuit
2840 5165 3088 5223 miratus
3132 5166 3284 5222 hanc
3314 5162 3619 5238 historiam
3659 5178 3695 5221 a

2048 5235 2478 5319 S.'Augusnti‘ne‘
2524 5237 2705 5319 fuisse
2760 5236 3130 5319 ignoratam_;
3177 5253 3439 5319 egeﬂnon
3490 5235 3697 5319 mirer,

2048 5328 2183 5366 cum
2217 5307 2294 5366 sit
2326 5307 2521 5381 fabula
2552 5312 2683 5381 post
2713 5314 2959 5381 mortem
2992 5311 3048 5366 S.
3082 5307 3393 5381 Augustini
3427 5308 3695 5364 conficta.

2120 5384 2226 5450 (l2)
2260 5380 2424 5451 Apud
2459 5378 2695 5452 Latinos
2729 5379 3020 5437 Romanos
3068 5378 3265 5437 tam—en
3299 5381 3509 5452 prima
3536 5395 3703 5434 exer-

2050 5450 2330 5509 cistarum
2366 5450 2585 5524 mentio
2616 5451 2869 5524 occurrit
2898 5452 2957 5507 in
2989 5453 3236 5524 epistola
3262 5450 3513 5509 Cornelii
3540 5466 3705 5524 papa

2050 5526 2201 5650 fine;
2220 5538 2440 5649 agnzgn
2472 5522 2597 5584 251,
2624 5523 2849 5597 scripta
2874 5540 2886 5591 ;
2913 5529 2971 5580 at
3002 5521 3180 5581 relata
3204 5524 3357 5596 apud
3382 5521 3717 5582 Eusebium

2077 5638 2089 5653 ο
2133 5635 2225 5668 ’Δι’
2260 5635 2309 5665 ν,
2353 5635 2429 5648 ,ν’

3318 5728 3397 5793 διὸ
