4112 6174
489 344 640 409 1451

1558 341 1657 400 DE
1706 332 2293 398 HAERETICORUM
2339 333 2842 397 BAPTISMATE

3745 339 3775 399 1
3787 339 3909 399 452

482 474 819 549 plenissime
868 475 1023 531 dicta
1058 476 1217 540 sunt,
1261 474 1569 530 festinante
1626 472 1714 528 vel
1766 469 2019 525 maxime
2059 467 2131 522 ad
2163 467 2218 533 Α
2247 468 2732 524 consuetudinem
2790 469 3055 540 praeferat
3102 468 3197 524 ?...
3251 467 3376 524 Nisi
3433 467 3483 524 si
3547 472 3607 525 et
3665 468 3905 527 Judeos

486 583 589 621 vos
623 564 947 637 Rogatiano
977 564 1323 619 charissimo
1363 563 1608 617 diacono
1658 564 1881 615 nostro.
1914 580 1942 608 υ
1976 558 2141 613 Tunc

491 658 769 727 evagatur
813 670 915 725 per
958 652 1223 708 Psalmos
1269 657 1325 707 et
1376 652 1611 707 Cantica
1660 648 2041 717 canticorum,
2075 649 2140 700 ut

491 745 625 800 inde
664 760 809 798 nova
836 759 939 815 pro
960 758 1066 798 suo
1087 741 1493 814 anabaptismo
1516 739 1753 811 colligat
1772 740 2138 809 argumenta,

494 849 594 889 seu
630 835 852 903 repetat
880 848 948 887 ea
978 846 1105 903 quas
1138 830 1212 886 ab
1262 829 1417 885 Afris
1475 830 1686 900 copiose
1738 830 1791 882 et
1817 825 2139 898 plenissime

480 923 608 991 jam
651 920 808 976 dicta
853 919 1033 976 fuisse
1063 918 1239 976 simul
1297 918 1525 974 asserit.
1558 918 1753 972 Taedet
1783 915 1970 986 sequi,
2003 928 2137 969 cum

482 1009 646 1065 illam
696 1009 1138 1065 excusationem
1189 1023 1259 1063 ex
1314 1005 1756 1079 importunitate
1805 1001 2139 1059 festinantis

492 1099 684 1156 nuntii
724 1100 1098 1169 desumptam
1123 1114 1299 1169 supra
1332 1097 1475 1152 satis
1496 1094 2030 1166 expenderimusn
2053 1092 2143 1146 34.

560 1189 696 1261 Cap.
728 1188 784 1241 7.
822 1188 882 1241 In
913 1191 1136 1258 petram
1190 1186 1467 1257 impingit
1496 1185 1703 1240 iratus.
1735 1181 2019 1238 Catholici
2050 1182 2142 1251 (ut

492 1281 653 1350 patet
680 1293 746 1332 ex
776 1276 836 1331 S.
868 1274 1213 1347 Augustino)
1240 1274 1575 1341 Donatistis,
1600 1272 1847 1343 aliisque
1878 1271 2143 1341 Anabap-

488 1366 645 1421 tistis
676 1368 1009 1419 constanter
1036 1368 1435 1435 opposuerunt
1476 1361 1847 1417 traditionem
1878 1359 2139 1414 Ecclesiae

491 1454 784 1509 Romanas.
842 1452 1177 1519 Videamus,
1229 1452 1522 1524 quomodo
1574 1452 1678 1505 hoc
1728 1452 2137 1519 argumentum

494 1542 814 1599 convellere
861 1541 1062 1597 enisus
1113 1541 1285 1596 fuerit
1332 1538 1963 1612 pseudo-Firmilianus
1993 1536 2005 1590 l
2039 1536 2137 1590 Se-

492 1632 687 1703 ipsum
720 1630 912 1702 erigit,
944 1633 1002 1685 et
1043 1629 1277 1685 nomine
1319 1629 1732 1700 episcoporum
1782 1626 2141 1697 rebaptizan-

488 1721 639 1775 tium
670 1723 873 1775 contra
892 1716 1219 1773 Catholicos
1250 1716 1587 1772 conviviado
1620 1716 1701 1770 ita
1732 1716 2134 1785 proloquitur:

487 1832 514 1859 ‹‹
555 1807 754 1873 Qualis
775 1823 957 1875 error,
990 1810 1047 1862 et
1098 1811 1318 1877 quanta
1362 1807 1588 1860 caecitas
1628 1806 1775 1875 ejus,
1801 1803 1900 1875 qui
1932 1804 2134 1857 remis-

487 1898 709 1954 sionem
740 1900 1109 1968 peccatorum
1134 1894 1276 1950 dicit
1303 1895 1456 1966 apud
1486 1910 1813 1966 synagogas
1845 1892 2134 1948 haeretico-

486 2002 617 2041 rum
649 1985 774 2041 dari
807 2001 1122 2056 posse,nec
1149 1989 1449 2056 permanet
1470 1983 1527 2036 in
1554 1984 1931 2038 fundamento
1954 1981 2130 2035 unius

487 2074 772 2146 Ecclesiae,
806 2090 933 2145 quas
964 2072 1142 2128 semel
1173 2090 1206 2127 a
1235 2072 1463 2126 Christo
1508 2088 1686 2143 supra
1737 2077 1960 2142 petram
1992 2069 2129 2125 soli-

485 2165 621 2220 data
641 2168 745 2219 est.
780 2162 1042 2218 Potestas
1075 2177 1211 2233 erga
1242 2164 1609 2232 peccatorum
1642 2160 2129 2215 remittendorum

483 2253 761 2326 apostolis
790 2253 927 2308 data
952 2255 1060 2319 est,
1093 2254 1151 2306 et
1179 2249 1463 2314 ecclesiis,
1496 2265 1640 2319 quas
1690 2248 1771 2301 illi
1822 2266 1855 2303 a
1898 2248 2129 2303 Christo

484 2342 653 2399 missi
702 2340 1152 2404 constituerunt,
1180 2343 1236 2393 et
1265 2340 1467 2393 1995
1520 2336 1811 2407 episcopis
1860 2336 1959 2408 qui
2000 2336 2129 2406 ejus

483 2431 847 2486 ordinatione
893 2428 1110 2483 vicaria
1156 2429 1567 2482 successerunt
1614 2425 1747 2496 (13).
1800 2425 2129 2480 Adversarii

485 2518 855 2588 nostri,quid
914 2516 1073 2573 aliud
1126 2520 1283 2586 sunt,
1312 2531 1488 2587 quam
1550 2514 1755 2582 Chore,
1789 2513 2016 2569 Dathan
2074 2518 2132 2570 et

481 2608 699 2665 Ahiron
730 2606 1019 2679 sacrilegi,
1064 2607 1320 2676 easdem,
1352 2621 1498 2676 quas
1554 2607 1611 2660 et
1665 2602 1751 2657 illi
1799 2620 1999 2675 pcenas
2028 2604 2129 2659 da-

480 2698 649 2754 turi?
678 2700 869 2769 Atque
915 2712 1021 2767 ego
1059 2697 1118 2750 in
1160 2695 1268 2749 hac
1318 2697 1482 2772 parte
1523 2694 1687 2764 juste
1735 2692 2010 2764 indignor
2056 2693 2127 2748 ad

478 2785 628 2842 hanc
658 2791 776 2840 tam
811 2789 1071 2856 apertam
1102 2790 1158 2838 et
1204 2782 1577 2836 manifestam
1618 2779 1900 2850 Stephani
1930 2779 2134 2834 stulti.

479 2876 642 2943 tiam,
678 2875 855 2948 quod.
889 2873 985 2945 qui
1022 2871 1104 2928 sic
1134 2872 1207 2926 de
1236 2871 1608 2941 episcopatus
1640 2868 1731 2923 sui
1758 2868 1883 2923 loco
1916 2868 2130 2939 gloria-

477 2971 573 3022 tur
602 2970 661 3021 et
691 2981 752 3020 se
768 2961 1198 3019 successionem
1218 2960 1368 3014 Petri
1391 2958 1690 3014 contendit
1712 2962 1926 3027 tenere,
1953 2974 2131 3029 super

478 3071 652 3127 quem
685 3053 1067 3107 fundamenta
1096 3049 1361 3104 Ecclesiae
1393 3048 1677 3103 collocata
1717 3052 1876 3113 sunt,
1911 3047 2128 3103 multas

476 3144 620 3199 alias
652 3148 842 3215 petras
885 3141 1144 3209 inducat,
1195 3137 1570 3193 ecclesiarum
1622 3136 1941 3191 multarum
1978 3153 2124 3192 nova

472 3211 716 3289 aadil‘icia
763 3230 1099 3297 constituat,
1132 3229 1270 3283 dum
1320 3243 1450 3283 esse
1514 3226 1633 3282 illic
1688 3226 1979 3298 baptisma
2007 3243 2114 3283 sua
2144 3211 2187 3279 C

470 3321 814 3380 auctoritate
830 3319 1126 3375 defendat.
1162 3339 1190 3367 »

543 3413 585 3467 Ι.
615 3410 719 3467 Cui
751 3407 1026 3481 Apostolo
1076 3406 1446 3475 successerit,
1479 3405 1709 3461 reticuit
1748 3405 1862 3478 (14)
1912 3409 2116 3462 auctor

471 3500 849 3575 epistolarum
882 3496 1148 3571 Cypriani
1180 3500 1236 3551 et
1264 3494 1607 3562 Firmiliani,
1631 3494 1731 3565 qui
1763 3494 1820 3549 in
1842 3494 1944 3551 illa
1965 3512 2119 3551 com-

478 3591 777 3663 paratione
833 3605 951 3661 qua
1008 3602 1146 3642 suos
1203 3584 1566 3641 adversarios
1605 3583 1861 3656 appellat
1909 3584 2116 3655 Chcre,

480 3680 704 3737 Dathau
754 3682 808 3734 et
870 3676 1107 3743 Abiron,
1132 3674 1240 3730 sibi
1284 3674 1425 3728 adeo
1473 3672 1845 3744 complacuit,
1879 3678 1944 3728 ut
1988 3691 2116 3730 eam

475 3768 788 3841 quinquies
818 3763 1153 3821 adhibuerit
1186 3762 1319 3834 (15).
1352 3763 1518 3817 Nunc
1563 3764 1801 3817 tandem
1834 3767 1889 3818 et
1911 3763 1971 3817 in
1996 3764 2115 3819 siu-

470 3858 661 3932 gulari
687 3853 1054 3929 proloquitur
1102 3868 1404 3908 asserens:
1440 3874 1467 3901 «
1502 3850 1616 3923 Ego
1649 3851 1809 3921 juste
1840 3851 2116 3924 indignor

468 3948 537 4005 ad
571 3953 691 4002 tam
724 3949 985 4017 apertam
1012 3946 1068 3997 et
1097 3939 1469 3997 manifestam
1514 3940 1683 4011 Papae
1714 3939 2046 3997 stultitiam.
2078 3963 2109 3994 ››

538 4038 607 4093 II.
642 4034 783 4090 Vult
812 4034 912 4089 uni
943 4036 1115 4105 petra:
1152 4031 1550 4085 inhaerendum
1589 4046 1738 4095 esse,
1770 4029 1934 4085 nulla
1966 4047 2112 4086 nova

466 4124 706 4183 aedificia
736 4140 864 4180 esse
894 4121 1305 4178 construenda.
1343 4119 1489 4183 Quid
1523 4134 1658 4189 ergo
1682 4118 2107 4188 disponendum

465 4218 617 4273 circa
665 4216 952 4284 antiquam
1006 4209 1273 4265 Ecclesia:
1302 4210 1574 4263 Romana:
1630 4207 2004 4279 disciplinam
2039 4210 2110 4264 de

465 4324 577 4362 non
601 4299 1033 4376 rebaptizandis
1062 4298 1348 4353 haereticis
1379 4301 1400 4353 P
1432 4297 1610 4363 Hanc,
1639 4298 1738 4363 ait,
1770 4314 1897 4351 esse
1937 4301 2106 4352 abro-

458 4395 733 4468 gandam,
767 4395 830 4446 ut
854 4407 917 4447 n.
960 4404 1081 4459 seq.
1114 4386 1443 4442 audiemus.

530 4485 843 4553 Postquam
861 4476 1331 4535 dixeratJudteos
1347 4475 1678 4547 ignorantia
1690 4479 1745 4530 et
1757 4475 2104 4547 gravissimo

2250 556 2479 612 Christo
2512 558 2884 623 adventante,
2918 557 2977 612 id
3016 561 3125 625 est,
3154 556 3414 628 veritate,
3446 557 3689 629 adjuvat
3721 559 3782 614 in
3807 559 3907 616 ali-

2249 662 2364 716 quo
2396 646 2807 717 antiquissima
2823 648 3206 713 consuetudo,
3227 648 3379 717 quod
3399 648 3599 702 relicta
3629 665 3785 703 nova
3814 666 3905 704 ve-

2250 737 2438 793 ritatis
2458 739 2549 794 via
2578 739 2636 793 in
2667 743 2953 794 vetustate
2985 739 3433 811 permanserint.
3457 739 3621 803 Quod
3664 740 3902 811 quidem

2249 827 2530 883 adversus
2559 827 2927 900 Stephanum
2976 844 3080 887 vos
3120 827 3311 883 dicere
3355 828 3475 883 Afri
3507 829 3779 900 potestis,
3812 846 3903 885 co-

2250 915 2412 989 gnita
2442 917 2683 972 veritate
2714 932 2967 973 errorem
2999 934 3103 973 vos
3150 917 3600 973 consuetudinis
3630 918 3902 991 reliquis-

2249 1022 2332 1061 se.
2367 1027 2394 1057 »
2427 1006 2707 1061 Caeterum
2732 1023 2859 1075 nos,
2891 1011 3047 1062 etc...

2323 1096 2365 1150 Ι.
2398 1095 2583 1167 Igitur
2614 1096 2662 1150 1.
2683 1095 2879 1167 Usque
2909 1096 2980 1151 ad
3005 1095 3265 1151 medium
3297 1094 3493 1152 seaculi
3513 1112 3580 1152 ιιι
3613 1113 3724 1169 per
3755 1098 3903 1153 Afri.

2248 1200 2375 1239 cam
2410 1184 2596 1239 fuerat
2624 1185 2983 1240 consuetudo
3010 1200 3128 1241 non
3157 1184 3510 1256 baptizandi.
3542 1186 3597 1240 2.
3631 1186 3902 1242 Ecclesia:

2247 1272 2528 1328 Africanas
2561 1289 2749 1344 usque
2788 1274 2930 1328 dum
2960 1290 3093 1329 cum
3128 1274 3391 1329 Romana
3438 1273 3497 1328 in
3550 1290 3752 1330 errore
3781 1293 3903 1331 ver-

2249 1366 2385 1416 satae
2415 1362 2650 1417 fuerunt
2680 1364 2833 1418 circa
2855 1362 3110 1418 valerem
3136 1362 3431 1435 baptismi.
3452 1364 3504 1417 3.
3533 1363 3713 1418 Illum
3749 1380 3903 1420 erro-

2249 1468 2368 1505 rem
2418 1456 2558 1506 tunc
2602 1452 2862 1523 tandem,
2896 1453 3130 1525 cognita
3182 1452 3444 1523 veritate,
3496 1453 3907 1524 deposuerunt

2246 1540 2402 1607 Afri;
2436 1545 2657 1611 quanta
2685 1541 2980 1596 accusatio
3002 1542 3029 1595 ‘2
3060 1540 3326 1613 Insuper.

2324 1630 2390 1683 Il.
2423 1629 2621 1692 Qualis
2652 1629 2875 1701 paritas
2897 1647 2909 1684 :
2931 1629 3195 1685 Christus
3224 1629 3524 1702 abrogavit
3553 1629 3752 1702 legem
3787 1631 3907 1686 Mo-

2247 1718 2463 1773 saicam
2491 1736 2504 1786 ;
2528 1735 2665 1790 ergo
2704 1718 2961 1773 Ecclesia
2991 1718 3162 1773 debet
3186 1718 3468 1791 abrogare
3495 1735 3623 1786 eas,
3642 1736 3802 1791 quas
3838 1722 3907 1776 ab

2246 1808 2486 1878 antiquo
2537 1807 2778 1879 accepit,
2824 1806 3209 1863 traditiones!
3263 1838 3328 1848 —
3381 1829 3409 1858 «
3452 1807 3750 1863 Caeterum
3805 1826 3909 1865 nos

2243 1896 2665 1967 (Firmilianus,
2697 1897 2830 1966 etc.)
2861 1896 3283 1952 consuetudine
3323 1896 3733 1952 Romanorum
3770 1914 3906 1953 con-

2241 1987 2634 2051 suetudinem,
2660 1986 2757 2040 sed
2783 1985 3061 2052 veritatis,
3086 1986 3462 2057 opponimus,
3486 1987 3562 2041 ab
3594 1986 3779 2042 initio
3802 1988 3908 2043 hoc

2242 2076 2446 2130 1396
2502 2079 2785 2141 tenentes,
2816 2075 2967 2145 quod
3019 2090 3051 2128 a
3105 2074 3333 2129 Christo
3390 2078 3449 2130 et
3505 2074 3581 2129 ab
3611 2077 3906 2147 apostolis

2240 2165 2522 2219 traditum
2554 2169 2676 2231 est;
2709 2180 2813 2218 nec
2859 2162 3260 2230 meminimus,
3292 2162 3401 2218 hoc
3447 2164 3606 2234 apud
3652 2181 3768 2220 nos
3800 2164 3903 2219 ali-

2240 2254 2473 2324 quando
2505 2252 2767 2323 coepisse,
2790 2268 2921 2307 cum
2955 2267 3187 2323 semper
3216 2251 3346 2307 istic
3371 2252 3484 2322 (17)
3513 2252 3903 2309 observatum

2237 2342 2333 2407 sit,
2367 2347 2498 2396 ut...
2530 2364 2557 2392 ››
2592 2340 2899 2412 imperitus
2928 2341 3213 2412 impostor
3251 2341 3728 2412 pertinacissime
3759 2359 3901 2399 con-

2239 2432 2527 2498 tenderat,
2558 2430 2711 2502 quod
2763 2428 2863 2485 illa
2912 2430 3195 2502 quaestio:
3236 2431 3319 2485 An
3356 2430 3535 2486 valeat
3584 2432 3903 2503 baptisma:

2237 2522 2644 2586 haereticorum,
2678 2536 2792 2575 non
2843 2518 3095 2592 potuerit
3151 2518 3349 2575 decisa
3395 2519 3580 2576 fuisse
3623 2525 3899 2595 tempore

2239 2608 2768 2681 apostolorumzv.
2804 2626 2861 2662 n.
2910 2608 3002 2674 35,
3051 2609 3122 2662 36
3171 2609 3259 2673 47,
3293 2625 3447 2663 nunc
3496 2609 3720 2665 asserit
3770 2627 3898 2667 eam

2240 2699 2312 2753 ab
2338 2698 2636 2769 apostolis,
2661 2696 2778 2751 imo
2809 2696 2935 2768 ipso
2965 2695 3197 2752 Christo
3219 2697 3398 2752 fuisse
3427 2697 3697 2753 decisam
3730 2699 3795 2754 in
3826 2700 3902 2755 fa-

2237 2804 2431 2843 vorem
2466 2785 2994 2858 rebaptizantium;
3026 2790 3248 2857 quanta
3284 2787 3719 2843 contradictio!

2311 2876 2540 2948 Repetit
2570 2876 2641 2931 de
2671 2891 2780 2930 sua
2837 2874 3057 2946 synodo
3108 2874 3412 2944 Iconiensi,
3457 2875 3530 2931 de
3559 2892 3687 2947 qua
3718 2894 3780 2932 n.
3813 2879 3896 2945 49,

2230 2968 2357 3037 jam
2380 2967 2638 3030 dixerat;
2666 2964 3110 3019 nuncincautus
3137 2964 3357 3034 adjedit
3374 2980 3646 3037 causam,
3674 2984 3786 3022 cur
3806 2967 3900 3023 illa

2237 3054 2527 3111 celebrata
2557 3055 2767 3109 fuerit:
2802 3076 2829 3103 ‹‹
2863 3053 3061 3121 Plane,
3094 3053 3372 3124 quoniam
3417 3054 3671 3126 quidam
3703 3057 3777 3112 de
3801 3073 3893 3112 eo-

2238 3161 2369 3199 rum
2403 3144 2754 3215 baptismate
2784 3142 3156 3210 dubitabant,
3185 3142 3287 3213 qui
3333 3147 3390 3197 et
3418 3143 3469 3197 si
3520 3160 3714 3200 novos
3760 3162 3895 3217 pro-

2224 3232 2434 3305 phetas
2464 3232 2771 3304 recipiunt,
2802 3232 3007 3287 eodem
3045 3235 3244 3287 tamen
3293 3231 3520 3288 Patrem
3574 3237 3639 3288 et
3674 3234 3887 3290 Filium

2224 3339 2395 3378 nosse
2440 3322 2749 3377 nobiscum
2794 3320 3103 3388 videntur;
3149 3319 3388 3391 plurimi
3435 3320 3622 3376 simul
3676 3339 3887 3378 conve-

2224 3411 2451 3469 nientes
2509 3412 2569 3466 in
2618 3410 2810 3467 Iconio
2856 3409 3310 3482 diligentissime
3356 3410 3768 3478 tractavimus,
3830 3422 3884 3467 et

2226 3501 2724 3566 confirmavimus,
2756 3498 3186 3571 repudiandum
3230 3515 3359 3555 esse
3406 3516 3586 3555 omne
3637 3503 3884 3558 omnino

2226 3591 2517 3663 baptisma
2549 3590 2703 3661 quod
2734 3589 2810 3644 sit
2839 3591 2999 3644 extra
3028 3586 3349 3644 Ecclesiam
3394 3588 3822 3646 constitutum.
3858 3614 3881 3638 ι

2226 3681 2369 3735 Ecce
2391 3696 2526 3751 ergo
2549 3695 2704 3734 nunc
2719 3676 3233 3741 meminit:1°Qnod
3250 3677 3468 3732 Iconnii
3488 3682 3627 3749 post
3639 3677 3882 3752 diligen-

2223 3769 2515 3825 tissimam
2548 3766 2988 3839 inquisitionem
3021 3766 3278 3838 primum
3314 3765 3403 3821 lex
3432 3766 3682 3822 condita
3711 3769 3884 3825 fuerit

2224 3858 2293 3913 de
2326 3857 2686 3929 repudiando
2716 3855 2877 3911 omni
2924 3854 3301 3926 baptismate,
3328 3870 3505 3925 quam
3540 3873 3602 3910 n.
3642 3873 3821 3928 prec.
3851 3876 3881 3913 a

2224 3947 2453 4003 Christo
2498 3945 2859 4002 devivaverat
2903 3959 3135 4015 semper
3182 3943 3573 3999 observatam.
3607 3948 3678 3998 2o
3719 3947 3878 4003 Nunc

2222 4037 2484 4093 admittit
2531 4034 2921 4107 Cataphryges
2975 4031 3281 4088 nobiscum
3331 4049 3505 4088 nosse
3559 4034 3798 4093 Patrem
3827 4044 3879 4091 et

2222 4126 2451 4193 Filium,
2486 4124 2639 4196 quod
2672 4139 2851 4195 supra
2879 4140 2937 4177 n.
2974 4122 3041 4176 46
3070 4125 3396 4193 negaverat.

2293 4239 2321 4266 ‹‹
2351 4216 2467 4269 Nos
2490 4215 2665 4268 etiam
2695 4211 2827 4268 illos
2856 4227 3003 4282 quos
3052 4210 3136 4277 hi,
3168 4210 3267 4281 qui
3316 4210 3480 4282 prius
3513 4210 3575 4266 in
3612 4213 3875 4270 Ecclesia

2216 4305 2501 4361 catholica
2521 4302 2778 4373 episcOpi
2808 4301 3037 4355 fuerant
3057 4304 3115 4355 et
3144 4301 3520 4371 postmodum
3561 4303 3689 4358 sibi
3723 4311 3871 4375 pote-

2215 4396 2425 4448 statem
2458 4390 2680 4446 clericee
2709 4388 3093 4445 ordinationis
3125 4388 3237 4459 (l8)
3267 4397 3652 4447 assumentes
3686 4393 3873 4466 bapti-

2212 4485 2503 4548 zaverant,
2552 4496 2655 4552 pro
2698 4495 2816 4534 non
2874 4478 3184 4549 baptizatis
3229 4477 3537 4534 habendos
3577 4481 3871 4551 judicavi-

454 4574 709 4640 facinore
764 4567 1111 4625 constrictos
1168 4582 1319 4632 esse,
1360 4566 1522 4621 addit
1576 4565 1956 4635 Stephanum,
1999 4566 2104 4636 qui
2140 4586 2186 4650 D
2220 4589 2373 4627 mus.
2408 4576 2471 4624 Et
2517 4569 2624 4624 hoc
2668 4568 2821 4641 apud
2874 4584 2982 4622 nos
3026 4567 3371 4623 observatur
3409 4571 3497 4635 ut,
3531 4570 3873 4643 quicunque

452 4660 880 4720 successionem
910 4656 971 4712 in
999 4655 1336 4711 cathedram
1368 4655 1521 4709 Petri
1552 4669 1613 4709 se
1649 4654 1863 4708 habere
1894 4653 2101 4725 praedi-

452 4759 567 4823 cat,
602 4765 730 4806 esse
760 4748 1016 4820 pejorem
1048 4744 1164 4799 illis
1192 4744 1501 4800 obstinatis
1534 4743 1754 4798 Judaeis
1786 4743 1919 4813 (16).
1960 4746 2095 4815 Cap.

448 4844 502 4909 8,
545 4843 627 4897 ita
658 4838 895 4909 incipit:
924 4859 950 4886 ‹‹
984 4834 1143 4899 Quod
1176 4840 1368 4889 autem
1403 4833 1652 4905 pertinet
1682 4832 1751 4886 ad
1787 4836 2097 4886 consuetu-

448 4935 644 4990 dinem
668 4926 1105 4986 refutandam...
1131 4923 1265 4994 quis
1306 4928 1425 4978 tam
1457 4938 1643 4978 vanus
1672 4921 1753 4977 sit
1783 4928 1844 4975 ut
1866 4920 2093 4977 veritati

514 5113 556 5183 (Ι
569 5114 623 5181 3)
646 5111 865 5183 Auctor
884 5100 1358 5183 Cyprianicarum
1392 5099 1591 5183 eodem
1629 5098 1798 5183 modo
1832 5097 2091 5183 loquitur
2126 5162 2129 5165 _

440 5172 616 5257 epist:
646 5181 780 5237 116:
830 5172 1149 5257 Ρνεὲρριίίθς
1200 5173 1294 5257 qu‘i
1333 5172 1592 5257 apes/olis
1623 5172 1977 5257 ordiizatnme
2005 5173 2088 5251 v2:-

435 5241 589 5313 caria
636 5241 963 5309 succeduntf
995 5246 1058 5300 In
1101 5244 1574 5315 pseudo-synodo
1622 5241 2086 5315 Carthaginensi,

433 5311 500 5385 87
551 5328 959 5398 episcoporum
989 5311 1847 5398 rebaptizantium‘:‘Apostolos
1885 5314 2090 5398 guibus

432 5382 528 5457 nos
562 5382 939 5453 is‘uccessimus.
974 5382 1310 5457 Apud'alios
1341 5388 1433 5439 SS.
1468 5382 1665 5440 Patres
1692 5384 1803 5457 illae
1844 5382 2088 5453 phrases

436 5490 546 5527 non
582 5464 916 5524 occurrunt.
942 5456 1083 5513 Vide
1113 5462 1306 5512 tamen
1332 5457 1642 5528 Bingham,
1669 5456 1732 5510 de
1764 5456 2087 5528 Originibus

431 5526 524 5599 seu
578 5540 771 5609 Antiq.
792 5530 1204 5609 Ecclesiaslzcis,
1237 5529 1271 5586 l.
1310 5546 1376 5609 II,
1398 5526 1466 5609 cf
1480 5532 1589 5609 ξηὲ
1619 5536 1653 5582 2
1674 5544 1690 5597 ;
1713 5526 2082 5609 Salvagium,

429 5617 495 5674 de
526 5601 1097 5683 ΑηιίᾳξβΙινίδΙίῖηξε,
1130 5601 1171 5683 ll.
1203 5619 1250 5683 I_,_
1274 5617 1331 5683 c._
1360 5602 1443 5683 12,
1478 5602 1505 5671 §
1536 5602 1681 5683 4,11“.
1712 5601 1767 5655 2.

2216 4660 2286 4715 ab
2319 4659 2436 4713 illis
2466 4657 2633 4713 tincti
2666 4657 2739 4712 ad
2771 4672 2877 4711 nos
2906 4655 3149 4711 veniunt
3175 4661 3451 4727 tanquam
3488 4656 3680 4713 alieni
3713 4667 3773 4716 et
3800 4660 3870 4715 ni-

2209 4749 2291 4803 hil
2337 4746 2656 4812 consecuti,
2716 4745 2888 4800 unico
2954 4748 3012 4800 et
3065 4760 3198 4799 vero
3247 4744 3519 4800 Ecclesiae
3568 4748 3866 4805 catholica

2208 4838 2501 4909 baptismo
2526 4836 2680 4907 apud
2696 4851 2801 4890 nos
2824 4833 3257 4906 baptizentur...
3280 4834 3350 4888 Et
3371 4838 3574 4890 tamen
3610 4838 3861 4894 multum

2205 4928 2445 4983 interest
2475 4926 2626 4980 inter
2654 4939 2786 4979 eum
2820 4922 2918 4995 qui
2938 4923 3178 4992 invitus,
3198 4927 3256 4978 et
3287 4924 3649 4982 necessitate
3680 4943 3863 5000 perse-

2198 5103 2323 5191 nui,
2354 5102 2508 5191 quod
2538 5117 2611 5184 ea
2623 5102 2704 5191 Δ12
2731 5098 3012 5191 apostolis
3050 5100 3212 5157 solus
3258 5104 3464 5158 Petrus
3514 5104 3855 5162 cathedram

2200 5172 2389 5229 lixam'
2405 5174 2661 5245 elegerit,
2686 5187 2932 5243 eamque
2964 5172 3305 5229 Romanam.

2270 5248 2383 5317 (15)
2442 5247 2543 5315 Ep.
2597 5246 2686 5311 55,
2718 5245 2808 5312 58,
2842 5244 2931 5317 73,
3001 5246 3092 5312 75,
3116 5246 3188 5299 76
3221 5250 3323 5313 ;ut
3351 5245 3550 5301 adhuc
3580 5248 3852 5304 omittam

2198 5315 2412 5373 librum
2441 5318 2503 5372 de
2536 5318 2749 5373 Unitale
2779 5315 3059 5371 Ecclesia.
3260 5351 3265 5355 -

2268 5392 2379 5461 (16)
2406 5388 2646 5461 Duriora
2676 5392 2999 5461 sequentur
3030 5404 3063 5441 a
3093 5389 3271 5461 n.461.

2269 5458 2378 5533 (17)
2410 5461 2565 5530 Istic,
2587 5459 2644 5514 id
2668 5464 2777 5526 est,
2809 5458 2963 5529 apud
3014 5463 3114 5515 not
3162 5459 3220 5515 in
3267 5460 3669 5531 Cappadocia.
3712 5463 3766 5517 Υ.
3796 5478 3848 5516 u.

2266 5604 2376 5684 (18)
2396 5604 2549 5684 llaec
2563 5600 2830 5684 phrasis:
2858 5601 3067 5659 Clerica
3095 5601 3398 5672 ordinatio,
3417 5604 3603 5660 etiam
3647 5621 3846 5663 occur-

499 5686 609 5777 (14)
657 5669 788 5746 Vid.
819 5692 976 5734 meas
1022 5669 1092 5733 de
1132 5669 1435 5742 Cat/retin},
1471 5669 1528 5728 n.
1574 5672 1697 5746 120,
1732 5669 1833 5730 ubi
1883 5670 2081 5732 admo-
2193 5669 2724 5749 rit'in'Cyprianica
2751 5673 2843 5729 66.
