4112 6174
300 276 454 338 1453

1245 275 1448 340 PARS
1493 277 1571 338 II.
1607 309 1681 321 —
1712 273 2278 336 RECENTIORUM
2325 274 2756 338 EXCUBSUS.

3547 279 3703 342 1454

295 409 549 465 cutionis
580 413 814 466 coactus
846 409 1192 478 succubuit;
1223 417 1277 466 et
1322 411 1489 466 illum
1529 411 1628 482 qui
1659 407 1941 479 sacrilega
1971 410 2023 476 Α
2056 407 2230 476 ticus,
2251 412 2535 478 apostata,
2557 416 2925 480 peccatorum
2953 410 3266 480 maximus,
3291 411 3564 467 omnibus
3585 412 3705 468 bae-

290 498 592 556 voluntate
640 505 844 556 contra
885 501 1200 557 Ecclesiam
1252 502 1441 557 audax
1485 499 1743 570 rebellat,
1787 499 1940 554 vel...

294 589 360 644 Et
397 606 510 644 non
545 590 723 661 pudet
754 589 1138 661 Stephanum.
1170 613 1197 639 η

366 679 586 734 Sensus
619 684 707 734 est
754 680 1183 750 perobscurus:
1227 697 1299 734 an
1348 681 1537 734 dicere
1587 678 1799 733 voluit:
1834 676 1940 740 Qui

293 767 366 821 ab
397 768 686 840 episcopis
741 768 1000 823 Romano
1045 768 1355 824 Catholicis
1411 768 1570 822 tincti
1605 769 1856 832 fuerunt,
1892 765 1940 820 si

293 855 364 909 ad
399 873 505 911 nos
537 857 818 927 venerint,
853 873 982 912 vero
1013 857 1280 912 Ecclesia:
1325 857 1536 912 catholi
1576 874 1618 910 te
1653 857 1941 927 baptismo

291 943 522 1000 lavandi
557 946 742 1000 sunt?
770 948 896 1000 An:
932 946 1222 1018 episcopis
1252 945 1552 1001 catholicis
1607 946 1675 1000 ad
1711 949 1940 1000 nostras

292 1038 486 1106 partes
517 1035 900 1106 transgressis
923 1051 1037 1089 non
1063 1035 1458 1106 permittimus
1482 1035 1774 1106 baptizare
1793 1033 1820 1089 ?
1851 1036 1936 1088 An

287 1139 421 1178 vero
450 1140 462 1176 :
496 1123 805 1195 episcopus
843 1123 1021 1178 semel
1053 1123 1276 1194 lapsus,
1328 1124 1461 1178 licet
1490 1140 1558 1178 ex
1608 1129 1787 1193 metu,
1823 1141 1936 1179 non

289 1217 482 1283 potest
528 1211 712 1267 valide
762 1213 1105 1283 baptizare?
1147 1217 1366 1268 Tantus
1414 1213 1631 1284 ubique
1663 1229 1840 1282 error,
1875 1217 1938 1268 ut

287 1301 536 1355 nimium
567 1300 765 1370 injurii
819 1302 1006 1356 forent
1057 1301 1112 1354 in
1164 1301 1222 1356 S.
1282 1301 1708 1369 Firmilianum,
1757 1302 1802 1357 si
1839 1303 1937 1373 qui

284 1389 423 1444 huic
454 1389 838 1460 imposterum
874 1391 1046 1444 fetam
1081 1390 1389 1461 epistolam
1433 1391 1622 1445 adhuc
1653 1392 1932 1446 attribue-

285 1483 433 1533 rent.

358 1567 498 1638 Cap.
530 1566 582 1621 9.
621 1590 646 1616 «
682 1568 751 1621 Et
782 1585 892 1622 non
929 1569 1107 1638 pudet
1148 1568 1505 1640 Stephanum
1540 1569 1644 1624 hoc
1677 1585 1936 1624 asserere

287 1661 354 1710 ut
386 1671 487 1727 per
513 1673 609 1711 eos
642 1657 740 1727 qui
773 1656 883 1728 ipsi
916 1657 972 1710 in
1019 1657 1292 1713 omnibus
1330 1659 1580 1729 peccatis
1630 1663 1768 1714 sunt
1797 1675 1930 1714 con-

2057 496 2250 550 reticis
2283 499 2464 568 pejor.
2498 497 2650 553 Proh
2688 498 2699 552 l
2733 504 2951 568 quanta
2990 503 3080 554 est
3126 500 3710 571 pseudo-Firmiliani

2056 583 2378 654 petulantia
2402 587 2411 638 !
2753 643 2762 649 _

2126 675 2423 729 Immiscet
2453 676 2625 728 verba
2657 676 2819 731 Pauli
2868 677 3116 732 dicentis
3143 695 3155 733 :
3207 678 3434 734 Obsecro
3461 695 3584 748 ergo
3616 696 3708 734 vos

2054 778 2146 833 ego
2197 765 2410 818 vinctus
2462 766 2518 818 in
2579 767 2808 819 Domino
2855 766 3020 836 digne
3075 767 3358 822 ambulare
3404 771 3706 840 vocatione,

2056 869 2159 921 qua
2211 855 2393 908 vocati
2439 855 2589 923 estis,
2645 871 2769 908 cum
2819 858 2975 911 omni
3030 857 3343 912 humilitate
3395 874 3600 922 sensus,
3658 865 3710 914 et

2056 943 2296 1012 lenitate,
2329 959 2451 996 cum
2480 944 2752 1012 patientia
2781 947 3105 999 sustinentes
3168 947 3402 1001 invicem
3434 948 3494 1001 in
3531 947 3704 1002 dilec-

2051 1031 2216 1095 tione,
2249 1033 2381 1085 satis
2411 1039 2626 1100 agentes
2668 1047 2888 1088 servare
2923 1035 3190 1089 unitatem
3221 1036 3452 1105 spiritus
3482 1037 3542 1089 in
3572 1051 3698 1091 con-

2053 1119 2328 1185 junctione
2357 1121 2530 1190 pacis.

2122 1208 2284 1262 Tunc
2314 1209 2688 1280 prosequitur
2721 1226 2820 1281 per
2863 1209 3079 1265 ironias
3126 1214 3245 1265 tam
3293 1211 3492 1277 falsas,
3525 1229 3700 1283 quam

2051 1312 2280 1351 amaras
2309 1314 2321 1362 ;
2355 1296 2540 1367 prima
2567 1315 2579 1352 :
2615 1298 2744 1352 Haec
2773 1298 3033 1369 Apostoli
3067 1300 3346 1354 mandata
3371 1318 3543 1372 quam
3578 1299 3707 1355 dili-

2048 1395 2250 1454 genter
2279 1385 2607 1456 Stephanus
2640 1385 2921 1457 implevit,
2956 1387 3346 1443 humilitatem
3382 1405 3613 1459 sensus,
3647 1391 3706 1444 et

2047 1472 2351 1529 lenitatem
2387 1476 2573 1545 primo
2605 1475 2662 1529 in
2698 1474 2821 1529 loco
2853 1491 3090 1531 servans
3115 1475 3126 1529 l
3153 1476 3300 1540 Quid
3324 1477 3481 1533 enim
3504 1476 3699 1533 humi-

2047 1561 2180 1626 lius,
2214 1568 2314 1618 aut
2337 1563 2545 1630 lenius,
2572 1581 2747 1634 quam
2781 1581 2912 1618 cum
2945 1568 3030 1619 tot
3060 1566 3349 1637 episcopis
3381 1581 3482 1637 per
3506 1570 3697 1622 totum

2048 1652 2329 1706 mundum
2354 1652 2727 1721 dissensisse,
2752 1669 2953 1724 pacem
2977 1669 3110 1708 cum
3139 1654 3389 1726 singulis
3406 1654 3562 1710 vario
3584 1655 3702 1711 dis-

288 1745 500 1812 stituti,
529 1746 683 1801 dicat
710 1763 880 1817 posse
913 1747 1313 1802 remissionem
1337 1753 1703 1818 peccatorum
1737 1748 1930 1802 dari...
1966 1771 2013 1834 B
2044 1741 2249 1796 cordia:
2281 1757 2488 1812 genere
2519 1758 2790 1812 rumpere
2816 1744 2838 1796 Ρ
2869 1765 2895 1790 ››
2926 1743 3160 1798 Modo...

285 1835 413 1889 Tibi
445 1853 578 1905 ergo
610 1835 738 1902 erit,
771 1836 926 1906 quod
958 1837 1244 1906 scriptum
1276 1842 1400 1890 est:
1437 1837 1519 1890 Ab
1563 1853 1716 1907 aqua
1746 1836 1935 1892 aliena

285 1924 514 1979 abstine
545 1930 618 1989 te,
653 1929 710 1978 et
737 1941 769 1978 a
803 1924 958 1977 fonte
990 1923 1177 1978 alieno
1211 1941 1280 1979 ne
1312 1924 1527 1979 biberis
1555 1927 1685 1994 (18).

357 2018 399 2067 Ι.
433 2012 679 2066 Necesse
710 2017 798 2067 est
832 2016 896 2066 ut
927 2013 1550 2082 pseudo-Firmilianus
1585 2019 1930 2085 potestatem

279 2118 456 2172 quam
490 2101 689 2155 1397
727 2118 844 2171 qua
873 2101 1142 2155 sacerdos
1186 2101 1392 2155 habuit
1430 2104 1760 2157 remittendi
1797 2119 1932 2174 pec-

282 2196 433 2260 cata,
469 2190 714 2261 propriae
747 2206 868 2244 sua:
891 2189 1180 2260 personali
1217 2191 1509 2244 sanctitati
1533 2191 1928 2262 adscripserit,

352 2279 419 2333 Il.
453 2280 668 2333 Textus
697 2278 904 2332 citatus
936 2277 1163 2332 videtur
1201 2279 1547 2349 desumptus
1577 2296 1643 2334 ex
1678 2285 1841 2334 Prov.
1875 2297 1926 2347 ν,

281 2367 382 2422 ubi
412 2368 664 2422 dicitur:
700 2369 830 2421 Bibe
859 2384 1061 2436 aquam
1105 2367 1169 2422 de
1215 2369 1449 2422 cisterna
1501 2376 1613 2434 tua,
1647 2371 1695 2422 et
1725 2371 1928 2436 ﬂuenta

276 2459 430 2529 putei
458 2458 560 2511 tui.
596 2459 778 2521 Quam
830 2473 1031 2527 parum
1088 2456 1136 2510 is
1179 2457 1364 2512 faveat
1411 2458 1928 2528 rebaptizantibus,

284 2545 556 2616 relegenti
590 2545 820 2616 patebit.

357 2636 614 2690 Tandem
647 2635 903 2690 annectit
934 2633 1334 2705 longissimam
1361 2635 1583 2706 (utique
1615 2637 1754 2707 quia
1783 2655 1930 2692 nun-

281 2724 402 2778 tius
434 2724 684 2779 maxime
714 2723 1048 2791 festinabat)
1077 2730 1133 2778 et
1162 2724 1542 2779 durissimum
1574 2731 1773 2780 contra
1804 2727 1926 2782 Ste-

280 2813 542 2885 phanum
577 2813 944 2876 invectivam,
976 2813 1332 2878 declamans,
1366 2819 1430 2867 ut
1463 2814 1763 2884 sequitur:

351 2927 375 2952 ‹‹
411 2901 728 2958 Ecclesiam
754 2901 1031 2972 polluis...
1061 2901 1354 2972 Stephane
1378 2919 1525 2972 papa
1552 2902 1563 2956 !
1596 2920 1696 2957 nec
1720 2904 1928 2958 metuis

265 2992 557 3062 judicium
576 2991 669 3047 Dei
688 2991 968 3046 haereticis
981 2991 1380 3045 testimonium
1397 2992 1923 3048 contra‘Ecclesiam

273 3081 610 3153 perhibens,
630 3098 761 3136 cum
788 3080 1068 3151 scriptum
1084 3079 1185 3135 sit:
1213 3082 1560 3135 Falsustestis
1578 3085 1801 3136 nouerit
1821 3084 1919 3137 im-

267 3173 518 3242 punitus.
544 3169 692 3236 Quin
715 3169 832 3224 imo
855 3174 915 3224 tu
941 3169 1226 3224 haereticis
1246 3169 1518 3224 omnibus
1546 3172 1790 3241 pejores.
1813 3172 1919 3226 Ob-

269 3264 503 3315 scurato
520 3259 740 3314 lumine
753 3257 1011 3313 veritatis
1023 3256 1448 3322 ecclesiasticae,
1465 3261 1730 3313 tenebras
1745 3260 1918 3314 haere-

268 3350 398 3404 ticae
411 3349 598 3404 noctis
611 3345 1013 3402 accumulas...
1031 3362 1132 3400 nec
1147 3345 1444 3416 intellligis
1467 3347 1693 3402 animas
1716 3365 1911 3402 eorum

271 3438 374 3508 qui
405 3438 475 3493 ab
500 3437 702 3492 haeresi
727 3437 1024 3491 venientes
1049 3453 1163 3490 non
1188 3436 1620 3506 rebaptizantur
1641 3438 1712 3491 de
1737 3455 1912 3492 manu

265 3533 368 3581 tuo
399 3527 778 3597 exquiri,cum
803 3524 1146 3595 diesjudicii
1182 3525 1544 3580 advenerit...
1577 3527 1643 3579 Et
1676 3526 1916 3597 insuper

265 3615 610 3688 indignari?
659 3615 801 3670 Vide
849 3631 965 3685 qua
1013 3613 1303 3685 imperitia
1351 3615 1770 3685 reprehendere
1817 3631 1914 3670 eos

265 3706 486 3760 audeas
511 3703 992 3775 (Anabaptistas),
1028 3702 1127 3774 qui
1177 3708 1379 3758 contra
1410 3703 1775 3758 mendacium
1812 3720 1914 3774 pro

263 3795 508 3848 veritate
541 3793 871 3847 nituntur...
905 3791 1024 3847 Nisi
1060 3792 1212 3862 quod
1252 3792 1552 3863 imperitos
1587 3792 1762 3847 etiam
1797 3793 1915 3848 ani-

267 3899 486 3952 mosos,
519 3887 686 3953 atque
717 3881 1026 3936 iracundos
1059 3898 1186 3936 esse
1225 3881 1601 3936 manifestum
1632 3887 1738 3952 est,
1772 3883 1912 3936 dum

269 3989 372 4043 per
415 3971 671 4042 inopiam
718 3969 943 4026 consilii
989 3974 1046 4024 et
1091 3969 1379 4024 sermonis
1436 3971 1506 4024 ad
1551 3970 1912 4026 iracundiam

267 4058 435 4115 facile
463 4064 792 4128 vertuntur,
817 4063 881 4113 ut
914 4059 982 4113 de
1005 4057 1164 4113 nullo
1197 4057 1308 4113 alio
1341 4060 1527 4129 magis
1561 4077 1736 4130 quam
1770 4062 1839 4114 de
1860 4065 1915 4116 te

267 4150 422 4204 dicat
453 4149 752 4218 Scriptura
781 4148 1015 4202 divina:
1061 4149 1223 4201 Homo
1263 4149 1546 4202 animosus
1590 4153 1738 4218 parit
1769 4151 1912 4219 lites,

266 4245 318 4292 et
349 4239 437 4291 vir
466 4236 764 4291 iracundus
792 4241 1084 4306 exaggerat
1110 4245 1338 4306 peccata
1367 4238 1478 4307 (19)
1505 4255 1517 4303 ;
1557 4237 1684 4292 lites
1717 4239 1912 4306 etiam,

271 4332 328 4381 et
358 4326 772 4393 dissensiones,
807 4330 1060 4396 quantas
1082 4325 1286 4396 paristi
1311 4343 1410 4396 per
1435 4326 1715 4382 Ecclesias
1739 4328 1916 4382 totius

272 4415 524 4470 mundi?
558 4415 862 4469 Peccatum
887 4431 1018 4469 vero
1043 4432 1216 4486 quam
1249 4432 1528 4486 magnum
1554 4417 1652 4470 tibi
1681 4433 1918 4488 exagge-

2117 1829 2176 1884 Si
2238 1830 2830 1901 pseudo-Firmiliano
2891 1831 3034 1886 ﬁdes
3097 1831 3381 1898 habenda,
3439 1831 3698 1905 episcOpi

2042 1918 2224 1974 totius
2255 1920 2459 1973 mundi
2491 1935 2552 1974 se
2600 1925 2764 1991 Papae
2813 1925 3234 1992 opposuerunt.
3279 1921 3528 1994 Magnus
3560 1939 3700 1978 sane

2043 2007 2400 2078 triumphus,
2436 2009 2588 2078 quod
2619 2010 2773 2080 Papa
2803 2014 3004 2064 contra
3030 2010 3210 2065 totius
3241 2009 3445 2065 mundi
3477 2011 3700 2082 episco-

2043 2112 2146 2166 pos
2180 2096 2340 2151 solus
2385 2097 2683 2152 victoriam
2717 2099 3049 2168 reportavit.
3105 2099 3216 2153 Sed
3250 2115 3376 2170 quae
3429 2103 3569 2154 sunt
3598 2099 3699 2154 illa

2040 2183 2198 2236 varia
2221 2184 2642 2240 discordiarum
2667 2203 2880 2257 genera
2896 2186 2922 2240 ?
2942 2188 2998 2241 S.
3026 2187 3337 2259 Dionysius
3361 2187 3698 2242 Alexandri-

2042 2288 2152 2326 nus
2168 2273 2221 2324 in
2239 2273 2484 2344 epistola
2497 2275 2790 2345 Stephano
2807 2292 2967 2344 papas
2981 2277 3330 2330 transmissa
3349 2277 3695 2348 disertef(20)

2041 2364 2311 2427 testatur,
2345 2363 2551 2416 1398
2578 2364 2732 2434 quod
2759 2364 3037 2418 universa:
3069 2364 3321 2419 Orientis
3349 2363 3616 2420 Ecclesiae
3635 2365 3696 2420 in

2042 2466 2242 2518 pacem
2292 2450 2616 2505 coaluerint
2671 2452 3006 2508 concordes.
3078 2453 3159 2506 Ex
3214 2451 3307 2507 his
3370 2452 3696 2524 praecipuos

2040 2537 2338 2608 Stephano
2371 2539 2703 2594 renuntiare
2745 2541 2964 2606 volens,
3016 2541 3319 2612 signanter
3345 2541 3610 2606 nominat
3639 2542 3694 2597 S.

2040 2625 2468 2681 Firmilianum.
2558 2628 2781 2699 Excipit
2867 2629 3097 2684 Bertius
3182 2630 3294 2699 (21)
3378 2631 3696 2686 concordes

2040 2715 2221 2770 fuisse
2253 2715 2420 2770 unice
2477 2717 2629 2786 quod
2683 2717 2967 2771 Novatum
3019 2717 3422 2788 rejiciendum,
3455 2722 3693 2790 excepto

2040 2807 2252 2874 puncto
2285 2805 2782 2874 rebaptizationis.
2819 2811 2925 2860 Ast
2957 2806 3132 2860 nimis
3156 2809 3307 2861 torta
3333 2811 3420 2861 est
3450 2805 3569 2861 haec
3600 2822 3690 2862 re-

2037 2892 2297 2947 strictiva
2327 2894 2725 2964 interpretatio
2753 2919 2766 2960 ;
2799 2911 2933 2948 nam
2968 2896 3016 2948 1.
3049 2895 3303 2950 Novatus
3333 2900 3458 2950 erat
3489 2896 3690 2966 praeci-

2037 2998 2187 3052 puus
2203 2987 2404 3036 auctor
2418 2983 2994 3053 rebaptizantium.Si
3009 2999 3144 3055 ergo
3158 2984 3413 3057 episcopi
3437 2984 3689 3041 Orientis

2035 3071 2340 3140 rejecerint
2393 3071 2590 3126 Novati
2652 3071 2920 3141 hearesin,
2971 3087 3208 3128 necesse
3263 3078 3352 3128 est
3399 3077 3464 3128 ut
3510 3074 3689 3145 hujus

2033 3177 2244 3214 novum
2305 3161 2517 3231 dogma
2594 3161 3067 3232 rebaptizationis
3134 3162 3383 3217 aversati
3446 3163 3686 3219 fuerint.

2024 3251 2076 3303 2.
2130 3249 2415 3304 Eusebius
2467 3249 2612 3304 nihil
2665 3250 2930 3304 meminit
2971 3251 3042 3305 de
3089 3250 3265 3306 variis
3313 3251 3678 3322 Stephanum

2027 3338 2176 3391 inter
2205 3343 2261 3391 et
2293 3337 2698 3392 Firmilianum
2731 3337 3066 3405 discordiis,
3098 3339 3240 3393 nihil
3289 3340 3358 3394 de
3389 3340 3680 3412 episcopis

2025 3427 2204 3481 totius
2231 3427 2460 3496 mundi,
2485 3426 2584 3498 qui
2609 3444 2841 3482 summo
2872 3427 3133 3482 Pontiﬁci
3158 3445 3219 3483 se
3241 3429 3672 3500 opposuissent.

2097 3537 2123 3564 «
2154 3515 2323 3569 Modo
2356 3531 2490 3569 cum
2537 3515 2950 3582 Orientalibus,
3003 3517 3157 3588 quod
3211 3533 3316 3572 nec
3362 3534 3466 3572 vos
3496 3516 3675 3574 latere

2023 3601 2412 3668 conﬁdimus;
2444 3603 2613 3657 modo
2646 3601 2970 3672 vobiscum,
3003 3603 3101 3673 qui
3132 3603 3190 3658 in
3221 3604 3461 3660 meridie
3506 3605 3671 3676 estis,

2023 3707 2056 3744 a
2081 3689 2362 3759 quibus...
2405 3711 2430 3737 »

2095 3778 2292 3832 Mirari
2323 3779 2456 3849 quis
2490 3784 2703 3850 posset,
2755 3779 2804 3834 si
2858 3781 2915 3834 S.
2970 3779 3347 3836 Firmilianus
3397 3781 3513 3835 haec
3541 3797 3673 3837 vere

2024 3866 2344 3938 scripserit,
2407 3871 2464 3921 et
2521 3885 2658 3923 suos
2735 3867 3106 3940 Cappadoces
3171 3885 3371 3924 vocare
3429 3868 3678 3925 voluerit

2025 3955 2346 4011 Orientales
2373 3974 2385 4022 ;
2411 3973 2542 4010 cum
2562 3974 2674 4011 non
2699 3957 2939 4010 dixerit:
2963 3958 3134 4012 modo
3151 3957 3455 4013 nobiscum
3479 3957 3678 4014 Orien-

2025 4045 2262 4113 talibus,
2320 4045 2492 4099 modo
2565 4045 2872 4100 nobiscum
2948 4045 3467 4102 Occidentalibus?
3526 4046 3674 4102 Nam

2022 4134 2214 4187 Africa
2243 4133 2717 4204 Carthaginensis
2750 4151 2854 4188 nec
2898 4134 3184 4202 absolute,
3217 4151 3323 4189 nec
3362 4135 3676 4205 respective

2024 4223 2212 4295 posita
2233 4229 2321 4278 est
2350 4223 2409 4276 in
2455 4223 2696 4278 meridie
2724 4241 2735 4290 ;
2771 4241 2885 4278 non
2937 4223 3240 4292 absolute;
3273 4225 3409 4294 quia
3441 4241 3555 4279 non
3587 4229 3677 4280 est

2025 4314 2216 4383 posita
2249 4313 2402 4367 intra
2433 4312 2683 4382 tropicos
2715 4331 2726 4378 ;
2764 4330 2876 4367 non
2926 4313 3240 4383 respective
3270 4313 3339 4368 ad
3372 4314 3672 4386 Cappado-

2026 4403 2197 4468 ciam,
2233 4401 2369 4472 quia
2397 4401 2680 4471 Carthago
2735 4402 3174 4472 Cappadocibus
3225 4406 3314 4456 est
3343 4401 3676 4458 occidenta-

269 4503 436 4568 rasti,
472 4504 704 4574 quando
738 4508 790 4559 te
822 4521 855 4558 a
892 4508 976 4558 tot
1019 4505 1293 4575 gregibus
1338 4503 1608 4558 scidisti?
1639 4506 1913 4560 Excidisti

2049 4490 2117 4550 is,
2150 4489 2300 4543 sicut
2330 4489 2497 4544 nobis
2523 4488 2881 4560 Westphalis
2903 4506 2952 4543 ν.
2989 4505 3044 4560 g.
3078 4489 3480 4560 Philadelphia
3502 4495 3674 4546 Ame-

269 4593 425 4647 enim
459 4593 732 4663 teipsum,
786 4591 901 4646 noli
963 4598 1017 4647 te
1064 4592 1296 4648 fallere:
1351 4593 1640 4662 siquidem
1693 4594 1787 4648 ille
1833 4600 1920 4650 est

267 4698 399 4736 vere
427 4681 859 4747 schismaticus,
895 4683 992 4752 qui
1027 4699 1087 4736 se
1134 4699 1166 4736 a
1207 4681 1617 4735 communione
1648 4683 1916 4737 ecclesia-

269 4770 428 4825 sticas
461 4770 704 4825 unitatis
736 4775 1061 4841 apostatam
1100 4770 1331 4838 fecerit;
1367 4771 1504 4823 dum
1537 4771 1690 4824 enim
1726 4776 1916 4842 putas,

271 4875 478 4914 omnes
513 4876 546 4913 a
576 4865 630 4914 te
678 4859 969 4915 abstinere
1001 4874 1193 4930 posse,
1226 4859 1413 4914 solum
1457 4863 1511 4913 te
1543 4860 1612 4913 ab
1646 4860 1919 4914 omnibus

273 4947 630 5002 abstinuisti.
665 4970 692 4995 η

347 5037 491 5090 Ecce
523 5036 623 5107 qui
655 5038 712 5092 S.
747 5036 1078 5107 Stephanus
1102 5037 1474 5092 traditionem
1508 5054 1625 5091 suae
1658 5038 1920 5093 Ecclesia)

275 5126 550 5180 Romanis
581 5125 936 5195 defenderat,
970 5126 1183 5180 dicitur
1211 5126 1377 5180 testis
1408 5125 1611 5190 falsus,
1643 5126 1924 5182 schisma-

350 5304 463 5374 (l9)
515 5303 616 5359 Hic
666 5308 895 5359 textus:
945 5305 1020 5358 Ab
1067 5321 1211 5375 aqua
1260 5307 1467 5370 aliena,
1519 5309 1651 5375 etc.,
1696 5306 1861 5360 abest
1893 5321 1925 5360 α

279 5376 588 5448 codicibus
611 5376 865 5430 llebrreis
898 5382 967 5448 et
998 5393 1030 5430 a
1079 5377 1312 5448 vulgato
1348 5376 1580 5441 Latino;
1623 5377 1924 5432 adhibitus

279 5452 474 5502 tamen
513 5447 622 5501 fuit
653 5466 685 5501 a
715 5447 1090 5516 'I‘ertulliano,
1126 5447 1161 5501 Ι.
1189 5447 1222 5501 ⁷⁷1
1255 5449 1374 5502 adv.
1426 5449 1776 5515 illarciomvn,
1809 5454 1864 5503 ct
1895 5466 1926 5504 a

281 5519 634 5592 Numeriano
665 5519 720 5592 in
757 5520 1224 5592 pseudo-synodo
1255 5520 1694 5591 Carthagincnsi
1728 5537 1783 5574 ιιι
1818 5522 1925 5576 'sub

286 5589 842 5662 Pseudo’Cypriano.

2030 4579 2158 4632 rica:
2192 4577 2661 4648 septentrionalis
2689 4581 2777 4632 est
2827 4577 3014 4649 posita
3045 4595 3245 4634 versus
3291 4595 3584 4636 occasum.
3615 4579 3676 4635 Si

2030 4665 2431 4736 Philadelphia
2463 4666 2631 4722 nobis
2677 4684 2788 4720 non
2823 4667 2901 4720 sit
2952 4667 3373 4738 meridionalis,
3407 4685 3511 4723 nec
3541 4669 3676 4723 Car-

2029 4754 2204 4824 thago
2237 4754 2677 4826 Cappadocibus
2725 4771 2925 4810 versus
2983 4755 3284 4813 meridiem
3335 4759 3527 4828 posita
3563 4760 3674 4822 est,

2028 4841 2378 4898 Consulatur
2407 4842 2779 4914 geographia.

2105 4932 2412 4986 Donatistae
2444 4933 2696 4987 Africani
2738 4933 2972 5002 gloriari
3027 4933 3292 4989 solebant
3330 4938 3590 5004 tempore
3618 4937 3674 4987 S.

2031 5021 2362 5092 Augustini,
2401 5037 2461 5076 se
2493 5023 2549 5075 in
2585 5022 2824 5076 meridie
2855 5023 3077 5093 positos
3104 5041 3252 5089 esse,
3288 5027 3352 5077 ut
3380 5039 3438 5076 n.
3471 5022 3559 5077 81.
3586 5022 3680 5077 Si-

2034 5110 2235 5180 quitur
2265 5110 2452 5166 ironia
2481 5114 2543 5164 2a
2592 5130 2604 5166 :
2640 5131 2671 5162 ε
2701 5114 2742 5165 Α
2776 5110 2986 5182 quibus
3008 5112 3230 5184 legatos
3259 5111 3564 5184 episcopos
3586 5128 3684 5184 pa-

2107 5304 2217 5374 (19)
2255 5308 2330 5357 lta
2366 5310 2566 5359 nostra
2596 5303 2848 5373 vulgata,
2877 5306 3040 5361 Prov.
3064 5322 3216 5360 xxxx.
3242 5304 3338 5359 Vir
3366 5305 3686 5362 iracundus

2035 5382 2302 5450 provocat
2331 5377 2505 5441 rixas,
2538 5381 2593 5431 et
2640 5379 2737 5447 qui
2771 5377 2848 5450 ad
2885 5377 3309 5450 indignandum
3356 5375 3542 5431 facilis
3573 5383 3686 5450 est,

2037 5448 2146 5504 erit
2178 5448 2246 5500 ad
2285 5452 2639 5517 peccandum
2674 5447 2964 5518 proclivis.

2110 5520 2220 5584 ('30)
2257 5521 2412 5588 Apud
2452 5518 2788 5584 Eusebium,
2823 5518 2860 5573 l.
2894 5535 2968 5590 VI,
3003 5536 3051 5574 c.
3085 5521 3136 5574 5.

2112 5592 2221 5663 (21)
2259 5590 2314 5642 L.
2353 5609 2502 5662 xxxx,
2538 5591 2884 5672 c.1,n.‘24.
