4112 6174
469 319 624 378 M55

1522 313 1623 374 DE
1667 313 2261 377 HIEBETICORUM
2301 312 2821 376 BAPTISMATE

3736 305 3898 370 1456

467 452 680 507 tienter
709 450 854 506 satis
887 452 945 505 et
973 449 1181 506 leniter
1229 449 1509 521 suscepit,
1555 453 1620 504 ut
1671 465 1769 506 eos
1801 450 1870 504 ad
1904 465 2123 505 sermo-
2154 454 2210 517 Α
2241 450 2435 506 furore
2464 447 2766 504 discordiae
2799 445 3101 503 rebellare.
3133 447 3298 518 Apud
3330 445 3506 502 talem
3538 448 3736 516 potest
3765 459 3898 502 esse

473 556 606 594 nem
641 537 845 594 saltem
879 536 1156 610 colloquii
1190 537 1522 593 communis
1541 537 1894 593 admitteret.
1927 537 2133 592 Adhuc

479 627 719 700 insuper
750 627 1051 683 charitatis
1097 631 1154 682 et
1183 626 1512 682 dilectionis
1563 627 1901 699 praeciperet
1929 627 2133 682 frater-

484 717 686 773 nitatis
713 717 1016 787 universae,
1048 732 1120 772 ne
1151 716 1286 788 quis
1315 733 1413 771 eos
1435 717 1493 772 in
1527 717 1767 772 domum
1790 732 1959 771 suam
1991 715 2133 771 reci-

488 809 669 878 peret,
703 810 767 860 ut
796 805 1163 861 venientibus
1189 821 1305 860 non
1329 804 1517 861 solum
1549 821 1659 876 pax
1687 809 1745 861 et
1776 805 2132 875 communio,

491 895 592 952 sed
624 899 682 949 et
709 898 927 950 tectum
959 897 1016 950 et
1046 893 1368 967 hospitium
1401 898 1729 966 negaretur.
1764 915 1793 944 »

561 985 794 1051 Totum,
829 983 980 1054 quod
1029 983 1124 1038 hic
1171 986 1504 1038 enarratum
1554 983 1682 1054 fuit,
1735 982 1879 1038 mihi
1910 981 2137 1039 videtur

487 1073 780 1141 fictitium,
814 1085 945 1144 post
972 1076 1237 1144 tempora
1257 1071 1514 1143 Eusebii,
1549 1071 1901 1144 Hieronymi,
1933 1071 2052 1128 imo
2073 1072 2132 1127 S.

481 1161 792 1234 Augustini
827 1160 1241 1232 excogitatum.
1275 1161 1488 1216 Notum
1520 1165 1609 1217 est
1638 1162 1794 1234 quod
1821 1161 2135 1217 Donatista

482 1250 733 1306 Africani
767 1249 1022 1321 plurima
1059 1249 1365 1306 mendacia
1393 1250 1452 1305 in
1498 1252 1806 1307 Historiam
1833 1251 2132 1306 Ecclesia:-

476 1341 643 1394 ticam
673 1337 1077 1410 insperserint,
1110 1337 1411 1410 signanter
1453 1343 1654 1395 contra
1683 1339 1988 1412 episcopos
2021 1340 2131 1394 Ro-

477 1443 704 1482 manos.
740 1428 1026 1498 Tempore
1056 1427 1110 1480 S.
1146 1426 1456 1499 Augustini
1495 1429 1621 1498 jam
1651 1428 1972 1483 commenti
2006 1427 2128 1483 fue-

475 1520 626 1584 rant,
660 1515 815 1586 quod
848 1515 905 1570 S.
943 1513 1312 1572 Marcellinus
1343 1532 1494 1586 papa
1525 1516 1634 1570 sub
1667 1515 1898 1571 initium
1932 1514 2130 1570 smculi

475 1621 530 1658 ιν
568 1604 625 1658 in
681 1603 1086 1675 persecutione
1139 1602 1476 1658 Diocletiani
1530 1603 1704 1659 idolis
1744 1603 1884 1660 thus
1934 1603 2132 1660 adole-

474 1691 655 1748 visset
708 1691 840 1763 (22).
901 1693 1108 1746 1399
1163 1692 1360 1756 Quoad
1411 1691 1834 1763 rebaptizantes
1890 1710 1956 1749 eo
2001 1694 2126 1764 jam

476 1781 770 1853 progressi
803 1781 1052 1849 fuerant,
1104 1785 1170 1836 ut
1217 1781 1469 1836 dixerint
1504 1781 1601 1852 (an
1633 1797 1782 1849 vere,
1835 1782 1922 1837 vel
1955 1783 2123 1851 falso,

477 1869 608 1924 nolo
642 1869 736 1924 hic
778 1869 1130 1941 examinare)
1181 1870 1238 1925 S.
1291 1870 1640 1942 Cyprianum
1691 1870 2122 1942 rebaptizasse;

475 1957 860 2013 nihilominus
891 1959 953 2015 S.
995 1958 1358 2030 Stephanum
1403 1975 1608 2030 papam
1641 1959 1832 2014 adhuc
1862 1976 2122 2016 recense-

473 2045 614 2100 bant
645 2046 796 2101 inter
816 2063 914 2102 eos
942 2047 1039 2118 qui
1062 2045 1427 2118 episopatum
1449 2047 1771 2120 gessissent
1793 2046 2121 2118 illibatum;

472 2151 607 2190 nam
640 2135 979 2208 episcopum
1029 2136 1359 2192 Romanum
1401 2136 1460 2191 in
1507 2153 1620 2208 quo
1669 2151 1770 2191 ceu
1821 2142 2123 2208 peccatore

469 2225 762 2280 successio
792 2225 947 2280 Petri
970 2224 1294 2292 defecisset,
1322 2225 1576 2295 primum
1601 2225 1941 2281 statuebant
1969 2227 2121 2282 Mar-

466 2311 765 2369 cellinum.
824 2313 952 2368 Jam
1027 2315 1350 2370 subsumo:
1431 2313 1481 2368 si
1539 2313 1639 2369 illo
1696 2314 1753 2368 S.
1815 2315 2122 2386 Augustini

463 2404 726 2473 tempore
772 2401 1030 2474 Epistola
1080 2401 1476 2457 Firmilianica
1517 2402 1689 2457 modo
1745 2402 2118 2470 innotuisset,

463 2488 550 2544 vel
582 2490 630 2544 si
657 2490 988 2561 Stephanus
1030 2491 1333 2546 Africanos
1374 2490 1864 2562 rebaptizantium
1898 2492 2121 2564 legatos

465 2576 768 2650 episcopos
801 2583 922 2634 tam
972 2579 1258 2635 inurbane
1298 2579 1622 2644 habuisset,
1674 2579 1762 2636 vel
1808 2579 1857 2634 si
1905 2579 1964 2636 S.
2010 2582 2119 2653 Cy-

466 2666 669 2738 priano
702 2668 1365 2723 excommunicationem
1387 2668 1691 2723 dumtaxat
1719 2670 2118 2726 comminatus

469 2753 712 2822 fuisset;
746 2773 820 2810 an
869 2755 1180 2812 Donatistae
1229 2756 1286 2812 S.
1333 2755 1627 2828 Stephano
1677 2773 1839 2829 papa
1885 2762 2116 2814 tantum

468 2842 707 2899 honoris
739 2844 1192 2916 permisissent?
1239 2850 1328 2901 An
1375 2862 1489 2900 non
1535 2845 1730 2916 potius
1778 2847 1984 2902 docere
2016 2849 2116 2904 de-

468 2932 738 2988 buissent
767 2933 1126 3005 Stephanum
1161 2933 1342 2989 fuisse
1371 2933 1652 3005 primum,
1687 2934 1745 2989 in
1776 2951 1892 3005 quo
1925 2941 2120 2992 aucto-

473 3022 618 3078 ritas
650 3022 799 3078 Petri
849 3023 1026 3079 ﬁnem
1074 3023 1422 3078 habuisset?
1472 3023 1621 3078 Sane
1671 3023 1852 3094 igitur
1881 3026 2117 3095 prrefata

473 3111 714 3166 dicteria
743 3116 946 3168 contra
974 3113 1031 3167 S.
1078 3111 1440 3184 Stephanum
1485 3110 1709 3182 prolata
1744 3112 1981 3169 interim
2012 3114 2114 3170 ha-

2244 555 2426 594 unum
2457 541 2765 610 corpus;et
2791 554 2946 593 unus
2978 536 3403 609 spiritus,apud
3431 552 3607 608 quem
3644 535 3893 592 fortasse

2241 625 2370 698 ipsa
2400 627 2595 683 anima
2641 644 2757 682 una
2808 643 2924 682 non
2973 631 3099 694 est;
3147 625 3232 680 sic
3279 624 3524 692 lubrica,
3569 625 3811 681 mobilis
3840 631 3894 681 et

2241 715 2513 771 incerta?
2539 716 2646 771 Sed
2679 720 2965 787 quantum
2996 713 3248 786 pertinet
3275 713 3348 769 ad
3378 712 3568 783 illum,
3602 712 3893 785 relinqua-

2243 820 2399 860 mus.

2313 894 2357 949 Ι.
2391 894 2556 961 Ecce,
2585 893 2685 965 qui
2732 909 2802 950 ex
2851 890 3220 948 institutione
3264 890 3462 946 divina
3505 894 3599 947 est
3623 895 3890 948 centrum

2244 981 2511 1049 unitatis,
2539 981 2867 1038 declaratur
2913 984 2979 1037 ut
3018 981 3319 1036 abscissus
3369 980 3440 1036 ab
3487 980 3740 1052 unitate,
3775 982 3891 1036 fra-

2242 1070 2432 1126 tribus
2462 1087 2561 1143 per
2592 1071 2790 1126 omnia
2827 1071 3074 1141 alienus,
3119 1074 3323 1126 contra
3366 1075 3812 1126 sacramentum
3843 1075 3897 1126 et

2243 1161 2420 1216 ﬁdem
2478 1164 2811 1229 contumax,
2874 1159 3253 1228 furibundus,
3319 1159 3569 1226 discors,
3639 1159 3895 1226 rebellis,

2241 1248 2525 1318 lubricus,
2559 1248 2815 1320 mobilis,
2866 1249 3147 1320 incertus,
3196 1251 3254 1304 et
3301 1264 3437 1304 cum
3478 1249 3604 1304 hac
3638 1247 3902 1304 convicia

2241 1338 2484 1394 sedulus
2540 1341 2934 1411 congesserat,
2991 1341 3049 1393 et
3105 1336 3304 1394 omnia
3359 1336 3654 1392 eﬂ'utierat
3703 1342 3904 1392 contra

2239 1427 2641 1500 Stephanum:
2686 1432 2827 1482 tunc
2879 1427 3117 1482 demum
3169 1426 3429 1482 decernit
3475 1425 3900 1482 abstinendum

2239 1532 2368 1572 esse
2397 1517 2470 1572 ab
2504 1515 2882 1572 ulterioribus
2903 1514 3202 1584 conviciis,
3226 1531 3292 1570 ac
3325 1513 3720 1586 quaestionem
3753 1515 3907 1586 prin-

2238 1605 2485 1677 cipalem
2517 1605 2712 1677 potius
2743 1604 3173 1661 discutiendam
3204 1619 3353 1660 esse.

2308 1695 2380 1750 II.
2413 1693 2553 1759 Quis
2584 1693 2781 1749 credat
2810 1693 2960 1748 hanc
2990 1693 3173 1748 fuisse
3202 1707 3404 1748 vocem
3426 1690 3690 1762 alicujus
3712 1692 3900 1747 sancti

2237 1783 2489 1856 episcopi
2550 1785 2621 1838 de
2677 1787 2835 1854 Papa
2907 1799 3014 1838 suo
3073 1781 3372 1854 superiore
3428 1779 3901 1851 conquerentis?

2235 1873 2548 1929 Aoerbiora
2577 1874 2920 1943 sequentur,
2953 1871 3160 1927 1400
3187 1882 3250 1925 n°
3277 1870 3367 1924 74.
3399 1899 3467 1909 -
3498 1867 3744 1924 Bertius
3765 1869 3896 1938 (24),

2234 1967 2299 2017 ut
2354 1962 2706 2034 persuadeat
2754 1977 2883 2016 esse
2930 1960 3226 2032 propriam
3281 1957 3610 2014 Firmiliani
3670 1974 3897 2026 vocem,

2231 2051 2479 2108 asserit:
2513 2072 2541 2100 »
2578 2050 2708 2106 Dari
2738 2047 3004 2120 exempla
3041 2052 3314 2104 sexcenta
3359 2047 3417 2104 in
3450 2047 3680 2120 quibus
3710 2048 3900 2103 sancti

2232 2143 2432 2195 Patres
2468 2138 2548 2194 ita
2579 2143 2784 2194 mutuo
2810 2137 3249 2193 excanduerint.

2302 2231 2404 2284 Ast
2429 2245 2535 2300 ego
2583 2244 2789 2284 censeo
2849 2226 2975 2281 dari
3019 2225 3250 2281 nullum
3306 2224 3654 2281 istiusmodi
3704 2241 3900 2281 exem-

2230 2316 2416 2388 plum.
2451 2317 2678 2373 Bertius
2709 2315 2969 2383 adducit,
3003 2315 3170 2382 duos,
3205 2312 3567 2386 Polycratem
3598 2318 3661 2370 et
3689 2318 3749 2369 S.
3781 2315 3893 2370 ire-

2231 2423 2444 2477 naeum,
2478 2407 2579 2477 qui
2609 2405 2934 2478 pertinaces
2967 2404 3302 2460 restiterant
3343 2404 3402 2460 S.
3436 2404 3665 2460 Victori
3704 2421 3892 2476 papa.

2302 2496 2511 2552 Verum
2543 2493 2876 2552 enimvero:
2910 2496 2969 2549 1o
3009 2494 3078 2550 Hi
3109 2495 3222 2550 duo
3270 2510 3386 2550 non
3427 2497 3575 2549 sunt
3605 2493 3895 2550 sexcenti.

2227 2585 2288 2639 2ο
2345 2584 2433 2640 Illi
2480 2585 2595 2640 duo
2644 2584 2934 2656 pertinent
2989 2585 3063 2639 ad
3120 2600 3305 2639 unum
3357 2587 3415 2639 et
3467 2583 3625 2638 idem
3688 2599 3894 2639 exem-

2228 2673 2392 2746 plum
2450 2674 2854 2730 controversia
2932 2673 3086 2729 circa
3159 2672 3385 2729 Pascha
3439 2671 3888 2727 celebrandum.

2226 2763 2287 2817 3°
2314 2762 2527 2818 Neuter
2555 2778 2756 2817 eorum
2789 2777 3020 2817 summo
3053 2761 3318 2817 Pontiﬁci
3357 2761 3730 2816 conviciatus
3758 2760 3882 2815 fuit.

2227 2851 2285 2906 S.
2319 2854 2591 2906 Iraanmus
2615 2850 2924 2923 episcopus
2946 2849 3182 2906 nomine
3199 2850 3444 2905 fratrum
3466 2865 3572 2922 per
3598 2848 3884 2917 Galliam,

2227 2938 2442 3010 quibus
2473 2944 2736 3010 praeerat,
2768 2939 3025 3010 scripsit,
3057 2943 3112 2994 et
3140 2938 3354 3009 Papam
3385 2938 3750 3010 deprecatus
3780 2943 3884 3006 est,

2225 3045 2298 3083 ne
2327 3027 2582 3099 episcOpi
2613 3027 2760 3083 Asiae
2791 3028 3438 3083 excommunicarentur
3466 3027 3627 3098 (25H

2297 3120 2464 3172 Nunc
2511 3117 2885 3172 conviciando
2931 3118 3100 3188 quasi
3147 3115 3402 3172 lassatus
3451 3121 3510 3170 et
3552 3116 3887 3172 exhaustus

470 3199 656 3255 benda
673 3205 814 3256 sunt
828 3205 1107 3273 tanquam
1126 3201 1330 3273 putida
1343 3200 1665 3265 mendacia,
1681 3201 1862 3257 donec
1881 3201 2116 3260 aliunde
2145 3185 2187 3252 C
2226 3205 2416 3262 denuo
2447 3208 2698 3261 attentat
2727 3223 2896 3262 suam
2926 3185 3263 3262 haereticum
3311 3204 3657 3277 opinionem
3692 3223 3764 3260 ex
3799 3223 3887 3261 sa-

471 3305 647 3360 quam
679 3307 746 3345 ex
777 3289 1361 3363 pseudo-Firmiliano
1384 3291 1723 3361 probentur.
1757 3291 2118 3349 Testimonia

469 3375 706 3447 Fleurii,
764 3379 1091 3448 Alexandri,
1143 3377 1403 3451 Dupinii,
1457 3379 1623 3434 Cavei
1674 3379 1817 3435 nihil
1870 3382 2114 3453 juvant;

469 3483 602 3521 nam
634 3484 836 3523 omnes
885 3467 1478 3540 pseudo-Firmiliano
1529 3468 1845 3525 credidere.
1879 3474 2119 3527 Frustra

470 3554 813 3612 laborarunt
842 3557 1147 3625 Baronius,
1197 3561 1329 3626 etc.,
1362 3561 1427 3612 ut
1467 3557 1828 3629 Stephanum
1878 3576 2116 3616 excusa-

469 3649 637 3700 rent:
672 3663 807 3700 nam
844 3650 1030 3701 totum
1061 3651 1151 3702 est
1179 3646 1471 3702 ﬁctitium.

540 3734 729 3790 lronia
758 3735 910 3807 3(a),
943 3740 1142 3792 contra
1171 3752 1474 3791 summum
1505 3736 1850 3795 Pontificem
1883 3739 2015 3810 (25).

545 3844 567 3873 ι
601 3823 717 3880 Ηοο
776 3829 866 3880 est
913 3841 1175 3881 servasse
1226 3825 1606 3881 unitatem....
1661 3827 2022 3885 Abscindere
2053 3846 2115 3885 se

467 3911 829 3984 acharitate,
881 3918 940 3970 et
996 3911 1254 3970 alienum
1310 3931 1373 3970 se
1429 3931 1530 3986 per
1581 3916 1781 3972 omnia
1834 3917 2114 3975 fratribus

465 4001 674 4069 facere,
708 4007 766 4057 et
790 4007 994 4059 contra
1014 4007 1448 4060 sacramentum
1472 4008 1528 4059 et
1550 4005 1724 4060 fidem
1749 4007 2113 4063 contumacis

535 4144 647 4214 (22)
696 4143 772 4215 S.
815 4143 958 4215 Aug.
1013 4142 1079 4198 de
1128 4144 1271 4200 Unit.
1331 4145 1490 4215 Bapt.
1541 4148 1682 4200 cont.
1744 4147 2106 4201 Petilianum.

464 4232 516 4270 c.
552 4216 638 4269 16.
671 4214 820 4280 Quid
853 4214 1001 4285 opus
1030 4218 1120 4269 est
1148 4219 1215 4269 ut
1252 4214 1656 4286 episcOporum
1699 4215 1969 4272 Ecclesiae
1998 4222 2107 4272 Ro-

463 4303 672 4354 manae,
705 4303 854 4356 quos
871 4286 1316 4342 incredibilibus
1337 4287 1652 4342 calumniis
1673 4287 1997 4343 insectatur
2019 4293 2115 4345 Pe-

463 4357 704 4412 tilianus
729 4358 1048 4428 Donatista,
1073 4358 1299 4428 objecta
1321 4359 1391 4413 ab
1414 4375 1479 4414 eo
1502 4358 1753 4414 crimina
1772 4357 2069 4416 diluamus
2085 4360 2113 4415 ?

463 4428 836 4484 Marcellinus
894 4435 950 4502 et
995 4430 1498 4502 presbyteriiejus
1547 4446 1651 4502 pro
1699 4435 1860 4496 tunc,
1908 4437 2112 4502 postea

463 4502 681 4556 summi
717 4499 1039 4569 Pontifices,
1072 4499 1422 4573 Mel’chiades
1452 4507 1508 4556 et
1535 4499 1822 4573 Sylvester
1846 4499 2111 4559 traditio-

2227 3291 2342 3348 cris
2365 3292 2750 3364 scriptoribus
2782 3292 3065 3364 probare:
3105 3315 3126 3342 ε
3163 3293 3277 3349 Sed
3309 3296 3596 3364 quantum
3617 3294 3698 3348 ad
3721 3293 3887 3348 illum

2225 3380 2629 3452 (Stephanum)
2686 3380 2958 3452 pertinet,
3017 3380 3460 3452 relinquamus:
3512 3383 3891 3437 excutiamus

2226 3470 2421 3543 potius
2451 3471 2508 3526 id
2540 3471 2610 3526 de
2641 3487 2754 3542 quo
2788 3469 3042 3526 maxima
3067 3477 3159 3526 est
3188 3470 3456 3543 quaestio.
3490 3492 3519 3520 ιι

2298 3561 2462 3616 Tunc
2493 3560 2762 3631 sequenti
2793 3560 2979 3616 utitur
3024 3559 3240 3617 sorite:
3279 3582 3307 3610 ‹‹
3337 3560 3518 3616 Nobis
3549 3564 3607 3616 et
3651 3560 3892 3617 hereti-

2225 3648 2308 3704 cis
2336 3665 2448 3705 non
2471 3653 2560 3706 est
2576 3666 2730 3704 unus
2749 3653 2901 3704 Deus
2923 3654 2981 3704 et
3001 3649 3304 3720 Dominus,
3327 3655 3385 3705 et
3406 3649 3554 3705 ﬁdes
3579 3667 3593 3717 ;
3619 3649 3890 3722 alioquin

2226 3754 2342 3793 non
2372 3737 2644 3806 haretici,
2678 3738 2780 3794 sed
2803 3737 3121 3794 Christiani
3145 3756 3160 3806 ;
3185 3753 3323 3810 ergo
3345 3753 3450 3793 nec
3477 3737 3644 3792 idem
3669 3739 3892 3811 Baptis-

2224 3844 2397 3895 mus;
2432 3843 2567 3883 nam
2600 3827 2671 3882 ad
2721 3827 3092 3883 concordiam
3143 3827 3457 3883 exhortans
3506 3827 3738 3883 Paulus
3767 3829 3884 3883 ait:

2227 3917 2373 3972 Unus
2424 3917 2708 3984 Dominus,
2765 3932 2883 3972 una
2955 3916 3105 3984 fides,
3161 3933 3335 3972 unum
3401 3917 3686 3987 baptism
3745 3934 3887 3972 una:

2222 4006 2383 4062 Deus.
2419 4027 2447 4055 ››

2221 4147 2374 4230 diem
2403 4149 2704 4230 23.Sept.,
2757 4153 2821 4204 ut
2869 4149 3096 4205 Bertius
3145 4145 3526 4204 Bollandistis
3559 4165 3878 4206 assensum

2221 4221 2555 4291 praebuerit.

2263 4291 2404 4364 _(23)
2437 4292 2498 4346 In
2542 4292 2652 4364 ,Ep.
2711 4290 3190 4364 Cyprianicarum
3245 4292 3339 4358 69,
3390 4289 3731 4364 Florentius
3771 4297 3878 4348 Pu-

2221 4361 2432 4436 pianus
2462 4361 2774 4435 episcopus
2795 4361 3218 4436 introducitur,
3253 4363 3408 4436 quod
3440 4363 3752 4436 (Pseudo-)
3780 4367 3879 4436 Cy-

2221 4433 2515 4504 prianum'
2553 4433 2841 4490 vocaverit
2887 4436 3206 4506 superbum
3231 4452 3246 4502 ;
3272 4433 3289 4436 ⁷
3314 4433 3493 4560 igitur
3542 4433 3879 4506 Cyprianus

2221 4506 2448 4560 probat.
2483 4521 2545 4560 se
2567 4521 2695 4560 esse
2723 4522 2852 4560 vere
2875 4505 3185 4560 humilem.
3217 4510 3273 4560 et
3301 4506 3342 4560 F
3368 4505 3596 4560 orentio
3620 4508 3878 4560 regerit:

2221 4506 2448 4578 probat,
2483 4521 2545 4560 se
2567 4521 2695 4578 esse
2723 4522 2852 4578 vere
2875 4505 3185 4572 humilem,
3217 4510 3273 4560 et
3301 4505 3596 4578 Florentio
3620 4505 3877 4578 regerit:

463 4573 555 4654 nis
587 4573 853 4627 codicum
885 4553 1214 4660 divinorum
1242 4577 1298 4627 et
1327 4553 1778 4660 thuriti‘cationis
1800 4575 1871 4629 ab
1895 4590 1960 4629 eo
1991 4575 2105 4656 (ξι-ἱ·
2139 4553 2186 4618 Ῑ)
2216 4553 2296 4660 fin
2329 4553 2702 4660 ti:
3346 4553 3880 4660 ’ξρῖεοοῇἷξὲῖίᾷξ

464 4644 622 4698 mine
652 4649 1001 4714 arguuntur.
1031 4644 1440 4715 Sednunquid
1481 4643 1609 4700 ideo
1657 4645 1830 4700 etiam
1862 4646 2106 4701 convin-

463 4720 696 4780 cuntur,
722 4720 820 4770 aut
842 4715 1087 4771 convicti
1109 4714 1305 4786 aliqua
1323 4714 1806 4771 documentorum
1829 4717 2107 4774 ﬁrmitate

463 4787 913 4860 monstrantur?
947 4787 1076 4860 Ipse
1123 4787 1435 4843 sceleratos
1484 4791 1540 4841 et
1579 4787 1893 4858 sacrilegos
1924 4790 2106 4845 fuisse

460 4859 639 4914 dicit:
672 4875 777 4929 ego
811 4859 1148 4914 innocentes
1178 4860 1358 4914 fuisse
1389 4860 1732 4929 respondeo.
1765 4860 1910 4922 Quid
1942 4860 2102 4916 labo-

461 4949 579 4986 rem
616 4930 859 5000 probare
890 4930 1287 4987 defensionem
1338 4946 1553 5000 meam,
1585 4946 1716 4986 cum
1762 4930 1860 4986 ille
1890 4949 1994 4987 nec
2021 4936 2102 4988 te-

460 5003 656 5058 nuiter
704 5003 949 5059 probare
994 5008 1238 5058 conatus
1287 5001 1362 5056 sit
1411 5003 1840 5058 accusationem
1885 5001 2104 5059 suam?

460 5075 518 5130 Si
551 5080 638 5130 est
667 5073 787 5129 ulla
815 5075 1155 5130 humanitas
1185 5073 1243 5126 in
1277 5073 1448 5144 rebus
1491 5073 1790 5140 humanis,
1827 5079 1963 5144 puto
1995 5091 2103 5130 nos

451 5147 675 5217 justius
702 5163 874 5218 posse
905 5144 1269 5218 reprehendi,
1305 5144 1351 5196 si
1385 5143 1612 5218 ignotos
1643 5143 1928 5218 homines,
1954 5163 2102 5216 quos

457 5215 1106 5285 criminanturinimici,
1131 5231 1234 5269 nec
1266 5229 1464 5268 eorum
1496 5215 1714 5270 crimen
1749 5215 1868 5270 ulla
1899 5215 2103 5272 testiﬁ-

455 5291 679 5345 catione
706 5290 1134 5354 demonstrant,
1182 5291 1454 5340 nocentes
1486 5287 1681 5357 potius
1721 5303 1899 5357 quam
1930 5289 2098 5343 inno-

453 5372 648 5416 centes
679 5358 1120 5415 crediderimus.
1165 5362 1250 5412 Ita
1291 5357 1348 5412 S.
1398 5372 1546 5429 Aug.
1577 5357 1614 5412 1.
1663 5357 1759 5412 cit.
1811 5358 1912 5428 qui
1960 5358 1998 5412 l.
2034 5364 2100 5414 ui

452 5443 594 5488 cont.
633 5432 892 5487 Crescon.
925 5431 1107 5485 multa
1145 5429 1261 5484 alia
1291 5429 1440 5484 facta
1470 5429 1749 5484 historica
1775 5433 2037 5485 recenset
2065 5448 2100 5486 a

452 5503 773 5559 Donatistis
831 5507 1035 5574 contra
1084 5501 1388 5574 episcopos
1417 5500 1768 5574 _Catholicos
1810 5501 2094 5574 conficta.

450 5575 612 5648 Quod
661 5573 860 5648 lapsus
907 5571 1144 5648 Liberii:
1165 5571 1328 5648 papae
1372 5571 1657 5648 similiter
1691 5573 1762 5648 ab
1809 5572 2096 5648 haereticis

453 5647 627 5713 fuerit
659 5643 966 5726 conflatus,
994 5645 1077 5704 ita
1115 5643 1595 5706 demonstrarunt
1622 5643 1992 5706 Bollandistm
2023 5645 2096 5726 ad

2216 4647 2402 4703 dicem
2428 4648 2651 4718 judicis
2681 4647 2714 4702 a
2761 4647 2875 4704 Deo
2917 4647 3073 4704 docti
3121 4647 3450 4714 constituis,
3497 4647 3638 4704 cum
3677 4647 3878 4705 Domi-

2215 4736 2328 4774 nus
2377 4722 2436 4774 in
2486 4721 2927 4775 Deuteronomio
2977 4720 3171 4775 dicat:
3221 4721 3286 4792 Et
3332 4719 3509 4785 homo,
3562 4723 3879 4792 quicunque

2213 4793 2384 4860 [uarii
2417 4793 2473 4844 in
2503 4791 2784 4861 superbia,
2839 4801 2899 4846 ut
2942 4807 3053 4845 non
3100 4790 3363 4845 exaudiat
3407 4791 3758 4846 sacerdotem
3790 4790 3877 4846 aut

2203 4862 2475 4934 judicem,
2536 4865 2848 4934 quicunque
2893 4863 3085 4934 fuerit,
3121 4865 3199 4934 ini,
3228 4861 3416 4934 diebus
3472 4862 3620 4934 illis,
3674 4867 3873 4917 moria.

2211 4939 2308 4987 tur
2339 4933 2496 4988 homo
2526 4933 2646 4988 ille.
2697 4932 3022 4988 AdduCitur
3067 4933 3126 4988 S.
3175 4932 3410 4997 Paulus,
3461 4933 3564 5002 qui
3608 4933 3674 4987 in
3716 4934 3874 4988 falsis

2212 5008 2270 5059 et
2317 5004 2581 5075 spoliatis
2639 5006 3044 5060 sacerdotibus
3072 5007 3366 5076 umbram
3416 5009 3652 5076 tamen
3683 5006 3872 5076 ipsam

2213 5076 2449 5130 inanem
2496 5075 2874 5131 sacerdotalis
2923 5075 3181 5130 nominis
3231 5080 3540 5130 veneratus
3593 5075 3866 5131 dixerat:

2211 5147 2543 5213 Nesciebam,
2575 5148 2802 5216 fratres,
2846 5149 2979 5218 quia
3021 5149 3274 5218 pontifex
3320 5154 3450 5218 est;
3481 5148 3766 5218 scriptum
3800 5152 3868 5202 est

2210 5220 2359 5272 enim
2384 5234 2403 5277 .·
2438 5219 2752 5288 Principem
2777 5216 2970 5289 populi
2998 5221 3082 5273 tui
3109 5216 3219 5272 non
3250 5216 3562 5289 maledicos.
3606 5216 3868 5272 Pseudo-

2209 5289 2586 5344 Firmilianus
2612 5306 2672 5343 se
2687 5288 2948 5360 judic’em
2971 5290 3192 5345 summi
3213 5288 3512 5343 Pontiﬁcis
3533 5289 3866 5344 constituit.

2305 5361 2396 5427 24)
2430 5361 2490 5414 L.
2523 5377 2677 5424 xxxx.
2711 5377 2760 5416 c.
2797 5362 2882 5427 13,
2919 5378 2976 5416 n.
3007 5362 3063 5416 5.

2305 5361 2374 5413 24
2430 5361 2490 5414 L.
2523 5377 2677 5424 xxxx.
2711 5377 2760 5416 c.
2797 5362 2882 5427 13,
2919 5378 2976 5416 n.
3007 5362 3063 5416 5.

2279 5361 2396 5500 i25i
2427 5432 2731 5495 Eusebius,
2764 5449 2817 5486 v.
2851 5432 2952 5487 lib.
2984 5447 3037 5486 ο.
3079 5431 3172 5484 26.
3205 5461 3270 5470 -
3303 5434 3427 5502 Imo
3457 5433 3514 5484 et
3563 5428 3674 5485 illa
3705 5430 3867 5502 Poly-

2209 5504 2384 5558 cratis
2413 5509 2471 5558 et
2502 5503 2699 5558 lrenaei
2731 5504 2880 5559 facta
2917 5519 3034 5558 non
3067 5507 3207 5557 sunt
3252 5501 3491 5557 omnino
3523 5508 3733 5569 certa;
3765 5501 3864 5558 su-

2206 5574 2401 5644 spicor
2429 5575 2746 5631 Eusebium
2780 5576 2961 5630 fuisse
2982 5572 3402 5645 interpolatum
3431 5576 3556 5645 tam
3588 5578 3652 5627 in
3686 5589 3862 5632 causa

2206 5643 2920 5721 Quarto-Deoimanorum,
2951 5643 3715 5724 quam'Anabaptistarum.
