4112 6174
233 284 389 347 1457

1182 284 1385 345 PARS
1434 283 1511 346 II.
1541 318 1617 328 —
1649 282 2211 347 RECENTIOBUM
2263 288 2704 351 EXCUBSUS.

3494 293 3648 356 i458

300 419 485 474 Nemo
520 434 634 474 non
661 415 817 474 videt
864 433 992 475 esse
1032 417 1364 491 sophisma;
1418 433 1554 472 nam
1603 417 1793 486 nobis,
1827 420 1886 472 et
1912 417 1966 483 Α
1997 417 2097 488 qui
2130 418 2188 473 in
2219 419 2410 476 Africa
2439 425 2597 492 sunt,
2635 423 2924 494 episcopis
2973 427 3029 478 et
3077 422 3303 482 cunctis
3336 423 3560 482 clericis
3591 431 3648 482 et

227 508 641 565 haereticorum
693 506 965 579 plurimis
1014 510 1103 562 est
1148 523 1324 577 unus,
1379 506 1652 577 idemque
1708 506 1884 574 Deus,

228 598 387 655 sicut
417 596 605 664 nobis,
643 598 700 651 et
728 613 780 651 v.
815 611 870 668 g.
903 595 1252 651 Lutheranis
1292 598 1381 650 est
1427 611 1582 650 unus
1613 594 1886 667 idemque

226 686 562 758 baptismus
593 701 625 739 a
657 684 887 740 Christo
930 685 1207 739 traditus.

300 774 554 846 Denique
589 790 734 829 novo
783 773 1006 844 impetu
1040 775 1242 828 contra
1270 776 1325 829 S.
1359 772 1720 844 Stephanum
1775 773 1883 828 ite-

223 881 358 920 rum
391 861 817 930 debacchatur;
851 865 908 917 et
937 861 1077 916 dum
1121 865 1356 934 tempus
1384 862 1496 933 ipsi
1528 861 1713 917 defuit
1742 879 1877 916 con-

222 968 434 1026 gruam
480 950 774 1006 scribendi
827 949 1156 1020 epistolam,
1189 951 1400 1022 repetit
1431 967 1497 1006 ea
1527 967 1652 1022 quae
1702 966 1878 1022 supe-

219 1041 347 1096 rius
397 1058 454 1095 n.
490 1041 580 1106 64,
614 1039 704 1105 39,
737 1038 1074 1110 scripserat.
1099 1070 1167 1079 -—
1196 1061 1224 1088 «
1268 1039 1333 1094 Et
1363 1056 1476 1094 non
1526 1039 1705 1111 pudet
1751 1039 1876 1094 Ste-

219 1129 486 1202 phanum
520 1127 811 1183 hareticis
833 1127 1114 1182 adversus
1140 1127 1452 1184 Ecclesiam
1482 1127 1873 1200 patrocinium

219 1221 523 1290 praestare,
553 1219 611 1272 et
641 1220 878 1288 propter
928 1215 1232 1272 haereticos
1277 1217 1620 1272 asserendos
1670 1217 1870 1272 frater-

219 1307 464 1361 nitatem
501 1305 787 1372 scindere,
820 1305 1081 1375 insuper,
1110 1309 1218 1362 etc.
1246 1327 1274 1355 ››

292 1393 630 1466 Stephanus
663 1392 953 1449 haereticis
985 1392 1210 1448 nullum
1246 1394 1524 1449 adversus
1557 1392 1867 1449 Ecclesiam

219 1482 615 1556 patrocinium
645 1481 943 1554 prmetitit;
969 1481 1258 1553 siquidem
1281 1499 1482 1538 eorum
1505 1481 1866 1554 baptismum

219 1589 354 1629 cum
408 1570 686 1644 apostolis
719 1575 776 1626 et
805 1570 1078 1626 universa
1125 1569 1379 1626 Ecclesia
1425 1576 1730 1627 veneratus
1779 1575 1869 1627 est

218 1665 286 1718 ut
317 1659 604 1731 validum,
629 1676 742 1715 non
776 1663 1011 1731 propter
1039 1659 1396 1724 ministrum,
1418 1659 1504 1715 vel
1539 1660 1717 1731 hujus
1749 1659 1864 1714 hm-

1996 507 2153 562 omni
2205 508 2564 566 fraternitate
2613 511 2870 567 universi
2920 516 3216 584 optamus,
3252 518 3316 568 ut
3365 518 3641 587 perpetuo

1994 595 2327 663 unanimes,
2350 602 2406 653 et
2427 615 2610 655 unum
2642 601 2958 656 sentientes
2985 602 3309 658 habeamus
3331 603 3640 660 nobiscum

1992 684 2167 740 etiam
2199 686 2268 741 de
2298 685 2616 760 longinquo
2651 689 2960 745 adunatos.
2989 712 3017 740 »

2064 774 2194 830 Haec
2223 779 2313 831 est
2334 776 2559 832 famosa
2590 777 2741 832 inter
2762 778 3134 850 Cyprianicas
3166 779 3418 852 epistola
3439 781 3640 838 ordine

1988 863 2078 928 75,
2103 864 2214 918 sub
2245 866 2481 920 nomine
2514 865 2838 921 Firmiliani
2869 867 3186 938 publicata,
3210 885 3341 940 quae
3373 869 3638 925 omnium

1988 952 2349 1008 eruditorum
2382 953 2618 1025 ingenia
2651 970 2838 1024 usque
2887 953 3004 1009 huc
3056 956 3272 1010 mirum
3307 957 3368 1011 in
3399 957 3639 1014 modum

1985 1040 2229 1096 vexavit.

2054 1128 2198 1183 Cum
2247 1144 2374 1184 eam
2407 1145 2534 1184 esse
2586 1131 3045 1202 supposititiam,
3076 1135 3133 1186 et
3162 1149 3294 1188 vero
3344 1133 3640 1190 Catholico

1981 1215 2217 1288 penitus
2264 1216 2587 1289 indignam,
2622 1220 2854 1274 abunde
2903 1221 3340 1277 demonstrasse
3373 1221 3521 1276 mihi
3551 1222 3638 1277 vi-

1980 1306 2138 1373 dear,
2172 1305 2416 1361 ulterius
2447 1307 2940 1378 progrediendum
2974 1325 3107 1364 reor
3146 1309 3635 1382 investigaturus,

1979 1393 2214 1449 cuinam
2246 1397 2414 1449 sectae
2447 1395 2740 1464 addictus,
2775 1400 2831 1451 et
2861 1413 2975 1468 quo
3027 1397 3258 1452 circiter
3285 1401 3551 1471 tempore
3583 1401 3639 1454 et

1975 1483 2102 1540 loco
2134 1486 2336 1538 auctor
2365 1482 2544 1554 hujus
2576 1485 2815 1541 famosae
2847 1485 3102 1558 epistolae
3133 1485 3358 1542 vixerit.

2047 1570 2457 1643 Deprehensus
2487 1571 2799 1645 aliquoties
2827 1581 2890 1629 n'
2918 1575 3322 1644 23—26—76,
3356 1575 3494 1643 fuit,
3516 1576 3637 1630 sin'

1973 1659 2257 1733 gulariter
2287 1665 2344 1716 et
2374 1663 2833 1719 extraordinaria
2869 1664 3105 1722 gavisus
3135 1681 3202 1720 ex
3233 1681 3324 1733 eo,
3361 1666 3518 1736 quod
3548 1665 3637 1720 in-

214 1751 400 1816 resin,
431 1749 532 1806 sed
573 1753 811 1821 prepter
840 1747 1144 1804 materiam
1191 1752 1246 1804 et
1291 1749 1538 1803 formam
1573 1766 1604 1804 a
1635 1748 1864 1804 Christo
1895 1787 1942 1851 B
1973 1750 2194 1806 venerit
2230 1750 2290 1805 in
2326 1750 2650 1823 longinquo
2673 1754 3026 1823 coadunatos,
3048 1759 3104 1809 et
3123 1771 3297 1809 unum
3324 1756 3635 1811 sentientes.

209 1839 481 1895 traditas.
505 1836 650 1892 Male
679 1837 1018 1892 traducerer
1056 1840 1121 1891 ut
1160 1837 1352 1892 fautor
1380 1837 1863 1905 Lutheranorum,

207 1927 301 1984 vel
331 1926 808 1996 Calvinistarum,
836 1925 971 1980 licet
999 1926 1367 1980 admitterem
1398 1931 1651 1997 quatuor
1679 1928 1864 1981 Evan-

209 2015 366 2090 gelia
396 2032 430 2071 a
451 2015 619 2071 nobis
640 2012 951 2070 Catholicis
973 2017 1208 2086 accepta
1230 2015 1382 2086 apud
1416 2013 1546 2070 illos
1577 2015 1865 2070 mansisse

208 2107 440 2178 integra
487 2107 544 2159 et
594 2102 870 2176 genuina,
905 2117 972 2157 ex
1002 2101 1120 2156 illis
1169 2101 1390 2158 hauriri
1439 2119 1610 2175 posse
1657 2121 1863 2160 sanam

215 2193 566 2251 doctrinam.

287 2283 464 2338 Porro
497 2297 632 2336 cum
665 2280 1079 2336 sanctissimus
1112 2284 1279 2352 pater
1309 2284 1508 2336 noster
1532 2281 1866 2353 Stephanus

215 2391 370 2446 papa
397 2373 481 2429 ita
510 2371 750 2443 indigne
799 2369 1050 2442 vapulet,
1085 2387 1192 2426 nos
1244 2370 1436 2425 cuncti
1470 2371 1568 2442 qui
1600 2375 1867 2428 eamdem

222 2463 568 2535 profitemur
597 2460 790 2531 ﬁdem,
825 2459 884 2513 in
917 2459 1122 2514 faciem
1155 2459 1453 2527 caedimur,
1482 2465 1540 2516 et
1571 2477 1683 2517 non
1715 2462 1866 2517 indi-

221 2568 475 2625 gnamur
492 2550 522 2604 ?

296 2639 512 2695 Ultima
541 2653 696 2693 nunc
727 2640 1074 2707 sequuntur,
1097 2652 1280 2708 eaque
1300 2637 1648 2708 gravissima
1670 2642 1871 2694 contra

219 2727 661 2787 sanctissimum
687 2727 926 2798 Papam,
954 2730 1016 2780 ut
1046 2726 1368 2781 vilissimus
1401 2744 1602 2782 scurra
1633 2727 1869 2783 duriora

218 2823 276 2873 et
307 2815 600 2872 acerbiora
646 2818 972 2870 scommata
1010 2829 1272 2869 emovere
1307 2831 1422 2870 non
1474 2816 1779 2887 potuisset.
1810 2821 1866 2871 S.

219 2905 581 2977 Stephanum
613 2903 869 2958 traducit
897 2907 1178 2974 tanquam
1210 2902 1479 2958 dolosum
1512 2903 1866 2975 operarium,

220 2990 823 3067 pseudo-apostolum,
857 2991 972 3047 imo
1001 2991 1572 3064 pseudo-Christum.
1597 2993 1870 3066 Ambagi-

220 3085 332 3140 bus
365 3083 552 3137 utitur
597 3079 696 3137 ille
746 3080 994 3137 festinus
1025 3080 1291 3151 scriptor,
1325 3093 1380 3136 et
1428 3098 1640 3137 novum
1694 3099 1868 3138 accu-

221 3171 409 3228 mulat
436 3171 637 3226 1401
692 3169 1082 3236 mendacium,
1116 3186 1325 3241 nempe
1354 3169 1492 3226 talia
1540 3175 1866 3227 scommata
1897 3153 1940 3220 (ἶ

234 3277 307 3317 ex
334 3277 430 3316 ore
478 3259 786 3332 ipsiusmet
829 3258 1046 3313 summi
1099 3257 1392 3314 Pontificis
1443 3260 1701 3331 primum
1750 3278 1881 3333 pro-

225 3349 496 3406 ﬂuxisse.
533 3349 616 3403 En
649 3347 809 3402 illius
833 3347 1026 3402 verba.

309 3461 336 3488 «
366 3436 726 3509 Stephanum
777 3453 892 3491 non
943 3436 1189 3507 pudet...
1240 3435 1484 3507 insuper
1532 3436 1883 3510 Cyprianum

224 3525 786 3601 pseudo-Christum
819 3528 876 3579 et
906 3524 1514 3596 pseudo-apostolum,
1548 3530 1604 3580 et
1637 3529 1884 3598 pseudo-

226 3615 562 3688 operarium
593 3614 707 3686 (26)
733 3612 963 3667 dicere?
983 3612 1088 3677 Qui
1114 3613 1312 3668 omnia
1341 3613 1493 3668 inter
1513 3631 1575 3669 se
1599 3631 1727 3670 esse
1749 3633 1883 3670 con-

225 3704 392 3762 scius
423 3701 717 3774 praevenit,
749 3705 814 3756 ut
843 3700 1009 3756 alteri
1039 3718 1106 3756 ea
1137 3718 1240 3773 per
1270 3703 1638 3758 mendacium
1673 3704 1886 3775 objice-

225 3798 337 3862 ret,
363 3809 490 3865 quae
525 3791 652 3862 ipse
683 3807 751 3846 ex
775 3791 982 3846 merito
1011 3790 1213 3846 audire
1243 3791 1498 3846 deberet.
1525 3792 1676 3847 Bene
1704 3798 1759 3848 te
1788 3811 1888 3849 va-

223 3883 367 3949 lere,
393 3886 502 3937 etc.
526 3911 594 3921 —
622 3880 761 3945 Quis
810 3879 1007 3934 credat
1038 3880 1194 3950 quod
1238 3879 1296 3934 S.
1331 3880 1662 3951 Stephanus
1693 3882 1749 3938 S.
1784 3885 1890 3956 Cy-

224 3971 526 4044 prianum,
548 3970 721 4040 cujus
752 3983 964 4024 nomen
998 3967 1262 4023 Ecclesia
1282 3967 1543 4024 Romana
1573 3987 1678 4024 suo
1702 3971 1892 4028 Missae

225 4059 438 4117 canoni
470 4057 719 4114 inseruit
740 4058 813 4113 ab
847 4056 1111 4128 antiquo,
1136 4056 1477 4112 vocitaverit
1509 4061 1894 4134 pseudo-apd

227 4148 478 4215 stolum,
505 4145 1106 4220 pseudo-Christum?
1137 4145 1208 4200 Et
1254 4145 1375 4201 haec
1406 4147 1564 4219 Papa
1589 4165 1657 4203 ex
1688 4151 1894 4206 merito

226 4237 436 4294 audire
467 4234 670 4292 debuit
694 4235 722 4288 ?

313 4326 608 4382 Recordor
641 4324 795 4395 quod
835 4322 1011 4378 etiam
1043 4323 1334 4379 Lutherus
1357 4324 1467 4397 (2'7)
1499 4343 1709 4398 papam
1741 4329 1893 4384 voci-

227 4415 442 4472 taverit
482 4413 944 4480 Antichristum;
981 4413 1083 4468 sed
1118 4415 1335 4484 nescio,
1375 4414 1507 4486 quis
1538 4417 1893 4487 petulantior

1974 1839 2307 1894 Catholicus
2340 1839 2654 1912 episcopus
2688 1859 2803 1897 non
2848 1843 2992 1898 adeo
3024 1843 3413 1914 tripudiasset
3443 1860 3511 1899 ex
3547 1860 3634 1911 eo,

1973 1928 2125 1998 quod
2151 1927 2466 1983 audivisset
2481 1929 2826 2001 Carthagine
2848 1931 2905 1985 in
2926 1931 3122 1986 Africa
3143 1931 3266 1987 dari
3291 1931 3635 2003 episcopum

1974 2015 2083 2071 sibi
2125 2017 2312 2086 quoad
2369 2017 2644 2088 dogmata
2687 2019 3169 2074 consentientem.
3205 2020 3493 2092 Carthago
3527 2037 3632 2092 pro

1973 2103 2074 2160 illo
2103 2109 2365 2176 tempore
2405 2106 2654 2176 spectari
2706 2111 2933 2178 poterat
2981 2124 3081 2164 seu
3134 2109 3323 2179 posita
3370 2108 3541 2179 quasi
3570 2107 3629 2163 in

1976 2193 2302 2249 meditullio
2333 2193 2564 2265 imperii
2586 2195 2855 2264 Romani,
2880 2197 3039 2266 quod
3069 2196 3383 2252 Catholicis
3414 2198 3628 2252 redun-

1975 2281 2180 2348 dabat;
2213 2280 2578 2352 Cappadocia
2609 2285 2734 2336 erat
2776 2299 2894 2337 una
2940 2299 3006 2338 ex
3060 2283 3327 2353 ejusdem
3377 2283 3624 2339 Romani

1975 2369 2205 2442 imperii
2238 2370 2569 2441 provinciis.

2047 2459 2104 2514 S.
2139 2459 2526 2529 Augustinus,
2559 2461 2668 2515 sub
2709 2459 2942 2514 initium
2994 2459 3189 2516 saeculi
3220 2479 3274 2529 v,
3306 2460 3625 2517 Donatistis

1978 2548 2476 2620 rebaptizantibus
2510 2549 2822 2619 objecerat,
2854 2552 2910 2603 et
2937 2549 3260 2620 saepissime
3293 2549 3622 2621 repetierat,

1978 2652 2180 2691 eorum
2203 2635 2521 2690 Ecclesiam
2547 2653 2650 2690 nec
2671 2641 2790 2691 toto
2814 2636 2952 2691 orbe
2974 2637 3273 2704 diffusam,
3297 2638 3397 2692 sed
3430 2653 3535 2692 nec
3564 2637 3625 2692 in

1979 2724 2294 2796 longinquo
2317 2725 2675 2779 coadunatos
2707 2724 2956 2792 habere;
2980 2726 3120 2796 quid
3142 2741 3279 2796 ergo
3312 2725 3548 2792 mirum,
3579 2725 3628 2781 si

1979 2813 2112 2884 quis
2138 2813 2434 2868 Donatista
2453 2813 2692 2868 tandem
2722 2813 3055 2884 procuderit
3086 2813 3390 2884 praefatam
3413 2814 3632 2885 episto-

1980 2901 2118 2973 lam,
2143 2917 2277 2956 cum
2309 2901 2415 2956 hoc
2443 2907 2500 2957 et
2530 2902 2969 2958 Donatistarum
3000 2900 3248 2958 heresin
3279 2901 3518 2973 sapiat?

2571 3025 2907 3063 PROPOSITIO
2952 3025 3036 3062 Ill.

1984 3097 2352 3152 Verosimilius
2377 3101 2459 3170 rest
2490 3097 2628 3169 quod
2654 3098 2860 3168 aliquis
2889 3099 3176 3152 Donatista
3215 3098 3523 3168 Alricanus
3554 3104 3645 3170 [a-

2049 3173 2166 3222 tam
2194 3169 2481 3242 epistolam
2510 3171 2892 3241 composuerit,
2926 3169 3028 3225 sed
3068 3177 3189 3241 post
3236 3173 3483 3242 tempora
3507 3187 3642 3226 san-

2062 3242 2138 3295 cti
2163 3241 2486 3309 Augustini.
3344 3241 3347 3242 ⁷
3456 3250 3469 3258 ‘

2063 3348 2153 3402 55.
2183 3346 2224 3401 Ι.
2257 3346 2413 3400 Pars.
2440 3346 2509 3400 Et
2532 3345 2793 3418 quidem,
2813 3347 2968 3418 quod
3001 3350 3132 3418 post
3159 3351 3426 3418 tempora
3445 3347 3504 3403 S.
3527 3349 3641 3402 Au-

1995 3435 2215 3508 gustini
2265 3436 2471 3491 1402
2505 3435 2759 3507 primum
2810 3435 3148 3506 innotuerit,
3182 3436 3316 3492 inde
3347 3435 3590 3508 conjicio
3626 3451 3640 3492 :

1999 3526 2053 3580 1ο
2075 3525 2219 3588 Quia
2239 3540 2425 3595 usque
2447 3524 2518 3578 ad
2552 3527 2782 3579 aetatem
2808 3525 2865 3579 S.
2889 3525 3198 3597 Augustini
3223 3543 3255 3581 a
3276 3525 3435 3582 nullo
3458 3525 3642 3596 scrip-

1998 3619 2121 3669 tore
2143 3612 2325 3668 relata
2346 3613 2547 3668 fuit.2°
2561 3613 2707 3678 Quia
2729 3614 3038 3684 nequidem
3058 3615 3116 3669 S.
3133 3616 3461 3688 Augustino
3484 3632 3517 3669 a
3539 3614 3646 3669 Do-

2000 3703 2232 3759 natistis
2261 3701 2548 3757 Africanis
2586 3703 2813 3772 objecta
2861 3703 3040 3758 fuisse
3090 3703 3305 3777 legitur
3342 3705 3470 3776 (28).
3497 3703 3641 3758 Cum

2001 3798 2198 3849 tamen
2221 3791 2366 3862 ipsis
2389 3791 2640 3845 maxime
2663 3791 2997 3848 favorabilis
3020 3792 3249 3857 fuisset,
3269 3809 3335 3847 ac
3357 3808 3458 3863 pro
3481 3795 3644 3859 tunc,

2002 3897 2209 3953 nempe
2241 3880 2392 3934 circa
2423 3880 2658 3934 initium
2703 3879 2897 3935 saeculi
2929 3897 2981 3947 v,
3016 3897 3195 3935 causa
3242 3880 3646 3950 rebaptizatio-

2005 3972 2096 4027 nis
2128 3987 2228 4042 per
2258 3969 2508 4023 Africam
2540 3985 2716 4040 quam
2748 3968 3133 4025 fervidissime
3163 3968 3502 4041 agitaretur.

2074 4062 2128 4116 3.
2161 4059 2309 4123 Quia
2337 4057 2650 4113 Donatista:
2674 4062 2934 4130 tempore
2955 4059 3140 4114 sancti
3171 4056 3482 4131 Augustini
3513 4073 3648 4112 san-

2004 4153 2160 4206 ctum
2215 4146 2578 4218 Stephanum
2627 4163 2836 4218 papam
2886 4147 3220 4203 adhucdum
3268 4147 3652 4202 recensebant

2005 4238 2158 4293 inter
2177 4253 2276 4292 eos
2299 4235 2600 4307 pontifices
2623 4235 2720 4306 qui
2746 4236 3148 4308 episcopatum
3173 4237 3500 4292 Romanum
3523 4252 3650 4308 ges-

2004 4330 2207 4383 serunt
2235 4324 2545 4380 illibatum.
2583 4327 2656 4377 At
2683 4340 2813 4379 vero
2836 4324 3007 4394 juxta
3037 4323 3496 4379 Firmilianicam
3526 4324 3648 4380 Ste-

2002 4416 2233 4487 phanus
2279 4413 2487 4469 fuisset
2541 4411 2882 4485 sacrilegus,
2935 4411 3476 4484 pseudo-Christus,
3507 4417 3646 4480 eto.;

234 4503 412 4560 fuerit
441 4507 645 4558 contra
675 4517 1016 4573 supremum
1050 4503 1228 4557 totius
1251 4502 1588 4558 Christiana:
1617 4505 1884 4562 Ecclesiae
1919 4520 1964 4583 D
1995 4509 2052 4562 et
2080 4505 2208 4559 ideo
2241 4503 2499 4575 quidem,
2530 4501 2684 4572 quod
2719 4501 2776 4554 in
2809 4501 3112 4572 episcopos
3144 4501 3450 4557 Africanos
3485 4502 3649 4557 reba-

233 4597 436 4664 caput,
460 4608 533 4646 an
583 4591 896 4657 Lutherus,
925 4608 998 4646 an
1028 4607 1160 4646 vero
1213 4592 1846 4662 pseudo-Firmilianus
1868 4601 1895 4655 ?

230 4680 559 4746 Pamelius,
593 4679 908 4752 Rigaltius,
943 4679 1180 4746 Fellius,
1207 4681 1577 4751 Pearsonius,
1601 4683 1895 4743 Baluzius.

232 4768 650 4826 Tillemontius
680 4769 869 4839 aiunt,
900 4768 1307 4826 Firmilianum
1339 4785 1466 4825 esse
1497 4776 1895 4831 excusandum

231 4859 310 4916 ob
341 4861 547 4914 uastum
581 4857 1032 4929 disputationis.
1065 4858 1279 4914 Verum
1311 4864 1452 4915 tunc
1483 4865 1538 4916 et
1577 4862 1897 4919 Lutherum

231 4963 517 5005 excusare
547 4945 917 5018 debebimus,
940 4950 997 5002 et
1025 4946 1118 5002 vix
1145 4965 1263 5003 non
1299 4954 1543 5005 cunctos
1573 4953 1899 5025 sycophan-

248 5042 366 5093 tas.
402 5034 728 5091 Concludit.

311 5148 339 5174 ‹‹
374 5125 522 5180 Bene
555 5128 610 5180 te
638 5123 831 5180 valere
883 5125 1158 5181 omnibus
1201 5126 1368 5182 nobis
1419 5143 1552 5183 cum
1584 5129 1896 5219 universis,

317 5249 548 5325 (26)__0b
578 5248 693 5325 illa
729 5248 844 5325 tria
900 5250 1076 5325 verba
1122 5267 1134 5304 :
1186 5253 1730 5325 pseudo-Christus,
1764 5259 1898 5321 etc.,

229 5323 364 5394 jam
400 5321 539 5376 olim
562 5321 933 5394 Christianus
965 5322 1164 5394 Lupus
1187 5324 1340 5394 apud
1370 5321 1902 5381 Missorium'dubi-

239 5391 390 5449 tavit
418 5410 492 5447 an
525 5392 769 5463 epistola
799 5391 1118 5448 Firmiliani
1159 5391 1240 5448 sit
1263 5411 1416 5449 vera.

341 5464 433 5536 27)
465 5469 529 5518 In
562 5465 979 5536 Symposiacis.

343 5534 438 5610 g8)
467 5534 620 5590 Cum
645 5534 723 5591 de
748 5536 993 5610 concilio
1025 5534 1404 5604 Sinuessano,
1426 5537 1484 5593 in
1517 5555 1633 5610 quo
1664 5540 1721 5595 S.
1752 5539 1900 5595 Mar-

247 5604 497 5664 cellinus
545 5623 696 5680 papa
739 5623 914 5666 suum
954 5609 1186 5681 lapsum
1217 5626 1414 5668 coram
1460 5604 1567 5666 3οῠ
1611 5611 1900 5684 episcopis

2004 4594 2291 4668 ptizantes
2324 4595 2639 4664 peccasset,
2676 4607 2732 4645 n.
2764 4591 2854 4658 75,
2890 4607 2947 4644 n.
2978 4591 3068 4645 65.

2078 4680 2298 4751 Excipit
2328 4679 2556 4734 Bertius
2578 4678 2709 4749 (29),
2733 4677 2906 4733 etiam
2940 4677 3189 4734 Basilius
3215 4679 3464 4752 Magnus
3496 4679 3651 4734 circa

2008 4786 2226 4827 annum
2277 4770 2401 4834 375,
2453 4769 2712 4839 adeoque
2762 4767 2973 4823 saeculo
3012 4786 3085 4836 1v,
3126 4769 3324 4823 docuit
3357 4784 3370 4822 :
3401 4787 3422 4815 ι
3457 4767 3651 4838 Bapti-

2009 4875 2205 4917 smum
2237 4857 2639 4912 haereticorum
2685 4874 2798 4911 non
2832 4855 3040 4926 valere,
3074 4857 3308 4912 interim
3341 4856 3651 4912 observan-

2009 4951 2149 5005 dum
2173 4963 2302 5003 esse
2325 4964 2542 5002 morem
2568 4945 2881 5018 cujuslibet
2903 4946 3155 5017 regionis
3175 4964 3186 5013 ;
3205 4967 3233 4995 ››
3252 4949 3310 5000 et
3329 4949 3527 4999 tamen
3551 4959 3658 4998 nec

2010 5039 2081 5094 ad
2114 5037 2294 5108 hujus
2317 5035 2502 5092 sancti
2536 5035 2732 5091 Basilii
2769 5034 3066 5106 epistolas,
3095 5032 3306 5089 saeculo
3328 5049 3384 5087 IV
3404 5031 3658 5088 conscri-

2009 5132 2159 5200 ptas,
2194 5130 2582 5199 provocarunt
2610 5123 2924 5179 Donatistae
2979 5122 3190 5178 saeculo
3219 5139 3288 5190 v;
3321 5138 3456 5194 ergo
3486 5137 3662 5194 argu-

2009 5253 2314 5308 confessus
2347 5250 2525 5306 fuisse
2557 5249 2791 5310 dicitur,
2817 5252 3077 5320 tempore
3106 5246 3503 5320 S.7Augusti_ni
3527 5261 3660 5302 nec-

2013 5326 2154 5379 dum
2188 5322 2646 5395 aliquaﬂmentio
2696 5321 2848 5395 facta
2897 5318 3068 5375 fuerit
3100 5318 3504 5395 a_Dona_tistis_;
3543 5334 3661 5395 me-

2014 5397 2122 5450 rito
2145 5390 2342 5450 censet
2364 5393 2670 5448 Missorius
2693 5391 2836 5446 illud
2862 5397 3062 5462 postea
3084 5409 3116 5445 a
3141 5391 3455 5446 Donatistis
3479 5390 3662 5445 fuisse

2015 5469 2348 5522 conﬁctum.
2386 5464 2732 5519 Revideatur
2762 5475 2825 5517 n°
2855 5465 2945 5517 69.

2085 5539 2194 5610 (2.9)
2227 5537 2401 5605 Berti,
2434 5536 2471 5592 l.
2506 5552 2660 5605 xxxx,
2692 5553 2742 5592 c.
2778 5535 2865 5602 13,
2895 5551 3062 5608 prop.
3093 5551 3180 5606 ιιι,
3211 5549 3270 5588 n.
3301 5536 3356 5589 6.
