4112 6174
425 330 581 395 1459
1478 330 1582 390 DE
1625 326 2221 391 HIERETICORUM
2264 327 2768 390 BAPTISMATE
3666 327 3836 390 1460

425 468 692 521 mentum
723 479 792 520 ex
816 462 1252 519 Donatistarum
1284 461 1515 519 silentio
1545 464 1923 534 desumptum
1957 479 2073 518 non
2104 464 2158 529 Α
2188 461 2364 517 brataa
2396 460 2643 518 fuissent
2672 460 2881 518 saeculo
2912 479 2996 533 ιιι,
3032 478 3146 517 non
3198 465 3513 535 potuerunt
3559 464 3674 518 sub
3723 463 3837 519 ini-

426 552 682 625 stringit.
2182 548 2331 604 tium
2367 549 2559 605 szeculi
2583 568 2617 605 v
2641 550 2818 605 fuisse
2850 550 3158 622 incognitas
3182 550 3498 618 Africanis;
3526 551 3616 607 vel
3651 551 3703 607 si
3737 570 3839 608 saa-

500 642 566 699 R.
603 643 654 697 1.
686 640 842 714 Nego
876 644 932 697 et
962 639 1091 696 illas
1121 640 1419 713 epistolas,
1455 658 1581 712 quae
1610 639 1897 711 theologis
1929 642 2074 712 dog-
2184 636 2315 693 culo
2338 656 2370 695 v
2406 638 2596 693 adhuc
2629 639 2836 710 ignotae
2867 639 3105 707 fuerint,
3140 656 3377 695 necesse
3418 644 3507 695 est
3537 644 3602 695 ut
3632 646 3841 713 postea

430 731 663 787 maticis
710 730 1005 786 molestias
1048 746 1232 800 usque
1282 729 1395 785 huc
1444 730 1869 802 insuperabiles
1920 746 2076 784 crea-

430 829 585 887 runt,
614 836 739 875 esse
767 818 1090 892 genuinum
1135 819 1319 873 sancti
1367 818 1567 874 Basilii
1618 820 1797 873 fetum
1830 821 1963 890 (30).
1999 819 2078 874 De

431 910 549 965 illis
580 925 773 964 sermo
830 913 1105 973 recurret,
1168 925 1222 961 n.
1255 908 1343 964 90.
1371 908 1537 963 Modo
1586 925 1939 980 occupamur
1968 908 2077 962 cir-

434 1015 503 1056 ca
530 996 835 1071 epistolam
862 996 1338 1053 Firmilianicam.
1374 998 1559 1070 Igitur
1587 1015 1600 1053 :

508 1086 575 1142 Β.
607 1091 663 1141 2.
697 1087 981 1141 Transeat
1010 1086 1383 1157 antecedens,
1409 1104 1554 1158 nego
1585 1086 2077 1158 consequentiam.

437 1174 706 1248 Epistolis
744 1174 856 1229 illis
904 1174 1217 1241 canonicse,
1263 1176 1312 1230 si
1360 1174 1625 1247 genuina:
1676 1176 1813 1243 sint,
1849 1176 2084 1230 fuerunt

435 1264 640 1319 litterae
670 1262 929 1335 privatae,
963 1279 1110 1334 quas
1155 1262 1399 1320 Basilius
1430 1264 1499 1318 ad
1532 1268 1803 1319 sanctum
1835 1264 2082 1335 Amphi-

438 1352 676 1409 lochum
727 1352 785 1406 in
828 1351 1058 1408 Oriente
1099 1353 1439 1424 episcopum
1490 1354 1744 1409 exaravit
1783 1370 1795 1406 :
1839 1351 2085 1425 epistola

439 1438 832 1497 Firmilianica
863 1439 971 1495 fuit
1020 1439 1274 1511 publica,
1310 1440 1477 1511 quasi
1527 1440 1823 1513 synodica,
1855 1442 2085 1497 duobus

442 1528 706 1587 conciliis
744 1528 1029 1584 Iconiensi
1062 1534 1118 1584 et
1148 1529 1490 1601 Synodensi,
1516 1536 1579 1584 ut
1610 1531 1841 1600 dicitur,
1864 1530 2083 1597 innixa,

442 1617 663 1674 directa
693 1617 764 1672 ad
799 1617 1099 1673 universos
1142 1619 1344 1673 Africae
1392 1618 1697 1690 episcopos
1726 1619 2086 1690 rebaptizan-

442 1711 553 1777 tes,
603 1705 761 1761 edita
807 1706 961 1761 circa
1009 1706 1267 1761 medium
1320 1706 1623 1763 sazculim.
1658 1708 1786 1762 Haec
1832 1708 2010 1779 igitur
2037 1709 2087 1764 si

444 1811 707 1866 unquam
763 1810 895 1850 vere
950 1795 1254 1866 exstiterit,
1298 1796 1450 1851 circa
1502 1795 1737 1851 initium
1794 1796 1989 1852 saeculi
2032 1814 2085 1865 v,

443 1882 735 1938 Africanis
764 1882 965 1955 ignota
995 1899 1125 1939 esse
1156 1901 1267 1938 non
1302 1884 1607 1956 potuisset.

519 1971 593 2029 Ut
619 1970 710 2028 vis
747 1973 1079 2044 argumenti
1127 1973 1377 2043 negativi
1427 1974 1747 2029 evidentior
1795 1978 2092 2046 appareat,

447 2064 640 2119 status
697 2062 1121 2132 controversiae,
1173 2065 1457 2133 quantum
1521 2061 1634 2118 huc
1695 2064 1963 2135 pertinet,
2023 2064 2093 2119 ad

448 2155 706 2207 mentem
736 2151 1097 2207 revocandus
1124 2156 1233 2208 est.

515 2244 762 2296 Sanctus
792 2241 1155 2313 Augustinus
1187 2240 1504 2296 Donatistis
1535 2245 1905 2312 opposuerat,
1939 2258 2096 2297 asse-

445 2330 666 2386 rando:
693 2330 847 2401 quod
879 2333 966 2385 tot
1010 2328 1195 2384 millia
1225 2329 1848 2401 episcoporum,etiam
1891 2330 2095 2386 Orien-

446 2417 615 2487 tales,
639 2416 1041 2473 consentirent
1085 2418 1236 2472 circa
1268 2417 1520 2472 valorem
1571 2418 1850 2490 baptismi
1881 2420 1952 2474 ab
1983 2419 2097 2474 ha:-

446 2504 645 2562 reticis
700 2504 916 2572 collati,
943 2505 1097 2577 quod
1129 2522 1263 2561 vera
1306 2506 1563 2562 Ecclesia
1618 2506 1697 2562 sit
1753 2506 2098 2567 universalis

447 2610 553 2667 per
582 2597 771 2650 totum
802 2593 1002 2649 orbem
1025 2593 1259 2658 diffusa,
1287 2595 1441 2665 quod
1473 2594 1579 2649 soli
1603 2594 1914 2651 Donatista:
1943 2596 2099 2652 intra

444 2682 701 2738 Africam
723 2682 984 2738 conclusi
1007 2686 1209 2737 contra
1240 2681 1523 2754 reliquam
1548 2683 1881 2739 universam
1909 2685 2096 2741 Eccle-

448 2772 602 2828 siam
634 2771 929 2837 docerent,
956 2771 1132 2826 talem
1165 2772 1527 2842 baptismum
1558 2789 1686 2828 esse
1718 2773 2060 2828 invalidum.

516 2859 862 2916 Cresconius
911 2859 1148 2914 nomine
1198 2860 1635 2914 Donatistarum
1668 2862 1911 2929 fatetur;
1944 2862 2097 2932 quod

447 2947 770 3004 Orientales
807 2947 1126 3020 (catholici)
1157 2948 1290 3019 (31),
1314 2965 1418 3019 pro
1466 2952 1607 3003 tunc
1657 2949 1895 3020 quidem
1929 2950 2099 3006 nobis

446 3038 655 3093 1408
688 3037 912 3093 Latinis
960 3036 1263 3093 catholicis
1313 3037 1749 3106 consenserint;
1783 3039 1882 3093 sed
1924 3038 2100 3094 simul

447 3124 694 3181 innectit
726 3142 773 3179 ει
801 3123 1041 3197 Aliquot
1072 3124 1397 3181 Orientales
1420 3125 1555 3180 olim
1577 3126 1868 3196 judicium
1892 3127 2102 3183 tulisse

452 3232 557 3287 pro
589 3213 1064 3286 rebaptizatione.
1089 3235 1117 3263 ››

518 3304 766 3361 Sanctus
814 3301 1176 3373 Augustinus
1211 3303 1571 3375 reponit(32)
1599 3322 1611 3360 :
1636 3327 1662 3353 ‹‹
1697 3304 1755 3359 Si
1788 3304 1895 3361 hoc
1934 3306 2101 3377 judi-

446 3392 602 3448 cium
636 3392 708 3448 ab
741 3391 1039 3463 aliquibus
1070 3390 1275 3462 paucis
1307 3390 1705 3447 Orientalibus
1740 3395 1958 3449 factum
1992 3400 2099 3463 est,

447 3482 603 3555 quod
637 3481 878 3553 quidem
925 3480 1186 3547 interest,
1223 3484 1420 3534 utrum
1472 3481 1658 3552 possit
1687 3483 1937 3554 ostendi,
1972 3499 2103 3555 pro-

446 3572 596 3626 fecto
620 3569 913 3641 judicium
948 3585 1124 3624 suum
1159 3575 1530 3624 correxerunt
1564 3570 1698 3639 (33).

524 3658 589 3711 In
622 3656 731 3711 hac
784 3656 1179 3712 controversia
1209 3657 1553 3712 Cresconius
1602 3658 1889 3729 potuisset
1922 3664 1978 3714 et
2006 3660 2102 3715 de-

452 3746 682 3802 buisset
719 3744 974 3817 aliquem
1020 3745 1359 3817 episcopum
1390 3746 1745 3801 Orientalem
1780 3747 2102 3816 nominare,

450 3833 539 3892 vel
562 3833 770 3891 saltem
791 3849 1101 3905 provocare
1124 3834 1194 3889 ad
1215 3833 1401 3889 sancti
1425 3834 1750 3890 Firmiliani
1772 3835 2101 3907 epistolam,

450 3921 536 3979 vel
567 3921 763 3995 potius
802 3921 875 3977 ad
906 3920 1345 3994 cepiosissimas
1373 3922 1625 3995 synodos
1656 3924 2017 3980 Iconiensem
2047 3930 2106 3981 et

452 4010 851 4084 Synadensem
875 4010 931 4064 in
953 4026 1020 4065 ea
1040 4009 1337 4079 laudatas;
1358 4010 1407 4066 si
1424 4010 1580 4067 enim
1605 4011 1725 4067 haec
1744 4029 1941 4068 revera
1960 4014 2105 4069 cele~

528 4152 1058 4235 (39).“Qua3dam‘ef
1105 4151 1224 4207 illis
1280 4157 1548 4235 excerpta
1596 4154 1776 4209 videri
1834 4160 2110 4235 poterunt

452 4225 609 4309 ap‘ud
632 4224 903 4309 To‘ur‘neii
933 4225 1004 4309 de
1024 4224 1417 4309 Sacramentis
1439 4226 1497 4280 in
1520 4241 1749 4309 genere,
1767 4224 1897 4309 qzﬁv,
1922 4234 2030 4309 art.
2050 4233 2106 4294 2;

449 4296 755 4381 vel‘apud'
782 4295 1045 4381 Natalem
1104 4297 1195 4381 ad“
1234 4295 1631 4381 saeculum'ui,
1665 4297 1750 4352 vel
1786 4295 2105 4381 ‘Fleurium

454 4366 797 4435 Ηίεεξεεειη
845 4366 949 4421 lib.
983 4384 1120 4438 xvu,
1166 4366 1315 4438 §14,
1350 4368 1449 4439 qui
1498 4385 1595 4425 eas
1644 4384 1772 4425 esse
1818 4371 2106 4443 genuinas

455 4437 775 4493 credidere.

525 4510 637 4582 (31)
668 4514 743 4565 De
772 4508 1086 4565 Catholicis
1133 4525 1325 4582 sermo
1371 4513 1521 4582 erat;
1557 4511 1767 4582 puduit
1797 4512 1951 4567 enim
1994 4517 2101 4567 Do-

454 4570 704 4636 natistae
735 4596 1044 4652 provocare
1090 4581 1159 4635 ad
1203 4570 1575 4652 Novatianos;
1605 4583 1870 4649 Arianos,
1918 4584 2104 4639 Euno-
2139 4570 2183 4633 D

456 4651 706 4718 mianos,
735 4646 844 4706 ceu
876 4650 1202 4707 declaratos
1233 4653 1290 4707 in
1322 4646 1906 4710 Oriente'bzereticos.

528 4723 643 4790 (32)
678 4722 734 4777 (λ.
768 4740 844 4786 ιν,
877 4725 1068 4778 contra
1100 4723 1471 4780 Cresconium.

527 4794 640 4865 (33)
671 4794 1005 4849 Notandum
1057 4795 1107 4848 1.
1150 4797 1303 4865 quod
1337 4797 1395 4851 S.
1432 4799 1639 4850 Doctor
1689 4800 1890 4851 contra
1935 4796 2105 4852 illum

454 4863 916 4940 Grammaticum
967 4863 1288 4940 scripserit,
1339 4884 1455 4940 qua
1503 4866 1843 4939 episcopus;
1894 4883 2031 4940 ergo
2073 4886 2107 4924 a

452 4941 714 5019 tempore
855 4937 1134 5019 Stephani
1195 4937 1551 5019 usquedum;
1577 4937 1719 5019 jam
1761 4937 2107 4995 etlluxe‘rant

449 5008 588 5083 anni
620 5008 851 5065 circiter
881 5009 1269 5083 150;__i_nterea
1308 5010 1595 5083 temporis
1637 5011 1958 5065 innumera:
2010 5028 2101 5083 sy-

454 5080 592 5134 nodi
624 5084 831 5152 prazter
874 5078 1188 5152 concilium
1220 5078 1488 5152 generale
1534 5081 1828 5136 Nicaenum
1862 5078 2103 5151 congre-

453 5156 599 5223 gata)
624 5150 893 5217 'tuerant,
926 5151 985 5203 in
1020 5150 1236 5223 quibus
1266 5150 1585 5206 Orientales
1617 5158 1673 5207 et
1704 5150 2105 5209 Occidentales

452 5222 860 5278 convenerant.
882 5223 947 5294 2.,
962 5222 1119 5294 Quod
1156 5224 1212 5276 S.
1242 5224 1569 5293 Augustino
1600 5241 1773 5294 opera
1805 5225 1863 5278 S.
1900 5225 2100 5279 Basilii

452 5294 644 5367 Magni
678 5306 739 5367 et,
786 5292 1014 5367 Eusebii
1066 5294 1437 5367 Caesariensis
1466 5292 1851 5367 Orientalium
1900 5296 2098 5367 ignota

451 5362 577 5420 non
600 5366 845 5431 fuerint;
881 5362 1243 5437 illiusuverba
1274 5364 1541 5437 formalia
1572 5367 1785 5437 quibus
1816 5362 2102 5423 asséritur

440 5436 742 5517 jejunium
770 5451 839 5517 ex
880 5435 1162 5517 paradiso.
1200 5436 1485 5517 originem
1536 5435 1766 5517 habere,
1817 5440 2097 5517 adduint;

448 5509 630 5578 hujus
688 5507 995 5561 historiam
1049 5508 1502 5563 ecclesiasticam
1545 5524 1606 5563 se
1645 5511 2090 5579 diligentissime

446 5583 878 5650 perscrutatum
912 5578 1089 5635 fuisse
1137 5582 1347 5636 asserit
1392 5580 1450 5635 in
1486 5580 1523 5634 I.
1555 5580 1622 5635 de
1669 5578 1989 5636 "missibus.
2026 5583 2091 5636 Et

446 5648 599 5720 ecce,
635 5648 771 5706 huic
800 5655 855 5706 Β.
891 5653 1218 5724 Augustino
1252 5652 1517 5724 ignotum
1550 5659 1690 5722 erat,
1717 5655 1870 5724 quod
1893 5654 2093 5709 Orien-

2120 1839 2167 1902 Β

2188 726 2403 781 fuerint
2433 729 2710 783 confictae.
2754 730 2855 783 Ast
2875 728 3085 783 szeculo
3107 746 3160 795 v,
3190 728 3380 784 adhuc
3411 728 3623 801 ignota
3651 731 3836 799 fuere,

2188 820 2249 869 ut
2287 821 2439 887 patet
2468 833 2536 870 ex
2567 817 2796 873 silentio
2823 817 3286 883 Donatistarum;
3324 834 3457 873 nam
3490 819 3840 874 Cresconius

2188 904 2333 958 nihil
2360 905 2628 959 meminit
2650 906 2719 960 de
2742 905 2983 976 epistola
3008 906 3197 961 sancti
3227 906 3573 973 Firmiliani,
3598 907 3747 962 nihil
3771 910 3841 962 de

2189 993 2429 1065 synodis
2463 994 2746 1049 Iconiensi
2777 999 2836 1049 et
2863 994 3207 1066 Synadensi,
3238 994 3297 1049 in
3328 995 3547 1066 quibus
3581 997 3839 1069 rebapti-

2189 1083 2338 1138 zatio
2369 1082 2504 1138 olim
2540 1084 2610 1138 ab
2643 1082 3042 1139 Orientalibus
3074 1084 3297 1140 sancita
3328 1085 3555 1141 fuisset.

2262 1172 2411 1237 Quid
2454 1188 2588 1244 ergo
2637 1172 3032 1228 Cresconius?
3076 1174 3131 1227 1°
3164 1174 3495 1230 Provocavit
3543 1174 3614 1229 ad
3664 1178 3845 1247 Syno-

2193 1260 2333 1315 dum
2366 1261 2771 1316 Sardicensem
2821 1277 3113 1328 asserens,
3147 1262 3302 1333 quod
3351 1262 3611 1335 episcopi
3647 1264 3846 1319 Sardi-

2193 1349 2385 1404 censis
2415 1348 2645 1403 concilii
2688 1350 2758 1405 ad
2793 1349 3083 1405 Donatum
3135 1349 3593 1423 rebaptizantem
3625 1357 3689 1407 et
3718 1355 3854 1409 Car-

2193 1438 2451 1510 thaginis
2480 1439 2820 1511 episcopum
2845 1438 2957 1511 (34)
2980 1439 3358 1512 scripsissent
3380 1440 3440 1495 in
3467 1442 3733 1497 favorem
3765 1460 3853 1497 re-

2193 1526 2640 1598 baptizantium.
2665 1528 2730 1581 Et
2754 1527 2892 1599 quia
2924 1527 3101 1583 nimis
3134 1533 3339 1585 notum
3370 1534 3516 1593 erat,
3539 1530 3856 1603 episcopos

2195 1616 2570 1671 Sardicenses
2626 1616 3102 1687 anabaptismum
3160 1618 3558 1685 abhorruisse,
3613 1624 3853 1676 Cresco-

2195 1705 2330 1760 nius
2358 1707 2418 1758 20
2449 1704 2673 1760 addidit
2703 1706 2933 1761 fatendo
2970 1722 2983 1761 :
3014 1707 3167 1777 quod
3220 1706 3307 1761 illi
3352 1707 3611 1780 episcopi
3645 1709 3858 1764 Sardi-

2197 1811 2399 1849 censes
2448 1810 2620 1849 suum
2674 1796 2745 1851 de
2791 1794 3245 1868 rebaptizatione
3293 1798 3593 1853 decretum
3651 1804 3862 1870 postea

2199 1883 2611 1939 revocaverint.

2272 1972 2331 2028 S.
2364 1972 2734 2044 Augustinus
2770 1972 2885 2043 (35)
2930 1971 3014 2026 illi
3062 1972 3251 2045 primo
3284 1974 3579 2031 Cresconii
3633 1983 3866 2033 asserto

2206 2061 2378 2116 tidem
2412 2061 2688 2117 adhibere
2719 2060 3073 2127 detrectavit,
3106 2062 3475 2119 mendacium
3520 2065 3870 2138 suspicatus

2204 2147 2293 2204 vel
2342 2148 2492 2219 ideo,
2525 2171 2553 2199 ‹‹
2586 2150 2734 2220 quod
2798 2150 2871 2205 ad
2926 2149 3291 2222 Carthaginis
3344 2152 3719 2224 episcopum,
3755 2156 3871 2211 Ro-

2208 2254 2380 2293 mano
2412 2238 2824 2309 praetermisso,
2870 2255 3173 2310 nunquam
3220 2240 3533 2297 Orientalis
3563 2243 3872 2299 Catholica

2207 2326 2503 2381 scriberet.
2534 2349 2555 2377 ι
2585 2358 2653 2367 -
2675 2328 2973 2392 Quomodo
3012 2328 3071 2383 S.
3099 2329 3463 2402 Augustinus
3493 2330 3618 2387 haec
3676 2334 3869 2388 Dona-

2205 2415 2364 2470 tistis
2395 2416 2603 2470 I404
2635 2417 2983 2488 respondere
3014 2433 3195 2473 ausus
3240 2418 3465 2485 fuisset,
3499 2420 3550 2475 si
3582 2438 3689 2493 pro
3719 2425 3869 2477 tunc

2208 2504 2485 2576 synodica
2509 2504 2829 2559 Firmiliani
2854 2506 2924 2561 ad
2950 2506 3302 2578 Cyprianum
3333 2508 3867 2581 Carthaginensem

2207 2593 2544 2665 episcopum
2587 2593 2835 2665 epistola
2891 2595 3084 2663 modo,
3117 2599 3183 2651 ut
3237 2597 3551 2653 adversarii
3602 2600 3866 2671 jactant,

2207 2686 2348 2737 nota
2378 2682 2631 2738 fuisset?

2279 2776 2395 2826 Nec
2450 2773 2640 2826 valeat
2691 2771 2970 2843 effugium
3019 2773 3193 2828 Bertii
3242 2774 3355 2846 (36)
3398 2775 3654 2831 dicentis
3690 2794 3705 2830 :
3740 2778 3869 2833 ideo

2207 2859 2555 2915 Cresconius
2586 2878 2699 2916 non
2725 2862 3053 2932 provocavit
3074 2862 3145 2917 ad
3170 2863 3485 2935 Epistolam
3510 2865 3870 2931 Firmiliani,

2210 2948 2351 3021 quia
2380 2949 2558 3019 hujus
2582 2966 2948 3007 successores
2980 2952 3275 3007 decretum
3309 2953 3380 3007 de
3410 2954 3873 3026 rebaptizatione

2210 3038 2593 3094 resciderunt.
2626 3040 2772 3095 Nam
2816 3040 2880 3095 Η.
2914 3040 3116 3096 Nonne
3147 3046 3204 3096 et
3233 3042 3600 3099 Sardicensis
3654 3045 3874 3102 fatente

2210 3126 2518 3182 Cresconio
2549 3127 2615 3182 N.
2654 3144 2821 3200 preac.
2857 3129 3267 3200 resipuerunt?
3297 3131 3363 3185 Et
3391 3137 3590 3187 tamen
3626 3135 3703 3188 ad
3740 3134 3875 3190 Sar-

2132 3201 2174 3268 C
2213 3215 2500 3286 dicenses,
2534 3217 2603 3271 de
2632 3217 2845 3287 quibus
2876 3217 3118 3290 insuper
3154 3218 3406 3275 maxime
3434 3221 3693 3277 dubium
3725 3228 3875 3294 erat,

2212 3320 2285 3359 an
2318 3320 2579 3375 unquam
2614 3305 2935 3361 Donatistis
2968 3306 3232 3375 faverint,
3266 3310 3599 3379 provocavit
3633 3313 3874 3367 Cresco-

2212 3392 2380 3461 nius;
2442 3409 2547 3448 cur
2601 3410 2736 3466 ergo
2794 3394 2852 3449 in
2911 3411 3089 3451 causa
3146 3401 3267 3451 tam
3300 3397 3611 3469 desperata
3672 3399 3878 3455 omisit

2212 3482 2271 3536 S.
2305 3480 2627 3537 Firmiliani
2656 3481 2964 3555 epistolam
3014 3484 3127 3539 sibi
3179 3485 3323 3541 adeo
3371 3486 3779 3557 favorabilem,
3815 3494 3879 3544 ut

2213 3586 2280 3625 ea
2309 3568 2435 3624 sola
2463 3576 2518 3623 S.
2550 3571 2899 3643 Augustino,
2923 3576 2980 3626 et
3010 3571 3285 3628 omnibus
3319 3573 3641 3631 Catholicis
3672 3577 3877 3632 fauces

2214 3660 2610 3731 constringere
2641 3659 2970 3731 potuisset?
3000 3660 3117 3716 Cur
3144 3661 3382 3717 omisit?
3424 3663 3575 3728 Quia
3605 3666 3876 3722 nondum

2214 3750 2501 3803 exstabat.

2291 3838 2336 3891 II
2373 3836 2531 3892 Pars.
2566 3837 2726 3902 Quod
2779 3837 2897 3893 fata
2943 3838 3194 3910 epistola
3249 3841 3579 3912 composita
3640 3842 3884 3899 fuerita

2218 3925 2539 3981 Donatistis
2569 3928 2702 3997 (37),
2735 3931 2875 3998 puto
2925 3926 3322 4000 colligendum
3370 3946 3441 3984 ex
3487 3933 3883 4002 sequentibus

2217 4013 2394 4070 simul
2427 4015 2681 4086 sumptis
2710 4033 2722 4071 :

2214 4156 2367 4231 tales
2390 4156 2527 4211 olim
2557 4156 2850 4231 judicium
2893 4157 3190 4224 tulissent,
3223 4176 3327 4231 pro
3367 4161 3876 4231 rebaptizatione!

2288 4230 2400 4305 (34)
2425 4230 2975 4305 Carthaginecirca
3021 4230 3258 4305 annum
3292 4232 3418 4299 256,
3449 4230 3877 4305 Snyprianns

2218 4299 2329 4354 fuit
2356 4300 2695 4373 episcopus;
2728 4300 2945 4373 ibidem
2982 4308 3180 4373 postea
3211 4302 3364 4357 circa
3388 4299 3759 4360 annum-312
3780 4307 3878 4362 Do-

2216 4376 2390 4450 patns
2407 4372 2583 4450 (quod
2621 4386 2843 4450 nomen
2859 4371 3141 4450 pluribus
3159 4375 3227 4428 ad
3240 4374 3423 4450 haesit)
3449 4391 3641 4450 suam,
3662 4377 3879 4450 incepit

2216 4441 2482 4496 hmresin.
2514 4443 2781 4514 Synodus
2813 4441 3176 4499 Sardicensis
3217 4441 3507 4500 celebrata
3557 4447 3679 4502 fuit
3727 4441 3874 4505 anno

2214 4514 2450 4592 347.‘H_u
2462 4514 2521 4592 ic.
2535 4514 2820 4592 interfuit
2833 4515 3067 4592 Gratus,
3099 4516 3410 4592 episcopus
3427 4517 3875 4592 Carthaginem

2216 4584 2295 4639 sis
2326 4583 2656 4659 Catholicus
2690 4586 2760 4659 ab
2808 4585 3010 4659 haeresi
3058 4583 3548 4659 rebaptiiantium
3578 4583 3876 4648 alienissi-

2218 4672 2370 4710 mus.
2392 4657 2687 4733 _SynodusA
2701 4656 2801 4733 illa
2825 4658 3007 4733 scissa
3032 4659 3140 4713 fuit
3254 4660 3401 4733 duas
3426 4667 3663 4733 partes;
3697 4666 3879 4733 major

2258 4745 2351 4781 ars
2384 4728 2636 4802 (circiter
2656 4729 2766 4802 300
2802 4730 3234 4802 episcoporum)
3267 4728 3499 4786 fuerant
3529 4728 3876 4791 Occidenta-

2239 4816 2299 4852 es
2331 4799 2620 4873 catholici,
2651 4799 2803 4873 inter
2842 4799 3077 4873 quoset
3107 4799 3304 4873 plures
3350 4803 3653 4869 Africani;
3686 4807 3876 4861 minor

2216 4887 2350 4940 pars
2383 4872 2492 4939 (76)
2519 4872 2746 4948 fuerant
2768 4870 3092 4948 Orientales
3108 4870 3414 4948 'Africani;
3450 4875 3549 4945 qui
3584 4875 3875 4948 Philippis

2216 4896 2350 4940 pars
2383 4896 2492 4939 (ιυ)
2520 4896 2746 4924 ιυυιᾞιιι
2768 4896 3092 4928 Ul'lcuuut's
3123 4896 3414 4939 All‘lUﬂUl;
3450 4896 3549 4945 qm
3584 4896 3745 4931 rnlu
3794 4896 3875 4948 pls

2215 4941 2549 5014 congregati
2582 4941 2852 5014 similiter
2879 4943 3187 5014 epistolam
3220 4946 3455 5001 nomine
3476 4947 3724 5002 concilii
3752 4896 3875 5004 ger

2214 5013 2468 5091 dicensis
2493 5012 2975 5091 “publicaverun't;
3008 5021 3117 5091 ast,
3154 5017 3307 5085 quod
3338 5015 3425 5071 vel
3470 5017 3591 5091 haec
3626 5020 3875 5091 epistola

2216 5084 2539 5138 Donatistis
2577 5084 2773 5154 aliquo
2808 5088 2977 5139 modo
3010 5084 3230 5153 faverit,
3266 5104 3380 5142 non
3411 5089 3560 5144 satis
3616 5084 3869 5147 constat.

2213 5156 2539 5227 Videantur
2586 5156 2797 5221 Fleuri,
2849 5156 2885 5210 l.
2938 5174 3071 5221 xvn,
3104 5175 3296 5223 xxxxv,
3327 5165 3385 5213 et
3414 5177 3521 5223 LII;
3572 5160 3867 5227 Socrates.

2212 5226 2253 5351 ἒ.
2289 5243 2351 5291 ιι,
2386 5243 2434 5281 c.
2462 5228 2537 5350 ΞΟ
2570 5244 2582 5281 :
2618 5228 2996 5295 Sozomenus,
3030 5228 3068 5284 l.
3103 5246 3187 5300 ιιι,
3224 5247 3273 5285 c.
3309 5231 3401 5298 11;
3436 5226 3869 5303 Theodoretus,

2239 5340 2251 5351 .
2288 5314 2345 5351 ιι.
2381 5314 2429 5351 c.
2504 5339 2514 5351 .

2239 5340 2251 5351 .
2288 5314 2345 5361 Il,
2381 5314 2429 5351 c.
2462 5314 2514 5351 κ.

2284 5370 2392 5437 (35)
2427 5370 2488 5423 L.
2526 5385 2585 5423 II.

2284 5442 2401 5508 (36)
2432 5440 2490 5494 L.
2525 5456 2572 5493 c.
2607 5457 2665 5494 n.
2697 5442 2752 5495 6.

2283 5512 2395 5577 (37)
2434 5511 2745 5565 Donatistae
2776 5515 2979 5582 postea
2997 5517 3054 5568 et
3073 5512 3269 5568 Ariani
3291 5515 3681 5573 contmderati
3711 5517 3864 5573 fuere

2213 5589 2410 5662 contra
2458 5582 2804 5662 Catholicos;
2842 5584 2886 5639 si
2915 5584 3064 5662 mquis
3112 5592 3305 5662 certus
3351 5586 3617 5659 evicerit,
3650 5590 3863 5662 episto-

2212 5653 2329 5710 lam
2349 5672 2380 5710 a
2401 5655 2654 5726 quodam
2674 5655 2885 5712 Ariano
2910 5653 3089 5713 fuisse
3110 5658 3445 5726 conﬁctam,
3460 5675 3579 5716 non
3594 5653 3859 5719 meum
