4112 6174
275 262 432 323 1461

1222 256 1427 319 PARS
1474 258 1550 319 Il.
1584 291 1661 302 —
1696 256 2255 319 RECENTIORUM
2308 252 2742 317 EXCURSUS.

3531 250 3691 311 1462

346 397 397 451 1ο
431 391 695 467 Epistola
722 390 1007 464 plurimos
1054 390 1314 446 continet
1354 407 1576 447 errores
1626 390 1918 446 Catholico
1950 393 2003 456 Α
2036 389 2183 443 ridie
2242 388 2487 461 positam
2541 401 2708 453 esse;
2760 385 2881 440 haec
2967 384 3123 440 enim
3178 382 3421 438 assertio
3495 388 3683 440 Dona-

269 501 516 558 prorsus
547 482 841 552 indignos.

341 574 398 628 2.
429 571 742 628 Donatistae
775 570 927 625 sicut
954 572 1011 625 et
1040 568 1238 623 Ariani
1266 568 1400 639 (38),
1431 584 1498 624 ac
1547 568 1755 640 reliqui
1810 567 1924 621 ha:-

269 660 462 729 retici,
484 664 537 715 et
561 657 921 715 schismatici
945 657 1220 713 continuo
1250 661 1469 728 patrem
1486 657 1922 711 mendaciorum

268 752 488 807 imitati
520 754 678 817 sunt,
704 754 769 804 ut
798 748 882 804 eis
905 748 1126 803 nullam
1156 748 1438 802 faciamus
1462 748 1761 818 injuri-am,
1782 748 1919 801 dum

269 857 392 906 eos,
426 855 747 909 eorumque
793 838 1096 908 episcopos
1146 838 1359 907 saepius
1408 838 1681 891 mentitos
1742 836 1922 891 fuisse

267 930 526 984 dicimus
560 944 689 982 cum
717 930 771 980 S.
805 926 1133 998 Augustino
1154 926 1286 996 (39).
1315 926 1505 997 Neque
1528 924 1917 997 peceabimus,

264 1018 315 1072 si
351 1033 452 1073 eos
482 1015 855 1088 suspicemur
895 1014 1074 1069 fuisse
1127 1014 1474 1070 architectos
1522 1014 1700 1084 hujus
1740 1030 1916 1083 quam

264 1106 694 1171 examinamus,
744 1102 999 1176 epistolae
1032 1120 1045 1170 ;
1079 1103 1201 1158 haec
1242 1104 1397 1158 enim
1426 1108 1543 1158 tam
1603 1103 1915 1174 impudens

265 1210 449 1267 quam
478 1192 625 1247 falsa
654 1195 764 1260 est,
797 1195 862 1245 ut
907 1189 1137 1245 nullum
1187 1190 1299 1245 nisi
1346 1190 1685 1245 haereticum
1730 1189 1915 1243 homi-

269 1298 409 1338 nem
444 1282 656 1337 habere
688 1278 939 1352 potuerit
970 1282 1289 1334 auctorem.

337 1372 392 1427 3.
427 1371 673 1441 Insuper
695 1367 840 1423 nulli
871 1367 1077 1423 haeresi
1102 1366 1289 1439 magis
1320 1367 1489 1437 favet,
1515 1384 1691 1437 quam
1728 1372 1909 1421 Dona-

262 1461 564 1516 tistarum.
598 1458 666 1513 Hi
699 1456 985 1513 docebant
1024 1461 1391 1512 sacramenta
1420 1456 1638 1524 omnia,
1668 1474 1781 1511 non
1816 1474 1908 1511 so-

262 1550 415 1621 lum,
441 1566 566 1621 quas
586 1549 659 1604 ab
677 1546 962 1603 haereticis
983 1550 1143 1601 extra
1162 1546 1485 1611 ecclesiam,
1512 1547 1611 1601 sed
1645 1546 1818 1602 etiam
1842 1562 1910 1602 ea

265 1657 395 1713 quas
418 1640 570 1694 intra
591 1637 908 1693 Ecclesium
934 1652 1129 1691 veram
1152 1653 1183 1691 a
1208 1635 1485 1707 legitimis
1509 1636 1797 1692 ministris
1819 1640 1909 1691 ast

262 1729 323 1783 in
356 1732 590 1819 peccato
612 1724 970 1819 constitutis,
994 1723 1461 1819 collataluerint,
1482 1743 1610 1780 esse
1630 1724 1902 1793 invalida,
1938 1756 1982 1819 Β

261 1833 323 1872 n.
358 1816 446 1870 49.
479 1813 918 1871 Contendebant
944 1829 1006 1867 se
1036 1829 1168 1868 cum
1200 1813 1511 1869 Catholicis
1542 1814 1731 1869 adhuc
1774 1830 1902 1869 esse

260 1904 323 1960 in
350 1920 468 1959 una
488 1908 545 1959 et
560 1904 762 1958 eadem
784 1901 1039 1957 Ecclesia
1059 1902 1320 1958 Romana
1332 1920 1507 1974 supra
1526 1904 1757 1958 Petrum
1779 1904 1904 1957 fun-

262 1995 434 2049 data:
466 1990 767 2065 aegerrime
794 1991 1075 2058 ferebant,
1110 1992 1264 2062 quod
1290 2000 1522 2063 propter
1565 1991 1725 2046 illam
1775 1992 1903 2063 opi-

258 2082 503 2138 nionum
539 2079 933 2136 diversitatem
964 2097 996 2135 a
1028 2080 1196 2135 nobis
1221 2080 1533 2135 Catholicis
1565 2085 1907 2136 vocarentur

257 2170 518 2227 haeretici
547 2169 677 2240 (40).

336 2261 389 2315 4.
412 2259 636 2314 Pseudo
665 2254 1037 2312 Firmilianus
1060 2257 1468 2312 acerbissimas
1491 2258 1726 2314 adhibet
1751 2275 1909 2313 com-

259 2346 620 2420 parationes.
650 2345 883 2401 easdem
917 2345 1131 2417 quibus
1162 2346 1472 2401 Donatistae
1519 2364 1657 2402 suos
1708 2348 1909 2402 adver-

263 2436 455 2493 sarios
511 2439 726 2490 terrere
770 2433 925 2489 soliti
974 2438 1170 2489 erant:
1205 2450 1414 2507 nempe
1442 2439 1498 2489 S.
1550 2435 1912 2507 Stephanum

264 2541 484 2597 papam
499 2523 669 2595 eique
690 2522 1117 2579 consentientes
1140 2523 1469 2580 Catholicos
1484 2525 1804 2597 aequiperat
1826 2542 1913 2579 re-

261 2613 523 2669 bellibus
579 2611 827 2679 Dathan,
860 2611 1003 2667 Core
1049 2616 1107 2667 et
1162 2612 1377 2668 Abiron
1408 2631 1420 2681 ;
1453 2613 1660 2684 dignos
1717 2614 1915 2682 igitur,

263 2717 424 2772 quos
450 2706 601 2756 terra
641 2699 951 2756 absorbeat
996 2699 1173 2754 vivos.
1214 2702 1264 2755 V.
1300 2718 1498 2772 supra,
1533 2720 1586 2756 n.
1620 2703 1709 2755 59.
1746 2703 1811 2755 Et
1860 2704 1916 2756 in

265 2805 373 2845 ore
405 2788 839 2844 Donatistarum
865 2787 1010 2842 nihil
1043 2789 1405 2859 frequentius
1426 2794 1549 2844 erat
1578 2806 1753 2860 quam
1780 2807 1918 2845 suos

261 2877 630 2933 adversarios
664 2875 1004 2948 appellitare
1030 2878 1270 2933 Dathan.
1302 2879 1441 2933 Core
1464 2882 1519 2932 et
1538 2879 1751 2933 Abiron
1786 2878 1917 2949 (41).

342 2967 542 3023 I405
579 2971 755 3023 Porro
787 2965 1101 3022 Donatistae
1132 2966 1281 3021 inter
1322 2984 1383 3023 se
1430 2984 1545 3022 non
1596 2968 1920 3023 consentie-

265 3057 448 3122 bant;
473 3054 755 3111 subdivisi
791 3056 950 3109 fuere
980 3056 1039 3111 in
1062 3055 1252 3111 varias
1283 3061 1494 3126 sectas,
1529 3061 1671 3128 puta
1692 3057 1920 3129 Rogati-

262 3147 411 3212 stas,
458 3143 778 3214 Circenses,
822 3144 1177 3211 Montenses,
1212 3145 1757 3215 Maximinianistas,
1804 3151 1913 3203 etc.
1950 3117 1992 3183 Ε

268 3232 670 3288 Perdurarunt
699 3231 759 3286 in
815 3232 1003 3287 Africa
1053 3249 1238 3305 usque
1270 3234 1341 3288 ad
1398 3233 1663 3289 seculum
1724 3252 1820 3291 vn.
1858 3238 1918 3290 In

269 3322 503 3394 Europa
532 3323 643 3376 sub
695 3322 929 3378 nomine
975 3322 1380 3377 Waldensium
1429 3323 1758 3380 revixerunt
1810 3342 1919 3379 saa-

269 3409 405 3466 culo
437 3427 533 3466 xu.

344 3499 420 3555 III
452 3498 610 3556 Pars.
643 3499 804 3564 Quod
836 3499 1051 3571 aliquis
1074 3501 1379 3571 Africanus
1421 3518 1546 3556 eam
1606 3502 1922 3559 fabricatus

270 3587 451 3643 fuerit
480 3588 615 3644 inde
644 3590 946 3661 suspicor:

349 3680 404 3733 1ο
433 3680 594 3745 Quod
627 3679 953 3751 epistolain
987 3679 1218 3735 laudem
1252 3685 1308 3736 et
1340 3682 1736 3737 defensionem
1760 3685 1920 3739 Afro-

265 3784 406 3823 rum
434 3767 920 3839 rebaptizantium
954 3768 1241 3841 praecipue
1264 3771 1589 3843 conscripta
1620 3774 1798 3827 fuisse
1821 3791 1919 3845 ap-

263 3860 469 3927 pareat
495 3871 560 3910 ex
593 3855 832 3926 notatis,
866 3873 925 3912 n.
956 3857 1046 3926 76,
1078 3857 1168 3925 86,
1200 3857 1289 3910 60.

337 3944 399 3997 2°
429 3943 592 4009 Quod
638 3948 896 4000 assserat
952 3943 1365 4017 Carthaginem
1423 3946 1627 4001 Africae
1687 3949 1742 4002 in
1803 3965 1918 4004 me-

262 4050 706 4118 contradicam;
743 4067 878 4105 nam
912 4055 968 4106 et
1009 4051 1207 4105 Ariani
1255 4055 1312 4106 et
1362 4052 1812 4109 Tertullianista:
1862 4056 1920 4111 in

263 4122 463 4181 Africa
479 4123 805 4194 viguerunt.
834 4124 994 4177 Istud
1016 4123 1503 4179 indubiusassero
1531 4144 1706 4180 eama
1726 4136 1781 4181 δ.
1806 4128 1919 4182 Fir-

265 4194 513 4251 miliano
543 4211 655 4249 non
693 4195 870 4249 fuisse
901 4195 1307 4263 compositam.

345 4266 457 4334 (38)
479 4265 631 4320 Inter
652 4265 994 4320 hoseminet
1016 4266 1437 4335 Philostorgius
1462 4266 1708 4336 scriptor
1730 4270 1923 4323 saeculi

267 4354 329 4399 ν,
361 4337 671 4392 historicus
702 4337 1217 4392 mendacissimus.
1242 4369 1309 4377 —
1333 4338 1477 4401 Quid
1513 4342 1927 4396 attentaverint

268 4409 487 4465 saeculo
521 4413 829 4483 1v,_contra
860 4409 917 4465 S.
951 4409 1360 4474 Athanasium,
1395 4411 1613 4463 nemini
1664 4411 1925 4483 ignotum

268 4496 403 4536 esse
435 4480 666 4536 poterit.

347 4550 457 4622 (39)
490 4552 550 4606 L.
584 4568 646 4606 ιιι
694 4556 838 4605 cont.
889 4550 1091 4621 Cresa,
1124 4568 1172 4605 c.
1225 4550 1313 4620 44,
1363 4552 1451 4614 42,
1482 4551 1571 4622 5‘3,
1604 4554 1692 4619 6’1,
1734 4556 1823 4621 69,
1856 4556 1926 4609 70

264 4624 384 4684 7i;
417 4622 454 4676 Ι.
491 4640 563 4692 IV,
598 4639 647 4677 c.
671 4625 760 4675 28.
800 4624 852 4676 V.
887 4639 1066 4693 supra
1100 4639 1154 4677 n.
1188 4624 1276 4676 60.

347 4694 457 4763 (40)
487 4694 554 4748 V.
581 4694 635 4749 S.
667 4695 1054 4765 Augustinus,
1091 4696 1126 4746 Ι.
1161 4711 1223 4748 ιιι
1254 4696 1395 4747 cont.
1423 4693 1621 4762 Cresa,
1653 4712 1699 4749 c.
1733 4698 1784 4765 3,
1832 4697 1927 4751 ubi

271 4764 589 4836 Donatistae
620 4764 858 4819 docent:
894 4766 1153 4820 schisma
1201 4765 1437 4836 quidem
1500 4766 1651 4821 inter
1710 4764 1814 4823 nos
1872 4775 1928 4823 et

268 4835 409 4892 illos
440 4853 587 4908 esse,
616 4836 860 4891 haeresin
892 4854 960 4892 ex
992 4843 1197 4908 neutra
1221 4835 1411 4907 parte.

348 4908 459 4978 (41)
489 4907 595 4963 Vid
630 4909 685 4963 S.
725 4908 1108 4979 Augustinus,
1140 4907 1179 4961 1.
1216 4923 1276 4963 ιιι
1310 4917 1433 4964 cont
1473 4908 1740 4974 Cre<con.,
1774 4927 1821 4965 c.
1862 4913 1924 4965 18

274 4978 418 5033 Pars
452 4978 881 5035 Donatistarum
915 4981 972 5033 in
1007 4996 1112 5034 suo
1143 4979 1387 5034 concilio
1446 4981 1753 5050 Bagajensi
1786 4998 1925 5036 con-

269 5056 514 5133 gregata
535 5051 1059 5133 excommunicavit
1080 5052 1500 5133 Maximianﬂum
1526 5053 1798 5107 similiter
1827 5056 1922 5109 Do.

274 5123 578 5181 natistam.
613 5123 713 5193 qui
742 5123 1003 5178 schisma
1046 5123 1197 5178 inter
1244 5139 1342 5177 eos
1387 5124 1625 5189 fecerat;
1662 5142 1793 5179 cum
1842 5145 1933 5181 so-

274 5194 550 5249 lemniter
578 5194 963 5262 declararent,
1000 5219 1027 5245 ‹‹
1065 5196 1315 5249 Veritatis
1352 5195 1661 5248 adulterum
1693 5198 1934 5252 alterum

274 5265 519 5329 Duthan,
547 5266 677 5321 Core
704 5271 753 5320 et
787 5268 1011 5331 Abiron,
1045 5266 1164 5320 ideo
1194 5284 1227 5319 (ι
1277 5274 1419 5320 terra
1466 5268 1695 5319 naulum
1745 5271 1927 5321 absor-

270 5341 453 5407 plum,
484 5340 621 5408 quia
650 5338 719 5391 ad
744 5340 929 5408 majus
971 5340 1301 5407 supplicium
1352 5355 1384 5389 (ι
1432 5340 1644 5403 superis
1686 5357 1927 5395 reserva-

275 5418 410 5462 tum.
454 5432 471 5454 ιι
507 5409 745 5463 Uloriali
778 5411 998 5483 suntin
1038 5410 1136 5462 illa
1168 5410 1386 5483 syriiode
1432 5412 1609 5461 fuisse
1656 5414 1760 5462 31¢)
1808 5415 1927 5483 opi-

275 5497 488 5550 Scopos
524 5482 870 5536 Donatistae.
911 5481 1076 5535 Fides
1108 5482 1260 5550 apud
1294 5481 1449 5550 ipsos
1481 5483 1575 5534 sit.

348 5553 459 5624 (42)
488 5551 557 5607 V.
595 5556 736 5624 Aug.
762 5562 886 5609 cont
940 5554 1137 5624 Cresa,
1170 5551 1208 5605 l.
1260 5555 1332 5607 de
1393 5552 1606 5608 Unilale
1657 5555 1933 5622 Ecclesiaz,

281 5637 334 5681 ο.
370 5623 457 5694 14,
490 5629 549 5683 et
576 5622 738 5683 alibi.

2037 478 2195 534 tistis
2246 477 2398 533 intra
2474 475 2723 531 Africam
2797 473 3089 529 conclusis
3165 476 3289 527 erat
3364 472 3683 544 singularis

2036 569 2167 639 (42),
2206 571 2407 638 utpote
2437 566 2537 638 qui
2573 564 2824 619 inaniter
2850 562 3255 635 gloriabantur
3274 578 3336 617 se
3356 561 3413 616 in
3441 560 3682 619 meridie

2035 657 2255 728 positos
2338 674 2500 723 esse;
2560 659 2616 710 et
2696 654 2831 708 inde
2916 652 3164 707 ulterius
3257 650 3683 707 concludebant

2034 766 2202 804 suam
2260 748 2608 804 Eccelcsiam
2666 761 2792 801 esse
2820 761 3037 810 veram,
3096 744 3154 799 in
3212 761 3328 815 qua
3421 746 3682 815 pasceret

2031 844 2087 893 et
2143 840 2381 893 cubaret
2439 853 2689 908 sponsus
2737 835 2909 905 juxta
2963 832 3106 889 illud
3160 832 3561 905 propheticum
3620 832 3678 887 in

2029 926 2284 981 Canticis
2314 924 2673 981 canticorum
2699 941 2711 977 :
2749 923 2852 980 Ubi
2876 923 3056 993 pascis
3080 925 3104 974 .9
3133 922 3228 975 ubi
3242 921 3405 976 cubas
3425 923 3449 974 ?
3472 921 3535 975 In
3562 936 3674 975 me-

2026 1015 2171 1070 ridie
2200 1016 2335 1085 (1.3).

2095 1106 2154 1159 3°
2183 1104 2344 1169 Quod
2378 1102 2614 1157 haeresis
2652 1099 3105 1164 Donatistarum,
3138 1102 3286 1154 teste
3326 1098 3673 1170 Augustino,

2023 1194 2249 1249 radices
2278 1196 2439 1247 extra
2487 1190 2738 1246 Africam
2788 1190 2961 1261 figere
3019 1204 3134 1242 non
3192 1187 3465 1258 potuerit.
3496 1186 3671 1258 Equi-

2021 1284 2153 1338 dem
2211 1281 2523 1337 Donatietas
2590 1279 2724 1351 (li-’1),
2802 1277 2974 1333 sicuti
3032 1281 3089 1332 et
3158 1275 3507 1332 Luciferiani
3564 1274 3670 1330 ali-

2020 1387 2194 1444 quem
2251 1387 2318 1426 ex
2391 1370 2515 1425 suis
2593 1368 2932 1440 episcopum
3012 1365 3247 1421 alebant
3330 1365 3669 1433 Romaa;ad

2019 1460 2187 1515 illum
2220 1460 2558 1531 episcopum
2592 1473 2659 1513 ex
2708 1456 2900 1511 Africa
2957 1455 3272 1510 mittebant
3318 1470 3455 1510 suos
3513 1452 3668 1509 ordi-

2018 1550 2265 1614 nandos,
2319 1552 2383 1602 ut
2438 1546 2671 1619 gloriari
2752 1548 3009 1616 possent,
3070 1559 3131 1599 se
3208 1542 3487 1598 unionem
3561 1541 3665 1596 ba-

2018 1639 2150 1693 bere
2181 1654 2313 1691 cum
2371 1636 2648 1691 cathedra
2700 1632 2881 1701 Petri;
2916 1633 3017 1687 sed
3076 1631 3172 1686 ille
3233 1631 3660 1686 Donatistarum

2016 1728 2323 1799 episcopus
2356 1726 2551 1779 Romae
2584 1742 2695 1778 non
2729 1723 2977 1777 habebat
3030 1719 3341 1775 Ecclesium
3378 1737 3391 1788 ;
3425 1719 3667 1790 insnper

2012 1832 2081 1870 ex
2136 1815 2325 1869 Africa
2387 1815 2632 1869 Romam
2694 1813 2909 1867 missus
2968 1811 3172 1877 fuerat,
3232 1810 3492 1880 adeoque
3557 1808 3665 1863 Ro-

2014 1922 2120 1959 mae
2154 1906 2365 1975 hospes
2396 1908 2452 1957 et
2483 1901 2825 1974 peregrinus
2881 1904 3025 1967 erat,
3057 1898 3379 1953 Africamus
3436 1896 3659 1953 censeri

2014 1993 2279 2048 debebat.

2015 2154 2348 2225 Argumenta
2377 2154 2681 2207 contraria.
2719 2153 2759 2205 I.
2794 2152 2954 2225 Quez‘s
2974 2149 3253 2220 probetur,
3285 2148 3668 2225 quod__Firmi-

2209 2226 2391 2279 (ianus
2413 2228 2589 2294 fatum
2619 2224 2910 2291 epistolam
2957 2237 3079 2276 vere
3101 2221 3481 2290 composuerit.

2092 2350 2270 2404 Ail‘ert
2300 2348 2529 2404 Bertius
2560 2347 2657 2419 qui
2689 2346 2974 2417 gloriatus
2996 2348 3085 2399 est
3113 2359 3175 2399 se
3208 2342 3389 2399 fuisse
3412 2342 3672 2415 primum

2024 2440 2124 2512 qui
2146 2456 2211 2493 ex
2237 2439 2496 2510 professo
2522 2438 2698 2493 fatam
2723 2434 3030 2507 epistolam
3051 2434 3107 2488 S.
3135 2431 3470 2488 Firmiliano
3490 2431 3676 2487 vindi-

2024 2528 2259 2584 caverit.
2292 2528 2347 2581 Is
2380 2531 2586 2597 pi-eeter
2618 2524 2865 2595 reliquas
2894 2522 3252 2593 objectiones
3271 2522 3397 2592 jam
3422 2520 3675 2592 sparsim

2027 2618 2309 2673 adductas
2327 2616 2405 2669 ait
2424 2616 2553 2685 (115):
2583 2636 2607 2663 α
2632 2612 3147 2668 Evidentissimum
3166 2615 3254 2665 est
3268 2610 3442 2665 fetam
3464 2609 3676 2681 episto-

2028 2706 2141 2761 lam
2159 2723 2285 2759 esse
2299 2705 2617 2774 genuinum
2635 2703 2692 2756 S.
2714 2700 3031 2755 Firmiliani
3046 2700 3227 2753 fetum
3243 2715 3256 2765 ;
3272 2714 3408 2753 nam
3426 2697 3679 2753 habetur

2030 2796 2089 2849 in
2122 2792 2490 2849 bibliothecis
2524 2790 2813 2863 plurimis,
2847 2794 2912 2844 ut
2932 2793 3229 2844 testantur
3278 2785 3572 2842 Pamelius
3620 2790 3678 2842 et

2032 2882 2322 2952 Rigaltius
2346 2884 2454 2949 46).
2482 2904 2508 2929 ››
2534 2880 2778 2950 Reliqua
2796 2896 2851 2934 v.
2885 2895 2945 2933 ιι.
2972 2877 3057 2932 12.
3084 2876 3355 2945 Adeoque
3374 2873 3586 2930 saeculo
3607 2891 3679 2930 xv

2032 2972 2377 3041 1406jam
2402 2969 2718 3025 exsistebat
2739 2983 2900 3037 -,ergo
2928 2965 3138 3021 falsum
3167 2969 3273 3034 est,
3291 2964 3447 3035 quod
3465 2961 3679 3019 saeculo

2033 3079 2126 3117 xvr
2153 3079 2185 3115 a
2212 3058 2598 3116 Novatoribus
2620 3073 2723 3111 seu
2743 3055 2979 3110 Lutheri
3016 3052 3319 3126 discipulis
3344 3052 3517 3108 fuerit
3539 3069 3676 3109 con-

2031 3153 2185 3207 ficta.

2102 3242 2169 3297 R.
2203 3241 2243 3295 Ι.
2282 3240 2343 3293 In
2376 3235 2576 3293 multis
2606 3235 2735 3291 aliis
2766 3233 3120 3290 cditionibus
3146 3232 3533 3288 Firmilianica
3565 3249 3679 3287 non

2030 3327 2375 3400 comparuit,
2408 3331 2468 3381 ut
2491 3344 2546 3380 n.
2582 3326 2774 3396 l‘Zjam
2801 3323 3021 3378 dictum
3041 3322 3168 3376 fuit.
3197 3323 3257 3376 In
3283 3322 3535 3376 editione
3557 3321 3679 3376 Ma-

2032 3418 2181 3474 nutii
2218 3416 2481 3471 Latinius
2523 3420 2950 3469 controversam
3002 3410 3322 3465 Firmiliani
3372 3409 3679 3482 epistolam

2033 3508 2232 3564 omisit
2262 3524 2330 3560 ex
2361 3503 2625 3575 sequenti
2659 3501 2874 3573 duplici
2900 3500 3085 3573 capite
3108 3500 3340 3555 dicens:
3381 3521 3402 3550 ι
3436 3504 3544 3570 Ego
3576 3498 3679 3554 La-

2031 3597 2216 3652 tinius
2259 3595 2453 3663 omisi,
2488 3610 2598 3647 non
2651 3591 2970 3656 Manutius,
3006 3606 3138 3644 cum
3186 3588 3450 3661 exempla
3493 3589 3680 3660 majo-

2032 3704 2161 3741 rum
2185 3688 2575 3748 secutus,tum
2603 3680 2857 3736 hominis
2880 3678 3503 3751 (pseudo-Firmiliani)
3528 3686 3683 3749 petu-

2032 3775 2274 3829 lzintiam
2304 3774 2647 3835 detestatus;
2675 3796 2693 3816 ι»
2718 3769 2922 3840 ergoin
2942 3767 3371 3839 exemplaribus
3386 3769 3673 3838 majorum

2032 3862 2242 3918 saeculo
2273 3878 2344 3915 xv
2392 3858 2822 3931 antiquioribus
2872 3857 3091 3912 Latinis
3148 3873 3275 3911 eam
3345 3873 3460 3912 non
3516 3871 3677 3926 repe-

2032 3970 2088 4007 re
2098 3956 2203 4006 rat.

2102 4059 2214 4127 (13)
2250 4057 2333 4111 lta
2374 4060 2591 4109 textum
2643 4055 3018 4127 corruperant
3061 4052 3399 4127 Donatistae,
3432 4068 3588 4127 cum,
3617 4056 3683 4127 ut

2034 4123 2273 4197 SfAtig.
2328 4129 2498 4181 modo
2549 4126 2794 4193 monuit,
2821 4123 2930 4194 legi
2983 4124 3240 4197 debeat:
3280 4124 3378 4197 Ubi
3420 4123 3583 4197 cubas
3624 4125 3684 4197 in

2032 4194 2437 4264 mei'itfi't'YQui
2500 4205 2553 4251 et
2606 4202 2755 4251 recte
2813 4195 3109 4249 adnotavit
3164 4194 3570 4264 Carthaginem
3624 4194 3683 4249 in

2036 4272 2196 4326 nullo
2229 4290 2401 4325 sensu
2459 4270 2568 4323 dici
2626 4285 2795 4336 posse
2846 4269 2903 4319 in
2951 4266 3191 4320 meridie
3241 4268 3508 4337 positam.
3542 4266 3687 4321 Hinc

2039 4352 2256 4397 textum
2292 4361 2323 4396 a
2356 4341 2674 4397 Donatistis
2706 4344 3044 4406 corruptum
3079 4343 3283 4391 contra
3312 4339 3545 4393 eosdem
3597 4354 3685 4392 re-

2038 4421 2271 4490 torquet
2303 4413 2567 4490 scquenti
2607 4413 2807 4490 modo:
2838 4411 3115 4490 ngyptus
3136 4408 3468 4490 verri'ssime
3501 4410 3690 4480 posita

1959 4490 2005 4553 D
2037 4494 2122 4541 est
2146 4480 2201 4539 in
2238 4480 2516 4549 meridie;
2548 4484 2684 4554 quia
2716 4482 2823 4535 sub
2859 4480 3077 4551 tropica
3099 4481 3289 4535 cancri
3318 4498 3330 4536 :
3356 4480 3403 4535 si
3436 4498 3690 4554 sponsus

2038 4559 2207 4611 cubet
2236 4557 2291 4609 in
2329 4552 2587 4621 meridie,
2622 4572 2755 4618 ergo
2794 4568 3026 4605 necesse
3057 4556 3162 4615 est,
3194 4557 3257 4607 ut
3315 4557 3513 4623 pascat
3542 4552 3696 4607 inter

2042 4629 2359 4682 monachos
2393 4629 2448 4680 in
2481 4624 2902 4679 solitudinibus
2949 4624 3175 4695 z'ligypti
3234 4624 3388 4679 circa
3445 4625 3694 4679 Thebai-

2039 4702 2169 4754 dem
2199 4726 2211 4762 ς
2247 4709 2418 4770 atque
2466 4698 2522 4751 hi
2585 4696 2876 4770 monachi
2911 4712 3115 4770 omnes
3171 4701 3311 4770 sunt
3342 4695 3694 4770 ACatholici;

2040 4789 2175 4841 ergo
2210 4766 2341 4824 vera
2380 4771 2522 4823 lides
2554 4776 2642 4822 est
2676 4769 2827 4839 apud
2856 4767 3204 4824 Catholicos.
3232 4768 3315 4822 Ita
3335 4767 3391 4822 S.
3417 4766 3697 4839 Augusti—

2041 4861 2170 4898 DUS.

2115 4954 2121 4983 ι
2152 4914 2229 4977 ll}
2261 4912 2330 4965 Υ.
2365 4911 2423 4967 S.
2461 4911 2846 4983 Augustinus,
2880 4910 2942 4965 de
2968 4910 3303 4983 Hseresibus.

2115 4979 2227 5053 (l5)
2263 4990 2338 5037 De
2373 4984 2705 5049 Theolnginis
2727 4982 3057 5047 disciplinis,
3084 4981 3119 5036 l.
3154 4996 3303 5053 xxxi.
3332 4996 3380 5033 c.
3408 4979 3493 5033 43.
3526 4996 3692 5053 prop.

2045 5052 2234 5111 tertia.
2263 5058 2515 5109 llertium
2541 5063 2738 5123 postea
2762 5060 2997 5106 secutus
3019 5054 3189 5107 estP.
3213 5052 3466 5123 Joannes
3483 5052 3694 5123 Sbara-

2046 5129 2151 5189 lea,
2181 5130 2274 5198 qui
2301 5145 2451 5181 anno
2480 5122 2610 5181 1741
2641 5125 3038 5180 ΒΟΠΟΠίξΒίΓϐΒ
3058 5122 3697 5193 spissasediditdisser-

2044 5201 2145 5253 tuti
2157 5218 2223 5251 on
2236 5218 2316 5253 es.

2118 5274 2229 5337 illi}
2287 5268 2601 5321 l'mnelium
2663 5283 2902 5320 veneror
2960 5266 3275 5320 candidum
3335 5268 3391 5318 et
3444 5263 3696 5321 laborio-

2046 5361 2110 5394 μη
2126 5366 2174 5394 (ιι
2195 5345 2301 5391 ια·ῐοὶ
2316 5341 2729 5407 μῒυγῡιυείίῡιετι)
2744 5339 3045 5405 deceptum
3062 5336 3409 5391 auctoritate
3422 5353 3699 5406 quarum-

2047 5416 2176 5465 llum
2216 5414 2715 5488 bibliotheca!nm.
2750 5415 2957 5488 mantva
3008 5407 3239 5488 ltigaltii
3295 5407 3700 5488 testimonium

2051 5502 2276 5555 μιξτριιι
2314 5484 2594 5552 (ιῖχιιίριιιιιτ,
2624 5500 2755 5534 eum
2782 5481 2914 5555 ipse
2950 5478 3193 5545 Bertius,
3232 5483 3356 5555 1.0.
3404 5496 3459 5534 η.
3512 5478 3600 5543 Ui,
3628 5480 3703 5533 ad

2049 5552 2290 5624 Qintum,
2311 5556 2551 5611 referat:
2582 5575 2608 5603 ‹‹
2634 5554 2936 5625 liigultium
2982 5568 3099 5609 esse
3127 5552 3444 5607 mendacem
3471 5552 3705 5621 scripto-

2046 5644 2182 5684 rem.
2216 5648 2245 5676 υ
