4112 6174
376 280 405 338 1
417 280 532 340 463

1413 274 1517 334 DE
1562 272 2160 336 HERETICORUM
2205 272 2739 335 BAPTISMATE.

3641 269 3811 331 {464

448 413 513 468 R.
540 414 593 466 2.
628 409 904 466 Permitto
926 425 1053 464 eam
1082 425 1116 463 a
1135 407 1618 481 protestantibus,
1638 413 1702 464 ut
1722 413 2022 477 vocantur,
2056 410 2108 475 Α
2138 407 2402 464 nicarum
2434 415 2487 463 et
2517 409 2875 481 synodorum
2897 406 2971 463 ab
3018 406 3173 463 Afris
3211 406 3269 461 in
3320 422 3499 462 causa
3546 406 3805 477 rebapti-

378 499 573 556 seculo
592 515 684 554 xvx
699 514 813 554 non
829 498 1010 553 fuisse
1027 497 1332 553 confictam
1356 514 1368 565 ;
1387 496 1506 552 imo
1522 495 2031 568 largiamuretiam

377 588 532 645 ultra
552 604 726 660 quam
749 586 980 642 Bertius
1002 587 1363 658 probaverat,
1390 602 1600 659 nempe
1622 586 1800 641 fatam
1823 586 2035 657 episto-

373 678 492 734 lam
516 677 748 733 liniente
770 675 1159 744 saeculovjam
1181 675 1504 741 exstitisse;
1525 676 1624 731 sed
1646 674 1782 730 inde
1804 691 1918 730 non
1941 692 2031 730 se-

376 767 578 839 quitur
606 781 732 821 eam
766 764 979 821 saeculo
1011 779 1073 819 ιιι
1106 781 1140 818 a
1171 763 1508 819 Firmiliano
1540 763 1720 819 fuisse
1776 764 2031 819 conscri-

373 861 556 930 ptam.
589 853 1040 910 Validissimum
1074 852 1245 908 Bertii
1279 857 1692 926 argumentum
1726 853 2032 909 reservabo

378 963 437 1002 n.
469 946 541 999 90
570 948 627 1000 et
655 942 745 1000 9|.

447 1033 623 1090 Schol.
654 1032 871 1087 Saecula
928 1048 1013 1102 ιιι,
1055 1030 1431 1103 rebaptizatio
1490 1048 1524 1085 a
1574 1030 1791 1086 Novato
1848 1030 2031 1086 intro-

376 1125 550 1181 ducta
580 1121 690 1176 fuit
715 1121 845 1193 (47),
874 1120 1076 1191 utique
1106 1124 1162 1175 et
1191 1137 1309 1175 una
1336 1136 1468 1175 cum
1501 1120 1719 1175 Novato
1761 1119 1973 1189 rejects
2001 1135 2036 1173 a

377 1211 630 1269 summis
664 1209 1044 1265 Pontiﬁcibus
1076 1212 1134 1263 et
1184 1208 1361 1263 variis
1418 1207 1701 1272 conciliis,
1734 1208 2037 1279 signanter

377 1301 488 1358 sub
547 1301 600 1355 S.
632 1299 924 1370 Stephano
981 1298 1113 1369 (48).
1148 1330 1212 1338 —
1263 1296 1486 1353 Saeculo
1543 1314 1601 1351 IV
1657 1300 1714 1352 et
1761 1314 1797 1350 v
1855 1314 2033 1369 quam

376 1388 628 1446 maxime
674 1385 975 1442 recruduit
1023 1390 1079 1440 et
1126 1385 1345 1457 ubique
1384 1403 1396 1452 ;
1432 1385 1586 1440 unde
1636 1389 1693 1440 et
1743 1384 2037 1457 prohibita

374 1477 486 1533 fuit
514 1478 572 1531 in
606 1476 836 1545 Europa
864 1490 894 1528 a
926 1472 1172 1528 concilio
1203 1472 1530 1528 Arelatensi
1586 1489 1741 1527 anno
1798 1473 1899 1527 314
1926 1491 1938 1541 ;
1974 1472 2033 1527 in

374 1565 513 1621 Asia
541 1581 575 1619 a
605 1562 834 1618 Nicseno
857 1578 897 1627 ι,
927 1561 1034 1616 325
1056 1580 1069 1628 ;
1094 1561 1152 1615 in
1187 1560 1381 1616 Africa
1402 1578 1435 1616 a
1460 1560 1705 1616 concilio
1730 1560 2033 1632 Carthagi-

375 1652 543 1710 nensi
574 1670 617 1720 ι,
649 1668 800 1707 anno
834 1651 954 1705 348.
990 1649 1206 1705 Saecula
1237 1667 1314 1715 ιν,
1351 1650 1571 1721 praeivit
1598 1650 1652 1705 S.
1682 1648 2034 1705 Melcbiades

370 1756 539 1814 papa,
574 1738 675 1812 qui
717 1755 869 1793 anno
926 1738 1030 1793 313
1086 1736 1385 1792 damnavit
1440 1737 1753 1806 Donatum,
1790 1759 1818 1786 «
1872 1737 2026 1807 quod

368 1830 673 1885 confessus
697 1827 773 1883 sit
792 1826 1204 1898 rebaptizasse,
1233 1848 1259 1875 »
1284 1826 1364 1881 ait
1381 1826 1439 1881 S.
1464 1826 1711 1898 Optatus
1732 1825 1769 1880 l.
1795 1842 1834 1897 1,
1854 1842 1914 1893 ιι,
1934 1826 2024 1880 24-

368 1919 545 1977 Porro
572 1937 585 1974 :

436 2008 594 2063 Inter
623 2005 1049 2078 rebaptizantes
1079 2004 1449 2060 rescensendi
1494 2009 1669 2060 sunt:

438 2098 490 2152 1.
521 2094 827 2152 Novatiani
857 2093 1068 2149 saeculo
1102 2111 1165 2148 ιιι
1198 2093 1373 2149 enati.
1405 2094 1459 2149 2.
1492 2094 1710 2148 Saeculo
1770 2111 1825 2149 ιν
1880 2098 1936 2149 et
1992 2112 2027 2148 v

371 2185 685 2243 Donatistae
709 2185 767 2240 in
801 2183 1014 2238 Africa.
1048 2182 1101 2237 3.
1133 2181 1323 2253 Aliqui
1371 2182 1595 2249 Ariani,
1618 2186 1786 2237 teste.
1820 2183 1877 2237 S.
1910 2185 2025 2237 Au-

370 2274 609 2348 gustino
636 2273 921 2328 referente
944 2271 1054 2342 (49)
1078 2287 1134 2325 ;‹‹
1156 2270 1517 2342 Rebaptizari
1534 2287 1766 2342 quoque
1787 2272 1858 2326 ab
1874 2272 2029 2326 Aria.

366 2363 459 2419 nis
473 2361 799 2418 Catholicae
823 2359 1122 2414 novimus:
1142 2362 1340 2413 utrum
1366 2364 1420 2413 et
1439 2375 1552 2413 non
1573 2358 1907 2430 catholicos,
1927 2377 2025 2415 ne-

365 2450 508 2507 scio.
544 2451 592 2504 4.
628 2447 1003 2516 Eunomiani,
1028 2446 1126 2519 qui
1161 2450 1329 2501 erant
1351 2447 1626 2502 surculus
1653 2448 2024 2516 Arianorum,

362 2540 434 2595 de
462 2537 579 2593 illis
606 2538 665 2592 S.
700 2535 1061 2609 Epiphanius
1084 2537 1231 2606 (50):
1266 2559 1292 2585 α
1320 2535 1532 2590 Iterum
1558 2536 1813 2607 baptizat
1838 2537 2026 2592 Euno-

364 2628 519 2684 mius
549 2643 663 2682 non
696 2626 891 2690 modo,
919 2624 1020 2696 qui
1051 2641 1084 2679 a
1112 2623 1426 2680 Catholicis
1448 2628 1550 2679 aut
1580 2626 1654 2680 ab
1686 2624 1816 2680 aliis
1846 2625 2025 2682 haere-

364 2717 550 2783 sibus,
586 2716 685 2770 sed
718 2731 818 2770 eos
838 2713 1012 2769 etiam
1046 2713 1145 2785 qui
1176 2714 1249 2769 ab
1281 2713 1550 2785 ipsismet
1594 2714 1825 2772 Arianis
1882 2716 2024 2771 defi-

2057 1783 2106 1849 B

2142 496 2405 562 zationis,
2466 501 2531 551 ut
2602 495 2905 562 asseritur,
2973 494 3419 551 celebratarum.
3502 494 3805 560 Quomodo

2144 589 2336 639 autem
2364 585 2659 640 Donatista
2686 584 2863 639 salvis
2904 600 3021 639 suae
3062 588 3233 639 sectze
3266 583 3568 655 principiis
3598 584 3805 638 docere

2143 674 2333 745 potuit
2363 673 2814 729 controversiam
2847 673 2918 727 de
2963 671 3418 744 rebaptizatione
3466 688 3597 728 esse
3650 687 3803 741 qua-

2143 760 2393 816 stionem
2454 777 2609 816 mere
2659 760 3116 833 disciplinarem,
3147 758 3307 815 salva
3362 776 3505 832 pace
3553 758 3805 814 toleran-

2142 849 2325 906 dam?

2215 938 2280 992 R.
2318 937 2366 992 l-
2400 941 2581 1009 Captu
2612 936 2783 1010 longe
2813 937 3115 994 difﬁcilius
3145 941 3235 993 est
3251 938 3405 1010 quod
3428 937 3806 993 Firmilianus

2143 1030 2199 1083 et
2230 1026 2434 1098 reliqui
2470 1027 2726 1098 episcopi
2749 1026 3049 1097 Catholici,
3072 1026 3171 1097 qui
3195 1026 3481 1092 conciliis,
3511 1033 3581 1082 ut
3604 1028 3809 1083 asseri-

2143 1130 2258 1181 tur,
2287 1117 2342 1170 in
2369 1116 2560 1170 Africa
2581 1120 2637 1171 et
2669 1116 2801 1171 Asia
2820 1116 3126 1171 celebratis
3148 1115 3487 1173 interfuisse
3510 1116 3808 1186 dicuntur,

2143 1205 2337 1260 seculo
2370 1222 2431 1259 ιιι
2462 1204 2796 1277 apostolicis
2826 1205 3193 1277 temporibus
3216 1206 3468 1261 maxime
3498 1206 3698 1260 vicino
3721 1206 3814 1261 de-

2140 1311 2375 1350 cernere
2404 1294 2566 1349 salva
2596 1293 2955 1350 conscientia
2985 1295 3301 1367 potuerint,
3331 1318 3353 1343 ι
3383 1295 3811 1367 Anabaptistas

2142 1382 2201 1436 in
2234 1400 2351 1437 una
2380 1383 2701 1454 eademque
2728 1382 2987 1439 Ecclesia
3016 1399 3149 1439 cum
3183 1382 3493 1440 Catholicis
3511 1400 3646 1440 esse
3667 1383 3811 1439 tole-

2143 1471 2402 1527 randos?
2428 1494 2455 1522 »
2491 1472 2803 1527 Donatistae
2840 1471 2983 1527 talia
3034 1473 3298 1539 docuere,
3354 1477 3417 1528 ut
3467 1472 3814 1529 videbimus

2140 1576 2295 1631 resp.
2330 1561 2383 1614 4.

2213 1649 2278 1703 R.
2310 1650 2363 1703 2.
2400 1649 2709 1705 Donatistae
2742 1653 2799 1705 et
2845 1649 2997 1705 inter
3054 1665 3119 1706 se
3176 1649 3501 1722 plurimum
3553 1650 3818 1706 disside-

2141 1736 2320 1805 bant;
2380 1738 2517 1793 hinc
2582 1737 2782 1809 plures
2839 1738 3279 1794 Donatistarum
3313 1743 3480 1794 sectae
3529 1740 3822 1811 (quatuor

2139 1825 2306 1881 nobis
2364 1831 2515 1881 notae
2582 1830 2722 1882 sunt
2775 1843 2843 1882 ex
2903 1827 3231 1900 Augustino
3297 1828 3429 1899 (55),
3482 1828 3606 1883 imo
3667 1828 3823 1883 Peti-

2136 1913 2330 1970 lianus
2388 1919 2444 1970 et
2501 1914 2865 1982 Cresconius,
2898 1916 2999 1987 qui
3057 1917 3329 1971 videntur
3384 1917 3575 1972 fuisse
3639 1916 3824 1971 unius

2136 2008 2193 2060 et
2250 2004 2514 2075 ejusdem
2572 2009 2762 2071 sectas,
2822 2020 2938 2059 non
2998 2005 3421 2060 conveniebant
3477 2006 3640 2061 inter
3697 2020 3820 2061 se:

2142 2112 2162 2138 ι
2208 2097 2289 2147 An
2353 2093 2543 2149 valeat
2599 2093 3065 2160 Sacramentum,
3118 2095 3167 2149 si
3224 2098 3496 2166 peccator
3548 2093 3827 2149 occultus

2135 2181 2531 2253 baptizaverit.
2564 2203 2592 2233 ››

2206 2284 2271 2335 R.
2305 2280 2358 2335 3.
2393 2279 2485 2334 Nil
2519 2280 2886 2352 frequentius
2925 2297 3103 2352 quam
3134 2281 3285 2352 quod
3327 2280 3504 2336 homo
3560 2282 3827 2337 mendax

2137 2368 2247 2424 sibi
2286 2369 2399 2440 ipsi
2452 2368 2857 2437 contradicat;
2894 2386 3033 2425 sane
3082 2370 3139 2425 S.
3173 2369 3538 2443 Augustinus
3576 2373 3824 2425 Cresco-

2136 2457 2301 2512 nium
2337 2458 2698 2513 Donatistam
2732 2474 2799 2513 ex
2822 2457 3129 2514 Cresconio
3158 2457 3433 2514 continuo
3456 2463 3770 2531 expugnat
3796 2478 3810 2527 ;

2136 2546 2572 2601 Donatistarum
2651 2563 2787 2618 pars
2868 2563 2984 2602 una
3071 2545 3219 2603 alios
3305 2547 3811 2603 Maximianenses

2135 2635 2514 2690 damnaverat
2572 2638 2855 2707 tanquam
2943 2634 3532 2703 haereticos;horum
3603 2641 3810 2691 tamen

2135 2722 2427 2794 baptisma
2526 2724 2912 2779 venerabatur
3022 2724 3307 2791 validum,
3368 2724 3484 2778 imo
3558 2724 3817 2780 clericos

366 2807 599 2863 ciunt.»
637 2805 690 2859 5.
715 2801 2022 2868 ExAnomteisuonstantiushereticus,dum
2130 2811 2697 2867 Muimianiensium
2756 2812 3069 2883 recipiebat
3162 2812 3223 2867 in
3302 2813 3504 2868 eodem
3571 2814 3637 2867 in
3700 2830 3818 2884 quo

363 2894 687 2952 moriturus
721 2896 864 2964 erat,
900 2892 1109 2947 iterum
1136 2891 1416 2962 baptizari
1468 2890 1670 2959 voluit,
1705 2908 1817 2947 non
1846 2910 1880 2948 a
1922 2893 2023 2949 Cs-

2131 2900 2433 2957 constituti
2482 2901 2713 2956 fuerant
2766 2902 2975 2973 gradu,
3043 2901 3192 2973 quin
3242 2918 3340 2957 eos
3398 2902 3595 2957 denuo
3657 2904 3819 2958 ordi-

360 2982 600 3048 tholico,
633 2982 732 3037 θεά
789 2997 822 3036 ἃ
878 2980 1148 3036 ministro
1207 2980 1421 3035 Ατίεωο
1464 3006 1478 3047 ς
1516 2998 1628 3037 00D
1687 2982 1864 3037 semel
1922 2983 2021 3037 88d
2132 2994 2339 3055 naret;
2397 2990 2722 3046 Catholicos
2780 3007 2912 3045 vero
2972 2990 3404 3062 rebaptizabat.
3456 2991 3610 3054 Quid
3684 3008 3821 3063 ergo

362 3072 581 3145 saepius
613 3070 746 3142 (51).
779 3070 833 3124 6.
869 3068 1213 3124 Luciferiani
1246 3073 1393 3124 teste
1422 3072 1477 3124 S.
1509 3069 1855 3142 Hieronymo
1888 3072 2019 3143 (52).

2136 3079 2351 3134 mirum
2404 3079 2451 3134 si
2504 3077 3150 3150 pseudo-Firmilianus
3205 3096 3322 3134 sua:
3367 3079 3823 3136 Donatistarum

360 3161 487 3216 Imo
549 3163 606 3215 et
656 3158 1018 3213 Montanislte
1076 3158 1134 3211 in
1194 3157 1428 3212 Oriente
1479 3162 1627 3213 teste
1684 3157 2017 3215 Philastrio.
2053 3147 2095 3215 C
2136 3168 2414 3224 doctrinm
2476 3147 2901 3239 nonnunquam
2964 3168 3244 3224 indirecte
3313 3168 3741 3226 contr-edixerit
3790 3164 3820 3217 ἵ

361 3250 417 3302 7.
452 3247 827 3305 Donatismus
870 3246 1084 3303 saeculo
1140 3264 1242 3315 xu,
1282 3246 1579 3302 recruduit
1636 3247 1695 3302 in
1752 3248 2025 3305 Walden-

365 3335 553 3392 sibus.

435 3424 503 3480 Hi
537 3440 742 3480 omnes
771 3422 1027 3479 valerem
1050 3422 1329 3496 baptismi
1361 3424 1699 3495 repetebant
1729 3441 1762 3479 a
1810 3427 2026 3481 sancti-

359 3516 483 3569 tate
510 3512 767 3569 hominis
796 3511 1153 3583 baptismum
1186 3512 1657 3568 administrantis
1678 3515 1811 3585 (53).
1846 3515 2029 3587 Igitur

366 3602 568 3657 1407
608 3600 766 3655 fuere
799 3600 1019 3671 plures,
1049 3607 1105 3654 et
1160 3600 1371 3655 diversi
1432 3601 1707 3668 heretici,
1741 3603 1800 3657 in
1855 3621 2023 3675 quos,

364 3689 519 3762 quod
555 3689 731 3744 fetam
754 3687 1065 3759 epistolam
1092 3688 1147 3742 in
1174 3689 1266 3743 sui
1293 3690 1545 3744 favorem
1570 3694 2025 3762 composuerint;

367 3777 625 3850 suspicio
658 3776 861 3833 cadere
894 3776 1116 3848 possit;
1154 3778 1251 3833 sed
1286 3793 1351 3833 ea
1381 3778 1566 3851 magis
1612 3780 1854 3837 fundata
1882 3753 2027 3838 mihl

361 3867 594 3923 videtur
623 3883 748 3938 quze
778 3865 1032 3938 aliquem
1061 3866 1424 3923 Donatistam
1466 3867 1798 3925 Africanum
1829 3877 2029 3929 censet

368 3962 684 4013 auctorem.

416 4064 769 4135 Argumenta.
808 4063 877 4117 II.
913 4062 1061 4131 Quod
1090 4068 1297 4119 auctor
1325 4065 1554 4135 epistola
1582 4067 1985 4126 Firmilianicae

874 4150 987 4189 non
1012 4136 1185 4206 fuerit
1211 4138 1516 4191 Donatista.

438 4241 499 4298 Si
525 4241 733 4297 fuisset
775 4240 1098 4313 Donatista,
1131 4242 1181 4297 is
1244 4259 1360 4298 non
1420 4244 1717 4300 docuisset
1774 4245 2027 4318 rebapti-

364 4334 564 4388 zantes
595 4346 728 4386 cum
762 4347 876 4385 non
903 4330 1405 4402 rebaptizantibus
1436 4332 1495 4387 in
1545 4350 1663 4389 una
1719 4338 1776 4389 et
1827 4336 2027 4392 eadem

364 4418 622 4475 Ecclesia
651 4418 985 4475 tolerandos
1009 4435 1137 4475 esse
1163 4437 1176 4487 ;
1212 4419 1319 4475 hos
1346 4436 1479 4476 vero
1537 4421 1715 4477 simul
1773 4422 2030 4480 toleran—

2136 3257 2286 3313 Veru
2298 3274 2351 3312 m
2364 3301 2376 3313 .

2210 3347 2276 3401 R.
2304 3347 2355 3401 4.
2380 3346 2497 3401 Suo
2520 3345 2805 3418 principio
2826 3344 3085 3418 generali
3111 3363 3227 3402 non
3258 3347 3619 3402 contradixit
3639 3371 3654 3414 ;
3674 3364 3815 3403 nam

2139 3444 2436 3516 praecipua
2465 3444 2899 3499 Donatistarum
2933 3443 3171 3517 querela
3229 3443 3351 3499 hinc
3410 3449 3555 3513 erat,
3590 3446 3752 3517 quod
3785 3464 3823 3501 a

2138 3532 2455 3589 Catholicis
2469 3533 2731 3604 iniquam
2750 3536 3088 3603 paterentur
3104 3532 3597 3604 persecutionem,
3617 3549 3687 3587 ac
3712 3550 3819 3605 per

2138 3620 2295 3693 leges
2316 3626 2435 3676 tam
2460 3620 2866 3693 imperatorias
2884 3622 3017 3692 (56),
3040 3638 3214 3692 quam
3239 3620 3675 3677 ecclesiasticas
3696 3628 3817 3678 tra-

2136 3715 2437 3765 ctarentur
2478 3714 2542 3765 ut
2574 3709 2850 3779 haeretici,
2891 3727 3026 3766 cum
3048 3715 3244 3765 tamen
3269 3710 3575 3766 nobiscum
3599 3711 3819 3767 Catho-

2136 3798 2265 3853 licis
2305 3799 2643 3854 adhucdum
2676 3804 2873 3854 essent
2900 3798 2961 3854 in
2993 3816 3114 3854 una
3142 3800 3466 3870 eademque
3510 3799 3818 3859 Ecclesia;

2136 3886 2399 3942 schisma
2429 3888 2664 3959 quidem
2696 3903 2826 3942 esse
2853 3886 3008 3943 inter
3040 3904 3146 3943 nos
3186 3892 3243 3941 et
3274 3886 3425 3953 illos,
3459 3886 3721 3943 heresin
3754 3905 3823 3943 ex

2136 3976 2342 4031 1408
2375 3980 2584 4032 neutra
2606 3982 2786 4048 parte.
2820 3977 2963 4032 Ecce
2995 3977 3069 4032 ad
3093 3976 3515 4031 declinandam
3540 3975 3709 4031 illam
3743 3977 3825 4033 le-

2137 4082 2273 4137 gum
2300 4066 2685 4136 severitatem,
2705 4072 2758 4121 et
2778 4066 3070 4137 episcopis
3092 4082 3196 4138 pro
3214 4070 3353 4121 tunc
3373 4064 3700 4121 Catholicis
3726 4068 3782 4120 in
3798 4081 3821 4091 ⁸

2134 4155 2352 4210 vidiam
2384 4155 2752 4210 conﬂandam
2786 4155 3027 4226 prafata
3048 4154 3295 4227 epistola
3317 4154 3550 4210 videtur
3570 4171 3815 4227 compo-

2143 4244 2279 4299 sita.

2210 4333 2371 4397 Quod
2407 4332 2716 4389 Donatista;
2748 4335 2901 4407 apud
2927 4350 3035 4390 nos
3055 4331 3386 4389 Catholicos
3410 4349 3527 4388 non
3559 4333 3821 4405 rebapti‘

2140 4426 2434 4486 zarentur,
2468 4422 2669 4494 utique
2701 4422 2845 4495 ipsis
2876 4422 2936 4477 in
2968 4422 3140 4478 corde
3173 4425 3515 4494 pergratum
3549 4438 3687 4476 esse
3718 4422 3821 4477 de-

366 4509 474 4564 dos
504 4524 652 4575 esse,
686 4507 870 4563 voluit
896 4512 1100 4563 auctor
1123 4508 1528 4565 Firmilianicss
1568 4511 1701 4585 (54),
1740 4515 1803 4567 ut
1845 4513 2031 4568 abun-
2063 4518 2110 4583 D
2142 4511 2354 4578 bebat;
2389 4511 2628 4583 insuper
2656 4518 2855 4567 autem
2886 4511 3160 4567 volebant
3191 4511 3303 4566 sibi
3345 4511 3818 4582 permittendum

368 4594 603 4652 dantius
647 4598 807 4668 patet
865 4612 933 4653 ex
989 4595 1299 4654 collatione
1357 4598 1737 4670 epistolarum
1795 4599 2029 4673 Cyprih-

586 4792 867 4873 Y.“s.up_ra
898 4809 955 4847 ιι.
989 4793 1077 4848 42.

466 4861 554 4937 48)
584 4861 888 4937 C_olligitur
916 4880 983 4919 ex
1012 4862 1257 4933 epistola
1286 4864 1356 4937 S._
1384 4865 1634 4937 Dionysii
1658 4865 2031 4922 Alexandrini

369 4935 447 5063 ad
473 4934 1109 5063 %t.e%hlz;n'ulmcpapam,
1134 4952 1260 5006 quas
1280 4935 1389 4990 fuit
1407 4934 1598 5007 prima
1619 4938 1688 4994 de
1708 4939 2030 5010 baptisma-

437 5049 447 5059 .
491 5023 547 5061 ν.
580 5023 743 5070 nua,
779 5023 890 5060 I.c.

463 5077 552 5150 49)
585 5078 657 5133 De
687 5078 1020 5146 Hmesibus,
1054 5095 1108 5131 ιι.
1145 5076 1231 5131 49.

462 5150 560 5219 50)
590 5153 806 5204 Haeres.
838 5150 928 5202 76.

443 5217 556 5289 (51)
587 5220 645 5275 S.
681 5218 1051 5276 Athanasius.
1087 5217 1123 5271 l.
1158 5218 1222 5273 de
1250 5219 1509 5289 Synodis.

445 5294 558 5361 (52)
592 5291 831 5361 Dialogo
862 5290 989 5346 adv.
1025 5291 1425 5360 Luci/erianos.

445 5364 557 5433 (53)
579 5363 795 5418 Omitto
818 5362 1204 5432 Anabaptisas
1228 5361 1546 5418 sseculoxw
1567 5362 1622 5418 in
1638 5364 1949 5421 Germania
1965 5384 2033 5422 ex

372 5432 573 5509 schola
592 5434 826 5488 Lutheri
847 5439 1104 5509 exortes;
1132 5434 1188 5488 hi
1212 5436 1368 5489 enim
1385 5436 1457 5509 ad
1476 5435 1728 5509 valorem
1752 5438 2030 5509 baptismi

370 5521 471 5587 req
477 5506 680 5587 uirunt
698 5510 827 5587 actu
837 5503 982 5560 alem
1007 5506 1176 5587 (idern
1190 5508 1540 5587 suscipienda
1563 5528 1583 5575 ;
1604 5524 1737 5587 cum
1749 5503 1883 5587 vero
1896 5528 2029 5587 par:

370 5521 680 5629 requirunt
698 5521 982 5560 actuaiem
1007 5521 1540 5574 nuemsusczpzenus
1563 5528 1583 5575 ;
1604 5524 1737 5564 cum
1751 5526 1883 5564 vero
1905 5528 2029 5581 par-

368 5591 444 5701 v:
474 5578 487 5631 i
512 5580 644 5705 acdtu
671 5576 902 5706 gradere
929 5593 1041 5633 non
1074 5577 1407 5647 valent,hos
1422 5595 1526 5633 nec
1542 5580 1730 5635 valide
1749 5582 2029 5653 baptizari

372 5660 408 5716 p
448 5664 543 5706 sse
607 5664 674 5705 oc
782 5691 795 5705 .

2139 4617 2288 4668 esse,
2323 4606 2388 4655 ut
2414 4599 2526 4672 ipsi
2554 4600 2885 4657 Catholicos
2916 4601 3276 4673 rebaptizare
3297 4598 3549 4656 valeant.
3574 4598 3724 4665 Hoc,
3756 4606 3819 4654 ut

2232 4797 2324 4865 54)
2356 4797 2417 4853 V.
2453 4813 2610 4865 sup.,
2647 4814 2705 4854 ιι.
2737 4798 2827 4853 30.

2232 4870 2323 4923 55)
2355 4873 2423 4923 V.
2460 4870 2608 4923 n.82.

2234 4936 2326 5013 56)
2340 4940 2714 4995 Gravissima
2735 4956 2912 5013 pcenaa
2928 4938 3130 4994 civiles
3149 4938 3223 4993 ab
3240 4936 3706 5013 imperatoribus
3724 4954 3827 4993 se-

2142 5009 2272 5066 culo
2312 5009 2374 5067 ἰν
2429 5016 2486 5066 et
2534 5029 2571 5065 v
2619 5009 2747 5067 latae
2807 5012 3045 5067 fuerunt
3102 5016 3306 5065 contra
3362 5009 3823 5081 Anabaptistas,

2141 5099 2351 5153 nempe
2408 5083 2456 5138 si
2514 5100 2633 5149 eos,
2701 5082 2803 5153 qui
2835 5101 2868 5138 a
2897 5081 3211 5138 Catholicis
3241 5080 3518 5153 baptizati
3558 5080 3821 5150 fuerant,

2141 5152 2498 5224 rebaptizare
2520 5154 2647 5209 ausi
2681 5152 2913 5209 iuerint.
2936 5155 3019 5209 De
3036 5153 3127 5208 his
3147 5154 3450 5209 videantur
3473 5152 3737 5219 Bertius,
3782 5153 3819 5207 l.

2141 5244 2292 5293 χχχι,
2324 5244 2370 5280 c.
2410 5228 2476 5281 13
2525 5229 2677 5282 circa
2706 5226 2881 5281 linem
2934 5225 3245 5297 Bingham,
3276 5224 3317 5279 l.
3348 5241 3455 5297 nt,
3480 5240 3534 5297 c.
3567 5226 3622 5279 5.
3659 5255 3739 5297 -τ-
3764 5228 3821 5297 _S.

2146 5298 2513 5367 Augustinus
2572 5298 2672 5369 qui
2732 5302 2879 5352 teste
2928 5295 3295 5361 Poséidonio,
3325 5311 3374 5350 c.
3440 5295 3526 5363 14,
3572 5311 3607 5369 a
3655 5295 3823 5369 Sede

2142 5366 2459 5439 apoStolica
2516 5366 2617 5424 seu
2654 5369 2916 5424 Romana
2954 5374 3235 5437 tanquam
3296 5369 3521 5439 legatus
3550 5366 3821 5439 fuitin

2142 5436 2552 5495 Mauritaniam
2649 5442 2892 5511 missus,
2959 5436 3289 5496 lucUlenter
3356 5436 3621 5494 ostendit
3686 5437 3820 5495 illa:

2140 5511 2559 5583 imperatorum
2594 5512 3013 5568 catholicorum
3046 5511 3204 5583 leges
3246 5526 3374 5583 esse
3423 5511 3649 5583 justas.
3686 5517 3815 5583 Ast,

2140 5582 2188 5665 si
2222 5580 2812 5654 pseudo-Firmiliano
2852 5580 3231 5649 credendum,
3264 5580 3495 5640 fussent
3550 5580 3817 5653 iniquis-

2140 5670 2326 5714 81mm.
