4112 6174
302 284 461 345 1461

1244 294 1448 357 PARS
1494 294 1571 356 II.
1603 328 1681 340 —
1710 292 2271 356 RECENTIORUM
2318 292 2753 355 EXCURSUS.

3541 290 3698 352 “66

299 434 403 491 ego
453 418 699 491 opinior,
742 430 863 477 erat
918 423 1235 496 principale
1292 425 1584 481 intentum
1640 425 1942 482 tolerantis
1972 428 2027 494 Α
2126 428 2199 479 At
2238 439 2371 480 vero
2404 428 2642 480 sanctus
2668 421 2919 479 Basilius
2949 421 3196 493 Magnus
3229 420 3285 475 in
3318 419 3486 489 libro,
3521 438 3696 493 quem

298 508 916 579 pseudo—Firmiliani,
993 512 1132 567 dum
1208 514 1469 569 evincere
1541 513 1743 584 volnt,
1819 518 1941 569 tam

296 594 627 665 Catholicis,
683 614 861 670 quam
923 601 1323 673 Anabaptistis
1363 602 1725 673 (Donatistis)
1765 618 1940 657 suum

300 700 524 739 morem
594 702 723 742 esse
780 687 1269 759 relinquendum;
1329 708 1455 762 qua:
1531 691 1834 747 concordia
1892 691 1940 745 si

300 772 509 828 fuisset
571 774 736 842 inita,
788 776 1101 833 Donatistis
1159 779 1395 849 plenum
1448 796 1654 835 canere
1719 781 1942 852 potuis-

292 866 420 916 sent
449 862 815 935 triumphum
843 882 856 931 ;
890 882 1100 937 nempe
1134 884 1145 921 :
1181 890 1208 917 «
1244 868 1579 939 Baptismus
1614 869 1939 925 Donatista-

291 966 423 1005 rum
463 950 649 1007 valeat
689 953 841 1024 apud
883 954 1215 1011 Catholicos
1252 974 1265 1023 ;
1308 957 1645 1029 Baptismus
1688 957 1939 1014 Catholi-

293 1054 495 1093 corum
538 1056 653 1095 non
693 1040 879 1097 valeat
920 1044 1070 1114 apud
1121 1046 1471 1102 Donatistas.
1507 1069 1534 1095 ››
1566 1048 1729 1115 Ecce,
1761 1064 1936 1118 quam

290 1126 440 1182 belle
472 1129 1105 1199 pseudo-Firmilianus
1135 1150 1301 1189 suam
1348 1136 1784 1191 Donatistarum
1810 1152 1937 1209 ege-

293 1216 369 1271 rit
394 1233 656 1272 causam.

352 1305 657 1375 Caeterum,
682 1307 730 1361 si
752 1307 882 1379 quis
914 1309 1208 1366 mordicus
1238 1313 1601 1369 contenderit
1624 1314 1930 1386 epistolam

281 1393 356 1449 ab
388 1392 584 1466 aliquo
614 1395 982 1467 Arianorum,
1014 1398 1101 1454 vel
1136 1400 1651 1475 Eunomianorum,
1674 1403 1760 1459 vel
1792 1421 1931 1475 quo-

282 1498 515 1553 cunque
546 1483 661 1540 alio
692 1484 960 1541 haaretico
1015 1488 1195 1545 fuisse
1243 1492 1575 1563 confictam,
1626 1493 1780 1549 ultra
1810 1510 1925 1549 non

280 1572 700 1641 contradicam,
770 1575 1090 1632 dummodo
1147 1578 1291 1633 mihi
1349 1596 1693 1636 concessum
1752 1582 1925 1639 fuerit

273 1674 405 1714 eam
437 1677 470 1715 ο,
497 1665 699 1716 sancto
750 1662 1086 1720 Firmiliano
1138 1683 1251 1722 non
1305 1668 1483 1727 fuisse
1512 1671 1918 1743 compositam,

274 1749 431 1819 quod
463 1755 585 1805 erat
614 1751 1161 1810 demonstrandum.

349 1837 431 1892 Ex
448 1837 619 1893 dictis
630 1839 759 1910 jam
785 1842 1015 1898 abunde
1045 1848 1487 1915 patet‘sanctum
1521 1848 1926 1906 Firmilianum

276 1924 589 1998 famosam,
624 1944 750 1999 qua
780 1946 935 1986 nunc
968 1932 1398 2005 circumfertur,
1430 1936 1501 1991 ad
1533 1943 1801 1993 sanctum
1829 1940 1931 2012 Cy-

274 2015 549 2084 prianum
573 2017 881 2088 epistolam
907 2035 1040 2076 vere
1060 2020 1387 2079 haereticam
1411 2042 1524 2080 non
1548 2028 1928 2100 conscripsis-

272 2118 357 2157 se.
411 2104 611 2160 Restat
656 2122 728 2161 an
779 2112 1021 2164 sanctus
1082 2110 1459 2169 Firmilianus
1505 2118 1772 2186 quaedam
1816 2118 1932 2175 alia

276 2207 452 2263 opera
480 2193 885 2264 publicaverit.
915 2198 1195 2262 Quocirca
1226 2201 1322 2257 sit.

869 2357 1202 2398 PROPOSITIO
1256 2362 1332 2401 IV.

272 2423 393 2479 Non
421 2431 499 2481 est
530 2429 847 2511 venosimile
876 2431 1017 2511 quod
1050 2442 1271 2511 sanctus
1315 2436 1678 2511 Firmilianus
1718 2440 1931 2511 aliqua:

614 2499 783 2555 libros
817 2499 1019 2574 scripto
1046 2504 1266 2574 publica
1295 2508 1585 2578 euulgarz‘t.

343 2602 432 2656 56.
467 2604 757 2659 Probatur
790 2606 843 2660 1ο
876 2608 1169 2665 Eusebius
1187 2612 1561 2669 Caesariensis
1584 2617 1691 2672 fuit
1711 2621 1930 2676 studio-

272 2688 548 2746 sissimus
582 2692 641 2746 in
680 2696 1078 2751 memorandis
1117 2699 1467 2769 scriptorum
1507 2703 1926 2763 ecclesiastico-

270 2795 404 2833 rum
447 2782 871 2837 monumentis.
901 2783 1125 2855 Saepius
1148 2785 1405 2842 laudavit
1430 2795 1698 2846 sanctum
1724 2794 1928 2848 Firmi-

268 2866 627 2937 lianum,sed
650 2886 721 2924 ne
738 2869 824 2924 vel
846 2871 1156 2929 minimum
1176 2875 1564 2947 fragmentum
1585 2880 1656 2934 ab
1673 2897 1739 2936 eo
1752 2883 1930 2954 scrip-

266 2959 394 3010 tum
431 2956 706 3027 prodidit.
746 2989 812 2999 —
850 2959 965 3015 Nec
996 2960 1054 3015 in
1088 2963 1352 3036 catalogo
1376 2967 1559 3020 sancti
1597 2967 1926 3043 Hieronymi

265 3047 341 3099 de
366 3044 519 3100 Viris
543 3044 897 3113 illustribus,
917 3054 1118 3121 postea
1150 3052 1416 3124 adaucto,
1436 3062 1733 3129 comparet
1757 3076 1925 3116 sanc-

275 3137 378 3188 tus
409 3134 808 3191 Firmilianus.

340 3222 624 3278 Probatur
677 3227 737 3279 2°
791 3226 1059 3299 Synodus
1127 3231 1486 3289 Antiochena
1550 3234 1725 3306 paulo
1789 3241 1922 3309 post

267 3316 519 3367 mortem
552 3319 888 3371 sanctorum
938 3318 1260 3375 Firmiliani
1292 3326 1349 3377 et
1389 3323 1643 3396 Dionysii
1675 3325 1918 3382 Alexan-

268 3400 423 3455 drini
483 3401 771 3459 celebrata
826 3404 978 3461 circa
1036 3424 1257 3464 annum
1316 3412 1421 3465 270
1478 3414 1809 3482 provocavit
1847 3416 1918 3470 ad

268 3488 576 3560 utriusque
608 3491 844 3548 illorum
887 3501 1224 3553 sanctorum
1270 3500 1675 3572 episcoporum
1706 3503 1920 3559 doctri-

268 3593 446 3645 nam;
490 3579 560 3632 ad
603 3581 787 3635 sancti
829 3581 1088 3655 Dionysii
1129 3586 1366 3657 quidem
1410 3588 1627 3661 scripta
1657 3607 1760 3646 ceu
1792 3609 1919 3647 exs-

266 3665 455 3721 tantia
499 3670 865 3737 provocavit:
901 3674 1054 3741 quod
1096 3690 1228 3729 vero
1279 3676 1485 3731 attinet
1531 3678 1601 3733 ad
1649 3684 1919 3736 sanctum

266 3754 676 3812 Firmilianum
710 3758 891 3829 hujus
924 3761 1141 3833 scripta
1179 3780 1293 3818 non
1326 3765 1693 3822 adduxerunt
1726 3770 1919 3826 Patres

264 3844 603 3916 conscripti,
636 3847 738 3902 sed
770 3846 1101 3921 allegabant
1147 3851 1385 3908 idoneos
1422 3858 1619 3924 testes,
1653 3858 1752 3929 qui
1784 3876 1917 3914 san-

264 3939 422 3991 ctum
457 3937 861 3994 Firmilianum
896 3941 965 3995 de
996 3958 1092 3997 ore
1138 3943 1483 4001 audiverant
1512 3946 1673 4003 olim.
1706 3948 1919 4006 Videa-

259 4030 357 4082 tur
391 4028 651 4085 Praat'atio
683 4048 847 4085 num.
883 4050 940 4099 ιι,
973 4048 1035 4087 m
1068 4037 1125 4088 et
1173 4050 1247 4088 1v.
1301 4034 1419 4091 Hoc
1446 4043 1600 4093 certe
1622 4040 1914 4109 judicium

256 4121 348 4171 est
369 4135 481 4173 non
510 4120 848 4188 obscurum,
882 4122 1047 4178 nulla
1070 4140 1173 4195 pro
1198 4130 1337 4180 tunc
1359 4125 1579 4197 scripta
1598 4132 1709 4184 sub
1728 4132 1913 4187 sancti

259 4205 583 4262 Firmiliani
618 4210 857 4265 nomine
888 4210 1238 4269 innotuisse.

353 4315 690 4386 Argumenta
720 4319 1013 4374 contraria
1040 4335 1110 4375 ex
1136 4326 1322 4377 sancto
1350 4324 1559 4379 Basilio
1593 4330 1814 4397 Magno.

326 4421 369 4474 Ι.
396 4421 504 4484 Qui
537 4425 736 4479 tamen
768 4429 1037 4480 sanctum
1070 4426 1474 4483 Firmilianum
1508 4430 1660 4485 inter
1691 4437 1912 4504 scrpto-

2052 514 2112 569 in
2143 514 2176 568 3
2202 514 2393 586 capita
2423 514 2805 569 distributum
2845 513 2916 567 de
2946 510 3160 583 Spiritu
3215 514 3414 567 sancto
3462 511 3697 583 scripsit

2052 604 2122 658 ad
2156 608 2425 658 sanctum
2457 602 2954 675 Amphilochium,
2990 603 3184 672 aperte
3207 604 3565 655 contestatus
3584 601 3697 656 fuit

2051 692 2122 747 de
2150 692 2321 747 libris
2351 709 2383 747 a
2415 696 2618 748 sancto
2651 690 2987 746 Firmiliano
3018 689 3392 760 compositis;
3433 706 3568 745 nam
3600 707 3695 746 ca-

2052 780 2168 852 pite
2199 781 2268 834 '29
2298 781 2377 835 ait
2408 798 2421 836 :
2456 804 2483 830 «
2520 781 2637 836 Hoc
2686 781 2860 835 fidem
2910 781 3111 851 (quam
3161 777 3422 849 exposui,
3464 778 3534 832 de
3566 778 3694 850 Spi-

2050 870 2163 925 ritu
2196 872 2417 942 sancto)
2449 874 2503 925 et
2542 869 2879 925 Firmiliano
2926 873 3124 923 nostro
3176 868 3374 934 fuisse,
3406 871 3696 924 testantur

2048 959 2207 1015 illius
2237 958 2395 1030 libri,
2428 976 2573 1030 quos
2618 958 2870 1028 reliquit,
2904 980 2931 1008 «
2968 958 3113 1029 Ergo
3164 957 3290 1011 sine
3321 972 3555 1011 summa
3586 956 3693 1011 im-

2048 1049 2327 1121 pudentia
2358 1048 2555 1120 negari
2588 1064 2702 1102 non
2734 1046 2948 1118 poterit
2985 1050 3256 1100 sanctum
3288 1044 3693 1102 Firmilianum

2045 1137 2274 1210 aliquos
2334 1137 2533 1205 libros,
2588 1135 2925 1209 quicunque
2963 1135 3199 1201 fuerint,
3251 1134 3692 1205 conscripsisse.

2043 1243 2259 1299 eosque
2279 1243 2311 1281 a
2329 1231 2530 1282 sancto
2554 1224 2762 1281 Basilio
2786 1226 2996 1297 Magno
3026 1224 3176 1279 visos
3208 1224 3387 1278 fuisse
3405 1228 3461 1278 et
3487 1222 3693 1291 lectos,

2042 1316 2278 1389 Oportet
2307 1332 2459 1387 ergo,
2495 1319 2560 1371 ut
2589 1319 2933 1387 argumenta
2965 1312 3231 1384 negativa
3258 1311 3529 1385 superius
3555 1310 3694 1367 alla-

2040 1411 2102 1462 ta
2132 1406 2342 1461 cedant
2369 1405 2507 1461 huic
2537 1404 2784 1477 positivo
2816 1403 3001 1459 sancti
3034 1402 3230 1459 Basilii
3264 1400 3616 1457 testimonio.

2108 1495 2323 1550 Verum
2358 1495 2673 1566 respondet
2709 1510 2723 1549 :
2756 1492 3208 1548 lubentissimus
3240 1491 3490 1547 concedo
3515 1490 3695 1561 majo-

2036 1601 2155 1640 rem
2184 1608 2200 1651 ς
2233 1584 2333 1639 sed
2368 1600 2514 1656 nego
2538 1582 2912 1655 suppositum
2946 1581 3210 1645 minoris,
3238 1596 3339 1635 seu
3371 1580 3525 1651 quod
3561 1596 3694 1634 san-

2033 1680 2163 1729 ctus
2182 1671 2435 1729 Basilius
2460 1672 2710 1744 Magnus
2738 1671 2905 1727 illum
2930 1670 3144 1725 librum
3161 1671 3228 1725 de
3254 1669 3465 1739 Spiritu
3481 1674 3691 1730 sancto,

2034 1764 2105 1819 ad
2152 1761 2647 1835 Amphilochium,
2708 1778 2838 1817 vere
2888 1760 3339 1831 conscripserit;
3394 1757 3688 1829 siquidem

2040 1853 2096 1908 1ο
2126 1856 2183 1907 et
2212 1855 2434 1907 veteres
2470 1851 2627 1906 hunc
2650 1850 2837 1906 sancti
2861 1848 3289 1905 Basiliilibrum
3324 1849 3690 1921 ignorarunt.

2035 1943 2098 1996 2°
2125 1941 2303 1997 Stilus
2336 1957 2449 1995 non
2481 1946 2569 1996 est
2610 1940 2830 1996 Basilii.
2880 1940 2938 1994 3°
2982 1938 3287 1995 Sententiae
3320 1942 3459 1993 sunt
3488 1940 3690 1994 sancto

2038 2030 2256 2087 Basilio
2274 2030 2482 2102 Magno
2506 2029 2853 2103 indignas,ut
2868 2031 2991 2101 jam
3014 2027 3151 2083 olim
3174 2026 3502 2083 observavit
3522 2026 3691 2082 Eras-

2039 2137 2174 2175 mus
2223 2119 2637 2175 Roteodamus.
2682 2119 2795 2175 Has
2842 2134 3002 2174 meas
3043 2116 3475 2173 observationes
3497 2115 3684 2173 fusius

2038 2209 2399 2264 deducturus
2419 2225 2551 2264 sum
2573 2208 2631 2263 in
2655 2206 2891 2280 speciali
2914 2206 3320 2263 dissertatione
3342 2205 3413 2261 de
3444 2204 3688 2277 quibus-

2038 2298 2174 2352 dam
2237 2298 2511 2369 opsribus
2572 2302 2774 2353 sancto
2834 2296 3043 2353 Basilio
3083 2297 3292 2367 Magno
3341 2294 3685 2367 suppositis,

2038 2386 2300 2459 proxime
2330 2386 2484 2459 typis
2517 2387 2760 2443 edenda.
2796 2387 2965 2442 Modo
2997 2385 3252 2441 sufﬁciat
3288 2383 3453 2438 illum
3486 2383 3688 2438 Basilii

2037 2474 2255 2530 librum
2289 2491 2417 2531 esse
2449 2476 2635 2530 dubiae
2670 2476 2828 2541 fidei,
2887 2492 3001 2547 quo
3033 2474 3155 2530 solo
3207 2473 3394 2545 posito
3444 2471 3684 2527 allatum

2036 2568 2449 2637 argumentum
2473 2580 2581 2618 sua
2606 2563 2880 2617 firmitate
2902 2562 3258 2617 destituitur.
3280 2562 3478 2617 Restat
3498 2561 3557 2616 in
3580 2560 3688 2616 hac

2038 2653 2285 2708 materia
2314 2651 2600 2718 ultimum,
2636 2652 2706 2707 de
2738 2668 2851 2723 quo
2880 2668 3042 2706 num.
3073 2652 3164 2705 79.

2105 2742 2194 2796 57.
2229 2743 2301 2797 ΙΙ.
2336 2740 2698 2812 Bertius(59)
2726 2744 2789 2795 ut
2818 2740 3044 2795 evineat
3073 2755 3251 2810 supra
3282 2738 3424 2794 satis
3455 2737 3683 2793 discus-

2036 2845 2163 2884 sam
2197 2829 2504 2900 epistolam
2530 2846 2660 2885 vere
2680 2847 2713 2884 a
2735 2833 2935 2884 sancto
2961 2827 3297 2883 Firmiliano
3322 2828 3502 2883 fuisse
3532 2844 3684 2882 com-

2036 2918 2285 2990 positam
2345 2922 2402 2973 et
2448 2918 2517 2973 ad
2568 2923 2835 2974 sanctum
2884 2916 3237 2989 Cyprianum
3270 2917 3574 2982 directam,
3606 2915 3687 2970 ita

2036 3006 2285 3063 ulterius
2318 3012 2796 3080 argumentatur:
2822 3030 2848 3057 ‹‹
2881 3006 3126 3062 Cuinam
3158 3006 3227 3061 de
3253 3010 3445 3061 mente
3475 3004 3680 3060 Firmi-

2035 3094 2175 3151 liani
2228 3113 2535 3153 assensum
2577 3096 2770 3169 potius
2810 3097 3195 3169 prabeamus,
3245 3112 3421 3167 quam
3470 3095 3680 3167 Magno

1952 3165 1994 3233 (ἶ
2031 3184 2245 3241 Basilio
2268 3187 2532 3258 ejusdem
2568 3165 2727 3242 urbis
2750 3165 3043 3259 episcopo,
3068 3202 3134 3241 ac
3165 3165 3331 3241 tanta
3354 3165 3681 3241 litterarum

2028 3274 2216 3349 gloria
2247 3276 2563 3347 percelebri
2592 3276 2619 3330 ?
2662 3278 2715 3332 Is
2754 3276 2992 3348 quidem
3043 3275 3338 3349 epistolaI
3377 3276 3677 3331 canonica.

2028 3365 2099 3419 ad
2128 3365 2634 3435 Amphilochium...
2687 3370 2998 3439 postquam
3050 3365 3380 3436 scripserat,
3423 3364 3681 3437 rebapti-

2030 3456 2246 3510 zandos
2279 3455 2542 3510 omnium
2576 3455 2867 3510 sententia
2897 3454 3451 3511 Montanistas...ait
3483 3471 3495 3509 :
3535 3477 3555 3504 ι
3580 3454 3677 3509 Vi-

2029 3544 2153 3599 deri
2172 3543 2283 3599 sibi
2307 3544 2751 3616 rebaptizandos
2773 3560 2975 3599 omnes
2998 3545 3331 3615 promiscue
3354 3543 3675 3614 haereticos,

2033 3637 2094 3687 ut
2134 3633 2325 3687 visum
2366 3632 2505 3687 olim
2545 3633 2826 3707 Cypriano
2871 3650 2936 3688 ac
2960 3633 3318 3688 Firmiliano.
3380 3655 3407 3683 »
3466 3634 3678 3689 Verum

2030 3720 2345 3793 enimvero,
2380 3722 2573 3793 inquit
2622 3722 2896 3788 Basilius,
2929 3722 3188 3794 antiquis
3220 3723 3407 3777 visum
3440 3726 3549 3788 est,
3572 3723 3671 3795 Cy-

2028 3810 2233 3881 priano
2281 3810 2431 3879 dico,
2488 3817 2543 3866 et
2585 3816 2784 3867 nostro
2831 3811 3162 3866 Firmiliano
3195 3826 3291 3866 eos
3332 3810 3675 3882 (haereticos)

2028 3914 2232 3954 omnes
2256 3900 2353 3953 uni
2382 3899 2604 3955 calculo
2628 3900 3228 3971 subjicere,Catharos
3254 3903 3309 3954 et
3328 3900 3677 3969 Encratitas,

2027 3992 2085 4043 et
2115 3987 2661 4060 Hydroparastatas.
2686 3994 2827 4043 Cum
2851 4005 2919 4043 ex
2950 3994 3068 4043 tam
3091 3988 3307 4043 illustri
3340 3988 3675 4043 testimonio

2027 4077 2334 4132 accedente
2364 4077 2537 4132 etiam
2572 4076 2817 4149 epistola
2839 4077 3100 4145 Dionysii
3122 4081 3365 4144 constet,
3388 4076 3675 4131 Firmilia—

2027 4183 2169 4220 num
2228 4166 2700 4239 Cyprianumque
2738 4167 2798 4221 in
2859 4168 3129 4239 dogmate
3186 4166 3674 4238 rebaptizantium

2025 4256 2462 4327 conspirasse...
2495 4273 2665 4312 nemo
2698 4257 2769 4311 ob
2803 4257 3035 4311 frivolas
3067 4256 3451 4326 conjecturas,
3485 4272 3673 4326 quan-

2024 4344 2242 4400 tumvis
2273 4361 2485 4416 pompa
2514 4346 2823 4400 verborum
2851 4350 2907 4399 et
2930 4343 3213 4399 rhetorico
3237 4344 3533 4416 pigmento
3562 4345 3674 4417 (58)

2022 4431 2201 4488 illitas
2232 4438 2591 4489 vetustorum
2627 4434 2896 4489 codicum
2929 4432 3184 4505 epistola:
3217 4432 3669 4505 Firmilianicaa),

256 4523 350 4563 res
379 4509 807 4567 ecclesiasticos
837 4513 1121 4569 collocare
1142 4514 1488 4585 allaborant,
1504 4535 1757 4589 sequens
1777 4522 1912 4578 irre-
1944 4531 1990 4595 1)
2022 4537 2169 4592 quos
2201 4521 2374 4577 tineis
2406 4521 2695 4593 blatisque
2744 4521 3003 4577 excussis
3062 4521 3503 4593 pervolutarunt
3569 4522 3678 4578 viri

255 4596 558 4671 fragabile,
592 4604 656 4655 ut
685 4600 865 4656 videri
897 4607 1113 4673 posset,
1146 4610 1554 4675 argumentum
1587 4609 1910 4666 efformant.

256 4685 507 4744 Sanctus
540 4689 796 4746 Basilius
846 4690 1097 4763 Magnus
1140 4692 1249 4747 fuit
1279 4696 1465 4750 sancti
1499 4696 1821 4753 Firmiliani
1851 4699 1909 4754 in

253 4774 390 4830 sede
420 4777 740 4850 episcOpali
772 4779 1113 4837 Cesariensi
1146 4798 1486 4852 successor;
1543 4788 1599 4840 et
1640 4788 1909 4856 quamvis

252 4880 370 4919 non
421 4864 599 4921 fuerit
640 4867 1039 4937 immediatus,
1072 4870 1175 4926 sed
1208 4875 1442 4927 centum
1493 4873 1664 4929 annis
1713 4881 1907 4947 poste-

250 4952 400 5021 rior;
432 4971 501 5010 ex
530 4956 765 5011 scriniis
799 4973 917 5012 sure
965 4959 1226 5014 Ecclesiae
1276 4960 1648 5018 Caesariensis
1708 4965 1907 5021 facilli-

247 5058 343 5097 me
374 5044 586 5099 rescire
618 5046 833 5116 potuit,
868 5063 941 5101 an
973 5051 1029 5101 et
1057 5047 1259 5118 quales
1289 5048 1420 5105 libri
1469 5069 1501 5106 a
1550 5058 1751 5109 sancto
1787 5054 1904 5109 Fir-

2024 4608 2290 4665 laborum
2324 4611 2739 4682 patientissimi
2772 4610 3195 4683 (59),despiciet
3217 4610 3389 4666 ﬁdem
3418 4627 3484 4666 ac
3514 4611 3673 4667 delu-

2022 4699 2118 4754 det
2148 4700 2574 4755 auctoritatem.
2612 4701 2693 4755 Ita
2729 4698 2905 4755 Berti.

2091 4789 2433 4859 Respondeo
2465 4793 2516 4843 1.
2570 4788 2821 4844 Basilius
2868 4788 2956 4844 vel
3001 4788 3507 4861 pseudo-Basilius
3546 4788 3671 4844 loco

2020 4876 2194 4933 citato
2223 4876 2456 4948 quidem
2490 4878 2659 4933 docct
2707 4876 3111 4932 Firmilianum
3146 4882 3201 4932 et
3224 4877 3577 4949 Cyprianum
3611 4877 3668 4930 in

2017 4966 2290 5037 dogmate
2306 4966 2788 5037 rebaptizantium
2812 4966 3300 5038 conspirasse,ast
3317 4964 3476 5020 nullo
3498 4966 3671 5021 verbo

2017 5059 2439 5110 commemorat
2470 5054 2874 5110 Firmilianum
2900 5054 3011 5109 hac
3042 5054 3099 5107 in
3135 5071 3309 5109 causa
3336 5058 3455 5107 tam
3491 5056 3675 5109 famo-

245 5131 488 5189 miliano
533 5133 671 5190 olim
722 5135 940 5190 fuerint
987 5137 1192 5192 1409
1243 5140 1582 5210 compositi;
1638 5142 1781 5197 adeo
1842 5146 1907 5197 ut
2015 5159 2141 5198 sam
2191 5142 2497 5215 scripsisse
2546 5142 2897 5214 epistolam;
2931 5142 3001 5197 de
3034 5142 3213 5213 hujus
3267 5141 3527 5214 epistolas
3568 5159 3670 5197 au-

244 5226 486 5278 sanctus
520 5223 770 5280 Basilius
799 5224 1045 5297 Magnus
1092 5224 1289 5281 hacin
1338 5244 1397 5283 re
1449 5229 1617 5285 testis
1649 5231 1904 5303 reputari
2012 5232 2239 5287 thentia
2276 5233 2483 5287 suo
2534 5232 2707 5288 modo
2755 5236 2844 5286 est
2882 5232 3122 5302 quaestio
3172 5232 3483 5303 praecipua,
3521 5248 3670 5286 non-

246 5310 456 5367 debeat
485 5312 647 5368 omni
679 5314 1018 5385 exceptione
1049 5315 1258 5386 major.

281 5470 643 5597 1;(ἑ’›“1)Βθιδιί,
696 5472 799 5529 lib.
859 5491 1014 5542 XXXI,
1068 5491 1116 5530 c.
1164 5474 1255 5545 l3,
1304 5493 1467 5548 prop.
1526 5494 1611 5550 ιιι,
1660 5480 1822 5552 prob,
1870 5482 1903 5536 4

247 5559 305 5598 α
320 5559 438 5681 ξὸ)
467 5610 803 5684 Elegantem
835 5614 1089 5673 Missorii
1120 5617 1339 5691 stylum
1368 5619 1722 5677 subindicat.

2012 5321 2155 5377 dum
2188 5322 2270 5377 ita
2301 5322 2373 5377 de
2404 5319 2504 5376 illo
2535 5338 2547 5375 :
2584 5322 2662 5376 An
2689 5319 3065 5375 Firmilianus
3096 5320 3561 5392 rebaptizaverit.

2084 5482 2197 5553 (59)
2228 5480 2526 5537 Morellius
2574 5488 2628 5554 et
2660 5480 3048 5554 Hieronymus
3097 5480 3493 5538 Pistoriensis.
3524 5481 3671 5537 Vide

2010 5570 2192 5626 supra
2222 5570 2284 5608 ιι.
2320 5555 2386 5609 12
2415 5557 2472 5609 et
2501 5557 2560 5608 et
2590 5553 2681 5611 44.
