4112 6174
430 271 586 371 ιιθι

1485 312 1588 375 DE
1631 315 2224 379 HIERETIGORUM
2269 317 2777 380 BAP'I‘ISMATE

3674 313 3846 376 1468

502 441 842 513 Respondeo
870 444 925 510 2,
955 442 1017 498 In
1052 443 1462 514 Firmilianica,
1505 449 1575 504 de
1623 466 1739 520 qua
1771 449 2067 521 quaeritur,
2099 452 2155 518 Α
2183 451 2376 507 lianus
2422 451 2511 507 bis
2558 451 2712 507 venit
2763 452 3149 516 Antiochiam,
3212 454 3270 506 et
3320 447 3631 521 peregrina
3674 447 3841 504 illius

426 528 593 585 nulla
621 529 834 603 legitur
864 533 1078 589 mentio
1112 534 1263 591 facta
1285 535 1354 591 de
1372 538 1660 607 Catharis,
1688 539 1997 594 Encratitis
2016 544 2074 594 et

426 617 955 692 Hydroparastatis,
1007 639 1154 691 quos
1190 624 1561 682 Firmilianus
1606 627 1708 681 uni
1763 628 2072 699 eidemque

428 707 650 763 calculo
683 710 1001 781 subjecisse
1036 714 1251 768 uicitur
1275 731 1308 769 a
1338 714 1516 770 citato
1560 716 1789 771 Basilio.
1823 719 1964 771 Item
1998 733 2069 771 an

427 795 488 853 hi
522 797 639 850 sint
668 798 920 853 haeretici
949 816 1172 868 omnes,
1199 807 1262 856 ut
1293 808 1501 873 praeter
1522 802 1651 859 illos
1680 805 1825 859 nulli
1856 804 2001 860 alii?

502 886 804 957 Respodeo
834 886 887 943 3.
925 889 992 945 Ut
1024 907 1081 945 n.
1133 907 1303 961 praac.
1350 893 1592 964 singulae
1637 892 1839 949 Basilii
1881 892 2074 965 Magni

430 975 684 1045 epistolas
715 977 787 1031 ad
810 981 1079 1033 sanctum
1105 980 1578 1050 Amphilochium
1614 982 1902 1038 canonica
1935 988 2075 1039 sunt

430 1063 843 1136 supposititiaa.
879 1065 1007 1121 Mea
1038 1066 1313 1124 ulteriora
1341 1076 1687 1142 argumenta
1715 1072 1913 1127 critica
1943 1089 2075 1144 pro-

429 1168 646 1223 ponam
694 1153 752 1208 in
785 1153 1072 1226 singulari
1102 1156 1510 1215 dissertatione
1542 1160 1798 1231 proxime
1827 1162 2073 1217 edenda.

826 1278 1287 1338 DISSEBTATIO
1336 1283 1562 1338 SECUN
1573 1285 1655 1338 DA
1670 1329 1682 1340 .

428 1386 504 1440 De
554 1385 881 1461 Firmilzfaui
925 1402 1075 1440 anno
1117 1390 1425 1453 muortuali,
1458 1407 1561 1461 quo
1592 1393 1805 1447 Paulus
1834 1392 2077 1447 Samosa-

504 1464 657 1530 teuus
687 1457 799 1527 fuit
828 1457 1117 1527 depositus.
1148 1476 1212 1513 ac
1239 1457 1481 1528 synodus
1510 1464 1849 1519 Auliochena
1880 1481 1961 1530 ιιι,
1981 1480 2077 1520 seu

501 1528 854 1584 celeberrima
882 1536 1077 1583 contra
1108 1532 1352 1587 Paulum
1383 1535 1675 1590 celebrata.

501 1634 590 1688 58.
624 1635 786 1689 Circa
816 1635 965 1689 hanc
997 1637 1299 1708 epocham,
1327 1640 1397 1695 de
1419 1657 1530 1711 qua
1556 1642 1790 1696 memini
1824 1642 1879 1697 in
1916 1644 2073 1714 praef.

431 1740 596 1779 num.
632 1740 717 1789 111,
750 1722 1068 1795 plurimum
1103 1727 1389 1782 dissident
1409 1729 1766 1803 cbronologi.
1792 1731 2076 1787 Baronius

2180 540 2385 612 (Pauli)
2432 541 2707 611 dogmata
2732 541 3210 597 condemnavit...
3272 543 3407 593 Erat
3463 542 3665 593 autem
3706 538 3839 608 jam

2181 645 2410 699 quoque
2437 631 2631 684 1411
2673 630 2845 684 tertio
2875 629 2987 701 (63)
3019 628 3389 684 Antiochiam
3434 631 3746 694 venturus,
3780 632 3838 682 et

2181 718 2251 772 ad
2284 718 2533 773 Tarsum
2567 735 2752 789 usque
2783 717 3408 790 pervenerat...Verum
3442 716 3837 781 interea,dum

2183 824 2289 862 nos
2320 808 2721 876 convenimus,
2772 813 2831 862 et
2867 808 3007 862 dum
3044 806 3257 874 veniat,
3306 811 3743 877 exspectamus,
3769 821 3837 860 ex

2182 894 2291 951 hac
2322 895 2439 951 vita
2467 896 2698 968 migrat.
2734 896 2949 951 Deinde
2979 912 3187 951 rursus
3218 895 3288 950 de
3322 893 3444 949 vita
3470 894 3836 961 Samosatai,

2183 1001 2300 1055 qua
2335 985 2507 1040 fuerit
2536 984 2990 1051 conversatione,
3011 984 3218 1039 iisdem
3244 983 3450 1038 litteris
3472 998 3835 1038 commemo-

2184 1077 2316 1128 rant
2347 1073 2671 1129 dicentes...
2704 1074 2765 1128 In
2799 1073 3135 1145 superbiam
3164 1070 3354 1127 elatus
3385 1072 3727 1127 mundanas
3756 1070 3837 1126 di-

2183 1161 2436 1234 gnitates
2495 1161 2819 1234 usurpavit,
2869 1178 2935 1218 ac
2991 1161 3345 1218 ducenarius
3405 1160 3620 1232 magis,
3658 1177 3834 1231 quam

2183 1251 2495 1322 episcopus
2525 1254 2714 1306 vocari
2756 1249 2960 1318 voluit,
3009 1266 3230 1322 perque
3266 1250 3456 1305 forum
3486 1248 3837 1305 incedens...

2184 1356 2558 1395 numerosam
2590 1344 2880 1395 catervam
2911 1338 3222 1408 stallitum,
3253 1338 3467 1411 partim
3501 1338 3839 1409 praceden-

2182 1430 2355 1497 tium,
2414 1432 2627 1503 partim
2683 1432 3169 1504 subsequentium
3226 1431 3379 1484 circa
3448 1445 3514 1484 se
3560 1427 3838 1483 habuit...

2184 1518 2489 1591 episcopos
2536 1524 2593 1574 et
2634 1519 3024 1591 presbyteros,
3083 1534 3118 1572 a
3165 1518 3381 1589 quibus
3425 1516 3757 1579 colebatur,
3814 1530 3849 1569 θ

2181 1607 2390 1663 vicinis
2420 1607 2598 1678 agris,
2631 1612 2687 1663 et
2717 1607 3051 1663 civitatibus
3100 1606 3478 1662 concionibus
3526 1605 3599 1659 ad
3655 1621 3845 1676 popu-

2184 1695 2308 1750 lum
2340 1696 2622 1752 faciendis
2653 1696 2960 1752 admisit...
2985 1711 3103 1767 qua
3130 1696 3203 1750 de
3233 1711 3411 1750 causa
3440 1694 3851 1765 ingemiscunt

429 1828 556 1867 eam
590 1783 928 1884 alligaverat
957 1830 1109 1870 anno
1155 1817 1279 1871 272.
1336 1783 1764 1892 Pagiusquetini

2196 1785 2446 1855 quidem,
2480 1790 2538 1840 et
2566 1785 2768 1857 lugent
2790 1801 2967 1857 penes
2997 1800 3059 1840 se
3089 1783 3305 1853 cuncti,
3328 1786 3688 1855 potestatem
3708 1797 3847 1836 vero

428 1899 717 1969 Fleurius,
741 1905 873 1972 etc.,
904 1919 1031 1957 eam
1065 1904 1315 1959 detrusit
1344 1906 1413 1961 ad
1440 1907 1613 1964 finem
1646 1909 2075 1966 anni269.Haec

429 1994 520 2046 est
539 1989 640 2045 illa
684 1990 908 2047 famosa
939 1993 1213 2063 synodus,
1240 2011 1366 2066 quae
1398 1999 1608 2053 saeculo
1640 2017 1702 2053 111
1733 2016 1930 2055 vocem
1962 2005 2075 2056 Ho-

430 2078 700 2134 mousion
732 2080 1001 2151 rejecisse
1031 2080 1261 2140 dicitur.
1298 2083 1442 2140 falso
1493 2090 1687 2142 tamen
1737 2089 1953 2143 dicitur
1992 2094 2072 2145 uti

433 2168 548 2224 alia
577 2168 698 2223 vice
728 2169 1055 2224 ostendam.
1090 2170 1233 2226 Cum
1267 2173 1446 2244 igitur
1475 2176 1545 2229 de
1580 2176 1680 2230 illa
1713 2180 1931 2249 synodo
1963 2178 2071 2234 fre-

434 2257 705 2328 quentior
723 2256 780 2311 in
805 2258 1207 2314 subsecuturis
1239 2261 1746 2321 dissertationibus
1776 2282 1966 2323 sermo
1988 2268 2077 2322 in-

432 2345 767 2401 stituendus
800 2346 912 2414 sit;
948 2347 1080 2402 hinc
1112 2350 1383 2420 expedire
1415 2359 1711 2421 censeo,ut
1732 2354 1832 2410 illa
1861 2356 2081 2428 epocha

434 2434 639 2507 paucis
663 2435 1046 2490 examinetur.

1086 2579 1441 2620 PROPOSITIO.

440 2645 817 2728 Celeberrima
839 2650 1078 2728 synodus
1115 2652 1467 2728 Antiochena,
1503 2656 1560 2712 in
1594 2674 1704 2728 qua
1746 2662 1953 2717 Paulus
1982 2662 2079 2717 Sa-

511 2724 955 2803 mosatenfui/uz't
1003 2724 1300 2796 depositus,
1350 2724 1621 2784 celebrata
1669 2747 1775 2787 non
1816 2734 1928 2803 fuit
1957 2738 2084 2789 ante

510 2808 720 2846 annum
748 2793 872 2846 272.

507 2926 599 2981 59.
632 2925 936 2982 Probatur.
990 2928 1276 2989 Eusebius
1322 2932 1490 2988 testis
1538 2935 1699 2990 omni
1748 2936 2085 3009 exceptione

439 3015 628 3085 major
657 3015 873 3071 diserte
918 3017 1118 3083 tradit,
1152 3019 1302 3087 quod
1348 3020 1448 3077 illa
1490 3025 1746 3094 synodus
1794 3026 2086 3083 celebrata

440 3103 617 3159 fuerit
681 3105 792 3158 sub
853 3104 1167 3162 Aureliano
1218 3113 1570 3181 lmperatore
1616 3114 1744 3183 (66),
1802 3118 1890 3169 Ita
1946 3116 2082 3172 ait:

2182 1873 2343 1929 illius
2374 1879 2432 1929 et
2459 1874 2828 1946 tyrannidem
2859 1875 2942 1929 ita
2968 1877 3258 1941 verentur,
3300 1882 3358 1927 ut
3391 1887 3679 1927 accusare
3729 1886 3848 1925 non

2184 1964 2506 2018 audeant...
2541 1963 2739 2034 Itaque
2768 1963 3167 2019 adversarium
3185 1963 3281 2017 Dei
3304 1959 3848 2018 excommunicavi-

2186 2058 2413 2119 mus,et
2431 2052 2615 2107 alium
2645 2053 2707 2107 in
2737 2051 2929 2108 locum
2962 2051 3465 2119 illius,dominum
3497 2048 3851 2115 videlicet..,

2185 2140 2525 2213 episcopum
2557 2141 2992 2211 constituimus,
3042 2141 3325 2212 vobisque
3352 2138 3851 2211 signiﬁcavimus,

2188 2235 2253 2284 ut
2280 2229 2418 2284 huic
2450 2230 2744 2298 scribatis,
2770 2234 2826 2285 et
2851 2230 2922 2286 ab
2945 2246 3010 2286 eo
3033 2227 3586 2285 communicationis
3619 2226 3855 2282 litteras

2189 2318 2509 2389 accipiatis.
2562 2340 2590 2368 »
2634 2320 2713 2374 Eo
2766 2335 2955 2390 usque
3000 2323 3201 2374 Patres
3246 2314 3618 2383 Antiocheni,
3664 2314 3857 2387 pergit

2189 2407 2478 2464 Eusebius
2497 2425 2510 2463 :
2529 2431 2556 2458 ‹‹
2576 2412 2717 2462 Cum
2741 2412 2938 2463 autem
2964 2407 3176 2463 Paulus
3197 2406 3465 2462 Ecclesia
3487 2405 3672 2460 domo
3694 2404 3854 2460 haud

2191 2513 2488 2569 quaquam
2543 2496 2836 2552 abstinere
2895 2496 3089 2566 vellet,
3148 2496 3468 2568 imperator
3493 2492 3859 2549 Aurelianus

2191 2584 2594 2657 interpellatus
2648 2584 3195 2641 convenientissime
3240 2582 3516 2652 decrevit,
3547 2580 3673 2637 illis
3726 2597 3855 2637 eam

2191 2676 2431 2731 domum
2464 2673 2789 2745 adjudicari
2810 2673 3360 2745 praecipiemquibus
3383 2671 3647 2742 episcopi
3672 2670 3855 2726 Italiae

2192 2769 2249 2820 et
2276 2764 2472 2823 Romae
2504 2762 2559 2816 in
2594 2763 2866 2834 dogmate
2895 2762 3210 2817 concordes
3250 2761 3532 2816 scribant.
3567 2760 3661 2814 Ad
3698 2760 3853 2814 hunc

2193 2852 2433 2908 modum
2494 2851 2708 2907 Paulus
2749 2867 2981 2907 summa
3019 2867 3153 2905 cum
3194 2848 3519 2922 ignominia
3571 2848 3701 2921 (64)
3754 2863 3854 2921 per

2194 2942 2561 2997 mundanum
2593 2939 2984 3011 principatum
3032 2938 3291 2994 Ecclesia
3318 2937 3658 3009 expellitur.
3694 2937 3851 2993 Talis

2194 3030 2412 3102 quippe
2441 3035 2567 3084 tum
2599 3029 2880 3101 temporis
2908 3031 3033 3084 erat
3062 3043 3199 3099 erga
3227 3043 3332 3083 nos
3360 3026 3765 3092 Aurelianus;
3797 3026 3852 3080 in

2194 3134 2506 3191 progressu
2536 3134 2668 3173 vero
2700 3117 2931 3189 imperii
2964 3134 3078 3172 non
3109 3115 3255 3171 nihil
3286 3133 3317 3171 a
3349 3116 3523 3172 nobis
3555 3115 3856 3172 abaliena-

440 3214 467 3242 «ι
501 3193 619 3248 Sub
675 3208 791 3264 quo
846 3193 1194 3266 (Aureliano)
1254 3204 1549 3269 postrema
1592 3202 1703 3273 (6i,
1745 3210 1803 3258 et
1832 3205 2087 3261 maxima
2116 3195 2159 3258 C
2194 3213 2294 3264 tus
2321 3212 2428 3263 est.
2463 3209 2548 3262 Ita
2578 3206 2882 3262 Eusebius.

441 3280 834 3353 plurimorum
885 3282 1292 3356 episcoporum
1340 3287 1583 3345 collecta
1621 3292 1841 3363 synodo
1883 3294 2087 3364 depre-

439 3369 662 3426 hensus
682 3375 862 3439 est,ac
882 3372 954 3427 ab
975 3373 1388 3447 omnibusjam
1410 3379 1713 3451 perspicue
1734 3383 2083 3438 condemna-

439 3464 540 3515 tus
596 3463 797 3516 auctor
838 3460 935 3516 ille
982 3461 1289 3532 haereseos,
1331 3471 1389 3521 et
1436 3469 1750 3540 peregrinae
1808 3471 2081 3526 doctrinae

438 3549 855 3617 Samosataus,
888 3567 954 3605 ac
985 3551 1162 3606 simul
1213 3571 1246 3609 a
1283 3556 1581 3613 Catholica
1627 3558 1902 3628 Ecclesia,
1956 3577 2085 3632 qua:

444 3637 555 3692 sub
588 3637 730 3691 coelo
761 3643 870 3702 est,
889 3639 1162 3696 universa
1191 3650 1515 3714 separatus,
1540 3652 1596 3701 et
1624 3651 2087 3704 excommunica-

440 3729 562 3781 tus.
596 3724 847 3781 Maxime
876 3732 1072 3783 autem
1120 3729 1285 3786 illum
1317 3733 1376 3787 iu
1408 3735 1721 3792 reddendis
1762 3738 2087 3794 rationibus

441 3812 734 3869 lubricum
765 3820 821 3870 et
849 3816 1167 3873 obscurum
1187 3822 1486 3893 redarguit
1508 3824 1863 3884 Malchion...
1895 3829 2089 3883 Antio~

442 3903 641 3960 chenas
698 3903 911 3960 scholae
951 3905 1009 3961 in
1060 3907 1275 3965 Graecis
1330 3911 1658 3984 disciplinis
1690 3918 2085 3974 moderator...

442 3993 723 4064 Ejusdem
772 3993 1029 4050 Parteciaa
1078 3998 1435 4071 presbyterio
1484 4002 1809 4061 decoratus.
1857 4005 1955 4061 Hic
1985 4007 2087 4062 Sa-

443 4086 814 4149 mosatazum,
846 4085 1089 4141 notariis
1120 4090 1321 4143 omnia
1349 4090 1790 4161 excipientibus,
1824 4095 2088 4166 quaestio-

444 4170 621 4227 nibus
652 4171 776 4228 suis
810 4172 977 4243 ursit,
1011 4190 1159 4245 quas
1187 4176 1364 4234 etiam
1397 4181 1469 4235 ad
1501 4186 1700 4237 nostra
1731 4200 1918 4255 usque
1948 4190 2090 4240 tem-

444 4276 587 4332 pora
616 4260 728 4331 (62)
766 4266 994 4318 exstare
1034 4264 1321 4322 scimus...
1374 4268 1559 4325 Unam
1593 4272 1789 4343 itaque
1834 4290 1903 4329 ex
1931 4289 2089 4329 com-

446 4349 612 4404 muni
644 4351 1060 4423 sententia,qui
1089 4358 1215 4409 tum
1247 4355 1306 4411 in
1337 4374 1517 4414 unum
1545 4364 2091 4436 erantcongregati,

444 4444 709 4511 pastores
746 4440 819 4495 ad
857 4457 1137 4512 personas
1166 4444 1423 4518 Dionysii
1468 4447 1734 4517 Romani,
1768 4456 1824 4506 et
1855 4452 2089 4507 Maximi

2259 3300 2332 3352 At
2350 3312 2480 3352 vero
2494 3296 2843 3351 Aurelianus
2861 3299 3157 3368 sceptrum
3180 3294 3579 3350 Romanorum
3602 3296 3857 3365 adeptus

2191 3403 2306 3442 non
2340 3384 2445 3441 fuit
2473 3390 2605 3439 ante
2634 3401 2855 3440 annum
2886 3372 3013 3454 270,
3046 3392 3107 3439 ut
3153 3383 3366 3438 fatetur
3393 3382 3638 3455 Pagius,
3666 3387 3728 3439 et
3758 3399 3861 3438 cev

2191 3474 2299 3530 teri
2326 3491 2568 3541 omnes;
2602 3474 2721 3529 imo
2754 3471 3042 3529 Orientale
3087 3472 3426 3544 imperium,
3459 3472 3519 3526 in
3568 3489 3697 3544 quo
3747 3472 3862 3527 sita

2193 3569 2317 3619 erat
2346 3562 2867 3631 Antiochia,totum
2901 3566 3210 3617 assecutus
3232 3577 3347 3616 non
3372 3560 3483 3616 fuit
3503 3566 3645 3615 ante
3679 3561 3859 3616 ﬁnem

2195 3652 2333 3708 anni
2364 3654 2507 3719 272;
2541 3651 2833 3720 siquidem
2873 3650 3126 3705 Zenabia
3174 3648 3395 3721 regina,
3435 3665 3565 3720 qua:
3600 3649 3857 3705 Paulum

2196 3742 2645 3798 Samosatenum
2707 3738 3072 3812 patrocinata
3117 3739 3323 3808 fuerat,
3382 3738 3454 3792 ab
3507 3755 3671 3793 anno
3730 3740 3857 3804 267,

2196 3836 2421 3902 partem
2455 3828 2680 3901 imperii
2717 3828 3028 3884 Orientalis
3078 3844 3179 3899 per
3223 3826 3342 3881 vim
3382 3826 3498 3881 sibi
3530 3827 3593 3880 in
3628 3843 3856 3882 annum

2196 3919 2424 3974 circiter
2453 3917 2724 3989 quintum
2756 3921 3157 3988 usurpaverat,
3207 3914 3581 3970 Antiochiam
3618 3917 3853 3971 tenuit:

2196 4007 2544 4063 Aurelianus
2603 4023 2754 4061 anno
2806 4006 2932 4073 272,
2976 4010 3041 4060 ut
3088 4003 3214 4059 vult
3242 4003 3478 4075 Pagius,
3522 4006 3855 4059 exercitum

2196 4096 2456 4152 Zenobiaa
2505 4094 2852 4167 proﬂigavit,
2900 4092 3266 4149 Antiochiam
3318 4092 3557 4164 recepit,
3610 4094 3854 4148 tandem

2196 4185 2387 4256 ipsam
2410 4185 2713 4257 Reginam,
2741 4200 2869 4255 quas
2899 4182 3224 4254 aufugerat,
3256 4181 3318 4236 in
3346 4182 3681 4253 septembri
3711 4182 3856 4255 cepit

2199 4275 2485 4344 captivam
2517 4274 2651 4345 (65).

2272 4363 2416 4418 Hinc
2464 4363 2647 4417 infero
2700 4362 3012 4435 synodum,
3044 4377 3220 4433 quam
3281 4359 3570 4416 Eusebius
3602 4361 3726 4415 sub
3752 4363 3861 4416 Au-

2200 4452 2420 4508 reliano
2457 4457 2864 4524 congregatum
2912 4450 3095 4507 fuisse
3143 4449 3439 4516 describit,
3476 4466 3597 4505 non
3650 4466 3860 4506 conve-

443 4525 824 4627 Alexandrini
875 4530 1284 4627 episcoporum
1332 4535 1692 4627 scripserunt
1757 4540 2089 4611 epistolam,
2123 4542 2358 4627 Dnisse
2416 4548 2551 4597 ante
2608 4558 2827 4596 annum
2886 4540 3011 4608 272,
3062 4557 3176 4611 quo
3233 4537 3544 4594 Catholicis
3596 4540 3859 4595 liberum

444 4613 728 4671 illamuue
757 4618 827 4672 ad
858 4625 1098 4676 cunctas
1130 4622 1454 4692 provincias
1489 4627 1795 4697 miserunt,
1818 4629 1877 4683 in
1907 4647 2088 4700 qua...

447 4715 777 4776 perversam
810 4708 968 4763 Pauli
1019 4709 1476 4779 heterodoxiam,
1525 4716 1797 4772 elenchos
1844 4723 1902 4773 et
1938 4735 2092 4789 quaa-

445 4792 690 4861 stiones,
723 4811 870 4865 quas
900 4804 1102 4854 contra
1129 4817 1261 4856 eum
1295 4815 1620 4869 moverunt,
1640 4806 1832 4862 adhuc
1860 4811 1916 4862 et
1946 4824 2087 4862 cun-

445 4888 598 4939 ctam
630 4883 788 4940 illius
817 4888 1016 4956 vitam,
1048 4893 1106 4944 et
1141 4890 1442 4961 ingenium
1481 4900 1843 4966 exponunt...
1878 4896 2090 4952 Firmi-

518 4990 631 5061 (60)
662 4992 869 5048 Euseb.
900 4994 965 5049 Η.
996 4998 1058 5049 Ε.
1091 4993 1129 5049 1.
1163 5012 1263 5063 v11,
1298 5013 1347 5051 c.
1379 5000 1469 5052 29.

515 5063 627 5133 (61)
660 5064 721 5139 In
756 5065 1216 5139 praecedentibus
1237 5070 1649 5139 congressibus
1672 5070 1889 5128 Paulus
1920 5089 2090 5129 suam

443 5135 791 5190 sententiam
824 5136 1089 5192 obvelare
1120 5135 1392 5210 adhuc,et
1422 5143 1692 5213 obtegere
1715 5143 1950 5200 molitus
1975 5146 2091 5201 fue-

444 5210 552 5261 rat.
587 5205 653 5257 V.
690 5206 923 5277 Euseb,
956 5225 1005 5263 c.
1036 5210 1126 5263 28.

515 5278 626 5348 (62)
667 5277 828 5341 Quod
862 5280 1148 5335 Eusebius
1176 5281 1325 5337 hanc
1357 5300 1524 5339 suam
1560 5284 1861 5341 historiam
1896 5288 2089 5343 absol-

444 5350 590 5429 verit
633 5355 766 5403 ante
815 5351 1125 5429 coicilium
1176 5354 1492 5429 Nirzenum,
1526 5362 1659 5411 ante
1698 5376 1917 5413 annum
1961 5362 2085 5429 3'35,

444 5418 660 5502 saepius.
692 5423 911 5502 monui,
936 5423 1235 5502 signantur
1258 5426 1311 5479 in
1347 5426 1753 5502 dissertatione
1780 5450 1790 5484 :
1819 5432 1970 5502 quod
1995 5418 2089 5487 (Ic:

444 5492 592 5564 phas
617 5491 805 5564 Galat.
833 5494 884 5549 2.
919 5512 1027 5549 non
1064 5497 1139 5551 sit
1173 5503 1394 5564 Petrus,
1427 5517 1483 5552 n.
1518 5501 1605 5553 26.

482 5562 632 5644 ,(63)
663 5563 847 5644 igitur
876 5574 991 5644 tres
1040 5569 1247 5644 synodi
1277 5562 1478 5644 contra
1509 5571 1752 5628 Paulum
1787 5574 2087 5630 celebratas

441 5636 715 5692 videntur
735 5654 750 5712 ς
783 5636 840 5695 in
876 5638 944 5698 3a
976 5636 1192 5698 Paulus
1223 5642 1335 5699 fuit
1362 5642 1685 5718 depositus,
1720 5644 1778 5701 in
1819 5649 1893 5703 2a
1920 5645 2087 5703 Pauli

2201 4631 2483 4687 evadebat
2512 4629 2755 4686 Paulum
2786 4629 3103 4685 Antiochiae
3135 4628 3860 4699 accusare,damnare,de-

2200 4735 2434 4791 ponere.
2469 4720 2613 4775 Cum
2642 4735 2776 4774 vero
2809 4720 2866 4774 S.
2905 4717 3282 4773 Firmilianus
3339 4717 3432 4771 die
3479 4718 3551 4771 28
3583 4719 3861 4773 Octobris

2199 4807 2416 4863 obiisse
2444 4808 2725 4863 referatur
2760 4808 2821 4862 in
2866 4806 3194 4879 menologio
3240 4806 3602 4873 Graecorum,
3635 4812 3699 4862 et
3726 4824 3860 4863 sen-

2198 4897 2382 4954 tentia
2412 4896 2791 4968 depositionis
2822 4901 3023 4953 contra
3052 4894 3298 4952 Paulum
3328 4894 3556 4966 prolata
3584 4913 3713 4953 non
3738 4897 3862 4951 fue-

2200 5004 2476 5074 dogmata
2488 5004 2615 5075 jam
2646 5004 2877 5058 fuerant
2905 5004 3312 5075 condemnata.
3336 5000 3437 5075 Vel
3458 5002 3511 5056 si
3538 5002 3684 5075 quis
3714 5003 3863 5058 duas

2201 5076 2483 5147 duntaxat
2530 5076 2783 5147 synodos
2832 5074 3184 5147 admiserit;
3225 5074 3547 5147 concedere
3592 5074 3863 5133 debebit.

2199 5147 2353 5216 quod
2385 5145 2443 5199 in
2480 5147 2543 5200 la
2567 5145 2753 5202 ‘Pauli
2786 5146 3060 5215 dogmata
3092 5145 3307 5200 fuerint
3343 5146 3769 5213 condemnata,
3803 5148 3861 5200 in

2198 5220 2259 5271 2a
2293 5234 2390 5272 seu
2424 5217 2631 5272 ultima
2664 5217 2876 5273 Paulus
2908 5218 3084 5273 fuerit
3113 5216 3434 5288 depositus.

2270 5290 2382 5360 (6’1)
2419 5291 2542 5343 Haec
2571 5288 2891 5361 ignominia
2935 5294 3060 5361 erat
3100 5286 3306 5361 major,
3348 5286 3437 5341 vel
3466 5304 3755 5361 summa.
3813 5289 3859 5343 si

2198 5358 2551 5415 Aurelianus
2579 5358 2619 5416 οῖ
2643 5360 3017 5416 Paulianistis
3041 5361 3212 5416 fuerit
3236 5358 3859 5430 interpellatus.Porre

2198 5431 2693 5487 verisimillimum
2754 5438 2865 5497 est,
2927 5432 3074 5501 quod
3139 5430 3486 5486 Aurelianus
3532 5432 3863 5504 imperator

2199 5504 2299 5558 illo
2330 5510 2589 5575 tempurc
2612 5504 2925 5559 Antiochia:
2948 5510 3209 5558 versatus
3241 5503 3436 5575 fuerit.

2268 5576 2381 5701 (64)
2414 5574 2536 5631 Vid.
2570 5576 2783 5648 Pagius
2813 5576 3109 5632 dissertat.
3145 5574 3427 5648 Hypatica
3456 5590 3563 5631 seu
3595 5575 3677 5631 de
3710 5575 3860 5633 Con-

2268 5696 2269 5701 η
2297 5647 2452 5701 ibus.
2485 5663 2613 5701 can.
2645 5647 2752 5701 ult.
2776 5665 2833 5701 ιι.
2868 5647 2955 5701 ll.

2198 5647 2452 5705 sulibus.
2485 5663 2613 5720 cap.
2645 5647 2752 5705 ult.
2776 5665 2833 5704 n.
2868 5647 2955 5704 14.
