4112 6174
270 272 294 331 1
304 273 418 332 469

1192 268 1390 327 PARS
1435 267 1511 327 Il.
1545 297 1624 311 --
1667 261 2232 325 RECENTIORUM
2285 256 2716 321 EXCURSUS.

3507 249 3665 309 1470

267 405 356 472 rit,
390 403 502 459 nisi
534 407 866 474 postquam,
918 401 1240 456 innotuerit
1270 401 1474 456 1412
1507 416 1664 454 mors
1698 396 1906 453 Firmi-
1935 396 1991 461 Α
2016 396 2185 467 faciat
2241 393 2445 448 I413
2503 390 2796 463 ,episcoPis,
2877 385 3236 459 presbyteris,
3321 381 3661 474 diaconibus,

263 492 431 556 liani;
465 493 615 546 hanc
647 507 883 546 necesse
913 495 1076 545 estut
1107 489 1365 562 synodus
1398 505 1582 560 usque
1625 488 1693 542 ad
1729 487 1903 541 ﬁnem

264 581 418 637 illius
451 580 660 636 saltem
691 580 828 634 anni
865 580 1037 634 fuerit
1080 584 1390 648 protracta.

335 670 572 742 Pragius
604 669 642 722 Ι.
679 685 727 723 c.
771 673 826 723 et
857 669 1039 722 caeteri
1067 669 1399 738 excipiunt:
1436 667 1719 738 synodum
1754 681 1904 718 anno

263 759 381 824 269,
416 758 776 822 convenisse,
811 756 868 810 in
927 774 1147 811 annum
1199 758 1304 810 270
1362 756 1601 824 sedisse,
1664 754 1905 807 Paulum

265 846 1177 915 excommunicasse,deposuisse
1203 871 1215 910 ς
1239 850 1331 899 ast
1354 845 1504 898 hanc
1527 843 1906 914 depositionis

267 934 614 990 sententiam
646 934 1002 988 exsecutioni
1023 935 1219 988 datam
1252 950 1366 988 non
1393 933 1593 998 fuisse,
1615 931 1728 986 nisi
1756 935 1906 1001 post-

267 1039 439 1093 quam
475 1022 782 1077 Antiochia
812 1022 882 1076 ab
923 1022 1235 1078 Aureliano
1296 1022 1487 1076 fuerat
1521 1025 1861 1090 recuperata
1889 1038 1901 1086 ;

266 1129 397 1167 nam
430 1112 630 1182 regina
658 1110 1202 1181 Zenobia,quandiu
1240 1110 1540 1165 dominata
1563 1110 1670 1163 fuit
1699 1108 1905 1162 Antio-

266 1200 426 1267 chiae,
450 1216 626 1271 passa
646 1216 760 1254 non
783 1198 1010 1267 fuisset,
1028 1204 1092 1252 ut
1122 1216 1266 1254 suus
1289 1197 1471 1254 cliens
1489 1198 1906 1252 Samosatenus

266 1305 294 1345 e
344 1290 516 1344 domo
546 1287 860 1360 episcopali
890 1287 1216 1359 ejiceretur.

332 1380 420 1432 60.
452 1378 794 1449 Respondeo
827 1379 875 1432 1.
902 1377 1188 1432 Eusebius
1212 1378 1283 1432 de
1307 1381 1465 1433 tanta
1495 1393 1680 1448 usque
1710 1376 1767 1430 in
1793 1379 1904 1430 ter-

263 1468 409 1522 tium
425 1482 646 1522 annum
665 1465 942 1521 dilatione
957 1466 1107 1520 inter
1129 1466 1510 1537 depositionis
1534 1465 1904 1531 sententiam,

267 1561 322 1612 et
353 1557 481 1626 ejus
495 1555 920 1610 exsecutionem
945 1554 1090 1608 nihil
1118 1555 1402 1610 meminit.
1428 1559 1478 1609 2.
1501 1555 1579 1608 Ad
1606 1555 1904 1626 praefatam

267 1644 565 1716 Synodum
596 1643 873 1698 invitatus
907 1644 1097 1698 fuerat
1124 1660 1154 1698 e
1202 1643 1560 1714 Cappadocia
1621 1643 1908 1698 Firmilia-

268 1751 401 1799 nus,
447 1733 506 1787 in
540 1748 777 1787 accessu
811 1731 1119 1787 defunctus
1149 1749 1562 1803 ;comparuere
1611 1748 1678 1787 ex
1708 1732 1906 1787 Cicilia
1939 1763 1984 1827 Β

269 1821 541 1887 Helenus,
573 1837 641 1875 ex
676 1821 925 1892 Phrygia
950 1821 1238 1885 Nicomas,
1267 1837 1336 1876 ex
1367 1820 1672 1876 Palaestina
1708 1822 1907 1892 llyme-

269 1927 448 1978 naeus,
473 1911 860 1978 Theotecnus,
895 1917 1026 1977 etc.,
1049 1910 1303 1981 epiSCOpi
1337 1909 1572 1982 plurimi
1599 1927 1612 1976 ;
1646 1909 1738 1965 his
1770 1926 1906 1965 con-

268 1999 488 2055 sultum
520 2016 633 2054 non
669 1998 1153 2069 fuissettempore
1184 1998 1316 2053 belli
1341 1999 1650 2054 Zenobiam
1685 1997 1836 2052 inter
1852 2000 1908 2052 et

265 2088 554 2143 Romanos
605 2088 984 2158 imperatores
1016 2087 1375 2142 Antiochiam
1438 2087 1749 2159 proficisci,
1807 2086 1904 2141 ubi

260 2176 496 2231 rebellis
529 2175 630 2230 illa
649 2176 903 2231 Zenobia
933 2177 1248 2232 residebat.
1273 2207 1340 2216 -—-
1361 2177 1412 2230 3.
1441 2179 1527 2230 An
1558 2176 1678 2230 haec
1711 2179 1907 2247 poten-

262 2265 492 2320 tissima
528 2265 742 2320 mulier
763 2281 938 2336 passa
969 2265 1194 2332 fuisset,
1230 2270 1292 2320 ut
1321 2270 1436 2320 tam
1473 2281 1788 2320 numerosa
1813 2282 1906 2336 sy-

265 2355 453 2409 nodus
475 2359 679 2410 contra
701 2354 944 2410 Paulum
985 2355 1299 2409 Antiochiae
1331 2355 1622 2410 celebrata
1655 2353 1908 2409 fuisset?

262 2443 324 2498 In
347 2459 454 2498 sua
493 2443 719 2498 civitate
740 2444 767 2497 ‘?
798 2445 882 2498 Ab
913 2443 1203 2516 episcopis
1232 2443 1482 2498 exteris?
1503 2445 1787 2516 Tempore
1819 2460 1906 2498 re-

259 2531 762 2603 gnantisZenobiaa
785 2533 910 2604 ipse
929 2532 1143 2587 Paulus
1159 2534 1280 2588 suis
1305 2532 1762 2597 salellitibus,de
1786 2532 1910 2604 qui-

263 2621 375 2675 bus
406 2639 568 2675 num.
601 2621 692 2689 93,
727 2639 870 2676 usus
901 2622 1126 2676 fuisset.
1158 2627 1232 2675 At
1261 2638 1418 2688 vero,
1459 2623 1600 2676 dum
1638 2622 1907 2677 Aurelius

265 2726 373 2764 sua
402 2709 660 2764 victricia
689 2727 875 2775 arma,
903 2709 1120 2764 civitati
1143 2708 1441 2774 intulerat,
1470 2710 1783 2764 Catholicis
1815 2727 1911 2780 op-

262 2797 406 2852 time
432 2797 719 2852 addictus.
742 2797 898 2852 Illico
923 2802 1114 2852 tutum
1139 2803 1262 2853 erat
1293 2798 1508 2851 nostris
1538 2797 1906 2852 Antiochiam

266 2885 580 2954 conﬂuere,
619 2885 864 2941 Paulum
902 2903 1202 2950 accusare,
1233 2885 1659 2956 quaestionibus
1683 2902 1910 2956 urgere,

269 2973 517 3029 notariis
551 2975 750 3030 omnia
782 2974 1226 3044 excipientibus.
1271 2975 1456 3045 Igitur
1511 2975 1790 3041 synodus,
1850 2973 1910 3028 in

277 3080 395 3134 qua
417 3062 634 3117 Paulus
659 3067 747 3118 est
777 3063 1098 3135 depositus,
1133 3063 1423 3118 celebrata
1477 3079 1591 3117 non
1625 3062 1731 3117 fuit
1779 3068 1913 3118 ante

265 3168 485 3206 annum
515 3153 642 3206 272.

336 3242 599 3308 Quaeres:
632 3242 932 3308 Quomodo
975 3256 1111 3313 ergo
1154 3240 1400 3297 solvitur
1442 3257 1688 3311 sequens
1721 3243 1910 3298 nodus

265 3327 714 3399 chronologicus
739 3346 752 3384 :
787 3329 1029 3384 Praefata
1050 3328 1308 3400 synodus
1331 3334 1459 3384 acta
1489 3329 1716 3384 concilii
1751 3331 1912 3386 misit

265 3416 512 3471 Romam
550 3418 621 3472 ad
649 3417 990 3489 Dionysium
1022 3435 1255 3489 papam,
1291 3423 1356 3472 ut
1386 3419 1552 3473 docet
1599 3420 1906 3488 Eusebius,

265 3505 362 3576 qui
390 3510 519 3560 acta
566 3506 734 3571 vidit,
769 3505 928 3578 legit,
962 3507 1266 3579 exscripsit
1297 3508 1324 3561 ‘l
1344 3509 1415 3561 At
1443 3525 1575 3562 vero
1602 3507 1908 3580 Dionysius

262 3610 418 3666 papa
448 3595 592 3649 obiit
623 3603 758 3649 ante
788 3613 1009 3649 annum
1045 3597 1170 3662 270,
1203 3601 1265 3650 ut
1297 3597 1513 3652 habent
1549 3599 1908 3669 pseupo-Da-

268 3699 491 3748 masus,
527 3683 697 3738 Liber
727 3684 1098 3755 pontiﬁcalis,
1138 3685 1282 3738 varii
1313 3685 1560 3757 catalogi
1592 3688 1724 3756 (66).

339 3772 716 3843 Respondeo:
760 3773 956 3828 Nodus
999 3772 1096 3828 ille
1145 3773 1312 3828 facile
1361 3780 1636 3829 secatur:
1684 3775 1906 3846 praefati

266 3865 533 3916 auctores
581 3861 879 3933 anonymi,
935 3867 999 3917 ut
1036 3861 1182 3916 nulli
1238 3863 1464 3918 erudito
1495 3863 1761 3934 ignotum
1796 3868 1906 3931 est,

263 3948 470 4004 multis
503 3953 730 4005 scatent
759 3951 1054 4005 erroribus
1085 3950 1509 4022 chronologicis
1541 3953 1729 4023 quoad
1763 3970 1905 4023 qua-

260 4041 393 4092 tuor
425 4037 873 4109 primasecula;
908 4037 1022 4093 illis
1037 4040 1430 4109 praeferendus
1451 4044 1538 4094 est
1561 4057 1714 4095 unus
1737 4041 1907 4096 testis

261 4126 604 4183 nominatus
635 4127 944 4195 Eusebius,
987 4128 1086 4199 qui
1117 4127 1175 4182 in
1205 4127 1468 4183 Chronico
1517 4145 1678 4200 aeque
1731 4147 1796 4184 ac
1844 4130 1903 4184 in

257 4232 368 4270 sua
389 4217 646 4283 Historia,
699 4215 801 4271 lib.
837 4234 933 4283 v11,
985 4234 1107 4288 cap.
1165 4218 1254 4285 30,
1318 4222 1698 4285 contestatur,
1749 4219 1902 4290 quod

255 4303 574 4376 Dionysius
597 4323 750 4377 papa
764 4311 894 4377 post
916 4310 1181 4377 tempora
1207 4306 1521 4373 Aureliani,
1552 4307 1652 4378 qui
1676 4309 1903 4364 occisus

257 4409 378 4447 non
413 4394 521 4448 fuit
551 4399 686 4449 ante
743 4412 962 4449 annum
1021 4397 1127 4449 275
1177 4396 1576 4467 supervixerit.
1621 4396 1906 4452 Similiter

2016 484 2302 539 lectoribus
2324 484 2479 538 laicis
2525 478 2908 536 habitantibus
2969 472 3479 543 Constantinopoli;
3538 473 3660 526 insu

2008 590 2109 645 per
2136 575 2301 629 etiam
2338 571 2617 643 exemplar
2674 571 2751 624 eis
2795 566 3042 638 praebeat
3099 563 3169 618 ad
3229 563 3661 632 increpationem

2013 665 2274 729 Nectarii,
2308 665 2403 732 qui
2445 659 2665 716 similia
2712 660 2854 728 sapit
2913 655 3086 710 Paulo
3134 653 3478 708 Samosateno
3535 653 3661 706 ante

2014 769 2185 808 annos
2264 753 2384 817 160,
2462 749 2810 805 anathemate
2862 758 3187 816 percusso...
3241 741 3305 796 Si
3363 739 3482 810 quis
3530 756 3660 808 ergo

2011 841 2422 915 praesumpserit
2452 840 2714 894 docere...
2745 838 2816 890 sit
2845 834 3158 888 anathema.
3197 829 3397 901 Igitur,
3444 828 3491 881 si
3523 827 3661 882 huic

2016 929 2420 987 contestationi
2454 929 2598 983 ﬁdes
2643 924 2910 980 habenda
2960 922 3054 990 sit,
3117 937 3151 974 a
3211 923 3491 988 tempore,
3543 933 3657 987 quo

2015 1021 2231 1076 Paulus
2273 1018 2382 1073 fuit
2415 1014 2978 1075 excommunicatus,
3041 1024 3227 1078 usque
3285 1006 3356 1060 ad
3424 1005 3654 1077 deposi-

2013 1112 2232 1164 tionem
2264 1105 2537 1175 Nestorii,
2587 1104 2686 1175 qui
2720 1103 2775 1156 in
2802 1100 3040 1172 praefata
3099 1093 3519 1151 contestatione
3582 1095 3655 1148 ti-

2015 1197 2137 1252 tulo
2195 1193 2451 1266 episcopi
2510 1209 2624 1246 non
2683 1187 2937 1261 amplius
2971 1186 3310 1253 honoratur,
3367 1182 3658 1238 ﬂuxerunt

2016 1285 2310 1342 annil60.

2088 1374 2445 1446 Respondeo.
2471 1371 2524 1426 Si
2549 1371 2656 1425 hos
2677 1370 2748 1423 60
2775 1383 2959 1423 annos
2981 1367 3390 1436 computemus
3411 1379 3484 1416 nu
3499 1377 3655 1417 mero

2016 1463 2286 1529 rotundo,
2318 1462 2538 1534 epocha
2559 1458 2764 1532 synodi
2790 1454 3383 1524 Antiochenzejcontra
3411 1449 3660 1506 Paulum

2017 1553 2237 1610 ultimae
2269 1549 2705 1623 congruentius,
2730 1550 2793 1601 ut
2822 1543 3130 1600 calculanti
3157 1539 3398 1614 patebit,
3431 1539 3659 1611 alligari

2015 1642 2227 1715 poterit
2255 1641 2322 1697 ad
2359 1656 2578 1695 annum
2609 1638 2734 1700 272,
2769 1651 2946 1707 quam
2995 1632 3065 1686 ad
3097 1646 3319 1687 annum
3350 1629 3474 1696 269,
3502 1629 3654 1700 quod

2015 1732 2292 1788 ultimum
2325 1727 2622 1785 contendit
2645 1726 2855 1797 Pagius
2887 1723 3020 1794 (69),
3049 1737 3220 1793 quem
3276 1718 3461 1774 secuti
3521 1721 3660 1773 sunt

2017 1820 2303 1888 Fleurius,
2333 1826 2443 1874 etc.

2086 1911 2298 1980 Pagius
2329 1909 2441 1980 (70)
2483 1905 2711 1977 reponit
2742 1920 2754 1957 :
2791 1901 2896 1959 Illa
2926 1896 3268 1956 contestatio
3320 1913 3472 1952 anno
3533 1896 3656 1965 431,

2016 1999 2253 2071 quidem
2289 1996 2585 2069 publicata
2616 1994 2725 2048 fuit
2757 1994 2814 2046 in
2865 1988 3133 2046 concillio
3181 1985 3510 2059 Ephesino;
3571 1989 3661 2041 ast

2017 2103 2169 2142 anno
2203 2086 2324 2152 429,
2350 2086 2476 2154 jam
2491 2086 2770 2152 concepta
2800 2080 2988 2134 fuerat
3020 2078 3092 2134 ab
3125 2075 3371 2132 Eusebio
3387 2091 3490 2146 pro
3522 2077 3660 2129 tunc

2015 2176 2208 2232 adhuc
2263 2174 2410 2230 laico
2464 2177 2520 2228 et
2559 2168 2952 2243 juriconsulto
2995 2163 3658 2237 Constantinopolitano,

2017 2270 2219 2339 postea
2245 2262 2516 2335 episcopo
2563 2259 2923 2332 Doryleensi,
2956 2257 3056 2328 qui
3114 2256 3342 2328 primus
3394 2253 3660 2309 omnium

2017 2353 2316 2425 redarguit
2365 2351 2690 2406 doctrinam
2740 2345 2990 2402 Nestorii
3039 2345 3128 2400 sui
3163 2343 3466 2416 episcopi;
3524 2359 3658 2413 ergo

2019 2444 2276 2516 synodus
2301 2440 2663 2495 Antiochena
2691 2441 2893 2492 contra
2956 2433 3196 2490 Paulum
3250 2431 3460 2487 ultima
3515 2431 3664 2488 cele-

2019 2534 2186 2589 brata
2217 2529 2326 2584 fuit
2359 2545 2511 2584 anno
2531 2528 2656 2580 269.

2089 2617 2429 2690 Respondeo
2467 2617 2522 2670 1:
2590 2615 2746 2671 Unde
2792 2612 3004 2684 Pagius
3055 2611 3232 2679 novit,
3294 2609 3448 2681 quod
3510 2625 3663 2664 anno

2017 2710 2294 2777 269,jam
2326 2708 2606 2776 concepta
2637 2702 2852 2757 fuerit?
2905 2705 2959 2756 2.
3019 2700 3236 2755 Verum
3297 2703 3443 2762 esto,
3507 2699 3659 2768 quod

2021 2799 2303 2854 Eusebius
2335 2795 2431 2850 ille
2461 2794 2650 2849 adhuc
2681 2791 2866 2847 laicus
2892 2807 3044 2846 anno
3069 2790 3192 2858 429,
3217 2787 3542 2844 doctrinam
3573 2787 3666 2842 sui

2020 2885 2276 2958 episcopi
2327 2884 2552 2955 primus
2601 2881 2918 2946 notaverit;
2980 2883 3070 2934 ast
3117 2878 3272 2949 quod
3326 2875 3662 2932 istiusmodi

2021 2974 2446 3031 oonstationem
2497 2969 2911 3042 composuerit,
2976 2972 3033 3023 et
3080 2966 3319 3039 quidem
3359 2981 3512 3021 anno
3537 2966 3662 3032 429,

2021 3081 2136 3136 quo
2160 3061 2464 3119 Nestorius
2493 3061 2754 3115 nondum
2802 3059 2986 3112 fuerat
3041 3056 3488 3126 condemnatus,
3549 3072 3664 3110 non

1973 3137 1983 3198 ἶ
2021 3158 2111 3210 est
2137 3150 2485 3215 verosimile,
2521 3148 2799 3220 nulloque
2847 3147 3054 3203 idoneo
3106 3144 3443 3201 testimonio
3504 3161 3665 3200 com-

2022 3241 2255 3316 probari
2289 3241 2517 3312 poterit.

2091 3335 2143 3387 3.
2177 3331 2531 3401 quuojure,
2566 3327 2663 3399 qui
2700 3327 2988 3400 synodum
3041 3322 3460 3378 Antiochenam
3523 3322 3658 3377 ulti-

2022 3437 2179 3476 mam
2211 3420 2282 3474 ad
2334 3435 2517 3473 annos
2548 3418 2675 3480 270,
2733 3415 2817 3470 vel
2863 3415 2991 3481 268,
3052 3411 3310 3485 relegare
3350 3411 3664 3481 voluerint,

2020 3510 2210 3564 dicere
2232 3513 2488 3578 possent,
2509 3504 3014 3573 contestationem,
3041 3520 3169 3574 quae
3192 3519 3352 3557 num.
3376 3502 3467 3567 97,
3488 3500 3671 3556 relata

2018 3602 2126 3662 est,
2164 3596 2345 3652 fuisse
2375 3598 2718 3665 conceptam
2748 3609 2900 3647 anno
2925 3593 3047 3658 430,
3082 3591 3169 3646 vel
3200 3591 3450 3662 428,quo
3485 3588 3668 3645 ultino

2018 3703 2171 3741 anno
2233 3685 2536 3742 Nestorius
2585 3683 2932 3754 episocopus
2988 3679 3670 3751 Constantinopolitanus

2017 3791 2187 3831 suam
2217 3773 2487 3829 haeresim
2520 3772 2828 3843 propalare
2861 3770 3050 3841 ccepit.

2090 3865 2122 3917 4
2173 3869 2339 3918 Anno
2370 3862 2494 3930 431,
2531 3861 2758 3933 publice
2809 3860 2922 3915 fuit
2975 3857 3186 3930 Ephesi
3220 3855 3537 3928 proposita,
3584 3857 3668 3911 uti

2017 3952 2225 4008 asserit
2269 3951 2499 4024 Pagius,
2531 3955 2588 4006 et
2617 3947 3186 4018 Constantinopolim
3259 3945 3470 4013 missa;
3533 3961 3668 4016 ergo

2014 4041 2189 4097 etiam
2215 4039 2712 4112 praesumendum,
2738 4038 2889 4109 quod
2919 4054 3071 4091 anno
3097 4036 3220 4103 431,
3249 4052 3361 4090 non
3381 4051 3518 4089 vero
3541 4035 3665 4103 429,

2013 4129 2419 4201 compositam,
2453 4135 2508 4184 et
2539 4128 2777 4199 quidem
2813 4126 3042 4198 Ephesi,
3083 4143 3199 4181 non
3235 4141 3363 4180 vero
3387 4123 3664 4180 Constan-

2013 4217 2278 4290 tinopoli.
2308 4216 2520 4284 Quidni
2552 4222 2608 4272 et
2643 4216 2754 4271 dici
2791 4221 3006 4287 posset,
3063 4232 3190 4270 eam
3224 4213 3387 4269 finito
3421 4212 3667 4269 concilio

2014 4309 2308 4380 Ephesino
2341 4305 2909 4378 Constantinopolim
2952 4304 3132 4359 fuisse
3166 4303 3453 4358 missam?

2083 4400 2136 4452 5.
2172 4399 2227 4452 Si
2264 4396 2397 4468 quis
2430 4396 2733 4450 admiserit
2789 4401 2909 4449 tres
2960 4393 3212 4465 synodos
3270 4391 3664 4448 Antiochenas

255 4483 450 4553 quoad
487 4483 892 4538 Pontificatum
918 4484 1061 4538 Sixti
1089 4485 1159 4550 Il,
1191 4485 1476 4539 Eusebius
1511 4486 1903 4556 praeferendus
1935 4503 1982 4568 D
2014 4490 2216 4541 contra
2237 4485 2480 4540 Paulum
2507 4486 2955 4540 Samosatenum
2986 4481 3167 4536 fuisse
3217 4481 3558 4550 celebratas,
3599 4497 3665 4536 ac

255 4569 723 4628 Pseudo-Pontio
755 4573 812 4626 in
854 4575 966 4628 Vita
994 4573 1048 4627 S.
1086 4574 1377 4644 Cypriani.

330 4660 580 4714 Instabis.
619 4662 678 4715 In
720 4662 941 4732 synodo
992 4661 1282 4732 Ephesina
1335 4663 1715 4731 mcumenica,
1776 4681 1902 4735 qua:

253 4746 493 4802 initium
526 4749 781 4820 sumpsit
812 4747 903 4803 die
937 4750 1002 4803 12
1030 4749 1206 4810 Junii,
1241 4766 1392 4804 anno
1441 4750 1562 4814 451,
1613 4755 1670 4805 et
1727 4751 1900 4806 ﬁnem

250 4834 465 4891 habuit
495 4837 552 4891 in
605 4837 848 4902 octobri,
908 4843 1111 4892 contra
1168 4837 1502 4893 Nestorium
1561 4839 1900 4912 episcopum

249 4925 1248 4998 Constantinopolitanum,ejusque
1268 4927 1520 4983 asseclas
1537 4929 1903 5000 promulgata

245 5031 320 5068 ac
369 5015 458 5084 [ut
488 5015 702 5070 habent
730 5015 988 5086 antiquae
1019 5015 1424 5071 adnotationes
1458 5018 1593 5087 (67),]
1626 5036 1658 5073 a
1683 5019 1736 5072 S.
1796 5023 1898 5090 Cy-

246 5102 386 5158 rillo
441 5102 832 5160 Alexandrino
883 5103 1154 5176 episcopo
1194 5105 1306 5175 (68)
1337 5106 1898 5178 Constantinopolim

248 5191 440 5247 missa
463 5193 571 5248 fuit
593 5209 843 5265 sequens
864 5193 1208 5249 contestatio
1233 5211 1244 5248 :
1275 5195 1512 5262 Coniuro
1540 5197 1900 5267 accipientem

249 5278 399 5334 hanc
427 5281 677 5338 chartam
704 5299 805 5354 per
827 5286 1074 5338 sanctam
1123 5283 1459 5354 Trinitatem,
1496 5288 1685 5341 uteam
1711 5287 1900 5358 palam

330 5439 592 5582 (66%Vid.
627 5441 965 5498 Harduinus
987 5441 1044 5495 in
1079 5459 1296 5497 annum
1331 5444 1452 5498 431.

333 5511 423 5582 (67
478 5510 608 5568 Vid.
644 5512 978 5570 Harduinus
1008 5521 1079 5569 ad
1102 5530 1321 5569 annum
1374 5517 1440 5569 43

355 5510 446 5570 67)
478 5510 608 5568 Vid.
644 5512 978 5570 Harduinus
1008 5521 1079 5569 ad
1102 5530 1321 5569 annum
1374 5517 1495 5569 431.

331 5513 446 5652 (67)
478 5513 608 5568 Vid.
644 5513 978 5570 Harduinus
1008 5521 1079 5569 ad
1102 5530 1321 5569 annum
1374 5517 1495 5569 431.

353 5580 442 5652 68)
469 5582 522 5637 Is
545 5599 578 5637 a
610 5582 762 5654 Papa
793 5587 1150 5643 constitutus
1187 5585 1374 5642 fuerat
1404 5602 1617 5659 praeses
1662 5586 1894 5643 concilii

2011 4575 2400 4644 Paulumjam
2457 4574 2514 4628 in
2547 4573 2807 4629 secunda
2856 4572 3036 4626 fuisse
3093 4570 3663 4625 excommunicatum

2010 4663 2141 4733 (hoc
2172 4679 2371 4730 sensu,
2437 4664 2591 4734 quod
2635 4662 2793 4716 illius
2848 4661 3116 4716 doctrina
3163 4659 3338 4714 fuerit
3364 4661 3659 4717 declarata

2013 4757 2077 4806 ut
2097 4751 2409 4822 haeretica),
2436 4768 2499 4806 ac
2518 4753 2589 4806 ab
2607 4753 2710 4806 hac
2728 4751 2948 4823 synodo
2965 4751 3222 4805 secunda
3237 4751 3666 4822 computandos

2011 4857 2138 4896 esse
2189 4857 2373 4896 annos
2409 4842 2529 4910 160,
2590 4857 2787 4912 supra.
2849 4858 2904 4893 n.
2957 4840 3025 4893 97
3077 4839 3325 4905 relatos;
3375 4839 3667 4892 sententia

2008 4929 2167 5002 Pagii
2218 4929 2376 4985 omni
2414 4946 2519 4984 suo
2541 4931 2745 4984 robore
2777 4928 3010 5001 penitus
3043 4928 3408 4983 destituetur.

2620 5071 2782 5126 Corro
2792 5070 3046 5127 (larium.

2079 5200 2220 5251 Cum
2255 5196 2433 5267 igitur
2459 5197 2717 5268 synodus
2757 5196 3116 5252 Antiochena
3171 5194 3400 5261 ultima,
3450 5193 3508 5250 in
3543 5211 3660 5265 qua

2008 5285 2223 5341 Paulus
2248 5285 2354 5340 fuit
2378 5285 2696 5356 depositus,
2724 5284 3010 5341 celebrata
3041 5302 3155 5340 non
3191 5285 3364 5340 fuerit
3402 5288 3534 5340 ante
3560 5301 3660 5340 an-

2005 5446 2301 5519 Ephesini.

2076 5517 2186 5586 (69)
2217 5518 2301 5571 Ad
2334 5533 2553 5571 annum
2577 5517 2704 5586 272,
2738 5535 2797 5574 n.
2831 5517 2930 5572 IIl.

2076 5517 2186 5660 (693
2217 5518 2301 5571 Ad
2334 5533 2553 5571 annum
2577 5517 2704 5586 272,
2738 5535 2797 5574 n.
2831 5517 2930 5572 IIl.

2075 5590 2164 5660 (70
2211 5589 2294 5644 Ad
2327 5604 2550 5645 annum
2589 5589 2716 5658 429,
2751 5607 2808 5645 n.
2838 5589 2982 5645 XVI.
