4112 6174
403 342 551 405 1471

1456 343 1558 404 DE
1603 340 2199 405 HERETICORUM
2241 338 2739 403 BAPTISMATE

3644 336 3678 399 1
3693 336 3816 398 4⁸72

401 496 541 536 num
561 480 686 546 272,
707 497 1072 552 consequens
1093 484 1182 537 est
1208 482 1272 536 ut
1292 481 1330 536 8
1354 478 1726 537 Firmilianus
1758 493 1946 549 usque
1965 478 2036 532 ad
2069 477 2124 544 Α
2156 482 2246 552 20,
2299 475 2646 550 ριόροεὶῐαξ
2680 490 2754 530 an
2813 472 3036 529 scilicet
3081 470 3463 529 Firmilianus
3519 469 3820 526 celebrata

397 569 552 624 hunc
584 586 804 625 annum
837 570 1242 642 supervixerit.
1279 569 1336 625 In
1364 569 1544 640 hujus
1584 561 1866 624 honorem
1925 566 2046 622 haec

398 659 617 732 scripta
655 663 848 716 sunto.

415 805 616 860 I414
639 803 1148 860 Animadversiones
1191 806 1250 858 in
1289 804 1446 858 bina:
1496 802 1594 857 has
1632 802 2046 857 dissertationes

649 891 817 943 opera
848 885 898 930 et
926 877 1101 932 studio
1130 882 1196 931 P.
1239 875 1493 945 Gottfridi
1525 875 1777 945 Lumper.

475 1001 749 1057 Perlectis
779 1001 933 1058 binis
965 1003 1125 1058 hisce
1172 1002 1684 1058 dissertationibus
1717 1017 1828 1056 non
1861 1017 2046 1073 pauca

409 1092 782 1162 offendimus,
817 1109 939 1162 quae
966 1093 1192 1165 virgula
1223 1092 1487 1148 censoria
1544 1092 1862 1146 coercenda
1917 1107 2045 1146 esse

396 1181 756 1254 judicamus.
791 1183 861 1237 Et
890 1182 1077 1254 primo
1107 1182 1340 1254 quidem
1372 1182 1564 1246 binas,
1596 1197 1744 1253 quas
1781 1179 1852 1235 cl.
1895 1177 2042 1234 Mol-

403 1270 869 1338 kenbuhr,num.
895 1272 948 1342 1,
970 1272 1090 1338 2,3,
1108 1270 1410 1343 pramittit
1441 1287 1508 1326 ex
1533 1271 1784 1342 Dupinio
1814 1269 2045 1342 regulas

400 1359 646 1431 critices,
678 1361 832 1416 haud
867 1360 1008 1416 satis
1039 1377 1167 1416 esse
1204 1365 1527 1426 accuratas,
1552 1359 1774 1414 dudum
1790 1360 1915 1430 jam
1939 1358 2044 1412 viri

402 1448 556 1503 docti
589 1454 944 1504 monuerunt
973 1450 1107 1521 (71).
1142 1451 1205 1503 ln
1236 1447 1631 1521 propositione
1664 1449 1704 1517 Ι,
1756 1449 1826 1503 ad
1894 1464 1952 1504 n.
1987 1448 2040 1513 4,

415 1537 676 1604 observo,
737 1537 1014 1592 idiomate
1068 1538 1261 1593 Gra-co
1319 1535 2043 1608 conscriptamfprimitus

398 1624 585 1680 fuisse
614 1625 766 1680 hanc
790 1626 1112 1681 Firmiliani
1145 1627 1474 1698 epistolam,
1509 1631 1666 1681 certo
1724 1625 1914 1698 colligi
1973 1641 2042 1680 ex

398 1713 614 1787 linguae
631 1713 787 1770 illius
806 1714 1295 1788 idiotismis,quos
1311 1717 1463 1770 ﬁdus
1477 1715 1764 1787 interpres
1779 1713 2040 1786 passium

401 1804 669 1873 servavit,
696 1820 958 1876 quosque
991 1809 1348 1860 annotarunt
1376 1804 1484 1860 viri
1543 1802 2036 1876 praestantissimi,

391 1892 644 1949 Iacobus
692 1893 983 1949 Pamelius
1039 1895 1152 1966 (7'2)
1211 1898 1265 1949 et
1323 1893 1676 1967 Cyprianicaa
1727 1892 1870 1947 Vitas
1938 1908 2036 1946 au-

392 1986 518 2037 ctor
572 1983 721 2055 (73):
767 1999 903 2056 ergo
945 1984 1109 2040 adest
1157 1984 1458 2040 sufﬁciens
1515 1982 1813 2039 asserendi
1862 1982 2032 2050 ratio,

405 2087 532 2128 eam
566 2073 931 2146 originaliter
960 2074 1216 2130 Graecam
1252 2075 1448 2130 fuisse.

466 2161 544 2217 Ad
572 2179 726 2217 num.
757 2164 810 2217 5.
844 2163 1085 2219 Docebit
1137 2164 1545 2220 doctissimum
1605 2163 2035 2219 dissertatorem

398 2260 665 2308 nostrum
694 2252 969 2326 Origenes
999 2252 1195 2308 szeculi
1226 2253 1378 2309 tertii
1424 2253 1672 2326 scriptor
1711 2251 2032 2327 προστάτας,

397 2341 742 2414 praepositos
779 2341 1098 2414 appellatos
1129 2342 1308 2398 fuisse
1336 2342 1637 2413 episcopos
1696 2343 1829 2414 (74).
1898 2343 2034 2398 Dein

399 2431 840 2502 praapositorum
875 2430 1152 2484 vocabulo
1185 2431 1530 2502 non?patres
1561 2432 1753 2502 modo,
1784 2449 1918 2487 cum
1963 2432 2034 2488 de

396 2517 685 2590 episcopis
715 2525 972 2591 agerent,
1005 2536 1204 2574 verum
1237 2520 1434 2588 etiam,
1483 2520 1580 2592 qui
1640 2537 1806 2576 sacra
1848 2521 2035 2576 Biblia

394 2606 536 2663 Novi
567 2607 924 2662 Testamenti
950 2608 1151 2663 Latina
1183 2609 1436 2665 fecerant
1457 2611 1588 2682 (75).
1620 2612 2034 2666 meminerunt.

469 2696 559 2751 Ad
579 2712 840 2752 numeros
869 2698 922 2767 6,
951 2699 1008 2766 7,
1039 2699 1094 2764 8,
1124 2699 1180 2762 9,
1213 2698 1302 2764 10,
1328 2699 1440 2768 '11,
1498 2699 1584 2753 12.
1619 2699 1848 2755 Videsis
1905 2717 2037 2772 par-

398 2789 516 2841 tem
569 2802 648 2840 x11
677 2785 940 2841 Historia:
971 2786 1566 2858 Theologico-Criticae
1605 2788 1664 2861 §§
1726 2790 1791 2843 10
1848 2794 1902 2844 et
1949 2805 2038 2844 se-

399 2875 716 2947 quentibus
740 2892 774 2931 a
802 2877 1016 2948 pagina
1052 2877 1178 2946 596,
1217 2893 1399 2949 usque
1433 2878 1559 2945 603,
1609 2882 1665 2933 et
1718 2879 2039 2950 praesertim

408 2964 655 3037 paginas
685 2964 813 3034 614,
856 2966 982 3032 615,
1014 2966 1139 3020 616.

2067 1849 2114 1914 Β

2156 572 2399 646 synodo,
2425 569 2669 639 ejusque
2701 561 2938 619 nomine
2966 561 3266 617 laudatam
3298 560 3617 632 epistolam
3672 558 3816 614 scri-

2155 661 2356 735 pserit,
2391 672 2521 712 mea
2549 652 2821 725 opinione
2851 651 3005 706 haud
3041 649 3296 705 multum
3329 649 3566 721 probat;
3612 648 3806 720 siqui-

2155 751 2286 805 dem
2318 742 2657 818 responderi
2691 743 2884 813 potest
2913 739 2966 793 S.
3023 736 3433 792 Firmilianum
3489 752 3808 808 responso-

2155 839 2302 895 riam
2335 848 2604 892 exarasse
2633 827 2900 886 consulto
2929 827 3200 884 Ecclesiae
3257 842 3375 881 suae
3435 824 3588 881 clero
3649 825 3809 880 unde

2155 928 2327 984 modo
2354 925 2413 979 in
2443 920 2678 996 plurali,
2712 919 2884 973 modo
2931 917 2988 971 in
3023 914 3311 987 singulari
3344 913 3675 986 alloquitur
3701 918 3805 986 Cy-

2153 1017 2448 1088 prianum.
2471 1011 2614 1067 Dein
2650 1009 2986 1079 incongrue
3005 1004 3318 1061 citationes
3345 1020 3414 1059 ex
3442 1004 3502 1060 S.
3538 1002 3809 1075 Scriptu-

2153 1122 2237 1177 ra,
2267 1119 2414 1175 quas
2445 1099 2516 1156 cl.
2549 1095 2943 1153 Molkenbuhr
2963 1094 3019 1148 in
3051 1094 3162 1148 hac
3194 1091 3440 1165 epistola
3456 1092 3568 1147 sub
3597 1105 3808 1146 nume-

2154 1196 2234 1252 ris
2264 1195 2354 1264 24,
2377 1193 2468 1260 27,
2500 1191 2590 1256 28,
2625 1191 2683 1244 et
2731 1187 2822 1253 31,
2870 1189 3054 1248 notat,
3106 1182 3269 1239 nullo
3323 1182 3497 1238 modo
3543 1181 3812 1238 evincere

2151 1284 2349 1340 valent
2395 1279 2698 1337 subditam
2731 1291 2862 1332 eam
2894 1290 3044 1340 esse,
3078 1271 3368 1344 siquidem
3419 1269 3545 1327 sale
3577 1270 3805 1341 aliquid

2152 1377 2210 1429 in
2245 1373 2377 1429 aliis
2414 1370 2591 1426 etiam
2649 1367 2830 1439 hujus
2889 1363 2994 1419 cvi
3051 1360 3439 1434 scriptoribus
3489 1361 3806 1416 observare

2151 1464 2303 1519 licet.
2358 1459 2614 1516 Numero
2665 1457 2756 1521 32,
2815 1453 3021 1509 scribit
3077 1450 3151 1506 cl.
3211 1450 3580 1519 dissertator,
3649 1449 3806 1520 quod

2152 1568 2350 1620 causa,
2379 1565 2506 1621 quae
2537 1546 2844 1618 allegatur,
2878 1543 2950 1597 ob
2981 1557 3161 1614 quam
3193 1539 3410 1611 saepius
3438 1537 3805 1593 celebrandae

2151 1640 2270 1698 sint
2291 1635 2521 1711 synodi,
2540 1631 2806 1690 heresim
2819 1628 3018 1685 Novati
3056 1631 3114 1683 et
3144 1624 3354 1682 Donati
3385 1624 3616 1697 sapiat:
3647 1621 3805 1678 Felix

2151 1744 2292 1786 sane
2323 1730 2527 1782 auctor
2555 1723 2615 1778 in
2648 1718 2990 1778 olfaciendis
3015 1715 3357 1780 haeresibus,
3417 1728 3677 1784 quarum
3738 1728 3811 1766 ne

2149 1817 2463 1889 vestigium
2495 1829 2601 1885 ego
2623 1809 2875 1866 invenio.
2907 1810 3191 1861 Caeterum
3216 1807 3490 1877 praetereo
3523 1817 3811 1856 numeros

2142 1908 2235 1977 23,
2269 1907 2341 1960 de
2371 1901 2656 1959 distantia
2685 1895 3081 1968 Carthaginis,
3123 1911 3158 1949 a
3177 1893 3459 1955 Cesarea,
3492 1891 3565 1946 de
3595 1891 3814 1962 singu-

2140 1995 2250 2052 lari
2282 1996 2536 2063 desuper
2567 1985 2971 2062 gaudio,quod
3005 1999 3250 2039 numero
3295 1983 3385 2051 26,
3421 1979 3714 2051 recoquit,
3739 1980 3814 2033 de

2143 2083 2379 2158 propria
2418 2078 2671 2136 auctoris
2703 2073 2874 2130 laude
2907 2087 3154 2128 numero
3184 2071 3274 2142 30,
3334 2070 3404 2125 ad
3465 2084 3588 2124 rem
3656 2066 3812 2122 nihil

2142 2171 2386 2229 omnino
2420 2168 2716 2224 facientes.

2215 2259 2414 2326 Quoad
2449 2269 2764 2312 numerum
2796 2252 2890 2319 38,
2915 2250 3159 2306 observo
3179 2247 3350 2304 verba
3378 2247 3432 2302 S.
3467 2244 3804 2301 Firmiliani

2144 2368 2260 2407 non
2291 2349 2351 2403 in
2383 2343 2757 2402 strictissimo
2783 2357 2958 2397 sensu
2997 2338 3288 2394 sumenda
3309 2352 3456 2402 esse,
3482 2335 3587 2390 sed
3635 2334 3803 2406 quod

2145 2439 2336 2514 prima
2386 2435 2681 2491 hmreseon
2742 2428 3146 2495 celebriorum,
3208 2429 3266 2480 et
3330 2423 3501 2497 longe
3555 2422 3802 2493 lateque

2146 2529 2492 2585 diffusarum
2518 2521 2752 2577 exordia
2773 2522 2903 2590 post
2924 2514 3324 2589 apostolorum
3345 2529 3533 2568 aevum
3556 2527 3626 2567 ex
3657 2527 3800 2567 orco

2146 2615 2474 2688 eruperint;
2505 2611 2683 2681 idque
2706 2611 2862 2680 patet
2890 2621 2959 2661 ex
2986 2605 3114 2677 ipso
3156 2608 3422 2659 contexu.
3485 2602 3630 2657 Dein
3686 2617 3797 2655 ne-

2147 2722 2260 2780 que
2291 2704 2487 2758 Simon
2528 2700 2756 2771 Magus,
2817 2711 3006 2767 neque
3037 2693 3357 2749 Menander
3387 2708 3421 2747 a
3441 2689 3800 2746 recentiori-

2148 2779 2259 2853 bus
2289 2788 2686 2860 haeresiologis
2715 2787 2868 2840 inter
2883 2783 3188 2839 haereticos
3210 2784 3637 2852 computantur
3668 2779 3806 2850 (78.)

2148 2882 2450 2946 Ebionitae,
2482 2875 2792 2933 Saturnius
2849 2877 2908 2928 et
2973 2871 3278 2940 Basilides,
3339 2885 3487 2942 quos
3555 2883 3811 2923 errones

2151 2971 2294 3029 dicit
2339 2965 2598 3025 Corinthi
2630 2962 2967 3035 discipulos,
3019 2965 3195 3033 atque
3251 2959 3636 3030 Carpocrates
3691 2972 3809 3011 non

481 3055 678 3119 Quoad
695 3054 1152 3126 propositionem
1175 3072 1236 3124 Ii,
1278 3057 1546 3129 num.13,
1573 3058 1658 3126 15,
1692 3057 1779 3127 16,
1801 3058 2045 3114 observo
2153 3076 2271 3117 avo
2320 3054 2662 3130 apostolico,
2707 3052 2807 3109 sed
2832 3049 3045 3107 saeculo
3070 3049 3331 3122 primum
3355 3047 3616 3103 secundo
3648 3061 3814 3101 erro-

409 3142 567 3198 haud
593 3143 861 3199 mimium
912 3145 1239 3217 urgendum
1281 3161 1409 3200 esse
1441 3145 1738 3201 silentium
1793 3147 2045 3214 Eusebii,

2159 3165 2251 3206 res
2279 3145 2643 3218 sparserunt.

421 3232 778 3304 Hieronymi,
839 3237 946 3290 etc.
973 3214 1013 3288 :w
1048 3233 1194 3290 alias
1251 3239 1615 3307 sequeretur,
1668 3236 2047 3310 Athenagorae
2079 3214 2122 3281 C
2231 3214 2484 3292 Numero
2515 3233 2602 3301 38,
2637 3234 2799 3286 notat
2828 3231 2885 3285 in
2919 3225 3239 3283 Firmiliani
3281 3224 3533 3298 epistola
3576 3240 3815 3281 errores

407 3321 750 3394 Apologiam
779 3323 849 3378 ad
873 3323 947 3378 M.
980 3323 1280 3379 Aurelium
1329 3324 1764 3396 imperatorem,
1795 3326 2048 3400 Hypoty-

2160 3324 2413 3400 practico
2445 3317 2825 3393 dogmaticos,
2858 3315 2996 3390 quia
3025 3315 3326 3371 insinuem
3355 3314 3544 3368 utitur
3595 3310 3813 3367 Firmi-

408 3427 579 3484 poses
632 3412 983 3485 Theognosti
1042 3412 1439 3481 Alexandrini,
1494 3414 1678 3487 Opera
1735 3419 1790 3471 S.
1849 3416 2050 3471 Jacobi
2156 3416 2351 3472 lianus
2381 3409 2726 3468 traditiones
2757 3405 3131 3479 apostolicae,
3189 3404 3392 3475 siqua:
3433 3403 3632 3458 forsan
3703 3400 3816 3455 hac

410 3501 693 3566 Nisibeni,
730 3501 1044 3573 Hymenaei,
1077 3501 1358 3573 Narcissi,
1413 3504 1784 3576 aliorumque
1834 3504 2050 3560 multo-

409 3607 541 3646 rum
573 3590 903 3646 adulterina
928 3607 1075 3660 esse,
1136 3596 1458 3663 propterea,
1493 3595 1645 3664 quod
1688 3609 1877 3665 neque
1938 3599 2050 3648 Eu—

410 3680 840 3751 sebius,neque
870 3680 1258 3751 Hieronymus
1279 3697 1480 3736 eorum
1514 3683 1888 3738 meminerint
1919 3685 2048 3752 (76).

482 3769 567 3824 Ad
602 3785 915 3824 numerum
944 3770 1008 3823 17
1036 3769 1620 3826 animadvertendum
1641 3787 1869 3842 censeo,
1896 3772 2050 3827 haud

418 3858 814 3915 inverosimile
837 3875 987 3929 esse,
1007 3865 1062 3914 S.
1095 3859 1447 3932 Cyprianum
1493 3861 1550 3915 in
1584 3877 1762 3917 causa
1793 3862 2052 3934 rebapti-

415 3948 661 4004 zationis
681 3949 1017 4020 confugisse
1030 3949 1100 4003 ad
1125 3948 1553 4018 Firmilianum,
1571 3951 1890 4022 praesertim
1920 3968 2054 4007 cum

418 4037 794 4109 Sthephanus
819 4036 1093 4109 primitus
1123 4054 1255 4093 cum
1285 4037 1524 4110 Asiatis,
1576 4039 1709 4094 dein
1745 4056 1878 4094 cum
1911 4041 2056 4095 Afri-

417 4127 582 4182 canis
603 4143 670 4182 ea
701 4127 772 4182 de
798 4143 856 4182 re
875 4127 1776 4198 contenderit,’quemadmodum
1794 4129 2059 4201 probavit

415 4216 505 4271 vir
533 4216 911 4272 doctissimus
943 4215 1218 4271 Maranus
1249 4216 1382 4285 (57).

488 4309 533 4361 A
566 4322 809 4361 numero
845 4306 930 4374 18,
962 4321 1148 4377 usque
1180 4306 1250 4360 ad
1275 4322 1588 4362 numerum
1610 4307 1761 4363 776x
1792 4307 1943 4363 notis
1975 4308 2060 4363 in-

417 4394 688 4450 trinsecis
735 4394 984 4466 praefata;
1041 4393 1297 4465 epistolas
1356 4394 1761 4450 Firmilianicaa
1818 4401 2062 4453 conatur

419 4483 785 4540 clarissimus
807 4484 1148 4539 dissertator
1175 4485 1478 4539 ostendere
1508 4485 1772 4541 eamdem
1821 4487 1877 4541 S.
1935 4487 2061 4542 Fir-

2161 3519 2338 3576 super
2362 3517 2422 3556 re
2445 3499 2811 3565 exsisterent,
2836 3495 3093 3551 nod‘esse
3111 3492 3440 3550 necessario
3464 3491 3816 3547 retinendas

2160 3595 2222 3649 in
2256 3589 2502 3647 materia
2546 3585 2851 3659 Baptismi.
2902 3585 3115 3641 Verum
3172 3583 3440 3639 ostendat
3499 3579 3677 3637 nobis
3735 3579 3812 3635 cl.

2161 3682 2522 3744 dissertator,
2556 3676 2796 3732 ubinam
2827 3673 2949 3729 haec
2974 3673 3034 3728 in
3065 3672 3314 3745 epistola
3343 3671 3584 3727 laudata
3613 3670 3819 3742 legan-

2161 3775 2277 3826 tur.
2331 3767 2468 3823 Dein
2500 3765 2629 3838 quis
2673 3779 2935 3835 unquam
2996 3762 3402 3834 theologorum
3461 3760 3816 3824 somniabit,

2162 3857 2505 3916 traditiones
2537 3853 2885 3926 apostolicas
2917 3867 3074 3907 mere
3104 3850 3513 3922 disciplinares
3539 3865 3818 3904 necessa-

2165 3949 2250 4005 rio
2279 3943 2614 4003 retinendas
2645 3957 2794 4009 esse,
2833 3939 3278 4013 oppositamque
3299 3937 3660 3994 sententiam
3700 3938 3823 3992 fore

2165 4051 2419 4095 errorem
2452 4031 2706 4105 practico
2757 4031 3156 4103 dogmaticum
3183 4032 3206 4084 Ρ

2236 4126 2490 4182 Numero
2521 4122 2610 4186 39,
2642 4119 2835 4192 arguit
2869 4117 3292 4183 Firmilianum,
3326 4118 3479 4188 quod
3543 4115 3817 4170 traditio-

2168 4233 2326 4283 nem,
2358 4229 2535 4286 quam
2569 4213 2720 4282 Papa
2743 4211 2967 4266 dixerat
2981 4207 3382 4281 apostolicam,
3407 4210 3580 4263 vocat
3609 4207 3822 4262 huma-

2169 4322 2328 4363 nam.
2361 4308 2583 4376 Ergone
2600 4300 2732 4373 plus
2764 4315 2941 4372 quam
2963 4298 3242 4364 humana,
3273 4297 3362 4353 vel
3384 4297 3586 4352 divina
3616 4295 3825 4352 dicen-

2170 4397 2245 4451 da
2275 4391 2476 4448 foret?
2505 4392 2660 4445 Bone
2708 4388 2899 4444 Deusl
2946 4402 3078 4457 qua
3127 4384 3419 4457 theologia
3447 4385 3476 4440 τ
3534 4385 3825 4440 Sanctum

2171 4481 2526 4555 Cyprianum
2558 4495 2591 4534 a
2619 4478 2677 4533 S.
2701 4475 2998 4548 Stephano
3030 4474 3320 4530 monitum
3352 4490 3413 4529 se
3434 4473 3643 4529 statim
3678 4473 3829 4529 sub-

423 4574 665 4629 miliano
697 4573 1066 4645 suppositam
1101 4588 1248 4628 esse.
1282 4572 1498 4628 Verum
1531 4591 1657 4645 quea
1690 4591 1934 4632 numero
1967 4579 2055 4644 19,
2089 4583 2134 4648 Ι)
2168 4572 2432 4631 mississe
2461 4568 2672 4626 asserit
2692 4568 2762 4624 cl.
2794 4567 3138 4623 dissertator
3160 4582 3323 4622 num.
3357 4565 3412 4632 2,
3446 4565 3578 4620 sine
3599 4563 3829 4620 tabulis

422 4679 492 4718 ex
526 4663 724 4720 1415
762 4662 1007 4733 epistola
1035 4660 1429 4718 Firmilianica
1459 4663 1530 4718 de
1561 4681 1803 4720 numero
1853 4667 2061 4739 singu-

421 4751 529 4808 lari
553 4757 608 4808 et
623 4751 834 4824 plurali
859 4756 1120 4819 annotat,
1153 4752 1307 4808 sicut
1337 4756 1394 4807 et
1413 4751 1512 4807 ille
1543 4754 1788 4824 quaestio
1819 4772 2060 4812 numero

490 4895 604 4967 (71)
637 4895 765 4950 Vid.
797 4894 1072 4951 Honorati
1105 4911 1138 4950 a
1159 4894 1216 4950 S.
1249 4895 1431 4951 Maria
1478 4895 1536 4950 in
1571 4895 1960 4954 animadvers.
2001 4899 2060 4954 in

421 4967 654 5040 regulas
688 4972 748 5023 et
768 4984 940 5022 usum
965 4967 1361 5040 critices,_to:n
1395 4970 1440 5031 Ι,
1473 4967 1706 5024 dissert.
1752 4975 1964 5035 m,art.
1997 4987 2058 5040 ιι,

421 5038 524 5110 §§i
547 5045 604 5096 et
633 5056 798 5111 δειρα-
831 5038 1202 5111 ραεμυίιῖη
1211 5038 1258 5091 1-

494 5113 606 5183 (72)
642 5107 1280 5183 Deverbis'_Firmiliani
1340 5108 1508 5183 initio
1567 5108 1747 5183 hujus
1803 5112 2060 5182 epistola)

420 5181 902 5239 ocCurrentibus:
936 5181 999 5236 In
1029 5196 1202 5234 unum
1248 5182 1558 5249 convenire,
1618 5182 1738 5237 haec
1794 5181 2064 5241 observat

422 5254 748 5311 Pamelius:
787 5253 1113 5310 Gracismus
1144 5253 1241 5316 est,
1274 5257 1382 5306 etc.

493 5329 604 5398 (75)
627 5325 790 5398 Apud
816 5323 1142 5398 Baluzium,
1173 5340 1229 5395 p.
1266 5324 1388 5394 118,
1411 5323 1538 5398 vide
1575 5329 1723 5396 part.
1743 5343 1822 5381 x11
1849 5328 2060 5382 Hister.

421 5395 920 5465 ThéolngCrilic,
955 5412 1010 5465 p.
1043 5396 1169 5462 596,
1205 5401 1324 5449 not.
1360 5413 1393 5448 a
1424 5399 1480 5450 et
1511 5395 1560 5449 b.

492 5470 605 5538 (74)
637 5468 933 5539 Origenes.
965 5466 1223 5539 lib.wvm,
1253 5471 1441 5539 contra
1469 5467 1706 5539 Celsum,
1753 5485 1917 5522 num.
1967 5471 2060 5537 75,

422 5541 634 5613 p.798,
667 5538 818 5613 ιρὰ),
846 5538 866 5593 1
898 5539 1033 5613 edit.
1069 5538 1418 5613 Monach._$_.
1467 5538 1671 5594 Mauri.
1709 5562 1728 5588 α
1792 5540 1952 5613 Quod
2010 5543 2059 5597 si

467 5611 525 5668 ui
573 5611 635 5667 in
692 5609 949 5683 Ecclesia
998 5618 1272 5683 praesunt,
1335 5609 1494 5683 illius
1531 5627 1677 5683 Aquas
1733 5611 2060 5683 secundum

467 5629 525 5668 Ill
573 5628 635 5667 111
693 5628 949 5666 150018818.
998 5628 1272 5683 praesunt,
1335 5628 1494 5665 1111118
1547 5628 1677 5682 qua:
1733 5628 2058 5668 secundum

421 5628 604 5744 geum
636 5685 726 5740 est
755 5682 977 5757 patrias,
1005 5683 1135 5740 dico
1168 5686 1387 5753 autem,
1419 5680 1710 5751 Ecclesia,
1743 5682 1784 5738 ii
1813 5683 1916 5755 qui
1972 5683 2058 5740 di-

2169 4661 2617 4807 “13:32:25.
2648 4747 2910 4816 Synodos
2939 4744 3241 4801 Africanas
3294 4747 3354 4799 et
3389 4742 3712 4808 Asiaticae,
3768 4743 3831 4798 in

2171 4897 2387 4949 cuntur
2412 4889 2733 4963 προστάται,
2749 4887 3070 4963 praepositi,
3092 4886 3268 4963 qui_et
3289 4889 3575 4958 pmsunt,
3607 4902 3836 4963 secun-

2171 4967 2314 5020 dum
2347 4980 2415 5019 ea
2456 4958 2592 5034 quae
2617 4958 2769 5034 sunt:
2787 4958 3082 5034 ordinata
3111 4958 3321 5034 a_De_o,
3380 4964 3489 5014 etc.
3530 4978 3560 5006 »
3630 4959 3838 5034 .AAdisis

2172 5030 2621 5092 Petavium'lib.
2655 5032 2802 5088 mdo
2829 5032 3118 5090 Hierarch.
3149 5031 3375 5097 Eccles.,
3433 5045 3564 5100 cap.
3626 5030 3690 5095 8,
3751 5033 3778 5099 §
3808 5031 3840 5084 4

2171 5106 2590 5262 δεῗῗῲίῖιξιῗίίὲςι
2625 5175 2793 5262 reb»
3067 5173 3134 5262 ττι
3159 5173 3246 5262 1.7.-
3277 5173 3370 5262 2.4:

2170 5242 2353 5378 “$76)
2382 5242 2612 5304 Videsis
2643 5246 3003 5303 Honoratum
3037 5262 3071 5301 a
3099 5245 3159 5300 8.
3189 5244 3369 5301 Maria
3399 5242 3513 5299 loc.
3549 5244 3659 5302 cit.
3702 5264 3836 5321 pag.

2243 5402 2353 5474 (77)
2402 5399 2678 5474 Prudent.
2715 5397 2938 5474 M_a_ran_.
2974 5395 3037 5451 In
3065 5393 3202 5474 Yita
3234 5393 3628 5474 S._Cypriani,
3668 5399 3700 5466 §
3747 5399 3836 5454 29.

2171 5467 2422 5542 depart.
2456 5488 2535 5526 xu
2567 5472 2730 5530 Hist,
2764 5469 3011 5538 Theolog.
3053 5467 3188 5523 Crit.
3223 5483 3258 5542 p
3292 5467 3413 5520 118.

2243 5537 2358 5616 (78)
2383 5541 2607 5616 Walch.
2635 5543 2770 5597 Hist.
2805 5537 3009 5598 Haeres.
3044 5543 3189 5596 tom.
3225 5537 3268 5610 1,
3301 5554 3358 5610 p.
3420 5537 3546 5594 160.
3584 5543 3648 5597 et
3681 5557 3836 5614 seq.:

2169 5623 2224 5672 et
2254 5615 2311 5689 ρ.
2346 5615 2466 5683 189,
2518 5615 2645 5669 190.
