4112 6174
275 293 299 349 1
312 287 426 347 477

1336 283 1694 345 ANNALES
1739 280 2141 345 ECCLESIE
2184 280 2605 346 AFRICANE

3512 286 3670 351 M78

269 423 601 494 exponeret,
643 422 699 475 et
748 419 1029 491 corporis,
1081 418 1216 474 licet
1276 422 1545 474 manente
1614 432 1910 487 compage,
1944 417 1997 483 Α
2025 414 2438 472 Tertullianus.
2474 416 2573 472 Ille
2604 422 2756 472 certe
2789 433 2974 489 usque
3017 417 3089 473 ad
3140 418 3487 491 decrepitam
3520 426 3666 477 aeta-

270 511 567 566 bominem
599 508 794 564 animo
825 524 891 563 ac
932 512 1125 563 mente
1165 510 1435 562 mutaret.
1473 506 1580 571 Qui
1616 504 1912 578 possibilia

269 603 377 667 est,
412 598 661 663 aiebam,
689 600 853 652 tanta
899 596 1195 652 conversio
1220 596 1247 650 ?
1282 618 1307 644 n
1356 596 1504 650 Vicit
1548 600 1765 661 tamen,
1797 595 1910 649 Deo

267 693 527 752 auctore,
556 685 840 751 Caecilius,
898 702 1150 756 eumque
1198 684 1459 739 Ecclesia
1508 685 1699 738 virum
1730 683 1909 752 dedit,

268 776 501 849 qualem
554 774 786 830 miseris
834 772 1310 845 calamitosisque
1353 774 1736 845 temporibus,
1786 787 1911 842 qua!

259 867 385 937 jam
434 863 873 935 impendebant,
924 866 1124 934 Optare
1172 861 1380 933 magis,
1440 878 1615 931 quam
1678 876 1913 933 sperare

269 956 484 1023 posset,
518 966 631 1004 non
667 949 839 1003 modo
872 948 1103 1020 ingenio
1133 953 1190 1003 et
1221 949 1486 1004 doctrina
1520 952 1909 1019 praestantem,

268 1040 369 1096 sed
423 1038 673 1094 concilio
722 1037 781 1092 in
830 1038 1035 1108 primis
1078 1044 1136 1092 et
1176 1037 1466 1109 sapientia
1496 1042 1554 1091 et
1584 1036 1914 1092 constantia

269 1127 699 1184 admirabilem.
754 1127 1075 1199 Cyprianus
1123 1142 1257 1181 vero
1290 1143 1402 1181 non
1428 1128 1552 1196 jam
1584 1142 1644 1180 se
1675 1124 1911 1194 victum,

267 1218 369 1273 sed
393 1218 454 1271 in
480 1217 806 1271 libertatem
830 1214 1183 1270 vindicatum
1210 1215 1451 1286 putavit,
1473 1216 1659 1286 deque
1683 1213 1912 1281 patroni

270 1306 361 1362 sui
393 1306 632 1361 nomine
661 1304 868 1360 exinde
898 1304 1163 1359 Caecilius
1192 1304 1515 1375 Cyprianus
1546 1302 1658 1358 dici
1690 1302 1911 1369 voluit;

268 1411 442 1467 quem
477 1400 534 1449 et
565 1417 593 1444 «
626 1398 745 1449 toto
779 1394 1016 1458 honore,
1040 1392 1234 1464 inquit
1261 1394 1521 1458 Pontius,
1547 1396 1721 1462 atque
1754 1390 1912 1445 omni

269 1482 639 1537 observantia
666 1480 966 1553 diligebat,
999 1481 1342 1553 obsequenti
1386 1482 1755 1536 veneratione
1786 1496 1913 1533 sue-

268 1570 514 1642 pieiens,
540 1586 653 1625 non
674 1572 794 1638 jam
822 1576 883 1622 ut
905 1570 1159 1624 amicum
1189 1570 1395 1624 animae
1414 1567 1791 1639 comqualem,
1813 1567 1913 1621 sed

270 1665 557 1731 tanquam
590 1675 746 1713 novae
778 1660 906 1712 vitae
940 1664 1262 1729 parentem.
1298 1681 1325 1707 »

347 1749 416 1803 ll.
447 1747 818 1819 Carthaginis
865 1746 1116 1803 incolam
1158 1753 1284 1803 tum
1330 1747 1511 1802 fuisse
1559 1746 1913 1819 Cyprianum

347 1792 416 1803 ...
451 1792 817 1819 “uno”..-
866 1792 1116 1803 ...ν-...ω
1162 1792 1284 1803 ω...
1330 1792 1511 1802 "mw
1563 1792 1913 1819 vuum"-..

274 1854 344 1893 ex
392 1836 639 1908 epistola
686 1835 975 1905 novimus,
1040 1853 1213 1908 quam
1271 1836 1588 1907 aliquando
1632 1834 1795 1889 exsul
1846 1833 1916 1887 ad
1946 1792 1994 1854 Β

276 1926 493 1981 clerum
526 1924 1035 1995 Carthaginensem
1069 1926 1340 1997 scripsit:
1375 1941 1510 1979 nam
1544 1924 1653 1979 sibi
1680 1925 1736 1978 in
1772 1924 1919 1978 votis

278 2015 530 2071 reditum
571 2030 699 2069 esse
731 2014 1088 2085 significans,
1115 2036 1141 2063 «
1176 2015 1273 2069 ubi
1305 2014 1482 2080 enim,
1508 2014 1700 2085 inquit
1722 2013 1915 2083 (epist.

276 2107 366 2172 36)
399 2104 539 2158 mihi
572 2108 675 2158 aut
705 2102 915 2158 melius
947 2104 1130 2174 possit
1164 2120 1290 2159 esse
1333 2107 1433 2158 aut
1478 2102 1687 2167 laetius,
1741 2118 1918 2172 quam

278 2192 419 2258 illic,
454 2191 551 2247 ubi
584 2208 677 2247 me
710 2196 858 2248 Deus
902 2193 1135 2247 credere
1182 2191 1362 2247 voluit
1389 2196 1445 2247 et
1474 2207 1731 2247 crescere
1753 2190 1779 2244 ?
1807 2189 1918 2244 Sed

278 2281 400 2338 haec
450 2281 579 2353 ipsa
605 2282 783 2336 verba
812 2296 947 2335 eum
983 2280 1120 2335 alibi
1152 2286 1356 2336 natum
1388 2280 1779 2337 submonent:
1815 2294 1920 2333 nec

278 2373 470 2425 tamen
505 2368 754 2441 patriam
790 2369 917 2439 ejus
966 2369 1200 2440 longius
1234 2369 1505 2424 dissitam
1548 2367 1918 2437 crediderim,

278 2474 412 2514 eum
461 2459 616 2513 idem
662 2458 861 2513 hortos
932 2475 1109 2530 prope
1173 2458 1585 2531 Carthaginem
1652 2454 1923 2512 habuerit

280 2546 489 2613 (Pont.,
513 2547 572 2601 in
602 2548 701 2601 Vit.
726 2546 931 2618 n.15):
965 2563 1113 2618 quos
1154 2546 1331 2602 simul
1367 2563 1499 2602 cum
1535 2545 1768 2619 praediis
1812 2544 1922 2599 hoc

282 2651 434 2689 anno
463 2634 745 2703 vendidit,
781 2639 845 2689 ut
894 2634 1139 2705 pecunia
1189 2636 1425 2691 redacta
1470 2635 1766 2708 egentium
1799 2633 1921 2687 ino-

284 2724 437 2793 piam
472 2727 827 2778 sustentaret
857 2722 1059 2794 (Idem,
1092 2723 1224 2778 ibid.
1260 2741 1318 2779 n.
1352 2725 1428 2794 2).

673 2873 866 2911 ANNUS
904 2873 1281 2912 CHRISTIANUS
1319 2873 1533 2912 CCXLIV.

462 2944 750 3000 DONATO
780 2945 1119 3001 EPISCOPO
1159 2944 1746 3001 CARTHACINENSI.

357 3052 401 3107 Ι.
436 3051 716 3123 Signatur
746 3050 838 3106 hic
870 3068 1059 3107 annus
1091 3051 1398 3123 Peregrino
1430 3058 1488 3107 et
1522 3051 1715 3107 Fulvio
1745 3051 1925 3107 (Emi-

284 3140 439 3196 liano
468 3139 846 3195 consulibus:
881 3139 982 3203 Qui
1017 3140 1346 3213 reipublicae
1373 3141 1635 3196 funestus
1661 3142 1766 3195 fuit
1788 3141 1921 3196 Gor-

285 3229 444 3285 diani
508 3236 648 3301 Aug.
697 3230 869 3284 caede.
933 3229 1122 3299 Hujus
1185 3235 1388 3285 auctor
1449 3229 1745 3285 ferebatur
1804 3231 1928 3302 ipse

286 3318 608 3390 Philippus,
633 3319 731 3390 qui
763 3318 1077 3389 imperium
1106 3319 1708 3393 proximussuscepit,
1743 3336 1927 3390 quan-

288 3424 465 3480 quam
496 3408 652 3463 idem
682 3408 1054 3463 Christianus
1093 3408 1218 3479 jam
1280 3413 1403 3462 tum
1451 3408 1633 3463 fuisse
1673 3410 1931 3465 creditus

288 3501 398 3561 est,
429 3501 486 3551 et
526 3498 598 3551 ob
649 3501 879 3551 tantum
930 3496 1121 3551 scelus
1165 3496 1271 3551 hoc
1318 3512 1493 3562 anno,
1543 3513 1679 3551 cum
1728 3497 1930 3552 Antio-

289 3585 429 3639 chize
461 3600 625 3639 sacro
658 3585 1119 3639 Christianorum
1152 3584 1463 3640 conventui
1503 3587 1708 3641 adesse
1739 3586 1931 3655 vellet,

291 3673 568 3744 aBabyla
619 3673 891 3745 episcopo
947 3674 1199 3743 rejectus
1260 3674 1465 3729 1420
1524 3690 1651 3731 esse
1701 3676 1931 3745 (Euseb.

293 3766 364 3817 Η.
401 3761 613 3830 E.,1ib.
673 3778 749 3829 v1,
796 3777 923 3832 cap.
973 3762 1103 3832 34):
1156 3777 1332 3832 quam
1380 3761 1607 3833 Babylae
1657 3769 1935 3819 constan-

292 3850 434 3905 tiam
464 3850 721 3906 Joannes
746 3849 1194 3921 Chrysostomus
1225 3850 1454 3906 eximiis
1475 3850 1750 3908 laudibus
1777 3869 1937 3908 exor-

294 3940 452 3994 navit
482 3939 663 4010 (Oper.
696 3942 738 3992 t.
775 3940 843 3993 ΙΙ.
879 3954 934 4007 p.
967 3938 1114 4009 545).

367 4028 435 4083 Il.
487 4027 811 4100 Cyprianus
852 4026 1074 4083 interea
1117 4027 1468 4100 Carthagine
1519 4034 1678 4086 totus
1720 4031 1934 4086 eratin

292 4117 507 4173 studiis
537 4116 865 4171 divinarum
899 4117 1270 4182 Litterarum,
1326 4123 1388 4173 ut
1435 4126 1719 4189 quantum
1770 4119 1936 4175 bonis

295 4207 519 4262 artibus
551 4205 922 4277 externisque
970 4206 1295 4278 disciplinis
1344 4207 1666 4276 excelleret,
1708 4214 1935 4264 tantum

294 4295 613 4351 christiana
661 4294 837 4350 etiam
914 4295 1176 4351 doctrina
1258 4301 1737 4367 praestaretJnter
1807 4298 1936 4354 reli-

296 4402 411 4457 qua
462 4385 694 4439 Patrum
729 4383 948 4454 scripta
988 4385 1415 4440 Tertullianum
1470 4388 1541 4441 ab
1589 4403 1655 4441 eo
1705 4388 1940 4442 assidue

294 4473 506 4529 lectum
544 4478 790 4528 testatur
821 4474 1205 4545 Hieronymus
1236 4475 1323 4544 (de
1358 4476 1465 4529 Vir.
1506 4476 1707 4539 illust.,
1740 4492 1789 4530 c.
1821 4477 1913 4547 53)

296 4563 394 4635 qui
428 4580 489 4618 se
521 4562 628 4617 hoc
660 4580 692 4617 a
724 4579 860 4618 sene
918 4562 1328 4618 Concordiensi
1387 4563 1662 4618 didicisse
1701 4565 1800 4631 ait,
1835 4566 1933 4636 qui

296 4669 330 4707 a
361 4652 587 4707 notario
618 4650 884 4724 Cypriani
916 4650 1255 4707 adolescens
1297 4652 1491 4707 Romae
1532 4653 1817 4718 audierat,
1852 4670 1938 4709 re-

298 4742 445 4796 ferre
494 4741 685 4807 solito,
742 4760 762 4788 α
798 4758 1100 4813 nunquam
1151 4740 1496 4813 Cyprianum
1548 4742 1767 4812 absque
1800 4742 1938 4797 Ter-

296 4828 525 4883 tulliani
559 4829 805 4884 lectione
865 4846 1047 4882 unum
1106 4827 1259 4883 diem
1328 4827 1695 4898 praeteriisse,
1730 4845 1795 4883 ac
1825 4828 1939 4884 sibi

297 4918 496 4973 crebro
526 4918 754 4973 dicere:
791 4917 873 4973 Da
920 4917 1285 4988 magistrum,
1321 4915 1744 4971 Tertullianum
1781 4918 1937 4972 vide-

296 5005 467 5069 licet;
504 5030 531 5055 ››
560 5024 627 5063 ex
676 5023 791 5077 quo
840 5011 1032 5061 tamen
1083 5005 1181 5061 ille
1234 5007 1317 5060 sic
1367 5005 1501 5060 boni
1549 5007 1699 5076 quod
1730 5006 1937 5078 inerat,

297 5095 552 5151 delibare
583 5096 805 5162 didicit,
839 5100 902 5149 ut
934 5095 1088 5151 mala
1113 5096 1371 5167 prudens
1394 5092 1675 5165 rejiceret,
1700 5111 1766 5150 ac
1789 5112 1941 5167 saepe

299 5184 672 5241 dissimulato
703 5184 940 5240 nomine
967 5185 1263 5240 refutaret.

707 5334 900 5374 ANNUS
938 5333 1309 5373 CHRISTIANUS
1348 5333 1539 5373 CCXLV.

473 5407 753 5463 DONATO
797 5407 1127 5463 EPISCOPO
1168 5408 1252 5461 CA
1265 5406 1769 5461 RTHAGINENSI.

370 5512 748 5569 Consulatum
782 5515 1037 5571 inierunt
1069 5516 1208 5587 imp.
1264 5514 1340 5569 M.
1385 5511 1578 5568 Julius
1610 5512 1938 5587 Philippus,

296 5599 426 5660 Tib.
461 5600 673 5658 Fabius
704 5602 987 5661 Titianus.
1024 5605 1139 5661 Hoc
1186 5619 1337 5660 anno
1388 5606 1657 5660 mortuus
1697 5607 1941 5676 putatur

2019 510 2336 573 tem,teste
2394 506 2743 577 Hieronymo
2805 506 2889 577 (de
2946 509 3056 564 Vir.
3113 508 3316 573 illast,
3376 526 3426 563 c.
3457 510 3551 580 53)
3581 511 3664 565 vi-

2019 595 2177 650 xisse
2207 595 2399 649 dictus
2431 600 2539 657 est,
2573 600 2747 665 atque
2777 596 2844 649 ad
2880 595 3133 651 mediam
3185 598 3420 668 quidem
3454 599 3667 654 Catho-

2021 683 2190 752 licus,
2223 683 2427 739 exinde
2459 683 2831 747 Montanista,
2855 684 2965 739 sub
2993 689 3306 740 extremam
3331 704 3463 743 vero
3487 689 3666 744 etiam

2022 772 2458 827 haeresiarches.
2495 772 2723 827 Utinam
2754 771 2851 843 qui
2878 773 3171 827 memoriae
3196 774 3339 829 tanti
3366 775 3669 847 scriptoris

2022 860 2235 927 favent,
2267 878 2517 932 eumque
2559 860 2873 931 aliquando
2922 862 2993 916 ad
3043 864 3256 918 bonam
3307 863 3533 937 frugem
3578 883 3668 922 re-

2022 948 2202 1004 diisse
2231 950 2565 1020 opinantur,
2598 949 2855 1020 idipsum
2887 949 3103 1005 indicio
3146 950 3341 1023 aliquo
3382 959 3484 1009 aut
3513 960 3669 1011 certa.

2021 1037 2220 1108 aliqua
2265 1042 2524 1093 veterum
2581 1038 2923 1093 auctoritate
2970 1040 3385 1097 confirmarent
3413 1041 3425 1096 Ι
3458 1044 3671 1101 Contra

2024 1126 2081 1180 in
2114 1126 2347 1198 scriptis
2370 1127 2497 1196 ejus
2522 1124 2679 1181 nulla
2705 1126 3038 1197 paenitentis
3064 1127 3246 1183 animi
3267 1130 3510 1201 vestigia
3532 1137 3672 1190 sunt

2026 1215 2243 1271 mansit
2274 1221 2429 1271 secta
2450 1218 2713 1285 ejusdem
2739 1233 2926 1288 usque
2949 1218 3015 1270 ad
3042 1219 3349 1289 Augustini
3384 1226 3496 1277 tem
3510 1240 3667 1296 pora,

2024 1303 2223 1376 lapsus
2254 1305 2447 1359 adhuc
2496 1309 2551 1359 et
2603 1304 2945 1359 defectionis
3005 1307 3282 1361 memeria
3315 1314 3573 1380 perstat:
3607 1315 3673 1368 ut

2023 1410 2157 1448 eum
2209 1392 2379 1464 plane
2427 1391 2645 1447 exitum
2698 1392 2974 1448 habuisse
3024 1395 3307 1463 videatur,
3354 1399 3425 1453 ad
3491 1416 3667 1471 quem

2018 1482 2245 1551 jamdiu
2282 1482 2597 1552 pertinacia
2630 1481 2757 1552 ipsa
2802 1487 2858 1536 et
2905 1481 3201 1538 catholicae
3234 1485 3498 1542 Ecclesiae
3530 1506 3668 1545 con-

2022 1575 2245 1641 temptu
2281 1571 2699 1625 adducebatur.
2760 1570 2961 1625 Nonne
3018 1572 3171 1626 enim
3231 1580 3395 1630 aetate
3436 1593 3669 1649 quoque

2025 1665 2225 1714 nostra
2256 1659 2495 1731 paribus
2525 1658 2709 1713 initiis
2760 1658 3028 1715 homines
3088 1663 3215 1731 ejus
3248 1665 3406 1719 modi
3436 1666 3669 1738 ingenio

2026 1747 2408 1819 doctrinaque
2438 1748 2639 1802 ﬂorere
2687 1748 2963 1818 vidimus,
2997 1750 3093 1819 qui
3153 1768 3305 1822 saepe
3358 1753 3488 1809 aliis
3519 1760 3672 1812 recte

2029 1836 2255 1891 vivendi
2287 1841 2552 1891 auctores
2586 1837 2855 1904 fuerant;
2908 1854 3156 1909 quorum
3188 1843 3385 1896 tamen
3417 1847 3674 1901 extrema

2029 1926 2223 1980 studio
2272 1926 2525 1996 partium
2575 1926 2850 1996 aurisque
2900 1925 3279 1997 popularibus
3328 1932 3568 2004 abrepta
3605 1951 3672 1991 ao

2028 2015 2351 2068 deformata
2407 2013 2770 2083 deﬂevimus,
2851 2014 3013 2069 irrito
3092 2018 3376 2074 bonorum
3435 2028 3669 2094 conatu,

2030 2103 2127 2174 qui
2159 2119 2257 2157 eos
2287 2104 2357 2157 ad
2395 2103 2601 2173 prioris
2632 2103 2759 2156 vita:
2796 2103 3038 2158 consilia
3070 2121 3336 2163 revocare
3363 2110 3675 2169 volebant?

2028 2192 2158 2246 Haec
2190 2191 2466 2245 nimirum
2502 2191 2785 2261 superbiae
2820 2208 2987 2262 paena
3029 2193 3309 2252 divinitus
3357 2200 3677 2260 constituta

2029 2284 2119 2335 est
2150 2284 2215 2334 ut
2242 2278 2354 2335 sibi
2384 2280 2512 2351 ipsa
2542 2279 2854 2351 perniciem
2883 2280 3093 2337 inferat
3123 2283 3528 2344 voluntariam.

2421 2439 2613 2477 ANNUS
2652 2439 3028 2480 CHRISTIANUS
3066 2442 3283 2482 CCXLVI.

2196 2529 2483 2585 DONATO
2524 2529 2864 2585 EPISCOPO
2903 2530 3508 2594 CARTHAGINENSI.

2105 2660 2340 2708 Annum
2390 2651 2739 2707 inchoarunt
2782 2654 3053 2710 consules
3084 2655 3347 2715 Bruttius
3389 2664 3672 2736 Praesens,

2032 2741 2346 2798 Nummius
2385 2739 2660 2796 Albinus:
2687 2758 2836 2812 quos
2860 2747 3053 2798 autem
3078 2746 3353 2816 praesides
3374 2748 3429 2803 id
3454 2754 3676 2824 tempo-

2036 2833 2115 2886 ris
2147 2830 2337 2885 Africa
2366 2829 2657 2897 habuerit,
2680 2830 2919 2887 omnino
2947 2832 3307 2905 ignoramus.
3341 2842 3417 2893 At
3446 2839 3677 2912 Cypria-

2036 2937 2149 2976 nus
2180 2919 2365 2974 sacris
2396 2918 2454 2973 in
2485 2918 2863 2990 Litterisjam
2919 2920 3219 2979 biennium
3252 2933 3539 2997 versatus,
3572 2948 3676 3005 pa-

2036 3026 2155 3064 rem
2192 3024 2253 3064 se
2284 3013 2341 3063 et
2372 3006 2635 3079 religioni
2668 3009 2897 3064 tuendae
2924 3015 2979 3065 et
3020 3011 3283 3071 moribus
3313 3019 3677 3078 conforman-

2037 3099 2128 3153 dis
2160 3097 2431 3153 ostendit.
2465 3097 2611 3151 Nam
2643 3097 2749 3152 hoc
2774 3115 2928 3153 anno
2954 3099 3185 3157 initium
3218 3104 3507 3162 scribendi
3541 3109 3678 3167 fecit

2039 3187 2111 3242 ab
2142 3193 2345 3241 ornata
2372 3184 2473 3241 illa
2506 3186 2870 3259 maximeque
2909 3187 3113 3245 limata
3144 3192 3378 3263 Epistola
3408 3197 3478 3253 αεὶ
3509 3199 3679 3256 Dona-

2037 3285 2151 3333 tum
2180 3277 2441 3341 amicum,
2473 3274 2533 3330 in
2565 3292 2680 3347 qua
2711 3280 2767 3330 et
2804 3276 3017 3333 veteris
3066 3279 3192 3335 vitae
3220 3298 3445 3341 errores
3475 3287 3681 3359 depin-

2038 3366 2123 3438 git
2152 3382 2291 3420 suos
2323 3368 2379 3419 et
2425 3364 2681 3436 suscepti
2732 3365 3003 3437 baptismi
3048 3368 3323 3426 virtutem
3355 3374 3599 3448 extollit,
3627 3380 3685 3433 et

2037 3454 2178 3508 vitia
2208 3451 2511 3508 hominum
2544 3458 2764 3523 quanta
2795 3453 2937 3521 sint,
2969 3460 3026 3510 et
3057 3473 3231 3527 quam
3262 3463 3491 3535 magnis
3522 3481 3553 3520 e
3582 3481 3681 3537 pe-

2041 3542 2244 3597 riculis
2274 3545 2506 3612 ereptus
2537 3541 2731 3607 fuerit,
2765 3542 2952 3614 gratia
2992 3544 3169 3600 divini
3222 3548 3487 3606 beneﬁcii
3519 3570 3680 3609 com-

2042 3629 2461 3686 memoratione
2492 3629 2765 3685 declarat.
2818 3632 2951 3697 Quae
3001 3636 3196 3691 tamen
3242 3638 3565 3711 Cyprianus
3595 3658 3685 3700 re-

2043 3737 2179 3775 cens
2210 3738 2240 3775 e
2270 3718 2489 3787 schola,
2523 3724 2580 3774 et
2610 3719 2869 3775 fucatum
2903 3725 3219 3793 quemdam
3251 3728 3501 3785 nitorem
3536 3749 3685 3789 non-

2044 3810 2185 3864 dum
2217 3807 2455 3875 oblitus,
2507 3824 2572 3863 eo
2621 3808 2848 3864 dicendi
2896 3827 3105 3882 genere
3145 3820 3537 3890 pertractavit,
3570 3836 3685 3893 quo

2044 3898 2252 3953 deinde
2282 3896 2581 3969 gravitatis
2611 3898 2811 3953 1421
2858 3901 3160 3959 studiosus
3207 3922 3509 3978 nunquam
3543 3926 3690 3967 usus

2045 3992 2151 4057 est,
2172 3986 2230 4041 id
2255 3986 2618 4057 Augustinus
2640 4010 2665 4035 ‹‹
2689 4004 2999 4057 spumeum
3024 3993 3329 4049 verborum
3354 3997 3640 4054 ambitum
3658 4020 3687 4049 »

2046 4074 2319 4147 appellat,
2355 4073 2606 4145 primum
2641 4074 2747 4129 hoc
2778 4074 3045 4147 Cypriani
3079 4096 3227 4151 opus
3279 4082 3362 4138 sic
3407 4088 3686 4154 perstrin-

2046 4182 2189 4235 gens
2219 4164 2304 4234 (de
2332 4164 2482 4218 Doct.
2517 4164 2736 4225 Christ,
2771 4164 2868 4217 lib.
2907 4183 2981 4235 ιν,
3015 4184 3063 4222 c.
3100 4169 3226 4237 14):
3269 4192 3290 4219 ι
3324 4177 3438 4241 Est,
3468 4173 3685 4247 inquit,

2046 4253 2159 4308 tale
2190 4252 2407 4323 aliquid
2442 4252 2497 4306 in
2533 4252 2775 4321 epistola
2828 4252 3146 4311 beatissimi
3194 4260 3487 4332 Cypriani,
3528 4265 3685 4336 quod

2046 4342 2175 4396 ideo
2210 4348 2346 4413 puto
2377 4340 2460 4395 vel
2496 4340 2798 4407 accidisse,
2846 4342 2931 4395 vel
2982 4346 3248 4402 consulto
3288 4349 3507 4406 factum
3538 4369 3684 4425 esse,

2050 4436 2113 4485 ut
2143 4431 2391 4485 sciretur
2435 4445 2468 4483 a
2519 4428 2789 4499 posteris,
2850 4448 3023 4501 quam
3086 4432 3351 4506 linguam
3412 4441 3687 4498 doctrinm

1922 4517 1935 4587 ζ
1973 4522 2013 4585 D
2048 4520 2374 4574 christiana}
2406 4518 2629 4572 sanitas
2680 4518 2751 4572 ab
2798 4518 2909 4573 ista
2960 4522 3349 4581 redundantia
3387 4546 3689 4587 revocave-

2051 4610 2143 4673 rit,
2178 4614 2233 4661 et
2264 4608 2331 4660 ad
2366 4606 2758 4676 eloquentiam
2792 4608 3107 4671 graviorem
3163 4616 3690 4691 modestioremque

2048 4695 2429 4758 restrinxerit,
2463 4694 2653 4765 qualis
2685 4694 2745 4750 in
2777 4698 2905 4764 ejus
2952 4705 3448 4773 consequentibus
3479 4706 3688 4764 litteris

2049 4800 2248 4841 secure
2281 4789 2531 4854 amatur,
2566 4782 2833 4855 religiose
2861 4788 3174 4859 appetitur,
3210 4796 3308 4848 sed
3343 4795 3690 4852 difﬁcillime

2049 4871 2343 4944 impletur.
2378 4893 2405 4920 »

2402 5033 2558 5071 ANNU
2568 5034 2596 5071 S
2658 5032 3033 5076 CHRISTIANUS
3101 5039 3335 5079 CCXLVII.

2216 5122 2504 5179 DONA'I‘O
2545 5122 2882 5179 EPISCOPO
2922 5126 3519 5188 CARTllAGINENSI.

2124 5253 2165 5303 Ι.
2199 5245 2477 5302 Consules
2511 5248 2666 5300 fuere
2699 5245 2839 5316 imp.
2890 5246 2964 5302 M.
3013 5249 3207 5307 Julius
3243 5253 3542 5326 Philippus
3580 5255 3696 5313 ite-

2052 5353 2204 5403 rum,
2228 5336 2303 5389 M.
2326 5334 2517 5389 Julius
2545 5333 2851 5405 Philippus
2876 5337 3083 5403 Caesar,
3110 5341 3355 5412 Augusti
3389 5342 3567 5415 ﬁlius,
3592 5344 3694 5415 qui

2050 5432 2107 5481 et
2139 5427 2261 5496 ipse
2292 5423 2401 5478 sub
2436 5422 2571 5476 anni
2600 5422 2816 5475 exitum
2848 5425 3149 5495 Augustus
3181 5448 3212 5482 a
3244 5436 3449 5486 senatu
3481 5437 3569 5487 est
3598 5449 3696 5504 ap-

2051 5515 2318 5588 pellatus.
2344 5512 2425 5567 Ad
2455 5511 2611 5565 hunc
2639 5528 2858 5567 annum
2886 5521 3144 5585 spectare
3168 5518 3398 5577 videtur
3419 5520 3699 5593 Cypriani

2049 5604 2216 5673 liber,
2251 5601 2350 5676 qui
2380 5616 2536 5656 nunc
2568 5599 2913 5658 inscribitur
2940 5602 3006 5661 de
3038 5605 3293 5669 Vanitate
3321 5608 3623 5682 idolorum,
3647 5610 3708 5666 at
