4112 6174
444 319 601 384 M79

1943 312 2336 380 MORCELLI

3685 319 3850 388 1480

441 455 580 510 olim
611 467 716 525 pro
744 451 1087 523 argumento
1108 447 1467 521 praeferebat,
1495 465 1619 520 quae
1642 465 1796 505 nunc
1815 448 1950 505 libri
1973 448 2078 504 ini-
2104 451 2160 518 Α
2189 450 2436 505 randum
2468 453 2641 518 esset,
2673 449 2855 506 totius
2876 448 3224 507 Christiana
3252 451 3438 524 plebis
3457 451 3612 508 oculi
3634 453 3695 508 in
3730 453 3846 526 Cy-

439 543 591 598 tium
623 545 925 614 putantur,
961 554 1170 610 nempe
1207 558 1228 586 ι
1262 538 1416 610 quod
1442 537 1596 592 idola
1626 538 1705 593 dii
1733 556 1847 594 non
1881 538 2082 604 sint,et

441 630 596 704 quod
627 630 781 686 Deus
813 645 967 683 unus
998 627 1095 694 sit,
1155 630 1212 683 et
1266 627 1420 698 quod
1457 643 1562 699 per
1590 627 1886 683 Christum
1920 629 2081 683 salus

441 718 821 776 credentibus
850 717 986 772 data
1016 717 1111 771 sit.
1149 737 1177 765 »
1209 719 1386 770 Porro
1417 714 1705 771 lectitatos
1737 734 1770 771 a
1798 717 2081 788 Cypriano

441 805 867 865 Tertullianum
890 809 947 860 et
977 804 1318 870 Minucium,
1344 803 1437 858 hic
1463 803 1711 860 maxime
1730 803 1876 860 liber
1895 809 2083 860 osten-

440 899 548 966 dit,
581 913 714 952 cum
748 893 934 950 multa
972 893 1030 948 in
1078 897 1328 964 utroque
1376 892 1641 948 imitatus
1684 894 1778 960 sit,
1814 894 2080 966 quaedam

438 986 615 1042 etiam
647 1001 716 1040 ex
745 988 991 1053 utroque
1023 981 1330 1053 decerpsit.
1356 981 1638 1036 Caéterum
1670 982 1922 1037 eruditio
1953 983 2082 1053 ejus

437 1073 658 1148 passim
684 1073 922 1137 eminet,
945 1076 1000 1126 et
1025 1071 1355 1126 Graecorum
1379 1087 1613 1140 quoque
1638 1071 1989 1143 scriptorum
2015 1087 2082 1127 ac

438 1160 884 1234 disciplinarum
907 1159 1170 1214 omnium
1194 1158 1448 1230 cognitio
1476 1176 1588 1214 non
1617 1159 2081 1231 vulgaris,quam

440 1251 539 1307 ille
559 1249 886 1305 Christiano
904 1246 1125 1303 homini
1146 1245 1415 1302 inutilem
1434 1264 1547 1302 non
1567 1263 1693 1302 esse
1712 1246 1933 1318 liquido
1951 1263 2083 1302 con-

439 1339 715 1396 ﬁrmavit.

514 1429 580 1484 II.
617 1427 826 1482 Eodem
863 1441 1013 1480 anno
1047 1424 1310 1480 Donatus
1341 1424 1650 1496 episCOpus
1693 1426 1815 1494 jam
1864 1423 2080 1491 senior,

442 1520 618 1588 atque
647 1515 864 1580 animo,
898 1520 959 1568 ut
1003 1513 1275 1580 arbitror,
1328 1513 1523 1568 futura
1571 1514 1944 1584 praesagiens,
1978 1517 2082 1584 Cy-

441 1605 738 1677 prianum,
763 1603 929 1672 cujus
954 1601 1277 1672 ingenium,
1303 1601 1650 1662 doctrinam.
1678 1602 1972 1665 virtutem,
2001 1617 2084 1656 re-

437 1693 716 1766 ligionem
750 1689 1169 1757 admirabatur,
1203 1689 1447 1760 dignum
1484 1689 1652 1761 plane
1689 1690 1872 1759 duxit,
1907 1706 2083 1762 quem

440 1783 593 1838 inter
615 1780 881 1836 Ecclesiae
905 1796 1023 1834 sua:
1048 1779 1418 1850 presbyteros
1444 1783 1759 1851 cooptaret.
1785 1779 1982 1850 Neque
2001 1793 2086 1834 se-

439 1871 565 1926 rius
617 1886 750 1925 eum
798 1869 982 1924 sacris
1029 1867 1324 1922 initiatum
1374 1868 1552 1922 statui
1600 1872 1808 1938 potest,
1842 1883 1975 1921 cum
2016 1867 2086 1922 de

441 1960 645 2016 eodem
677 1957 898 2013 scribat
935 1956 1167 2011 Pontius
1189 1957 1272 2027 (in
1299 1957 1422 2022 Vit.,
1447 1973 1503 2010 n.
1531 1955 1586 2027 3)
1613 1972 1624 2011 :
1659 1979 1686 2005 «
1712 1955 1895 2011 Multa
1925 1959 2083 2022 sunt,

440 2065 566 2121 qum
589 2047 779 2103 adhuc
804 2045 1084 2118 plebeius,
1106 2043 1290 2098 multa
1310 2045 1572 2115 quaajam
1600 2045 1904 2118 presbyter
1927 2045 2082 2115 fecit,

440 2136 628 2193 multa
657 2153 782 2208 qua
828 2135 898 2189 ad
947 2139 1204 2189 veterum
1255 2132 1516 2205 exempla
1555 2135 1856 2203 justorum
1891 2132 2082 2187 imita-

436 2227 593 2282 tione
622 2222 910 2280 consimili
945 2227 1305 2293 prosecutus,
1339 2222 1722 2295 promerendo
1765 2221 2081 2277 Dominum

435 2316 620 2371 totius
643 2311 942 2385 religionis
963 2310 1242 2382 obsequio
1266 2310 1568 2382 prasetitit;
1596 2332 1624 2359 »
1647 2326 1752 2365 nec
1770 2326 1906 2365 vero
1928 2309 2084 2366 ultra

439 2405 576 2460 anni
609 2399 979 2473 insequentis
1006 2400 1261 2470 spatium
1293 2399 1522 2453 dilferre
1553 2398 1922 2468 pontificatus
1953 2400 2080 2469 ejus

437 2493 673 2548 initium
707 2489 900 2556 liceat,
932 2488 1088 2559 quod
1124 2487 1196 2542 ab
1227 2503 1292 2542 eo
1323 2487 1380 2541 in
1413 2486 1676 2558 epistolis
1699 2502 1812 2541 non
1836 2488 2082 2543 obscure

440 2581 802 2652 designatur.
834 2578 1093 2648 Scriptos
1122 2593 1155 2631 a
1185 2575 1486 2648 Cypriano,
1515 2591 1650 2630 cum
1675 2576 1975 2648 presbyter
1995 2592 2082 2631 es-

439 2674 549 2736 set,
570 2675 688 2723 tres
709 2667 891 2721 libros
913 2666 1360 2720 Testimoniorum
1381 2664 1639 2718 adversus
1657 2664 1892 2732 Iudaeos,
1923 2664 2080 2719 idem

436 2760 652 2814 librum
684 2756 750 2811 de
781 2755 980 2810 Habitu
1023 2755 1324 2823 virginum,
1366 2769 1540 2825 quem
1573 2752 1663 2808 bis
1697 2753 2082 2825 Hieronymus

435 2845 732 2920 egregium
781 2843 1054 2900 volumen
1098 2841 1350 2914 appellat
1397 2843 1594 2913 (Epist.
1642 2842 1712 2897 ad
1741 2841 1992 2898 Eustoch.
2025 2845 2083 2897 et

433 2936 503 2991 ad
533 2931 834 3000 Demetr.);
885 2932 1082 3005 opinio
1129 2930 1450 2985 multorum
1491 2935 1598 2998 est,
1647 2947 1825 3003 quam
1877 2934 1932 2986 et
1964 2930 2080 2985 for-

436 3023 607 3080 mulae
638 3023 905 3095 quaedam
939 3021 998 3075 in
1030 3020 1120 3075 his
1169 3019 1456 3093 Cypriano
1509 3023 1799 3092 usurpatae
1832 3036 2079 3093 persua-

439 3114 633 3168 deant.

789 3268 976 3309 ANNUS
1033 3268 1404 3308 CHRISTIANUS
1463 3267 1721 3307 CCXLVIII.

566 3359 926 3417 CYPRIANO
965 3358 1305 3414 EPISCOPO
1353 3357 1949 3415 CARTHAGINENSI.

509 3507 553 3558 1.
590 3502 848 3558 Rursum
882 3501 1224 3557 consulatus
1256 3516 1433 3571 penes
1464 3505 1778 3571 Augustos,
1812 3501 1920 3556 fuit
1945 3501 2079 3557 Phi-

439 3590 664 3664 lippum
690 3597 911 3662 patrem
934 3605 1018 3660 ιιι,
1044 3587 1377 3660 Philippum
1403 3589 1588 3643 lilium
1612 3606 1669 3644 ιι.
1697 3588 1810 3645 Nec
1833 3590 2080 3645 dubium

439 3684 529 3734 est
557 3695 624 3733 ea
655 3680 905 3732 maxime
935 3678 1006 3733 de
1027 3693 1206 3732 causa
1222 3676 1492 3732 consules
1515 3683 1623 3731 hoc
1653 3694 1806 3733 anno
1838 3679 2080 3734 refectos

439 3783 568 3822 esse
600 3770 916 3838 Augustos,
952 3766 1106 3837 quod
1140 3766 1190 3821 is
1221 3766 1365 3821 foret
1394 3783 1427 3820 a
1457 3765 1690 3820 condita
1723 3764 1868 3822 Urbe
1899 3766 2080 3823 mille-

440 3855 630 3911 simus
654 3871 668 3911 :
701 3855 869 3924 cujus
892 3854 970 3909 rei
995 3870 1130 3926 ergo
1158 3852 1280 3908 ludi
1309 3853 1746 3925 apparatissimi
1778 3855 1910 3910 facti
1941 3861 2082 3912 sunt

435 3961 491 3999 x1
524 3942 648 3999 Kal.
683 3943 885 4010 Maias,
909 3959 1021 4012 quo
1050 3943 1142 3998 die
1163 3959 1354 3997 annus
1374 3941 1726 3998 millesimus
1751 3943 1974 4015 primus
1997 3946 2082 4000 in-

435 4033 778 4098 choabatur,
810 4033 1070 4103 itemque
1101 4048 1305 4087 novem
1327 4031 1458 4087 aliis
1491 4032 1910 4102 sequentibus:
1942 4050 2079 4090 con-

433 4121 620 4194 giaria
647 4120 822 4176 etiam
855 4121 927 4175 ab
969 4121 1174 4177 1422
1220 4119 1500 4191 Augustis
1544 4119 1756 4191 papulo
1787 4121 1945 4192 data,
1976 4138 2080 4178 nec

432 4225 634 4266 eorum
667 4209 991 4281 quidquam
1016 4209 1324 4277 omissum,
1349 4225 1475 4279 quae
1500 4207 1646 4264 alias
1668 4208 1824 4264 ludis
1847 4210 2080 4267 saecula-

433 4298 598 4354 ribus
629 4299 780 4354 facta
811 4315 939 4354 esse
970 4298 1295 4353 constabat.

504 4388 575 4443 Il.
607 4390 680 4443 At
706 4404 837 4443 vero
878 4386 1132 4443 Ecclesia
1173 4384 1648 4457 Carthaginensis
1692 4386 1892 4442 eodem
1926 4403 2079 4444 anno

433 4480 724 4532 Donatum
756 4476 1096 4549 episCOpum
1131 4474 1364 4529 amisit:
1401 4474 1571 4543 cujus
1602 4474 1840 4544 quidem
1874 4475 2077 4532 laudes

2189 539 2459 611 prianum
2480 538 2746 610 coniecti,
2769 542 2827 595 et
2851 556 3005 595 unus
3028 539 3280 596 maxime
3303 541 3546 597 idoneus
3566 541 3736 597 visus
3757 546 3849 597 est

2189 627 2282 683 cui
2311 627 2572 684 Ecclesia
2601 627 2703 684 illa
2739 627 3111 700 amplissima
3161 628 3643 686 committeretur.
3676 630 3844 693 Quod

2190 714 2286 770 ille
2317 720 2381 770 ut
2399 715 2602 781 sensit,
2628 714 2958 771 declinandi
2983 716 3356 787 pontificatus
3377 731 3575 783 causa,
3603 715 3844 788 publico

2191 820 2385 860 carere
2415 805 2606 876 coepit.
2641 827 2670 855 α
2702 804 2849 860 Cum
2895 805 2952 858 in
3001 803 3375 860 dilectionem
3405 806 3536 876 ejus
3567 810 3627 861 et
3657 805 3848 861 hono-

2191 909 2335 958 rem,
2366 893 2559 964 inquit
2589 892 2829 948 Pontius
2858 895 2945 957 (in
2981 894 3101 949 Vita
3131 895 3320 964 Cypr.,
3350 910 3410 947 η.
3441 894 3524 960 5),
3556 898 3718 949 totus
3747 911 3848 964 po-

2192 980 2368 1052 pulus
2395 982 2690 1053 aspirante
2721 981 2989 1048 Domino,
3035 981 3352 1053 prosiliret,
3412 981 3723 1037 humiliter
3754 983 3848 1038 ille

2192 1070 2452 1138 secessit,
2467 1069 2900 1142 antiquioribus
2919 1070 3156 1137 cedens,
3179 1074 3237 1126 et
3256 1070 3566 1142 indignum
3590 1087 3657 1126 se
3677 1070 3846 1128 titulo

2191 1159 2336 1214 tanti
2369 1158 2606 1214 honoris
2637 1158 3003 1215 existimans.
3033 1179 3060 1212 ι

2261 1249 2368 1302 Sed
2403 1264 2472 1303 ea
2491 1247 2777 1304 modestia
2797 1249 2996 1304 studia
3017 1247 3215 1320 populi
3239 1248 3421 1304 auxit.
3447 1270 3476 1297 α
3503 1247 3843 1320 Obsederat,

2193 1336 2383 1409 pergit
2407 1336 2584 1405 idem,
2617 1336 2768 1392 fores
2787 1337 3002 1392 domus
3025 1337 3262 1409 capiosa
3281 1337 3642 1401 fraternitas,
3670 1341 3729 1393 et
3749 1353 3847 1409 per

2193 1441 2396 1481 omnes
2427 1425 2623 1481 aditus
2654 1424 2904 1481 sollicita
2935 1425 3191 1481 charitas
3223 1425 3527 1482 circuibat.
3546 1427 3711 1499 Fuga
3735 1426 3844 1500 igi-

2193 1519 2292 1570 tur
2318 1513 2655 1583 interclusa,
2690 1515 3017 1585 parendum
3050 1514 3248 1586 populi
3272 1514 3565 1570 voluntati
3586 1514 3721 1582 fuit,
3746 1515 3846 1587 qui

2192 1608 2249 1659 et
2294 1607 2607 1658 venturum
2653 1603 2863 1659 anxius
2913 1607 3367 1675 exspectaverat,
3412 1609 3472 1660 et
3514 1605 3848 1660 venientem

2193 1691 2445 1763 denique
2464 1692 2677 1764 gaudio
2700 1691 3001 1748 exsultans
3021 1693 3266 1764 accepit.
3295 1693 3583 1749 Caeterum
3605 1693 3669 1748 in
3692 1709 3853 1748 sum.

2196 1797 2293 1836 ma
2314 1780 2416 1836 illa
2435 1781 2765 1838 animarum
2782 1782 3170 1839 consensione
3191 1781 3561 1854 presbyteros
3585 1782 3854 1854 quinque

2195 1868 2480 1942 Cypriano
2511 1870 2846 1928 adversatos
2901 1869 3144 1938 scimus,
3205 1871 3306 1942 qui
3358 1869 3546 1927 multa
3573 1871 3762 1927 etiam
3795 1871 3852 1926 in

2194 1973 2330 2013 eum
2361 1963 2563 2030 postea
2615 1959 2798 2014 moliti
2844 1964 2985 2014 sunt
3028 1959 3348 2032 (Cyprium,
3379 1960 3552 2031 epist.
3587 1960 3704 2030 40),
3738 1977 3852 2016 non

2192 2047 2321 2117 ejus
2366 2063 2627 2118 unquam
2674 2046 3148 2114 mansuetudine,
3202 2064 3321 2103 non
3369 2047 3684 2119 exemplis,
3737 2065 3852 2104 non

2193 2133 2491 2190 beneﬁciis
2523 2134 2754 2206 placati.
2791 2158 2819 2186 «
2852 2136 3073 2191 Invitus
3103 2135 3255 2201 dico,
3281 2137 3364 2191 ait
3387 2135 3635 2192 Pontius
3656 2138 3848 2206 (lbid.,

2191 2240 2250 2279 n.
2282 2224 2361 2295 5),
2393 2225 2494 2279 sed
2527 2230 2591 2279 ut
2621 2224 2810 2280 dicam
2843 2240 3080 2280 necesse
3109 2228 3221 2280 est.
3269 2225 3518 2289 Quidam
3548 2224 3640 2280 illi
3672 2226 3846 2282 resti-

2190 2316 2406 2380 terunt,
2437 2313 2612 2369 etiam
2645 2318 2711 2368 ut
2738 2313 3012 2370 vinceret.
3037 2313 3261 2378 Quibus
3283 2317 3480 2370 tamen
3504 2321 3738 2385 quanta
3764 2314 3846 2369 le-

2189 2401 2389 2470 nitate,
2423 2418 2600 2474 quam
2634 2403 2941 2473 patienter,
2974 2419 3151 2474 quam
3199 2403 3615 2459 benevolenter
3643 2402 3844 2458 indul-

2190 2489 2284 2558 sit,
2317 2507 2496 2561 quam
2519 2489 2835 2547 clementer
2855 2491 3108 2563 ignovit!
3134 2491 3528 2547 amicissimos
3549 2509 3652 2548 eos
3683 2497 3847 2564 post-

2190 2579 2430 2634 modum
2453 2583 2511 2635 et
2530 2579 2681 2635 inter
2701 2579 3062 2636 necessarios
3091 2585 3458 2651 computans,
3482 2580 3845 2636 mirantibus

2189 2667 2391 2723 multis
2414 2686 2426 2736 ;
2461 2667 2555 2724 cui
2576 2668 2731 2723 enim
2754 2673 2953 2740 posset
2974 2685 3090 2724 non
3111 2683 3241 2724 esse
3264 2669 3549 2724 miraculo
3572 2675 3707 2725 tam
3731 2686 3845 2724 me

2189 2757 2452 2814 moriosae
2483 2757 2700 2813 mentis
2730 2756 2941 2814 oblivio
2963 2758 2992 2812 7
3021 2779 3050 2808 »

2577 2935 2768 2976 ANNUS
2807 2936 3188 2976 CHRISTIANUS
3226 2935 3419 2977 CCXLIX
3429 2963 3440 2976 .

2314 3025 2677 3082 CYPRIANO
2721 3027 3052 3082 EPISCOPO
3104 3026 3721 3083 CARTHAGINENSI.

2264 3150 2305 3205 Ι.
2338 3149 2617 3206 Consules
2646 3157 3061 3222 processerunt
3077 3151 3312 3207 Fulvius
3343 3150 3710 3208 rEmilianus
3742 3153 3850 3207 ite-

2192 3255 2346 3306 rum,
2378 3237 2608 3294 Vettius
2645 3239 2976 3311 Aquilinus.
3033 3240 3160 3296 Fuit
3196 3239 3290 3296 hic
3332 3257 3526 3296 annus
3576 3241 3847 3297 Ecclesia

2188 3329 2361 3400 plane
2390 3327 2715 3394 luctuosus,
2748 3329 3036 3401 Philippis
3067 3332 3249 3402 Augg.
3300 3329 3558 3385 militum
3595 3330 3848 3386 factione

2189 3415 2460 3482 sublatis,
2493 3433 2741 3489 quorum
2778 3419 2966 3474 favore
2999 3423 3125 3474 tuta
3145 3434 3238 3474 res
3261 3418 3598 3474 Christiana
3635 3421 3847 3484 fuerat,

2188 3505 2537 3577 imperiique
2566 3522 2802 3561 summa
2819 3506 2888 3561 ad
2913 3506 3154 3562 Decium
3177 3506 3395 3578 delata,
3419 3524 3602 3580 quem
3628 3509 3766 3563 odio
3788 3508 3847 3562 in

2187 3593 2552 3650 Christianos
2583 3594 2924 3666 ﬂagrantem
2952 3594 3189 3667 publica
3217 3597 3536 3652 auctoritas
3563 3596 3848 3652 omnibus

2189 3683 2364 3739 rebus
2395 3683 2678 3738 armabat.

2261 3772 2330 3827 ΙΙ.
2366 3777 2614 3827 Pacatus
2644 3777 2841 3828 tamen
2866 3772 2927 3827 in
2948 3773 3145 3828 Africa
3168 3777 3328 3828 totus
3349 3772 3598 3828 deﬂuxit
3631 3790 3847 3839 annus,

2187 3861 2468 3932 licuitque
2501 3861 2786 3933 Cypriano
2815 3861 3114 3917 assiduam
3146 3862 3204 3917 in
3236 3861 3436 3934 populi
3470 3861 3848 3918 institutione

2189 3967 2422 4022 operam
2457 3965 2692 4021 ponere,
2725 3956 2783 4004 et
2813 3950 2883 4004 de
2913 3951 3122 4006 ofﬁciis
3155 3951 3332 4006 etiam
3385 3951 3455 4006 ad
3508 3951 3844 4024 episcOpos,

2189 4037 2288 4109 qui
2317 4055 2451 4094 eum
2485 4036 2886 4108 consulebant,
2920 4055 3199 4110 responsa
3226 4040 3386 4095 dare.
3408 4039 3748 4111 Scripserat
3775 4041 3844 4094 ad

2187 4143 2321 4183 eum
2355 4131 2657 4182 Eucratius
2688 4126 2998 4198 episcopus
3035 4127 3396 4183 Thenitanus
3425 4127 3497 4182 de
3525 4127 3840 4194 histrione,

2188 4215 2289 4286 qui
2314 4214 2531 4270 Thenis
2552 4213 2951 4269 Christianum
2971 4230 3034 4270 se
3059 4214 3747 4288 professus,bistrionam
3769 4216 3845 4270 fa-

2187 4319 2316 4360 cere
2334 4307 3057 4375 pergeret,rogaveratque,
3078 4321 3221 4358 num
3244 4304 3302 4358 id
3328 4303 3644 4358 ferendum
3666 4311 3842 4360 esset.

2187 4392 2397 4448 1423
2435 4392 2592 4445 llunc
2622 4407 2752 4446 vero
2793 4389 3094 4447 hominem
3143 4391 3467 4464 Cyprianus
3499 4393 3702 4463 (epist.
3731 4395 3844 4464 61),

2187 4497 2320 4536 cum
2355 4479 2633 4552 magister
2661 4484 2719 4534 et
2764 4479 2966 4536 doctor
3007 4481 3158 4537 foret
3196 4498 3312 4537 non
3357 4481 3843 4550 erudiendorum,

433 4565 602 4620 nobis
634 4564 847 4620 indidit
863 4569 1146 4635 vetustas,
1170 4581 1293 4634 quae
1327 4564 1478 4617 facta
1507 4563 1635 4633 ejus
1672 4580 1851 4635 prope
1881 4564 2080 4620 omnia
2107 4554 2154 4618 D
2186 4570 2287 4625 sed
2308 4569 2738 4642 perdendorum
2763 4571 3546 4639 puerorum,communicare
3568 4570 3845 4626 Ecclesia

433 4653 720 4710 oblivione
760 4655 1110 4710 obscuravit.
1162 4653 1307 4708 Nam
1356 4653 1426 4707 de
1471 4668 1536 4706 eo
1577 4652 1648 4706 ad
1696 4669 1824 4722 nos,
1874 4659 2080 4726 praeter

431 4743 640 4816 privati
663 4743 913 4799 heretici
937 4743 1394 4804 damnationem,
1419 4757 1594 4811 quam
1623 4741 1894 4812 superius
1918 4758 2076 4798 com-

431 4832 908 4900 memoravimus,
944 4831 1088 4886 nihil
1121 4829 1400 4902 pervenit.
1436 4829 1546 4883 Sed
1580 4834 1772 4883 tamen
1809 4847 1921 4885 non
1953 4832 2080 4891 sine

430 4921 732 4977 laboribus
763 4922 890 4992 ejus
921 4920 1262 4988 meritisque
1283 4917 1544 4973 evenisse
1576 4919 1937 4974 censendum
1968 4923 2076 4987 est,

435 5014 502 5065 ut
560 5009 879 5082 presbyteri
936 5015 992 5064 et
1037 5007 1264 5062 diaconi
1324 5005 1588 5060 Ecclesiae
1649 5005 1922 5061 Romanis
1966 5024 2079 5063 non

437 5097 623 5154 multo
655 5104 786 5170 post
814 5100 942 5168 ejus
975 5100 1222 5151 mortem
1253 5095 1325 5149 ad
1357 5093 1708 5164 Cyprianum
1735 5095 2078 5166 scribentes,

434 5187 954 5259 Carthaginensem
987 5183 1305 5240 Ecclesiam
1346 5198 1547 5238 recens
1575 5199 1608 5237 a
1642 5186 1858 5238 Donato
1890 5185 2079 5240 admi-

435 5277 746 5331 nistratam
808 5275 1081 5346 praeclaro
1138 5271 1237 5327 illo
1313 5271 1501 5343 elogio
1558 5273 2078 5330 commendarent:

439 5387 468 5415 «
500 5363 799 5432 Novimus,
833 5363 1108 5434 inquiunt
1137 5362 1327 5434 (epist.
1351 5360 1439 5427 30,
1465 5360 1612 5415 inter
1637 5359 1901 5431 Cyprian.
1949 5363 2081 5420 Car-

437 5453 805 5524 thaginensis
829 5451 1084 5507 Ecclesia:
1113 5452 1308 5519 fidem,
1330 5449 1599 5504 novimus
1619 5449 2082 5524 institutionem,

438 5541 713 5599 novimus
747 5539 1164 5597 humilitatem.
1201 5563 1229 5590 »

510 5629 604 5688 Ill.
651 5632 687 5684 Α
723 5627 924 5686 Donati
957 5635 1164 5704 morte,
1197 5643 1334 5686 cum
1384 5625 1456 5684 de
1500 5640 1836 5685 successore
1866 5629 2085 5686 delibe-

2187 4675 2304 4713 non
2333 4657 2542 4713 debere
2573 4656 2876 4728 respondit
2900 4674 2913 4724 ;
2949 4657 3166 4730 quippe
3189 4673 3294 4713 nec
3317 4659 3611 4730 majestati
3636 4659 3848 4714 divine

2188 4763 2294 4802 nec
2323 4745 2670 4818 evangelica)
2700 4745 3023 4816 disciplinas
3069 4763 3389 4819 congruere
3417 4747 3755 4815 videbatur,
3788 4753 3849 4802 ut

2189 4836 2378 4908 pudor
2405 4839 2462 4890 et
2492 4834 2677 4889 honor
2707 4833 2973 4890 Ecclesia
3004 4838 3123 4891 tam
3148 4836 3304 4907 turpi
3328 4840 3383 4891 et
3404 4835 3612 4890 infami
3646 4841 3847 4892 conta-

2188 4924 2358 4996 gione
2393 4924 2725 4979 fcedaretur.
2758 4945 2787 4973 «
2835 4923 2951 4979 Nec
2989 4929 3226 4980 excuset
3269 4940 3329 4981 se
3381 4923 3726 4996 quisquam,
3759 4925 3846 4979 in-

2192 5013 2337 5085 quit,
2371 5013 2420 5068 si
2453 5030 2486 5068 a
2514 5011 2740 5067 theatro
2770 5011 2896 5084 ipse
2945 5013 3278 5083 cessaverit,
3312 5030 3447 5068 cum
3487 5017 3695 5069 tamen
3739 5014 3846 5068 hoc

2191 5110 2425 5158 caeteros
2457 5101 2681 5155 doceat.
2715 5100 2842 5156 Non
2887 5107 3078 5174 potest
3120 5102 3277 5158 enim
3324 5102 3506 5157 videri
3551 5117 3840 5164 cessasse.

2190 5190 2288 5260 qui
2319 5189 2561 5244 vicarios
2591 5189 2919 5256 substituit,
2943 5196 2998 5246 et
3019 5191 3120 5263 qui
3143 5208 3246 5264 pro
3268 5207 3330 5247 se
3351 5207 3466 5246 uno
3491 5189 3697 5261 plures
3716 5205 3844 5245 suc-

2191 5279 2473 5334 cedaneos
2495 5277 2754 5349 suggerit
2771 5278 3414 5336 contrainstitutionem
3436 5279 3844 5344 Dei,erudieus

2193 5372 2251 5424 et
2273 5369 2486 5423 docens
2508 5366 3007 5438 quemadmodum
3031 5368 3328 5425 masculus
3355 5369 3668 5440 frangatur
3691 5369 3748 5423 in
3773 5368 3848 5423 fe-

2194 5455 2438 5524 minam,
2469 5459 2528 5509 et
2556 5471 2729 5510 sexus
2760 5460 2882 5511 arte
2915 5462 3198 5525 mutetur,
3230 5462 3288 5513 et
3317 5456 3552 5512 diabolo
3578 5456 3847 5512 divinum

2195 5545 2423 5618 plasma
2455 5543 2770 5598 maculanti
2810 5561 2910 5617 per
2940 5547 3197 5619 corrupti
3226 5551 3404 5619 atque
3425 5547 3694 5602 enervati
3726 5561 3847 5602 cor-

2194 5634 2354 5709 poris
2385 5631 2596 5691 delicta
2625 5631 2941 5710 placentur.
2977 5659 3000 5690 ι
3037 5639 3257 5696 Verum
3289 5635 3427 5714 quia
3457 5635 3732 5695 futurum
3761 5635 3844 5692 ia-
