4112 6174
228 280 366 336 “Si
1282 272 1647 342 ANNALES
1696 269 2096 332 ECCLESUE
2138 269 2580 329 AFRICAN/E.
3476 267 3633 329 1482

230 407 544 482 telligebat,
578 410 643 462 ut
672 406 769 464 ille
800 405 1136 462 admonitus
1166 410 1481 478 egestatem
1515 408 1871 477 praetexeret,
1906 407 1957 470 Α
1990 419 2166 475 quam
2198 419 2227 458 e
2284 400 2523 457 latebris
2571 400 2695 456 suis
2745 400 2816 454 ad
2861 399 3080 455 clerum
3113 396 3293 469 misit,
3326 396 3416 452 his
3446 400 3638 457 verbis

229 500 297 555 ad
321 515 498 571 quam
531 498 757 567 abjeeta
787 502 909 552 arte
940 496 1121 569 redigi
1152 512 1386 552 necesse
1416 500 1602 562 esset;
1624 494 1881 566 primum
1992 495 2412 547 commemorat
2440 506 2453 545 :
2488 514 2516 541 «
2542 489 2771 546 Fecisse
2800 505 2885 545 me
2918 493 3113 545 autem
3143 486 3344 545 sciatis
3368 487 3640 545 lectorem

233 589 470 661 quidem
504 587 843 643 Eucratium
876 586 1140 642 hortatus
1163 589 1344 653 est,ut
1373 585 1444 641 de
1475 583 1729 640 ecclesiae
1763 599 1881 639 suis
1992 582 2269 636 Saturum
2299 585 2355 637 et
2383 579 2853 652 hypodiaconum
2903 579 3182 652 Optatum
3224 578 3639 644 confessorem,

234 678 402 732 bonis
467 676 727 748 inopiam
788 674 948 730 illius
1006 678 1414 730 sustentaret:
1494 677 1552 729 at
1610 689 1681 728 ne
1741 672 1880 744 quid
1994 670 2518 743 quosjampridem
2550 669 2849 727 communi
2880 667 3126 725 consilio
3158 667 3310 724 clero
3350 667 3645 739 proximos

229 764 534 822 histrionis
583 764 976 821 emendationi
1038 765 1241 819 abesse
1292 767 1489 836 posset
1519 761 1732 833 adjecit
1762 762 1882 833 ipse
1992 759 2340 825 feceramus,
2388 761 2620 831 quando
2672 763 2773 815 aut
2819 759 3033 815 Saturo
3073 758 3166 815 die
3206 757 3437 814 Paschee
3463 756 3645 814 semel

231 872 353 928 quae
387 853 609 909 nullam
633 852 1071 909 excusationem
1105 852 1538 925 relinquerent:
1574 876 1601 901 «
1636 852 1796 916 Quod
1832 850 1881 906 si
1993 852 2165 921 atque
2204 848 2418 906 iterum
2448 848 2755 905 lectionem
2789 849 3079 917 dedimus,
3113 851 3214 904 aut
3245 848 3477 920 quando
3507 862 3641 903 cum

228 944 442 1017 inquit,
496 942 617 998 illic
657 942 902 999 ecclesia
951 960 1064 999 non
1115 942 1352 1008 sufﬁcit,
1386 946 1450 997 ut
1479 940 1882 997 laborantibus
1992 939 2345 1012 presbyteris
2385 939 2719 995 doctoribus
2749 939 2995 995 lectores
3028 938 3336 1011 diligenter
3366 938 3645 1011 probare-

230 1038 465 1108 praestet
509 1032 806 1103 alimenta,
856 1031 1068 1105 poterit
1118 1048 1179 1087 se
1225 1033 1296 1087 ad
1332 1049 1437 1087 nos
1462 1032 1796 1101 transferre,
1826 1032 1883 1086 et
1994 1045 2150 1096 mus,
2182 1028 2456 1100 Optatum
2489 1028 2641 1084 inter
2669 1027 2914 1085 lectores
2943 1028 3240 1084 doctorem
3275 1026 3640 1084 audientium

233 1123 325 1179 hic
355 1123 510 1195 quod
541 1121 975 1178 sibiadvictum
998 1125 1171 1193 atque
1204 1121 1275 1176 ad
1304 1121 1583 1177 vestitum
1617 1137 1882 1176 necessa-
1994 1117 2431 1186 constituimus,
2481 1117 2882 1174 examinantes
2932 1135 3005 1173 an
3073 1121 3462 1189 congruerent
3522 1116 3642 1173 illis

230 1213 382 1267 rium
442 1211 617 1266 fuerit
667 1209 949 1281 accipere,
1006 1224 1112 1264 nec
1167 1207 1312 1264 alios
1370 1212 1531 1263 extra
1578 1206 1883 1263 ecclesiam
1995 1206 2194 1263 omnia
2240 1223 2367 1279 quze
2407 1222 2536 1264 esse
2565 1207 2781 1263 debent
2812 1204 2869 1263 in
2896 1207 2969 1263 iis
2998 1207 3097 1278 qui
3126 1208 3200 1262 ad
3232 1206 3451 1263 clerum
3483 1223 3646 1279 para-

230 1299 495 1357 morlalia
518 1300 742 1369 docere,
796 1299 899 1355 sed
930 1297 1055 1372 ipse
1086 1297 1367 1356 salutaria
1397 1296 1457 1353 in
1488 1296 1734 1354 ecclesia
1763 1295 1884 1352 dis-
1994 1297 2225 1352 bantur.
2263 1318 2290 1346 »
2321 1296 2459 1367 Hac,
2489 1296 2713 1368 Opinor,
2746 1296 3008 1353 adhibita
3043 1295 3365 1369 diligentia,
3399 1299 3456 1352 et
3485 1313 3648 1352 mora

232 1407 444 1447 cere.»
1993 1385 2336 1456 hujusmodi
2394 1385 2757 1457 interposita,
2819 1386 3010 1442 rarius
3071 1385 3131 1441 in
3179 1384 3400 1442 clerum
3458 1383 3653 1459 legent

301 1499 397 1554 ΙΙΙ.
430 1498 646 1553 Eodem
668 1512 820 1553 anno
845 1493 1069 1552 litteras
1113 1510 1343 1566 quoque
1365 1511 1398 1551 a
1420 1493 1739 1566 Pomponio
1764 1492 1886 1565 epi-

2009 1474 2272 1547 apiscopi,
2306 1490 2559 1547 quorum
2590 1491 2688 1531 eos
2718 1479 2923 1548 postea
2955 1476 3173 1549 pudere
3206 1475 3431 1533 debeat.

233 1604 407 1659 scopo
433 1585 876 1659 Dionysianensi
910 1584 1201 1656 accepisse
1231 1584 1507 1654 creditur,
1542 1584 1758 1656 quibus
1788 1580 1887 1637 ille

231 1677 584 1734 sententiam
616 1676 747 1747 ejus
793 1675 865 1730 de
892 1674 1223 1747 virginibus
1251 1672 1649 1729 masculorum
1681 1675 1887 1727 contu-

234 1764 572 1821 bernalibus
594 1763 946 1835 requirebat.
972 1762 1103 1818 Jam
1127 1762 1281 1818 enim
1312 1762 1371 1817 in
1400 1762 1592 1817 Africa
1620 1761 1888 1832 serpebat
1917 1784 1965 1849 Β

232 1872 408 1927 prava
453 1854 554 1909 illa
601 1852 984 1921 consuetudo,
1038 1868 1165 1924 quis
1214 1851 1422 1907 deinde
1449 1868 1551 1923 per
1592 1849 1882 1907 Orientem

234 1961 461 2017 quoque
492 1948 720 2015 vagata,
754 1942 1027 1998 ordinum
1069 1941 1578 1997 sanctissimorum
1613 1938 1884 2011 splendo-

236 2050 357 2090 rem
418 2032 749 2102 maculavit,
800 2049 866 2087 ac
918 2046 1069 2103 saape
1129 2030 1390 2102 Gregorii
1444 2028 1789 2084 Nazianzeni
1830 2032 1887 2083 et

2441 1652 2632 1694 ANNUS
2672 1653 2742 1694 CH
2750 1652 3047 1695 BISTIANUS
3083 1653 3204 1693 CCL.

2122 1746 2481 1804 CYPRIANO
2520 1747 2858 1805 EPISCOPO
2888 1745 3511 1804 CARTHAGINIENSI.

2066 1872 2109 1927 Ι.
2143 1872 2461 1929 Consulatu
2501 1873 2682 1929 functi
2714 1873 2822 1929 hoc
2853 1891 3005 1930 anno
3037 1870 3513 1945 imp.M.Messius
3543 1871 3647 1928 De-

1996 1960 2121 2017 cius
2151 1962 2384 2031 iterum,
2420 1963 2645 2017 Annius
2696 1962 2984 2019 Maximus
3020 1962 3251 2019 Gratus.
3287 1962 3417 2033 lpso
3449 1963 3644 2017 autem

1997 2066 2199 2105 mense
2219 2049 2682 2118 Januario,Decii
2712 2050 2773 2106 in
2806 2052 2952 2109 Urbe
2983 2052 3264 2108 adversus
3287 2050 3649 2108 Christianos

1996 2138 2159 2195 furor
2186 2139 2399 2210 erupit,
2432 2141 2776 2213 primusque
2808 2140 3121 2210 Fabianus,
3169 2140 3429 2196 Pontifex
3462 2138 3644 2195 maxi-

1999 2244 2133 2283 mus
2180 2245 2282 2283 xm
2332 2226 2455 2283 Kal.
2512 2229 2855 2285 Februarias
2906 2229 3249 2301 praeclarum
3299 2227 3646 2301 martyrium

1998 2317 2150 2384 fecit,
2186 2321 2363 2388 atque
2409 2320 2473 2372 ut
2515 2317 2833 2389 Cyprianus
2864 2318 3087 2388 scribit,
3120 2340 3149 2368 «
3181 2334 3284 2391 pro
3314 2317 3649 2390 integritate

1999 2406 2523 2463 administrationis
2547 2409 2675 2477 ejus
2692 2408 3121 2463 consummatio
3155 2423 3384 2479 quoque
3405 2406 3652 2462 honesta

1999 2496 2283 2567 processit
2315 2517 2343 2545 »
2377 2495 2569 2567 (epist.
2602 2496 2656 2564 4,
2706 2496 2777 2551 ad
2824 2499 3010 2552 Presb.
3045 2498 3240 2565 Rom).
3276 2495 3538 2553 Subinde
3569 2495 3649 2551 ci-

1996 2585 2084 2640 vis
2114 2583 2607 2655 Carthaginensis,
2633 2589 2689 2640 et
2716 2590 3041 2657 martyrum
3074 2585 3405 2657 progenies,
3439 2589 3648 2657 captus

2000 2674 2194 2728 Romae
2244 2676 2332 2728 est
2380 2671 2673 2729 Celerinus
2722 2674 3018 2730 confessor
3055 2674 3443 2741 clarissimus,
3473 2690 3648 2746 quem

1998 2761 2319 2833 Cyprianus
2368 2761 2569 2818 multis
2617 2779 2767 2834 saepe
2800 2763 3077 2819 laudibus
3110 2764 3353 2819 ornavit.
3385 2764 3524 2819 Erat
3553 2761 3649 2819 hic

1998 2850 2356 2919 adolescens,
2410 2867 2622 2923 magno
2669 2856 2864 2908 tamen
2915 2852 3111 2908 animo
3152 2874 3181 2902 «
3227 2869 3329 2924 per
3360 2852 3559 2908 decem
3591 2854 3649 2907 et

1996 2955 2201 2996 novem
2231 2940 2375 3009 dies,
2405 2944 2469 2995 ut
2497 2940 2623 3012 ipse
2653 2941 2831 2997 tradit
2859 2946 3050 3014 (Cypr.
3097 2941 3268 3014 epist.
3300 2942 3413 3013 34),
3447 2963 3475 2991 ‹‹
3509 2956 3644 2998 cus-

1994 3028 2152 3084 todia
2207 3028 2456 3084 carceris
2513 3032 2736 3101 septus,
2804 3029 2863 3085 in
2923 3047 3094 3087 nervo
3152 3047 3218 3087 ac
3268 3031 3418 3087 ferro
3449 3030 3580 3086 fuit.
3612 3050 3643 3081 »ι

1994 3119 2259 3190 Cumque
2304 3116 2511 3187 sitatis,
2562 3118 2786 3190 opinor,
2837 3118 3213 3175 miseratione
3259 3119 3534 3187 emissus,
3581 3118 3643 3175 in

1994 3205 2243 3263 Africam
2276 3206 2745 3276 rediisset,testes
2777 3208 3161 3265 confessionis
3194 3226 3312 3264 suae
3345 3208 3642 3265 cicatrices

1996 3295 2740 3364 attulerat.Lucent,aiebat
2769 3297 3113 3369 Cyprianus,
3149 3298 3210 3353 in
3244 3314 3481 3370 corpore
3512 3298 3646 3369 glo-

1998 3385 2149 3441 rioso
2198 3384 2350 3440 clara
2394 3384 2703 3441 vulnerum
2747 3386 2935 3457 signa,
2985 3386 3245 3443 eminent
3273 3392 3331 3443 et
3364 3389 3649 3459 apparent

1998 3475 2056 3531 in
2092 3474 2284 3530 nervis
2315 3473 2570 3531 hominis
2600 3493 2666 3531 ac
2699 3476 2982 3532 membris
3010 3476 3185 3550 longa
3212 3476 3348 3533 tabe
3379 3492 3649 3533 consum-

1999 3564 2117 3636 ptis
2148 3579 2422 3639 expressa
2446 3564 2707 3636 vestigia.

242 2122 572 2194 Hieronymi
606 2128 663 2177 et
691 2121 932 2176 Joannis
965 2118 1367 2191 Chrysostomi
1398 2117 1762 2191 gravissimis
1798 2134 1885 2172 re-

240 2211 725 2284 prehensionibus
774 2209 1061 2281 exagitata
1106 2213 1281 2279 atque
1326 2207 1385 2262 in
1418 2224 1714 2263 summam
1746 2206 1889 2260 invi-

243 2301 397 2356 diam
431 2300 680 2355 adducta
728 2304 835 2354 est.
888 2297 1267 2356 Συνεισάκτους
1298 2297 1477 2353 (ἓνωοί
1518 2294 1889 2369 appellabant

240 2390 532 2461 ejusmodi
582 2389 855 2460 virgines,
907 2404 1053 2459 quas
1097 2388 1466 2459 presbyteros
1496 2385 1889 2456 diaconosque

238 2480 394 2535 domi
427 2478 753 2547 habere,vel
783 2477 895 2533 tori
926 2477 1112 2533 socias
1143 2492 1259 2531 non
1292 2477 1548 2548 pudebat
1574 2501 1587 2543 ;
1610 2491 1787 2546 seque
1810 2476 1890 2528 ta-

242 2585 376 2624 men
433 2568 840 2624 castimoniam
891 2572 1091 2622 sancte
1140 2582 1370 2621 servare
1402 2565 1485 2620 illi
1518 2565 1885 2620 dictitabant.

238 2658 542 2713 Enimvero
599 2656 918 2728 Cyprianus
974 2655 1292 2727 Pomponio
1336 2654 1637 2726 rescripsit
1690 2653 1882 2726 (epist.

232 2747 323 2819 62)
350 2765 363 2802 :
416 2769 442 2796 «
495 2744 980 2798 Intercedendum
1012 2743 1123 2799 cito
1156 2742 1373 2797 talibus
1405 2748 1468 2797 ut
1516 2744 1879 2813 separentur,

235 2838 380 2891 dum
406 2834 597 2889 adhuc
630 2832 885 2903 separari
918 2831 1255 2886 lnnocentes
1289 2835 1534 2901 possunt
1559 2855 1573 2898 ;
1598 2853 1627 2880 »
1660 2834 1785 2884 tum
1809 2829 1880 2884 ad

234 2925 454 2982 clerum
480 2924 632 2994 quod
658 2922 884 2988 attinet,
918 2943 946 2971 ‹‹
976 2937 1133 2987 cum,
1166 2919 1377 2991 inquit,
1411 2936 1613 2975 omnes
1645 2918 1882 2974 omnino

235 3012 608 3085 disciplinam
641 3016 838 3067 tenere
869 3014 1151 3082 oporteat,
1185 3008 1366 3064 multo
1401 3008 1584 3082 magis
1618 3007 1885 3081 praeposi-

240 3111 327 3159 tos
357 3108 413 3158 et
442 3101 717 3157 diaconos
750 3117 953 3156 curare
985 3100 1093 3155 hoc
1125 3099 1210 3154 fas
1241 3104 1329 3154 est
1355 3098 1452 3170 qui
1475 3097 1803 3170 exemplum
1826 3101 1885 3153 et

239 3193 657 3248 documentum
687 3190 911 3245 caeteris
943 3190 1013 3244 de
1042 3188 1476 3244 conversatione
1517 3191 1575 3243 et
1624 3187 1886 3242 moribus

241 3280 365 3337 suis
395 3280 707 3352 praebeant.
744 3278 1049 3334 Etidcirco
1082 3276 1346 3333 consulte
1394 3282 1452 3332 et
1499 3294 1634 3331 cum
1691 3276 1887 3348 vigore

239 3370 450 3434 fecisti,
483 3370 659 3424 frater
689 3368 1050 3435 charissima,
1072 3366 1420 3423 abstinendo
1446 3367 1757 3422 diaconum
1789 3364 1889 3435 qui

239 3476 373 3515 cum
406 3459 626 3530 virgine
656 3474 807 3530 saepe
856 3458 1092 3512 mansit.
1130 3479 1157 3506 ι)
1184 3456 1357 3512 Addit
1388 3456 1562 3511 etiam
1595 3457 1665 3510 de
1697 3472 1885 3527 poena,

239 3566 357 3620 qua
380 3548 421 3601 ii
448 3547 747 3603 coercendi
796 3551 993 3601 essent
1043 3546 1143 3616 qui
1192 3550 1475 3616 praecepto
1513 3562 1627 3599 non
1662 3543 1888 3616 paruis-

240 3642 392 3703 sent,
425 3653 489 3692 ac
520 3638 756 3692 demum
810 3634 1219 3690 castimoniam
1271 3635 1454 3689 sacris
1482 3632 1747 3689 Ecclesiae
1780 3631 1888 3686 mi-

243 3726 451 3783 nistris
499 3725 897 3797 prazscriptam
954 3728 1258 3789 memorat,
1315 3739 1491 3794 quam
1534 3720 1891 3793 Pomponius

238 3816 398 3872 omni
433 3814 624 3870 studio
656 3813 807 3869 tueri
857 3813 1082 3867 debeat.
1119 3835 1147 3863 ‹‹
1202 3812 1368 3883 Ergo,
1400 3811 1612 3882 inquit,
1641 3827 1710 3866 ne
1740 3810 1890 3864 indi-

235 3903 532 3975 sciplinati
563 3905 989 3958 consumantur
1016 3906 1073 3955 et
1099 3904 1357 3972 pereant,
1390 3900 1464 3954 da
1494 3916 1750 3971 operam,
1785 3900 1895 3954 fra-

247 4000 341 4049 tor
363 3993 797 4056 charissime,ut
827 3996 1112 4062 quantum
1145 3988 1605 4061 potes,consiliis
1624 3987 1894 4043 salutari-

2072 3653 2143 3707 ΙΙ.
2175 3654 2283 3708 Sed
2318 3654 2459 3708 dum
2515 3653 2815 3710 Celerinus
2862 3653 2922 3709 in
2974 3654 3222 3711 vinculis
3270 3656 3465 3711 Romae
3503 3658 3646 3726 erat,

1993 3743 2119 3814 jam
2154 3742 2562 3813 Carthaginem
2599 3742 2750 3798 Decii
2775 3743 2963 3800 edicta
2993 3744 3217 3817 perlata
3244 3744 3494 3814 fuerant,
3518 3744 3648 3816 qui-

2003 3833 2115 3887 bus
2145 3830 2378 3887 crudele
2400 3848 2465 3887 ac
2489 3832 2776 3888 nefarium
2810 3832 3159 3889 Christianis
3188 3833 3408 3889 bellum
3440 3834 3652 3889 indice-

2004 3922 2195 3977 batur.
2230 3920 2298 3975 Et
2328 3920 2676 3991 signiﬁcatio
2706 3920 3070 3978 imminentis
3100 3923 3284 3979 cladis
3316 3922 3498 3979 multo
3521 3926 3655 3978 ante

2005 4009 2289 4081 Cypriano
2323 4010 2470 4064 facta
2512 4010 2721 4076 fuerat,
2754 4011 2846 4065 cui
2879 4027 2941 4066 se
2972 4011 3202 4068 divinus
3234 4011 3653 4084 paterfamilias

244 4084 360 4139 bus
411 4082 828 4172 fraternitatem
880 4096 1066 4151 ηεαδ,
1116 4085 1171 4134 et
1217 4078 1463 4150 gini-iung
1499 4079 1584 4172 Pd
1643 4077 1895 4133 salum!”
2004 4077 2317 4154 vivendum
2349 4098 2655 4167 obtulerat,
2690 4122 2718 4149 ‹‹
2754 4100 2990 4157 sedente
3020 4101 3134 4156 sibi
3164 4077 3252 4157 ad.
3270 4102 3526 4157 dextram
3550 4101 3654 4172 ju-

245 4189 415 4228 suam
444 4171 741 4227 consulas.
782 4172 955 4225 Arcta
984 4173 1039 4224 et
1065 4173 1316 4241 angusta
1343 4172 1432 4223 est
1461 4167 1689 4239 via,per
1718 4184 1893 4238 quam

2009 4204 2184 4243 vene:
2220 4188 2319 4257 qui
2342 4187 2580 4259 juvenis
2613 4187 2822 4243 anxius
2849 4193 2906 4244 et
2934 4206 3070 4245 cum
3102 4191 3358 4263 quadam
3384 4189 3653 4263 indigna-

246 4260 615 4333 ingredimur
644 4260 714 4313 ad
747 4258 924 4313 vitam
956 4274 969 4313 :
1005 4260 1105 4314 sed
1138 4274 1409 4313 summus
1442 4261 1499 4312 et
1529 4273 1781 4329 magnus
1812 4259 1893 4310 est

2009 4277 2164 4333 tione
2187 4277 2488 4333 subtristis
2511 4278 2807 4333 maxillam
2823 4295 3000 4334 manu
3033 4284 3472 4348 tenens,mcesto
3491 4280 3657 4335 vultu

249 4350 498 4416 frum”:
531 4365 665 4403 cum
699 4347 1069 4420 Pervenimus
1100 4348 1171 4403 ad
1203 4347 1469 4441 ἓὶονίίξῐη·
1502 4344 1607 4410 oni
1636 4362 1697 4441 ξθ
1717 4342 1899 4401 Sim“!
2008 4366 2285 4433 sedebat;
2321 4365 2472 4421 alius
2516 4383 2670 4433 vero,
2706 4366 2764 4421 in
2796 4367 3036 4423 sinistra
3094 4373 3257 4440 parte
3308 4368 3656 4441 consistens,

242 4442 643 4495 castraverunt
702 4443 941 4509 propter
990 4453 1238 4509 regnum
1286 4435 1589 4505 caelorum,
1639 4434 1755 4490 Deo
1798 4450 1893 4507 per

2011 4457 2130 4509 rete
2159 4452 2430 4525 portabat
2476 4454 2633 4525 quod
2677 4470 2740 4509 se
2787 4454 3037 4522 mittere,
3087 4434 3152 4509 ut
3180 4434 3657 4512 circumstantem

251 4527 453 4583 omnia
498 4525 786 4598 placeant,
840 4542 945 4581 nec
1013 4525 1345 4581 sacerdotes
1404 4525 1615 4580 1424
1659 4525 1757 4579 Dei
1804 4533 1893 4585 aul

2013 4541 2296 4615 populum
2345 4545 2594 4613 caperet,
2655 4541 3011 4598 minabatur.
3062 4543 3130 4599 Et
3177 4560 3311 4599 cum
3351 4544 3664 4601 miraretur

250 4615 570 4672 Ecclesium
619 4614 850 4672 Domini
902 4613 1179 4670 seandalo
1218 4631 1336 4671 suae
1366 4613 1693 4684 pravitatis,
1725 4611 1905 4668 offen-

253 4707 416 4761 dant.
452 4706 520 4760 Et
550 4705 599 4759 si
630 4706 702 4760 ad
736 4720 991 4775 praesens
1016 4721 1049 4758 a
1070 4702 1238 4759 nobis
1259 4702 1497 4774 quidem
1528 4720 1597 4759 ex
1628 4702 1905 4758 fratribus

259 4794 476 4850 nostris
519 4793 849 4849 contristari
897 4793 1191 4861 videntur,
1226 4808 1332 4848 nos
1363 4797 1557 4849 tamen
1596 4791 1658 4847 in
1687 4792 1906 4850 salubri

256 4883 637 4954 persuasione
667 4900 1037 4938 maneamus.

330 4990 421 5045 IV.
458 4990 742 5045 Caeterum
776 4989 1117 5059 Cyprianus,
1165 5005 1371 5044 censor
1401 5005 1631 5044 morum
1662 4989 1907 5062 diligen-

257 5079 552 5145 tissimus,
587 5096 735 5150 quos
768 5079 827 5131 in
860 5078 1077 5133 clerum
1110 5077 1369 5133 lecturus
1401 5082 1713 5146 esset,ante
1744 5097 1911 5152 expe-

259 5168 361 5223 riri
388 5169 632 5237 solebat,
663 5174 719 5224 et
748 5184 944 5222 coram
986 5168 1340 5240 presbyteris
1372 5168 1495 5223 suis
1524 5169 1809 5239 judicium
1841 5171 1912 5227 de

259 5257 511 5330 singulis
533 5258 867 5325 instituere;
893 5274 998 5312 nec
1019 5266 1216 5312 tamen
1240 5256 1485 5329 allegere
1516 5258 1913 5330 protinus,sed

259 5346 511 5402 alterum
537 5348 597 5403 in
628 5363 848 5404 annum
906 5345 1154 5401 ditlerre.
1191 5346 1252 5401 Si
1285 5346 1391 5403 hoc
1424 5363 1574 5402 anno
1610 5369 1636 5396 ‹‹
1668 5349 1915 5418 proximi

262 5436 417 5490 clero
453 5457 480 5483 ››
509 5436 579 5490 ab
628 5453 694 5492 eo
741 5436 876 5491 facti
920 5440 1166 5491 Saturus
1197 5440 1249 5495 et
1283 5435 1549 5507 Optatus,
1585 5452 1732 5507 quos
1764 5455 1915 5495 anno

258 5523 598 5595 insequenti
626 5526 862 5580 tandem
897 5524 1210 5597 cooptavit,
1254 5541 1387 5579 cum
1412 5526 1538 5595 jam
1571 5524 1918 5597 Carthagine

259 5613 624 5673 secessisset.
652 5612 802 5671 Nam
834 5630 1076 5671 examen
1106 5612 1451 5687 hujusmodi
1478 5613 1537 5670 in
1560 5614 1809 5688 epistola
1825 5618 1918 5685 24,

586 5741 847 5805 ΡΑΤιιοι..
898 5741 998 5800 111.

2015 4632 2156 4704 quid
2185 4633 2295 4689 hoc
2324 4636 2500 4702 esset,
2530 4629 2628 4688 ille
2679 4631 2780 4704 qui
2828 4631 2993 4700 vidit,
3027 4631 3244 4689 dictum
3275 4639 3363 4690 est
3390 4634 3466 4700 ei,
3491 4634 3664 4704 juve-

2015 4738 2150 4779 nem
2182 4720 2323 4793 quia
2352 4720 2424 4776 ad
2457 4721 2753 4777 dexteram
2777 4720 2862 4777 sic
2885 4722 3469 4793 sederet,contristari
3490 4727 3547 4779 et
3568 4724 3669 4779 do-

2014 4812 2132 4867 lere
2164 4809 2320 4882 quod
2352 4814 2639 4883 praecepta
2668 4827 2775 4865 sua
2804 4811 3006 4868 1425
3036 4828 3150 4867 non
3178 4811 3662 4869 observarentur:

2017 4900 2187 4957 illum
2216 4915 2351 4956 vero
2383 4899 2443 4955 in
2492 4898 2737 4955 sinistra
2785 4903 3032 4969 exstare,
3086 4902 3239 4973 quod
3286 4900 3399 4956 sibi
3430 4901 3668 4958 daretur

2019 4990 2266 5059 occasio,
2300 4994 2366 5045 ut
2396 5006 2429 5044 a
2460 4989 2879 5062 patrefamilias
2910 4994 3256 5062 potestatem
3289 4994 3545 5048 sumeret
3562 5007 3668 5046 sae-

2016 5080 2230 5137 viendi.
2263 5101 2293 5129 ››
2325 5080 2456 5135 Haec
2487 5080 2809 5152 Cyprianus
2852 5079 3043 5151 (epist.
3075 5080 3130 5148 7,
3162 5080 3233 5136 ad
3268 5080 3534 5149 Clarum),
3568 5080 3671 5152 qui

2020 5170 2206 5227 visum
2238 5169 2365 5241 ipse
2396 5167 2828 5240 contemplatus
2859 5172 3136 5239 putatur:
3165 5173 3297 5240 post
3317 5185 3445 5240 quae
3467 5169 3665 5225 addit:

2025 5283 2051 5311 ‹‹
2077 5261 2147 5316 Et
2177 5258 2431 5315 vidimus
2482 5257 2791 5330 impletum
2837 5257 2988 5328 quod
3016 5258 3203 5314 fuerat
3233 5261 3571 5315 ostensum:
3608 5261 3672 5315 ut

2026 5352 2165 5405 dum
2189 5348 2416 5403 Domini
2441 5351 2725 5418 pracepta
2745 5347 3180 5403 contemnimus
3199 5349 3339 5403 dum
3362 5347 3506 5403 datae
3528 5346 3675 5422 legis

2027 5438 2304 5493 mandata
2334 5435 2615 5490 salutaria
2636 5453 2751 5491 non
2776 5439 3064 5503 tenemus,
3099 5434 3433 5493 facultatem
3462 5453 3677 5494 nocen-

2035 5528 2085 5582 ii
2135 5525 2410 5580 inimicus
2442 5524 2751 5596 acciperet,
2791 5525 2991 5581 minus
3029 5529 3284 5582 armatos
3315 5530 3373 5581 et
3402 5527 3474 5581 ad
3506 5542 3681 5598 repu-

2028 5615 2330 5690 gnandum
2382 5614 2579 5672 minus
2610 5620 2817 5673 cautos
2859 5615 3021 5686 jactu
3070 5615 3209 5672 retis
3241 5614 3510 5687 operiret.
3546 5636 3575 5665 »
3607 5616 3695 5671 Ex

3291 5745 3362 5807 Π
