4106 6190
462 305 610 362 1483

1964 295 2359 358 MORCELLI

3723 300 3885 359 ΗΒΑ

456 450 570 506 quo
602 435 801 488 autem
829 429 1017 486 edicta
1038 430 1320 485 adversus
1342 428 1701 486 Christianos
1735 429 2105 501 promulgata
2134 431 2185 496 Α
2217 429 2602 501 reliquerunt,
2654 435 2719 486 ut
2740 432 3074 488 sacriﬁcare
3118 431 3293 487 idolis
3323 431 3659 488 viderentur
3691 432 3884 486 inviti-

457 523 635 591 fuere,
670 520 957 594 quidquid
987 519 1353 576 ethnicorum
1379 517 1436 573 in
1459 518 1653 574 Africa
1682 522 1792 584 est,
1824 523 2106 590 tanquam

454 610 700 668 classico
731 608 980 679 excitati,
1036 614 1238 664 contra
1279 607 1596 664 Ecclesiam
1641 606 1741 663 Dei
1777 607 2105 672 infremere,

455 705 512 756 et
541 700 760 772 optimo
808 699 1022 770 cuique
1060 697 1354 754 adversari
1405 702 1722 769 coeperunt.
1763 695 2108 768 Carthagine

455 789 516 848 in
547 789 752 862 primis
782 805 918 844 cum
951 788 1009 843 in
1029 787 1457 859 amphitheatro
1479 791 1581 842 aut
1602 786 1658 840 in
1684 785 1840 842 circo
1859 784 2108 858 populus

457 880 704 947 sederet,
755 877 1110 950 Cyprianum
1158 881 1291 932 ante
1321 892 1544 944 omnes,
1578 876 1728 948 quod
1764 880 1820 930 et
1850 875 2108 947 dignitas

457 970 586 1041 ejus
606 972 662 1024 et
684 967 964 1024 sanctitas
994 965 1282 1038 insignior
1311 969 1483 1033 esset,
1512 965 1582 1021 ad
1616 963 1839 1020 leonem
1875 964 2107 1036 magnis

457 1057 815 1115 clamoribus
836 1055 1133 1128 postulare
1157 1072 1336 1111 ausus
1366 1058 1475 1110 est.
1502 1054 1876 1120 Quaerebatur
1902 1053 1972 1108 ad
2006 1069 2107 1107 cae-

458 1147 591 1204 dem
624 1145 880 1214 victima,
922 1143 1022 1199 illa
1052 1147 1166 1199 Dee
1198 1142 1422 1209 devota,
1455 1141 1546 1196 cui
1577 1145 1776 1196 tamen
1808 1140 1961 1195 Deus
1993 1138 2107 1194 alia

454 1242 719 1308 tempora
747 1233 1156 1290 destinaverat.
1191 1254 1220 1283 «
1267 1231 1540 1287 Servatus
1583 1235 1693 1298 est,
1744 1229 1933 1301 inquit
1960 1228 2106 1282 Pon-

455 1325 573 1381 tius
604 1324 686 1396 (in
721 1325 845 1380 Vita
875 1339 932 1378 η.
966 1323 1041 1393 8),
1086 1320 1170 1376 vir
1212 1319 1428 1392 ingenii
1461 1323 1664 1392 praeter
1692 1322 1896 1374 caetera
1929 1317 2104 1373 etiam

454 1412 794 1486 spiritaliter
825 1409 1154 1484 temperati,
1206 1409 1307 1481 qui
1352 1408 1505 1464 inter
1537 1407 1910 1475 resultantes,
1943 1405 2104 1462 celli-

455 1503 720 1568 dentium
747 1501 1132 1558 schismatum
1159 1496 1670 1566 fluctus,Ecclesiaa
1704 1497 1812 1553 iter
1844 1496 2104 1551 medium

454 1593 664 1648 librato
719 1590 906 1646 limite
963 1591 1331 1661 gubernaret.
1369 1610 1396 1638 ››
1443 1588 1622 1643 Batus
1675 1585 1953 1641 nimirum
2001 1589 2104 1658 Cy-

458 1681 787 1756 prianus,in
819 1685 980 1737 tanto
1011 1680 1412 1752 improborum
1445 1679 1576 1734 odio
1607 1683 1867 1750 ereptum
1902 1676 2108 1747 sibi,ut

456 1774 660 1830 adesse
693 1770 932 1841 utiliter,
965 1785 1251 1841 opemque
1287 1785 1543 1868 presseris
1575 1768 1778 1822 afferre
1808 1766 1932 1821 suis
1968 1782 2105 1868 pes-
2138 1802 2186 1868 B

457 1867 566 1928 set,
614 1859 924 1917 consilium
974 1857 1374 1931 evangelicum
1425 1856 1535 1912 sibi
1587 1863 1708 1912 tum
1741 1857 2107 1928 sequendum

459 1950 847 2018 existimavit;
907 1948 1228 2021 praesertim
1287 1963 1419 2002 cum
1481 1951 1537 2002 et
1583 1945 1726 2002 illud
1760 1945 2012 2011 timeret,
2047 1948 2110 1999 ut

458 2041 584 2113 ipse
614 2040 696 2096 ait
723 2039 915 2111 (epist.
953 2038 1036 2105 13,
1072 2037 1142 2092 ad
1173 2037 1359 2092 Presb.
1387 2037 1518 2092 Rom
1546 2037 1560 2106 )
1589 2053 1607 2091 :
1640 2059 1666 2085 ‹‹
1701 2036 1780 2091 Ne
1813 2050 1911 2108 per
1933 2035 2109 2106 linve-

460 2129 777 2186 recundam
809 2126 1178 2201 prasentiam
1215 2131 1470 2182 nostram
1504 2124 1730 2195 seditio,
1765 2141 1889 2195 quae
1920 2138 2109 2195 cmpe-

460 2225 570 2286 rat,
617 2222 1045 2290 provocaretur.
1101 2237 1129 2266 ››
1179 2213 1432 2271 Secessit
1481 2213 1680 2286 igitur,
1721 2219 1776 2269 et
1806 2212 2004 2286 procul
2036 2211 2108 2269 ab

459 2309 600 2363 urbe
632 2306 870 2362 latitans
922 2303 1171 2360 furentis
1221 2301 1419 2375 pepuli
1459 2301 1741 2372 impetum
1775 2301 2104 2358 declinavit.

455 2395 673 2451 Verum
702 2412 771 2451 ex
799 2394 944 2466 ipsis
975 2392 1212 2448 latebris
1246 2390 1508 2446 Ecclesia)
1541 2409 1658 2446 sua:
1691 2391 1945 2462 quedam
1983 2407 2107 2447 me-

455 2487 528 2542 de
550 2500 806 2556 praesens
829 2481 1228 2552 imminere,ac
1259 2479 1573 2552 pontificali
1597 2496 1838 2537 munere
1859 2479 2107 2554 diligen-

456 2573 684 2629 tissime
733 2571 897 2643 fungi
945 2570 1285 2626 videbatur:
1336 2569 1478 2625 adeo
1523 2569 1668 2624 nihil
1703 2569 1786 2625 illi
1818 2570 2103 2641 ignotum,

461 2661 607 2718 nihil
638 2660 1021 2717 interclusum
1048 2662 1190 2715 erat.
1245 2658 1380 2724 Quae
1413 2663 1606 2714 autem
1637 2659 1765 2731 ejus
1797 2677 1946 2714 cura:
1978 2664 2106 2716 tum

463 2751 699 2822 fuerint,
735 2755 798 2804 ut
825 2765 1029 2804 omnes
1079 2747 1252 2804 officii
1293 2747 1384 2804 sui
1434 2752 1626 2820 partes
1673 2747 2006 2821 expleverit,
2039 2765 2108 2805 ex

461 2841 666 2897 eodem
697 2837 980 2912 Cypriane
1029 2836 1316 2905 novimus,
1363 2837 1518 2908 quod
1558 2841 1761 2909 postea
1791 2838 1943 2910 apud
1977 2854 2106 2910 pre-

463 2930 727 3002 sbyteros
747 2935 805 2985 et
827 2929 1125 2992 diaconos,
1149 2926 1247 2998 qui
1271 2943 1304 2981 a
1326 2926 1560 2981 Fabiani
1584 2931 1767 2982 morte
1791 2927 2106 2983 Ecclesiam

463 3019 786 3075 Romanam
827 3017 1122 3088 regebant,
1168 3032 1418 3088 purgare
1447 3031 1508 3071 se
1537 3015 1799 3071 debuerit
1829 3016 2109 3072 adversus

462 3125 578 3177 eos,
613 3108 711 3180 qui
743 3107 802 3162 in
835 3105 1224 3163 secessionem
1258 3104 1417 3160 illam
1447 3103 1658 3160 litteris
1692 3105 1932 3161 Romam
1967 3106 2107 3162 mis-

463 3198 546 3254 sis
578 3179 1069 3268 imprebaverant.
1099 3217 1126 3244 «
1170 3192 1396 3248 Absens
1429 3197 1648 3260 tamen,
1681 3193 1875 3266 inquit
1902 3193 2108 3266 (ibid.),
2141 3179 2183 3246 C

462 3302 701 3358 corpore
749 3301 855 3341 nec
911 3282 1141 3356 spiritu,
1193 3298 1297 3338 nec
1346 3285 1506 3351 actu,
1555 3299 1662 3338 nec
1691 3282 1930 3338 monitis
1961 3283 2109 3340 meis

436 3375 642 3442 defui,
661 3373 978 3447 quominus
999 3372 1323 3427 secundum
1359 3369 1586 3426 Domini
1605 3375 1892 3444 precepta
1920 3371 2110 3428 fratri-

454 3465 570 3520 bus
601 3463 838 3533 nostris,
871 3460 931 3516 in
963 3461 1177 3532 quibus
1228 3474 1484 3531 possem,
1526 3477 1654 3515 mea
1712 3460 2110 3518 mediocritate

430 3553 846 3608 consulerem.
896 3551 966 3606 Et
1011 3549 1152 3621 quid
1194 3550 1411 3620 egerim
1443 3548 1766 3619 loquuntur
1793 3550 1956 3606 vobis
1987 3550 2109 3622 epi-

457 3642 618 3698 stolae
669 3658 772 3712 pro
820 3639 1184 3710 temporibus
1228 3637 1458 3692 emissa
1510 3654 1755 3693 numero
1804 3639 2106 3712 tredecim,

459 3748 607 3804 quas
647 3731 717 3784 ad
763 3745 862 3784 vos
894 3727 1197 3783 transmisi
1226 3743 1238 3780 :
1272 3727 1330 3780 in
1355 3727 1569 3798 quibus
1600 3743 1704 3781 nec
1733 3727 1885 3784 clero
1916 3730 2108 3784 censi-

455 3821 625 3888 lium,
654 3835 761 3875 nec
785 3816 1220 3873 cenfessoribus
1242 3814 1584 3881 exhortatio,
1619 3830 1724 3870 nec
1755 3818 2105 3887 exteri-ibus,

431 3910 690 3982 quando
726 3906 1002 3980 oportuit,
1037 3905 1387 3976 objurgatio,
1419 3919 1526 3959 nec
1569 3905 1850 3961 universas
1907 3907 2110 3963 frater-

455 3999 656 4054 nitatis
674 3996 745 4051 ad
769 3994 1194 4066 deprecandam
1223 3992 1316 4048 Dei
1337 3991 1799 4048 misericordiam
1830 3993 2105 4052 allocutio

454 4093 511 4143 et
541 4085 842 4161 persuasio
874 4088 1074 4138 nostra
1105 4080 1309 4146 defuit,
1342 4087 1632 4151 quantum
1655 4086 1978 4138 secundum
2022 4084 2104 4140 le-

455 4193 585 4248 gem
651 4174 781 4230 fldei
839 4172 1208 4230 et‘timerem
1260 4171 1379 4240 Dei,
1430 4170 1676 4226 Domine
1733 4183 2104 4246 suggerente,

453 4270 656 4322 nostra
683 4262 1055 4320 mediocritas
1085 4259 1275 4333 potuit
1305 4259 1469 4315 eniti.

417 4461 420 4466 _
523 4391 622 4448 Ill.
654 4391 840 4461 Atque
871 4387 992 4443 haec
1026 4384 1267 4459 quidem
1317 4385 1516 4442 omnia
1545 4384 1750 4442 sedule
1781 4388 2104 4460 Cyprianus

451 4479 784 4554 praestabat,
801 4477 1015 4550 quibus
1029 4473 1198 4532 multi
1212 4473 1438 4530 animos
1453 4481 1856 4548 sumpserunt,
1870 4477 2102 4550 vitaque

2223 516 2384 573 Ultro
2419 519 2488 574 ad
2527 519 2711 575 ferum
2747 535 3000 591 currere,
3031 521 3104 575 ad
3140 525 3389 576 mortem
3422 525 3629 592 sponte
3679 539 3890 592 prope~

2215 607 2539 680 rare,quasi
2571 608 2679 665 hoc
2711 608 2850 664 olim
2875 610 3351 683 cuperent,quasi
3384 609 3884 682 amplecterentur

2217 696 2578 751 occasionem
2631 697 2855 762 datam,
2906 715 3084 769 quam
3120 714 3348 768 semper
3376 703 3696 770 optassent.
3727 700 3882 763 Quot

2219 781 2339 838 illic
2367 801 2401 839 a
2433 784 2898 858 magistratibus,
2929 804 3171 859 vespera
3218 792 3480 860 urgente,
3513 788 3679 843 dilati
3714 795 3880 854 sunt,

2218 877 2360 945 quot
2390 891 2461 930 ne
2494 890 2693 930 eorum
2729 877 3061 932 differretur
3090 876 3383 946 interitus,
3433 876 3610 932 etiam
3642 894 3882 950 rogave-

2217 967 2356 1019 runt
2375 964 2470 1020 ‘I...
2497 967 2575 1020 Ac
2599 965 2804 1022 multis
2827 966 3102 1039 proprius
3126 966 3397 1022 interitus
3419 968 3562 1023 satis
3583 985 3699 1023 non
3731 968 3877 1037 fuit;

2218 1053 2604 1110 hortamentis
2652 1055 2870 1110 mutuis
2919 1056 2978 1109 in
3020 1055 3259 1112 exitium
3296 1057 3548 1128 populus
3581 1056 3879 1129 impulsus

2217 1145 2325 1210 est,
2359 1159 2518 1197 mers
2550 1141 2794 1198 invicem
2830 1143 3026 1198 lethali
3060 1143 3266 1216 poculo
3307 1146 3612 1217 propinata
3641 1151 3751 1202 est.
3797 1148 3879 1202 Ac

2217 1247 2288 1286 ne
2307 1231 2447 1303 quid
2469 1232 2696 1286 deesset
2717 1231 2787 1286 ad
2812 1232 3079 1288 criminis
3100 1232 3428 1300 cumulum,
3445 1234 3700 1290 infantes
3729 1251 3877 1306 que-

2217 1335 2330 1391 que
2377 1323 2685 1390 parentum
2741 1320 3018 1376 manibus
3065 1319 3151 1377 vel
3183 1322 3466 1394 impositi,
3518 1322 3603 1378 vel
3637 1323 3878 1379 attracti

2217 1407 2544 1464 amiserunt
2574 1408 2800 1480 parvuli
2831 1410 2985 1481 quod
3012 1410 3068 1464 in
3095 1410 3284 1482 primo
3315 1411 3516 1468 statim
3550 1411 3882 1468 nativitatis

2216 1495 2452 1552 exordio
2483 1497 2713 1552 fuerant
2741 1498 3057 1554 consecuti:
3095 1521 3122 1549 »
3151 1504 3440 1572 quantum
3465 1516 3674 1570 nempe
3697 1500 3754 1554 in
3785 1518 3883 1573 pa-

2217 1590 2448 1641 rentum
2475 1586 2714 1642 arbitrio
2740 1591 3140 1660 erat,querum
3173 1589 3435 1661 nequitia
3457 1590 3876 1660 prodebantur.

2218 1675 2399 1730 Fuere
2414 1675 2588 1730 etiam
2615 1691 2828 1748 magno
2850 1678 3226 1749 numerozqui
3251 1695 3322 1734 ne
3345 1679 3415 1734 ab
3442 1679 3690 1734 ethnicis
3711 1695 3880 1735 vexa-

2217 1769 2438 1831 rentur,
2475 1763 2734 1820 libellum
2795 1781 2827 1820 a
2859 1766 3303 1839 magistratibus
3335 1768 3579 1840 pecunia
3608 1769 3875 1840 inpetrao

2220 1858 2381 1920 rent;
2419 1870 2534 1925 quo
2567 1854 2625 1909 in
2662 1853 2854 1910 libello
2893 1855 3294 1928 praescriptum
3329 1862 3453 1912 erat
3497 1873 3595 1912 eos
3630 1857 3745 1913 diis
3777 1875 3874 1913 sa-

2219 1943 2530 2007 crificasse,
2555 1959 2892 2014 quanquam
2924 1958 3121 1999 revera
3151 1961 3184 1998 a
3213 1949 3372 2000 tanto
3422 1944 3638 2000 scelere
3689 1946 3872 2002 absti-

2219 2031 2539 2088 nuerant.li
2559 2036 2759 2104 postea
2784 2031 3077 2088 lihellatici
3104 2033 3376 2106 appellati
3402 2039 3545 2090 sunt
3569 2053 3582 2102 ;
3616 2052 3872 2106 quorum

2219 2120 2530 2177 consilium
2557 2125 2616 2176 et
2645 2121 2874 2178 facinus
2906 2121 3160 2178 Ecclesia
3191 2139 3423 2194 semper
3446 2125 3736 2180 detestata
3762 2131 3872 2180 est.

2290 2246 2381 2304 IV.
2417 2246 2545 2302 HtBC
2577 2247 2778 2303 omnia
2808 2247 2878 2302 ad
2901 2246 3250 2320 Cyprianum
3281 2247 3340 2304 in
3365 2265 3600 2305 secessu
3632 2248 3730 2305 ille
3764 2266 3874 2306 suo

2219 2336 2343 2392 dies
2361 2345 2679 2408 noctesque
2700 2342 2812 2392 Dee
2835 2336 3288 2410 supplicantem,
3321 2343 3376 2394 et
3408 2356 3652 2394 maerere
3682 2339 3877 2395 luctu-

2217 2443 2327 2498 que
2346 2426 2742 2482 tabescentem
2768 2445 2783 2482 :
2810 2426 3141 2498 frequentes
3164 2429 3634 2500 presbyterorum
3660 2430 3873 2484 littere

2216 2515 2606 2588 perferebant,
2636 2534 2783 2587 quos
2812 2515 2910 2572 ille
2941 2517 3211 2572 custodes
3253 2517 3646 2590 praesidesque
3690 2517 3878 2574 eccle-

2217 2602 2320 2659 sias
2369 2602 2701 2675 reliquerat.
2750 2604 2860 2660 Sed
2907 2603 3091 2660 bones
3141 2604 3314 2660 etiam
3365 2610 3538 2677 atque
3565 2611 3876 2678 exoptatos

2217 2691 2532 2748 identidem
2565 2693 2788 2766 accepit
2818 2693 3080 2763 nuntios,
3113 2695 3170 2749 in
3195 2699 3398 2750 sancta
3426 2695 3525 2750 illa
3547 2697 3878 2752 defectione

2219 2799 2322 2838 nec
2354 2783 2531 2838 fortes
2582 2783 2967 2852 confesseres,
3017 2801 3122 2838 nec
3167 2784 3409 2840 invictos
3450 2790 3740 2858 martyres
3773 2787 3873 2842 de-

2218 2870 2420 2926 fuisse.
2457 2870 2561 2925 Vix
2593 2889 2732 2928 sane
2765 2872 2820 2927 in
2870 2872 3233 2929 Christianos
3274 2873 3490 2942 inquiri
3514 2874 3876 2947 Carthagine

2217 2965 2470 3032 coeptum
2504 2960 2714 3028 fuerat,
2745 2977 2878 3016 eum
2921 2962 3275 3034 Rogatianus
3307 2963 3610 3034 presbyter
3641 2970 3696 3020 et
3730 2963 3879 3020 Feli-

2219 3050 2495 3106 cissimus
2527 3050 2954 3122 comprehensi,
2988 3057 3159 3121 atque
3181 3051 3252 3106 ob
3275 3051 3612 3124 praeclaram
3645 3054 3878 3110 confes-

2221 3135 2441 3193 sionem
2468 3136 2524 3192 in
2546 3136 2772 3193 vinculo
2793 3138 2949 3193 ducti
2973 3143 3130 3193 sunt.
3165 3138 3264 3193 His
3296 3140 3468 3210 paulo
3500 3145 3634 3211 post
3654 3140 3754 3194 alii
3792 3157 3887 3197 ac-

2221 3243 2468 3295 cessere,
2504 3244 2650 3298 ques
2673 3226 2823 3282 inter
2851 3230 2907 3282 et
2941 3227 3168 3282 feminas
3199 3229 3464 3299 quaedam
3499 3235 3552 3284 et
3583 3229 3756 3301 pueri
3779 3229 3889 3285 ali-

2220 3323 2362 3390 quot
2383 3318 2601 3374 inventi
2655 3322 2815 3384 sunt,
2859 3318 3072 3390 quibus
3104 3322 3229 3374 tum
3261 3319 3582 3392 Cyprianus
3615 3337 3717 3392 per
3751 3321 3884 3394 epi-

2219 3409 2429 3465 stolam
2461 3407 2790 3481 gratulatus
2821 3410 3007 3482 (epist.
3025 3410 3117 3480 81)
3151 3416 3353 3466 auctor
3382 3427 3614 3483 quoque
3644 3412 3781 3482 luit,
3819 3416 3886 3468 ut

2221 3499 2606 3572 Rogatianum
2656 3504 2713 3556 et
2765 3499 3188 3556 Felicissimum
3239 3500 3298 3556 in
3349 3502 3624 3557 omnibus
3653 3518 3884 3575 seque-

2218 3595 2441 3646 rentur.
2493 3591 2719 3646 lnterea
2779 3590 3187 3662 Carthaginem
3256 3593 3504 3648 redierat
3552 3594 3886 3664 proconsul

2219 3681 2672 3736 Fertunatianus
2703 3686 2758 3734 et
2787 3679 3148 3737 Christianos
3181 3681 3247 3736 ad
3282 3681 3535 3737 tribunal
3566 3682 3733 3737 citari
3749 3685 3892 3754 jus-

2217 3773 2391 3824 serat.
2440 3769 2815 3825 Ducebantur
2854 3786 3068 3842 magno
3115 3786 3379 3837 numero,
3429 3770 3525 3841 qui
3577 3775 3640 3826 ut
3671 3787 3891 3827 coram

2217 3860 2452 3928 stetere,
2483 3857 2708 3914 excelse
2734 3859 2930 3914 animo
2961 3859 3323 3915 Christianos
3373 3876 3433 3915 se
3463 3876 3592 3915 esse
3623 3862 3890 3932 professi

2216 3951 2387 4014 sunt;
2446 3947 2652 4002 exinde
2683 3947 2781 4002 alii
2814 3947 2872 4002 in
2904 3964 3195 4005 carcerem
3228 3949 3472 4017 reducti,
3505 3949 3604 4004 ubi
3636 3957 3889 4006 senten-

2218 4038 2358 4093 tiam
2374 4038 2591 4109 judicis
2606 4037 3216 4111 opperirentur,quam
3234 4039 3472 4112 plurimi
3494 4042 3698 4097 exsilio
3725 4044 3890 4098 mul-

2215 4128 2340 4193 tati,
2401 4118 2456 4183 et
2508 4126 2697 4183 solum
2731 4132 2950 4186 vertere
2992 4129 3151 4200 jussi
3181 4147 3194 4186 :
3228 4146 3258 4185 e
3316 4132 3531 4202 quibus
3562 4133 3886 4206 sexaginta

2213 4216 2476 4288 quinque
2494 4215 2737 4272 Romam
2755 4223 3319 4291 pervenerunt,ques
3348 4219 3566 4276 Celerin
3578 4239 3646 4276 us
3670 4222 3880 4294 (epist.

2211 4305 2302 4372 20,
2354 4307 2498 4360 inter
2540 4306 2731 4379 Cypr.)
2782 4324 2816 4362 a
2863 4307 3123 4364 Candida
3173 4317 3229 4364 et
3259 4309 3535 4366 Numeria
3565 4312 3881 4368 sororibus

2213 4393 2467 4467 hospitio
2501 4395 2691 4451 Romae
2723 4400 2990 4468 acceptos
3021 4397 3247 4470 scribit,
3283 4415 3411 4470 quas
3441 4404 3496 4454 et
3524 4400 3595 4454 ad
3633 4407 3880 4473 portum

2213 4482 2541 4540 Ostiensem
2569 4484 2799 4540 obviam
2829 4502 3151 4558 progressa:
3187 4488 3435 4556 fuerant,
3459 4496 3523 4544 ut
3554 4506 3659 4545 eos
3679 4490 3748 4545 in
3773 4507 3876 4545 ur-

453 4551 916 4640 centempta,pre
943 4563 1163 4622 coalesti
1195 4563 1429 4637 praemio
1463 4564 1689 4621 fortiter
1709 4567 2102 4626 decertarunt.
2135 4551 2181 4617 D
2214 4571 2345 4628 hem
2379 4573 2750 4629 deducerent.
2786 4551 2850 4628 ni
2881 4551 3150 4631 exsulum
3183 4551 3431 4632 numero
3461 4579 3566 4632 luit
3597 4585 3656 4634 et
3688 4587 3876 4636 Aure-

451 4659 561 4713 Sed
592 4657 810 4712 multos
840 4656 1019 4711 etiam
1052 4653 1139 4711 vel
1181 4655 1408 4726 primus
1443 4652 1538 4708 ille
1599 4655 1831 4710 Deciani
1895 4658 2107 4715 furoris

454 4753 639 4802 terror
686 4745 1019 4818 prostravit.
1065 4743 1126 4799 Id
1167 4743 1490 4816 Cyprianus
1522 4743 1647 4815 ipse
1679 4761 1792 4800 non
1826 4746 2110 4804 diffitetur

449 4836 511 4891 in
543 4852 609 4890 ee
639 4833 808 4902 libre,
842 4849 1014 4906 quem
1065 4848 1204 4905 pace
1253 4832 1486 4887 firmata
1531 4832 1596 4888 de
1627 4833 1814 4906 Lapsis
1845 4837 2105 4908 scripsit.

452 4926 660 4982 1420
690 4944 723 4977 ι
770 4924 854 4980 Ad
909 4921 1118 4994 prima,
1172 4920 1366 4994 inquit
1417 4921 1510 4992 (de
1545 4924 1729 4994 Lupa,
1763 4941 1822 4996 p.
1857 4925 1980 4997 436,
2015 4927 2105 4981 ed.

451 5015 691 5086 Baluz.),
739 5013 936 5069 saatim
987 5013 1160 5068 verba
1208 5010 1487 5066 minantis
1539 5011 1763 5067 inimici
1815 5015 2109 5071 maximus

448 5108 698 5162 fratrum
749 5118 1032 5157 numerus
1079 5100 1251 5154 fidem
1310 5117 1471 5154 suam
1508 5100 1760 5171 prodidit
1792 5120 1804 5170 ;
1842 5120 1944 5158 nec
1976 5121 2107 5174 pro-

441 5201 671 5261 stratus
689 5197 776 5247 est
793 5190 1218 5262 persecutiOuis
1239 5189 1482 5260 impetu,
1510 5190 1609 5244 sed
1635 5189 1962 5248 voluntario
1985 5191 2110 5266 lap-

447 5302 518 5339 su
551 5300 614 5339 se
644 5282 768 5355 ipse
800 5279 1132 5352 prostravit.
1169 5301 1196 5328 »
1245 5279 1395 5333 Tum
1448 5276 1885 5336 imbecilitatem
1930 5300 2108 5354 quam

447 5367 1206 5442 plurium,trepidatieneiu,
1225 5367 1529 5440 pertidiam
1553 5369 1833 5426 describit
1866 5371 1958 5427 his
1983 5389 2109 5429 ver-

446 5459 575 5516 bis:
611 5483 638 5509 ‹‹
674 5459 800 5516 Non
832 5462 1314 5530 exspectaverunt
1347 5458 1578 5526 saltem,
1612 5463 1676 5514 ut
1726 5462 2111 5518 escenderent

445 5545 819 5617 apprehensi,
870 5554 935 5602 ut
991 5547 1332 5620 interrogati
1382 5553 1698 5621 negarent:
1755 5555 1890 5605 ante
1922 5551 2106 5608 aciem

447 5633 621 5692 multi
647 5633 807 5701 victi,
825 5634 951 5690 sine
967 5635 1378 5707 congressione
1399 5637 1696 5708 prostrati,
1731 5655 1838 5696 nec
1868 5639 1977 5697 hoc
1994 5641 2104 5699 sibi

2215 4659 2332 4717 lius
2366 4660 2458 4717 ille
2491 4661 2830 4719 adolescens
2863 4681 3037 4736 quem
3072 4671 3274 4737 postea
3301 4667 3628 4739 Cyprianus
3659 4671 3739 4724 ob
3764 4685 3884 4726 me-

2219 4751 2329 4805 rita
2359 4751 2486 4822 ejus
2517 4750 2788 4807 lectorem
2825 4753 2959 4808 fecit
2987 4753 3180 4826 (epist.
3213 4756 3339 4826 33):
3391 4757 3527 4811 item
3562 4758 3794 4814 Statius
3822 4765 3882 4814 et

2219 4840 2566 4896 Severianus
2619 4858 2651 4895 a
2702 4839 2960 4897 Celerino
3008 4845 3310 4899 memorati
3358 4846 3514 4910 (lbi-1.
3550 4849 3729 4920 epist.
3763 4850 3883 4918 ‘30),

2217 4945 2464 5000 quorum
2517 4930 2743 5000 primus
2791 4947 2860 4985 ex
2909 4931 3232 4989 cenfessere
3267 4935 3466 4991 1427
3506 4945 3734 5009 martyr
3766 4938 3882 4993 Re-

2219 5034 2325 5072 ma:
2364 5018 2622 5072 creditur
2651 5018 2865 5075 obiisse
2893 5021 3130 5090 (Pamel.
3164 5025 3219 5078 in
3263 5024 3428 5096 Cypr.
3481 5043 3536 5096 p.
3595 5026 3709 5097 46)
3755 5027 3878 5081 Νυ-

2220 5111 2524 5162 merantur
2555 5123 2688 5163 cum
2719 5107 2811 5164 his
2843 5115 2901 5165 et
2929 5109 3085 5166 Felix
3124 5112 3449 5184 presbyter,
3481 5119 3537 5168 et
3569 5131 3698 5185 qua:
3731 5132 3884 5170 uxor

2219 5196 2350 5266 ejus
2371 5197 2577 5265 fuerat,
2609 5195 2882 5262 Victoria,
2918 5203 2972 5254 et
3003 5199 3251 5257 Lucius:
3285 5201 3385 5272 qui
3415 5202 3659 5273 quidem
3682 5207 3882 5276 primo

2221 5286 2279 5340 in
2311 5285 2584 5340 conflictu
2606 5286 2853 5358 turpiter
2875 5289 3346 5359 succubuerant;
3371 5292 3470 5347 sed
3497 5309 3638 5348 mox
3658 5294 3887 5350 admis~

2220 5392 2354 5430 sum
2385 5373 2578 5430 scelus
2627 5379 3007 5450 detestantes,
3060 5396 3192 5435 cum
3245 5398 3483 5437 rursum
3528 5383 3880 5457 interrogati

2219 5470 2434 5531 essent,
2497 5482 2558 5520 se
2607 5464 2807 5521 Jesum
2860 5468 3159 5525 Christum
3213 5475 3392 5526 Deum
3453 5489 3768 5545 agnoscere
3813 5481 3883 5532 et

2219 5553 2460 5610 adorare
2490 5556 2937 5628 responderunt,
2971 5564 3028 5614 et
3053 5574 3119 5615 eo
3166 5561 3401 5618 nomine
3433 5562 3611 5619 benis
3643 5565 3884 5638 spoliati

2217 5647 2275 5700 et
2307 5642 2363 5699 in
2398 5643 2667 5700 exsilium
2684 5645 2797 5702 acti
2829 5652 3005 5705 sunt:
3039 5664 3189 5722 quos
3218 5653 3529 5724 propterea
3557 5654 3886 5716 Caldonia-
