4112 6174
250 276 393 335 1485

1299 274 1660 334 ANNALES
1707 272 2107 333 ECCLESIZE
2153 274 2596 335 AFRICANAE.

3499 275 3654 336 1486

245 408 569 481 episcopus,
590 405 768 478 quiet
790 405 914 477 ipse
940 421 1062 461 rem
1085 405 1476 462 Christianam
1501 423 1633 461 cum
1657 406 1889 478 Cypria-
1921 415 1974 480 Α
2006 423 2144 463 cura
2166 424 2294 478 sua,
2321 424 2498 478 quam
2534 404 2811 461 fratribus
2843 405 2901 460 in
2932 404 3092 460 omni
3123 405 3403 476 obsequio
3445 421 3656 477 opera-

249 499 302 553 ni
333 496 692 570 presbyteris
726 494 1080 567 Carthagine
1130 495 1392 562 curabat,
1424 495 1483 550 in
1533 496 1896 552 communio-

249 603 373 642 nem
407 586 647 657 recepit,
680 588 740 640 et
765 585 1091 657 Cyprianus
1115 586 1318 641 merito
1351 589 1611 656 receptos
1644 601 1898 656 pronun-

251 676 408 732 tiavit
439 674 633 746 (epist.
696 675 762 729 18
794 680 851 730 et
883 674 988 746 19).
1039 675 1263 730 Accidit
1319 674 1516 740 etiam,
1562 679 1626 730 ut
1683 673 1896 731 mulier

252 765 536 839 quadam,
573 763 811 819 nomine
841 763 1106 826 Bona,ab
1140 764 1264 836 ipso
1293 764 1501 819 marito
1536 763 1896 835 pertrahere-

251 861 342 912 tur
369 855 440 909 ad
473 853 928 909 sacriﬁcandum
963 871 976 908 :
1012 870 1160 924 qua,
1193 854 1334 909 dum
1396 871 1605 910 manus
1663 854 1790 925 ejus
1822 853 1894 910 ab

252 945 318 1000 iis
345 943 446 1016 qui
478 943 912 1011 sacriﬁcabant,
943 946 1296 1014 tenerentur,
1329 942 1896 1016 exclamavit'aperte

251 1032 510 1107 (Caldon.
541 1032 602 1088 in
635 1032 808 1105 epist.
847 1033 932 1100 18,
965 1034 1108 1088 inter
1139 1032 1362 1105 Cypr.):
1405 1053 1432 1087 α
1468 1037 1594 1088 Non
1628 1033 1755 1103 feci,
1793 1049 1895 1090 vos

249 1123 468 1180 fecistis
494 1141 506 1192 ;
540 1121 740 1194 itaque
769 1125 825 1178 et
855 1122 982 1194 ipsa
1011 1123 1255 1179 extorris
1282 1122 1433 1179 facta
1462 1126 1570 1178 est.

315 1246 384 1302 V.
423 1249 713 1302 Hactenus
744 1246 1035 1304 honorum
1065 1246 1410 1319 direptione,
1442 1246 1684 1318 exsiliis,
1699 1247 1895 1303 vincu-

251 1336 345 1404 lis,
397 1341 456 1392 et
501 1335 834 1392 carceribus
891 1335 950 1391 in
1011 1335 1375 1392 Christianos
1425 1337 1691 1393 savitum
1747 1339 1891 1392 erat.

247 1423 426 1497 Aprili
459 1440 662 1482 mense
688 1429 1006 1492 tormenta,
1039 1425 1542 1498 cades,martyria
1571 1427 1890 1498 coeperunt.

247 1518 323 1571 Ac
353 1515 604 1587 primus,
630 1521 694 1569 ut
716 1515 968 1582 videtur,
989 1514 1349 1586 Mappalicus
1364 1515 1626 1571 lauream
1647 1515 1894 1586 adeptus

248 1609 352 1674 est,
383 1619 453 1658 xv
485 1604 606 1658 Kal.
640 1602 845 1672 Maias,
885 1605 1056 1673 cujus
1111 1621 1322 1658 nomen
1374 1604 1558 1659 sacris
1612 1604 1803 1660 adhuc
1834 1604 1894 1658 in

249 1692 414 1748 fastis
445 1692 812 1748 celebratur:
845 1692 917 1747 de
949 1709 1063 1764 quo
1093 1692 1268 1748 etiam
1300 1692 1625 1764 Cyprianus
1655 1692 1714 1746 in
1746 1691 1896 1764 epis-

247 1781 362 1839 tola
391 1781 589 1854 (epist.
617 1781 672 1853 8)
703 1781 775 1836 ad
807 1786 1094 1853 martyres
1125 1787 1182 1836 et
1239 1782 1624 1846 confessores,
1669 1802 1698 1831 «
1748 1783 1892 1846 Vox,

249 1869 457 1941 inquit,
493 1868 893 1942 plenaSpiritu
925 1874 1128 1926 sancto
1160 1870 1231 1925 de
1263 1870 1534 1942 martyris
1565 1885 1662 1924 ore
1693 1886 1893 1940 proru-

252 1960 337 2032 pit
356 1976 490 2014 cum
503 1959 862 2030 Mappalicus
879 1957 1257 2014 beatissimus
1274 1960 1426 2014 inter
1437 1957 1730 2014 cruciatus
1753 1974 1892 2014 suos

253 2047 582 2121 proconsuli
613 2049 833 2104 diceret
859 2065 872 2102 :
904 2047 1143 2103 Videbis
1190 2064 1318 2102 eras
1349 2063 1617 2118 agonem,
1639 2055 1696 2102 et
1735 2046 1890 2119 quod

249 2137 344 2193 ille
374 2154 510 2193 cum
540 2138 770 2192 virtutis
801 2153 868 2192 ac
899 2137 1035 2191 ﬁdei
1069 2136 1403 2192 testimonio
1421 2135 1586 2205 dixit,
1611 2135 1892 2192 Dominus

253 2227 529 2298 implevit.
561 2235 722 2297 Agon
754 2224 1008 2280 caelestis
1038 2225 1355 2291 exhibitus,
1387 2231 1444 2280 et
1472 2225 1575 2280 Dei
1605 2241 1810 2281 servus
1831 2224 1890 2279 in

250 2315 452 2387 agonis
482 2315 758 2386 promissi
793 2313 1112 2370 certamine
1142 2321 1456 2370 coronatus
1485 2317 1594 2369 est.
1621 2336 1642 2363 ι
1680 2313 1742 2369 ln
1765 2315 1895 2385 ipsa

252 2405 404 2460 enim
437 2404 757 2476 quastione
789 2402 1148 2460 fortissimus
1169 2402 1267 2458 ille
1297 2408 1518 2475 martyr
1558 2403 1893 2471 exspiravit,

252 2493 486 2550 Luciani
517 2491 870 2550 confessoris
899 2491 1260 2561 testimonio,
1287 2493 1384 2562 qui
1414 2493 1485 2546 de
1523 2491 1701 2562 hujus
1722 2498 1779 2548 et
1794 2509 1894 2548 ca-

250 2587 505 2638 terorum
530 2587 854 2653 martyrum
879 2583 1032 2635 exitu
1057 2581 1302 2637 Romam
1316 2580 1388 2635 ad
1403 2579 1736 2635 Celerinum
1759 2579 1897 2636 scri-

247 2671 363 2741 psit
391 2671 588 2742 (epist.
619 2671 712 2735 21,
747 2673 893 2725 inter
926 2670 1138 2740 Cypr.).
1170 2673 1349 2723 Porro
1382 2669 1693 2738 Mappalici
1753 2668 1896 2724 socii

247 2760 408 2814 fuere
420 2758 798 2828 Paulus,post
810 2762 1101 2813 tormenta
1113 2757 1312 2812 statim
1327 2757 1898 2826 exstinctus,Bassus

251 2849 310 2903 in
341 2863 515 2902 nervo
547 2846 668 2902 sive
700 2844 932 2916 pedario
980 2845 1137 2916 ligno
1199 2844 1594 2909 exanimatus,
1642 2846 1900 2915 itemque

249 2935 548 3006 Fortunio,
610 2941 919 3006 postquam
981 2934 1039 2987 in
1099 2948 1388 2988 carcerem
1447 2933 1725 2988 reductus
1767 2938 1895 2990 est:

255 3029 532 3097 praterea
563 3027 901 3090 Fortunata,
926 3021 1280 3089 Victorinus,
1301 3020 1520 3088 Victor,
1545 3021 1895 3092 Herennius,

2007 495 2183 552 tionis
2213 495 2497 568 impertit,
2520 495 2621 568 qui
2653 511 2757 550 nec
2789 494 2905 550 illic
2936 495 3089 550 circa
3119 511 3318 550 curam
3343 510 3651 567 corporum

2007 586 2188 655 deest,
2213 584 2518 658 scripserit
2539 590 2596 640 et
2614 584 2833 640 scribat
2863 601 2928 640 ac
2961 583 3255 657 signiﬁcet
3302 583 3446 639 mihi
3504 584 3650 651 dies,

2006 674 2221 744 quibus
2255 674 2314 729 in
2358 690 2586 730 carcere
2619 673 2770 729 beati
2794 673 3002 729 fratres
3029 673 3212 729 nostri
3237 674 3308 728 ad
3347 673 3650 729 immorta-

2005 763 2228 819 litatem
2247 763 2511 837 gloriosa
2535 763 2742 819 mortis
2761 763 2920 819 exitu
2941 767 3270 830 transeunt,
3285 767 3343 818 et
3363 761 3654 818 celebren-

2004 857 2102 907 tur
2124 851 2215 908 hic
2239 870 2271 908 a
2293 851 2462 909 nobis
2479 851 2800 908 oblationes
2822 858 2880 908 et
2901 851 3186 908 sacriﬁcia
3207 851 3278 907 ob
3301 867 3652 908 commemo-

2005 942 2260 998 rationes
2287 959 2488 998 eorum
2515 959 2642 1014 qua
2669 939 2779 996 cito
2827 941 3155 1006 vobiscum,
3176 939 3421 997 Domino
3462 943 3652 1012 prote-

2003 1034 2192 1100 gente,
2226 1030 2676 1087 celebrabimus.
2709 1052 2736 1080 »

2077 1138 2172 1193 VI.
2193 1137 2352 1193 Alios
2382 1138 2493 1193 hoc
2523 1153 2677 1193 anno
2702 1145 2981 1209 martyres
3003 1135 3146 1192 coelo
3194 1136 3524 1192 submissos
3554 1136 3652 1192 de-

2005 1227 2192 1284 clarat
2215 1226 2488 1300 Cypriani
2517 1226 2764 1298 epistola
2794 1225 2907 1282 alia
2964 1226 3036 1282 ad
3087 1224 3306 1282 clerum
3353 1224 3652 1296 Carthagi-

2005 1332 2271 1381 nensem,
2305 1332 2422 1387 qua
2449 1314 2831 1370 Numidicum
2862 1313 3259 1370 confessorem
3280 1313 3339 1368 in
3357 1312 3652 1385 presbyte-

2005 1421 2205 1460 rorum
2239 1403 2814 1476 Carthaginiensium
2846 1402 3205 1475 collegiuma
3233 1419 3296 1457 se
3316 1407 3652 1474 cooptatum

2004 1493 2377 1566 signiﬁcavit.
2415 1514 2443 1544 α
2471 1493 2642 1560 Nam,
2677 1491 2870 1563 inquit
2897 1493 3088 1563 (epist.
3119 1492 3208 1546 25.
3243 1491 3310 1546 V.
3342 1489 3487 1547 Boll.
3510 1494 3552 1546 t.
3604 1491 3655 1547 ΙΙ

2002 1583 2161 1654 Aug.
2196 1599 2254 1654 p.
2289 1581 2436 1653 411),
2469 1579 2803 1638 admonitos
2834 1597 2941 1636 nos
2997 1585 3056 1636 et
3106 1579 3425 1636 instructos
3455 1579 3656 1636 sciatis

2005 1671 2342 1744 dignatione
2372 1671 2587 1737 divina,
2621 1676 2686 1726 ut
2716 1670 3062 1726 Numidicus
3100 1669 3405 1742 presbyter
3433 1668 3653 1726 adscri-

1926 1786 1972 1850 Β
2007 1760 2182 1816 batur
2206 1760 2680 1832 presbyterorum
2696 1757 3268 1830 Carthaginiensium
3301 1775 3570 1826 numero,
3601 1761 3660 1814 et

2005 1849 2313 1904 nobiscum
2347 1849 2546 1905 sedeat
2575 1848 2632 1902 in
2667 1847 2842 1916 clero,
2878 1847 3005 1904 luce
3050 1846 3382 1902 clarissima
3421 1846 3656 1904 confes-

2004 1937 2186 1994 sionis
2217 1935 2489 2009 illustris,
2505 1942 2561 1993 et
2591 1936 2824 1992 virtutis
2846 1953 2911 1992 ac
2937 1937 3068 1992 ﬁdei
3093 1935 3314 1992 honore
3345 1935 3654 1994 sublimis:

2004 2029 2124 2100 qui,
2158 2028 2393 2085 hortatu
2429 2045 2558 2100 suo,
2604 2028 2904 2100 copiosum
2960 2031 3284 2101 martyrum
3337 2044 3650 2083 numerum

2007 2117 2298 2189 lapidibus
2321 2121 2378 2172 et
2398 2117 2654 2172 ﬂammis
2673 2121 2941 2172 necatum
2975 2121 3108 2172 ante
3137 2133 3197 2172 se
3229 2115 3411 2184 misit,
3435 2115 3652 2187 quique

2006 2221 2242 2261 uxorem
2276 2205 2665 2261 adharentem
2696 2204 2863 2260 lateri
2885 2223 2991 2260 suo
3015 2209 3444 2261 concrematam
3475 2203 3649 2262 simul

2004 2312 2139 2350 cum
2171 2295 2412 2364 caeteris,
2446 2298 2846 2351 conservatam
2869 2295 3060 2367 magis
3077 2294 3345 2360 dixerim,
3368 2293 3534 2350 latus
3557 2311 3650 2350 as-

2002 2384 2179 2460 pexit.
2210 2384 2338 2456 Ipse
2371 2382 2822 2440 semiustulatus
2855 2387 2910 2439 et
2938 2383 3237 2456 lapidibus
3296 2384 3561 2455 obrutus,
3594 2386 3655 2439 et

2006 2490 2108 2544 pro
2140 2477 2370 2529 mortuo
2398 2472 2732 2542 derelictus,
2765 2473 2904 2527 dum
2939 2473 3318 2544 postmodum
3354 2471 3473 2527 ﬁlia
3494 2471 3660 2528 solli-

2007 2560 2120 2616 cito
2155 2560 2388 2632 pietatis
2417 2559 2698 2632 obsequio
2730 2559 2972 2616 cadaver
3029 2561 3211 2632 patris
3258 2561 3526 2632 inquirit,
3564 2577 3657 2618 se-

2009 2649 2309 2704 mianimis
2340 2649 2614 2704 inventus
2668 2650 2726 2704 et
2782 2652 3075 2704 extractus
3131 2654 3187 2705 et
3237 2649 3594 2705 refocillatus
3625 2666 3660 2706 a

2007 2738 2342 2808 comitibus,
2359 2754 2506 2809 quos
2520 2737 2643 2810 ipse
2659 2737 3333 2808 pramiserat,remansit
3348 2738 3659 2795 invictus.»

2007 2826 2108 2881 His
2140 2843 2273 2882 vero
2306 2826 2662 2899 martyribus
2695 2826 3122 2882 annumerandi
3154 2827 3329 2882 etiam
3363 2826 3654 2897 videntur,

2010 2931 2158 2987 quos
2190 2915 2372 2972 Graeci
2405 2915 2596 2971 adhuc
2652 2915 2944 2971 honorant
2991 2916 3074 2988 (V.
3126 2914 3269 2971 Boll.
3310 2917 3375 2972 10
3401 2916 3555 2988 Apr.,
3597 2932 3659 2988 po

2008 3005 2157 3076 860),
2187 3005 2496 3060 Terentius
2527 3008 2583 3060 et
2612 3004 2924 3060 Africanus
2957 3021 3092 3060 cum
3125 3005 3322 3073 sociis,
3350 3005 3410 3060 in
3465 3005 3660 3062 Africa

255 3093 521 3180 Credula,
571 3112 818 3180 Herena,
851 3111 1132 3177 Donatus,
1161 3111 1414 3179 Firmus,
1429 3110 1898 3178 Venustus,Fru-

2015 3093 2291 3166 martyrio
2319 3093 2576 3149 defuncti
2608 3093 2720 3149 sub
2749 3094 2921 3150 Decio
2954 3099 3102 3166 Aug.
3145 3110 3398 3166 quorum
3457 3099 3660 3168 postea

2016 3182 2294 3206 --ιε-,,ε,,
2327 3182 2686 3206 mL--_1-_:---
2720 3183 2965 3206 ‘._____-
2999 3183 3052 3206 ε..
3096 3185 3267 3206 μλψ
3297 3184 3628 3206 πη-ινμμε..

254 3207 403 3271 ctus,
425 3203 602 3271 Julia,
622 3199 1257 3270 Martialis,Aristo,qui
1279 3216 1484 3257 omnes
1501 3200 1558 3255 in
1582 3217 1809 3256 carcere
1824 3201 1902 3256 fa-

255 3308 345 3346 me
366 3292 554 3347 necati
579 3295 736 3346 sunt.
760 3294 980 3346 Horum
1007 3289 1265 3345 continet
1283 3287 1486 3344 laudes
1499 3297 1570 3357 Cy
1578 3288 1900 3362 prianiepi-

257 3379 407 3435 stola
427 3379 802 3451 (epist.8),ad
825 3385 1111 3450 martyres
1142 3383 1200 3434 et
1221 3367 1902 3450 co’nt'essores,quietiam

255 3475 380 3524 tum
403 3469 751 3540 superstites
767 3485 962 3538 parem
980 3471 1157 3522 linem
1171 3469 1638 3538 exspectabant.«
1656 3470 1906 3524 Probata

253 3574 364 3626 res,
398 3558 612 3628 inquit,
643 3562 732 3612 est
759 3555 1078 3611 certamine
1123 3555 1374 3611 fratrum
1407 3556 1683 3626 glorioso,
1706 3556 1806 3628 qui
1832 3557 1904 3612 ad

260 3651 558 3702 tormenta
586 3645 872 3701 vincenda
902 3644 1124 3700 caeteris
1157 3645 1336 3699 duces
1382 3644 1515 3698 facti
1572 3644 1904 3716 exemplum

252 3735 485 3790 virtutis
518 3752 582 3790 ac
614 3735 746 3790 fidei
772 3733 1478 3806 prabuerunt,congressi
1500 3733 1557 3786 in
1574 3732 1906 3800 acie,donec

255 3825 416 3881 acies
447 3823 857 3880 succumberet
900 3823 1075 3878 victa.
1110 3821 1334 3886 Quibus
1364 3837 1469 3892 ego
1499 3837 1600 3877 vos
1629 3820 1906 3877 laudibus

265 3914 600 3985 pradicem,
634 3911 941 3966 fortissimi
975 3908 1225 3965 fratres?
1255 3908 1433 3964 robur
1464 3909 1713 3980 pectoris
1732 3909 1905 3965 vestri

251 4009 312 4058 et
340 4001 835 4074 perseverantiam
870 4000 1004 4054 ﬁdei
1036 4013 1152 4070 quo
1214 3998 1502 4069 praconio
1550 3998 1708 4054 vocis
1747 4013 1906 4053 exor-

251 4107 386 4147 nem
408 4091 436 4144 ‘I
465 4089 784 4146 Tolerastis
811 4105 992 4154 usque
1017 4088 1088 4143 ad
1112 4089 1681 4143 consummationem
1709 4087 1905 4158 gloria

251 4182 282 4234 d
297 4179 632 4235 urissimam
657 4177 1059 4249 quaestionem,
1077 4193 1182 4232 nec
1195 4175 1456 4232 cessistis
1469 4177 1907 4248 suppliciis,sed

250 4269 420 4324 vobis
450 4267 646 4339 potius
677 4266 968 4338 supplicia
997 4269 1339 4333 cesserunt;
1373 4267 1550 4320 ﬁnem
1583 4265 1904 4336 doloribus,

251 4373 430 4428 quem
463 4361 757 4412 tormenta
788 4372 903 4410 non
951 4355 1196 4421 dabant,
1254 4370 1479 4410 corona
1536 4354 1842 4410 dederunt.
1875 4373 1904 4404 ››

254 4449 514 4518 Corpora
542 4461 674 4501 vero
716 4446 845 4517 ipsa
877 4449 1197 4516 martyrum
1235 4449 1293 4498 et
1343 4443 1769 4510 confessorum,
1803 4441 1907 4514 qui

253 4535 314 4591 in
348 4533 600 4589 vinculis
631 4533 1021 4598 decesserant,
1039 4531 1305 4602 ejusdem
1319 4530 1587 4602 Cypriani
1603 4531 1908 4586 admonitu

253 4625 453 4696 (epist.
484 4624 596 4688 37),
633 4622 739 4678 rite
769 4639 803 4677 a
834 4623 987 4676 clero
1019 4620 1079 4676 in
1113 4619 1360 4675 tumulis
1412 4617 1775 4690 composita:
1835 4619 1908 4676 de

254 4730 373 4784 quo
401 4712 578 4768 etiam
598 4712 792 4766 cilicio
817 4711 888 4766 ad
912 4708 1232 4765 Ecclesiam
1254 4707 1792 4777 Carthaginiensem
1817 4707 1908 4784 di-

255 4780 506 4874 ligenter
520 4800 929 4872 praseripseru
938 4804 1002 4854 nt
1015 4780 1907 4870 presbyteriEcclesiaRomana,

258 4908 381 4946 rem
403 4890 458 4945 id
480 4889 791 4945 maximam
821 4886 1186 4960 appellantes
1211 4885 1418 4943 1428
1439 4886 1635 4958 (epist.
1676 4886 1733 4956 3,
1767 4887 1913 4943 inter

258 4979 471 5052 Cypr.).
497 4977 685 5034 Simul
718 4983 915 5033 autem
947 4975 1268 5050 Cyprianus
1292 4984 1352 5032 et
1381 4976 1535 5031 diem
1576 4974 1911 5048 consignari

253 5068 468 5135 voluit,
501 5085 616 5140 quo
648 5067 896 5139 quisque
923 5082 1203 5122 coronam
1229 5065 1492 5120 tulisset:
1547 5078 1912 5136 quamquam

253 5157 513 5214 habebat
543 5155 640 5212 ille
671 5155 1041 5228 Carthagine,
1089 5153 1188 5226 qui
1241 5170 1376 5210 eum
1421 5153 1492 5208 de
1553 5151 1914 5225 quotidianis

256 5248 438 5303 rebus
461 5246 768 5302 certiorem
790 5244 1045 5301 faceret:
1086 5264 1112 5296 α
1146 5243 1423 5314 Denique,
1447 5241 1660 5313 inquit,
1691 5246 1750 5297 et
1789 5241 1916 5297 dies

259 5351 493 5402 eorum,
516 5336 734 5406 quibus
759 5335 1066 5402 excedunt,
1089 5333 1385 5398 adnotate,
1411 5338 1474 5387 ut
1493 5346 1917 5388 commemora-

235 5425 461 5479 ‘tiones
491 5439 694 5479 eorum
725 5425 878 5479 inter
908 5422 1222 5478 memorias
1255 5427 1579 5493 martyrum
1627 5419 1919 5475 celebrare

265 5511 593 5585 possimus.
617 5511 962 5586 Quanquam
998 5509 1294 5569 Tertullus
1323 5509 1706 5564 ﬁdelissimus
1736 5512 1792 5563 et
1822 5509 1918 5564 de-

266 5600 618 5662 votissimus
632 5599 810 5658 frater
833 5606 1052 5672 noster,
1080 5617 1184 5676 pro
1204 5603 1411 5658 caetera
1441 5597 1832 5658 sollicitudine
1862 5599 1921 5655 et

2016 3182 2296 3254 reliquias
2327 3182 2689 3240 Theodosius
2720 3183 2967 3257 Magnus
2999 3183 3056 3238 in
3092 3185 3272 3238 adem
3297 3184 3654 3256 Euphemia,

2013 3289 2138 3344 qua
2166 3273 2225 3328 in
2259 3277 2423 3344 petra
2452 3273 2772 3343 dicebatur,
2802 3271 3365 3350 Constantinopolim
3400 3273 3658 3330 inferen—

2015 3363 2120 3417 das
2149 3361 2373 3417 curavit
2403 3361 2644 3432 (Theod.
2681 3365 2817 3418 Lcct.
2853 3361 2891 3416 1.
2925 3379 2988 3432 n,
3050 3379 3106 3417 ιι.
3167 3363 3259 3431 6‘2,
3289 3370 3340 3419 et
3380 3364 3534 3435 infra
3563 3380 3658 3418 an.

2014 3451 2142 3518 384,
2175 3450 2249 3523 1).
2284 3450 2446 3516 Quod
2479 3450 2528 3505 si
2561 3455 2778 3506 catera
2811 3467 3041 3522 quoque
3071 3450 3384 3523 provincia
3423 3450 3660 3523 Cypria-

2016 3556 2157 3594 num
2189 3538 2439 3594 alterum
2473 3539 2841 3608 habuissent,
2877 3540 3132 3612 profecto
3166 3541 3236 3596 de
3266 3556 3467 3597 earum
3485 3541 3663 3596 etiam

2016 3628 2371 3701 martyribus
2387 3627 2605 3700 aliquid
2625 3629 2695 3684 ad
2714 3646 2819 3685 nos
2845 3630 3460 3701 usquctransmissum
3486 3634 3664 3698 esset,

2017 3717 2073 3771 in
2107 3718 2320 3788 quibus
2352 3716 2624 3774 ecclesias
2646 3723 2701 3774 et
2719 3718 3023 3791 episcopos
3039 3735 3252 3792 magno
3275 3720 3665 3791 numerojam

2017 3812 2140 3862 tum
2174 3807 2376 3873 fuisse,
2409 3811 2752 3863 annotatum
2785 3813 2897 3863 est.

2084 3912 2208 3969 VII.
2234 3917 2459 3968 Interea
2481 3912 2748 3968 nonnulli
2769 3931 2837 3969 ex
2860 3914 2952 3980 iis,
2978 3914 3074 3986 qui
3099 3914 3156 3968 in
3201 3913 3470 3970 exsilium
3496 3913 3663 3984 ejecti

2016 4001 2267 4069 fuerant,
2283 4002 2455 4057 editis
2479 4003 2931 4075 magistratuum
2949 4003 3567 4075 contemptis,domum
3582 4019 3667 4058 re-

2017 4092 2141 4147 dire
2171 4091 2297 4146 ausi
2334 4097 2493 4146 sunt.
2527 4093 2690 4155 Quod
2723 4098 2789 4147 ut
2819 4091 3049 4147 rescivit
3095 4094 3442 4164 Cyprianus,
3475 4091 3661 4163 pluri-

2017 4197 2180 4235 mum
2195 4180 2568 4250 reprehendit
2587 4179 3033 4252 objurgavitque
3056 4181 3394 4247 reduces,eo
3410 4180 3662 4236 maxime

2017 4267 2272 4336 nomine,
2307 4269 2448 4340 quia
2477 4269 2535 4322 in
2567 4285 2694 4324 eam
2727 4269 2997 4340 patriam,
3034 4270 3188 4325 unde
3230 4275 3485 4325 extorres
3528 4267 3664 4324 facti

2016 4363 2214 4413 essent
2243 4357 2515 4428 regressi,
2549 4359 2674 4412 ﬁeri
2701 4363 2948 4429 poterat,
2995 4363 3058 4414 ut
3115 4358 3487 4430 apprehensi,
3547 4374 3663 4413 non

2009 4448 2137 4518 jam
2155 4452 2219 4502 ut
2240 4445 2578 4516 Christiani,
2592 4446 2693 4502 sed
2713 4447 2882 4518 quasi
2905 4451 3180 4502 nocentes
3202 4447 3662 4518 perirent(epist.

1939 4514 1985 4579 D
2012 4514 2050 4590 ti
2081 4540 2138 4589 et
2170 4535 2278 4605 14),
2313 4535 2415 4590 sed
2439 4514 2634 4591 tamen
2666 4514 2928 4606 graviore
2975 4551 3111 4590 eum
3152 4514 3422 4591 molestia
3461 4514 3665 4589 affece-

2018 4625 2157 4679 runt
2185 4622 2555 4680 contessores
2587 4623 2702 4695 ipsi
2734 4624 2792 4678 in
2827 4623 3160 4680 carceribus
3192 4623 3369 4679 etiam
3401 4627 3529 4678 tum
3567 4640 3666 4678 su-

2018 4710 2294 4783 perstites
2325 4710 2507 4766 nimia
2547 4711 2802 4781 quadam
2864 4710 3143 4768 facilitate
3199 4711 3546 4768 Christianis
3606 4711 3666 4765 in

2020 4799 2237 4856 recenti
2267 4799 2524 4872 periculo
2554 4799 2737 4871 lapsis
2769 4800 3224 4872 patrocinantes.
3254 4801 3402 4856 Nam
3433 4799 3492 4854 hi
3533 4798 3635 4871 qui
3650 4830 3670 4840 τι

2021 4889 2176 4958 dem,
2204 4903 2339 4944 cum
2371 4903 2471 4943 eos
2496 4888 2694 4944 I429
2719 4887 2938 4944 violata
2961 4894 3074 4944 Deo
3116 4887 3249 4944 ﬁdei
3298 4887 3670 4943 vehementer

2023 4978 2264 5048 puderet
2293 4983 2350 5031 et
2376 4976 2433 5031 in
2457 4977 2798 5042 Ecclesium,
2828 4977 2980 5032 unde
3003 4977 3075 5031 ob
3107 4976 3492 5046 proditionem
3514 4974 3667 5030 exci-

2024 5067 2249 5134 derant,
2282 5065 2460 5137 recipi
2492 5067 2742 5121 maxime
2769 5071 3068 5137 cuperent,
3092 5066 3422 5136 frequentes
3445 5064 3672 5120 itabant

2025 5156 2097 5211 ad
2128 5154 2546 5226 confessiones,
2567 5171 2782 5226 eosque
2804 5155 3108 5226 rogabant,
3128 5158 3192 5208 ut
3213 5153 3271 5208 in
3302 5152 3672 5208 communio-

2027 5261 2160 5300 nem
2179 5243 2576 5309 admitterent,
2589 5249 2647 5297 et
2659 5242 2931 5314 episcopo
2947 5258 3240 5314 quemque
3257 5258 3362 5296 suo
3376 5257 3673 5297 commen-

2027 5333 2252 5388 darent.
2279 5330 2528 5395 Quidam
2559 5345 2690 5385 vero
2720 5346 2790 5385 ex
2816 5328 2933 5385 illis
2950 5329 3094 5385 adeo
3112 5329 3486 5402 indulgentes
3509 5331 3676 5385 erant

2028 5427 2093 5477 ut
2116 5419 2396 5492 probroso
2417 5419 2629 5490 cuique
2651 5418 2777 5474 sine
2799 5435 2963 5474 mora
2985 5418 3677 5488 communicarent,dato-

2030 5524 2143 5580 que
2174 5505 2392 5573 libello,
2421 5507 2577 5578 quod
2610 5506 2668 5562 id
2700 5508 2896 5579 ipsum
2929 5507 3317 5579 testabantur,
3333 5507 3677 5579 episcopum

2032 5612 2265 5672 quoque
2296 5596 2604 5671 urgebant,
2637 5601 2704 5653 ut
2731 5595 2922 5673 illum,
2953 5612 3088 5652 cum
3119 5611 3182 5654 se
3207 5597 3280 5652 ad
3323 5595 3502 5670 pedes
3548 5596 3682 5670 ejus
