4112 6174
454 384 605 441 148⁸1

1954 380 2347 442 MORCELLI

3707 376 3872 437 1488

454 508 1069 583 abjecisset,Ecclesiaa
1100 511 1385 567 redderet.
1422 513 1829 568 Confessorum
1865 511 2099 568 illorum
2133 515 2183 582 Α
2220 526 2301 581 re,
2334 511 2736 584 persecutione
2766 510 2955 566 adhuc
2988 513 3411 583 perseverante,
3443 510 3708 564 nondum
3745 526 3870 563 res-

452 600 723 673 princeps
745 604 869 655 erat
886 599 1179 656 Lucianus
1212 601 1477 673 quidam,
1502 606 1772 674 spectata:
1814 619 1950 658 sane
1980 604 2097 657 vir-

452 688 596 745 tutis
619 690 706 744 vir
728 688 1066 760 invictisque
1092 689 1513 761 patientiae,sed
1544 691 1640 761 qui
1665 691 1929 747 Ecclesiae
1953 707 2097 764 pra:-

454 775 670 849 scripta
698 782 754 833 et
774 779 1069 849 Evangelii
1102 780 1454 835 documenta
1505 796 1709 851 parum
1770 786 1954 836 norat.
1999 781 2099 835 llic

454 880 569 920 non
602 864 771 919 modo
796 863 1025 920 libellos
1056 864 1391 936 petentibus
1424 869 1479 920 et
1497 883 1601 921 suo
1634 870 1690 921 et
1718 865 1964 922 aliorum
1992 883 2098 921 no-

454 952 611 1009 mine
642 953 819 1009 dabat
867 955 1053 1026 (Cypr.
1089 954 1259 1025 epist.
1290 954 1404 1025 2:2),
1436 955 1536 1010 sed
1567 956 1742 1010 etiam
1789 956 1969 1028 lapsis
2000 956 2098 1012 ab-

457 1042 725 1100 sentibus
755 1042 983 1098 veniam
1016 1058 1337 1115 pacemque
1368 1042 1680 1116 obtulerat,
1713 1062 1777 1099 ac
1817 1045 2099 1117 Celerino,

456 1130 557 1204 qui
586 1131 639 1187 ei
669 1131 1009 1188 Numeriam
1042 1136 1099 1188 et
1137 1132 1456 1189 Candidam
1510 1134 1795 1190 sacriﬁcio
1846 1134 2101 1207 pollutas

455 1221 983 1293 commendaverat,
1015 1222 1400 1294 rescripserat
1430 1223 1522 1278 bis
1549 1223 1778 1280 verbis:
1820 1248 1846 1274 ‹‹
1881 1225 2097 1281 Secun-

455 1310 597 1365 dum
625 1314 977 1382 praeceptum
1009 1310 1193 1381 Pauli,
1223 1334 1243 1361 ι
1281 1312 1379 1383 qui
1413 1329 1620 1385 nempe
1651 1318 1871 1387 martyr
1900 1316 2097 1370 deces-

457 1402 632 1467 serat,
657 1403 716 1454 et
746 1413 808 1454 se
838 1399 898 1455 in
929 1398 1123 1471 lapses
1154 1400 1591 1457 misericordem
1617 1404 1973 1473 ostenderat,
1998 1426 2023 1455 ‹‹
2044 1409 2103 1460 et

458 1498 726 1545 nostrum
741 1492 1074 1557 tractatum,
1092 1490 1353 1562 exposita
1371 1506 1553 1547 causa
1582 1493 1735 1563 apud
1758 1493 2100 1565 episcopum

456 1582 514 1633 et
526 1577 681 1634 facta
693 1577 1370 1650 exomologesi,habeant
1391 1598 1591 1652 pacem
1609 1599 1722 1638 non
1741 1585 1969 1638 tantum
1991 1584 2099 1655 hae,

457 1668 559 1723 sed
590 1672 647 1723 et
675 1684 823 1739 quas
853 1668 969 1725 scis
1001 1668 1071 1723 ad
1104 1669 1369 1725 animum
1403 1673 1877 1745 nostrum(epist.
1900 1674 1989 1741 21,
2010 1675 2103 1728 in-

460 1764 547 1812 ter
564 1756 771 1830 Cypr.).
793 1780 814 1807 υ
833 1757 1094 1829 Denique
1116 1759 1185 1813 ad
1202 1759 1554 1831 Cyprianum
1578 1762 1770 1833 ipsum
1796 1764 2101 1834 epistolam

460 1846 803 1917 bujusmodi
833 1846 1097 1902 omnium
1131 1849 1531 1905 confessorum
1589 1853 1823 1906 nomine
1874 1854 2104 1909 mittere
2135 1890 2182 1955 B

465 1951 638 1955 _,_____
790 1935 957 1955 ,_,,_,
1023 1937 1081 1955 ,η
1144 1938 1157 1955 ν.
1204 1938 1338 1955 ,μη
1478 1940 1490 1955 ,
1596 1939 1639 1955 τ,
1690 1940 1702 1951 .
1847 1941 1858 1953 .
2001 1944 2023 1955 η

462 1951 641 1991 ausus
671 1940 759 1991 est
787 1935 979 2007 (epist.
1018 1937 1107 2006 16,
1136 1938 1281 1993 inter
1302 1938 1513 2010 Cypr.).
1547 1963 1573 1988 «
1596 1939 1862 1996 Universi
1884 1944 2106 1998 confes-

461 2040 619 2081 sores
640 2024 922 2097 Cypriane
945 2042 1105 2097 papae
1130 2025 1399 2083 salutem.
1430 2028 1591 2083 Scias
1643 2046 1757 2085 non
1792 2031 2099 2099 universis,

462 2114 531 2168 de
561 2114 773 2184 quibus
804 2114 957 2185 apud
992 2119 1047 2171 te
1078 2116 1225 2171 ratio
1256 2117 1601 2182 constiterit,
1628 2119 1769 2190 quid
1796 2126 2103 2191 postcom-

460 2204 709 2259 missurn
728 2207 982 2275 egerent,
1007 2203 1240 2260 dedisse
1261 2222 1462 2276 pacem
1480 2210 1536 2260 et
1556 2206 1705 2262 hanc
1731 2208 1978 2265 formam
2001 2226 2105 2281 per

459 2298 514 2348 te
544 2296 601 2347 et
629 2290 760 2348 aliis
782 2291 1071 2363 episcopis
1096 2293 1457 2351 innotescere
1485 2294 2101 2370 voluimus.0ptamus

460 2385 518 2436 te
547 2398 681 2436 cum
714 2381 933 2436 sanctis
966 2382 1321 2453 martyribus
1355 2400 1553 2455 pacem
1578 2384 2104 2445 habere.Praesente

462 2471 532 2526 de
554 2468 706 2524 clero
728 2472 785 2524 et
813 2468 1101 2525 exorcista
1122 2475 1178 2526 et
1207 2469 1419 2527 lectore
1458 2473 1751 2530 Lucianus
1784 2477 2038 2548 scripsit.
2072 2499 2103 2528 »

463 2559 594 2615 Haec
622 2574 757 2613 vero
790 2574 966 2629 quam
998 2574 1150 2631 aegre
1178 2559 1379 2616 tulerit
1408 2562 1755 2635 Cyprianus,
1786 2582 1954 2621 nemo
1988 2583 2103 2623 non

463 2646 631 2705 facile
659 2647 967 2720 intelligat,
1002 2665 1135 2705 cum
1195 2654 1251 2705 et
1307 2650 1437 2708 aliis
1482 2653 1629 2709 ferre
1668 2655 1922 2724 deberet,
1956 2674 2103 2729 quos

463 2738 633 2793 unice
655 2737 887 2793 amabat
908 2754 975 2793 ac
995 2740 1403 2809 venerabatur,
1428 2746 1485 2797 et
1504 2749 1704 2800 contra
1724 2745 1985 2802 Ecclesia:
2008 2765 2107 2811 au,-

462 2827 787 2885 ctoritatem
803 2831 1023 2884 tentata
1044 2827 1409 2900 intelligeret,
1427 2848 1552 2903 quae
1566 2833 1636 2888 ab
1650 2851 1715 2890 eo
1729 2835 2104 2907 potissimum

461 2916 764 2973 retinenda
795 2920 963 2972 esset.
1000 2916 1237 2973 Dolebat
1266 2918 1439 2975 etiam
1472 2938 1537 2977 ac
1568 2923 1821 2980 multum
1853 2928 2105 2999 angeba-

463 3011 576 3071 tur,
611 3006 765 3077 quod
798 3006 1116 3078 presbyteri
1150 3009 1412 3080 quidam,
1444 3010 1503 3064 in
1565 3013 1807 3085 scilicet,
1841 3032 1989 3087 quos
2042 3017 2104 3072 in

465 3095 621 3150 susci
630 3095 838 3166 piendo
854 3096 1191 3167 pontiﬁcatu
1211 3099 1618 3170 competitores
1631 3102 2103 3171 habuerat,illam

466 3184 762 3257 lapsorum
793 3184 1204 3256 impunitatem
1238 3186 1525 3259 fovebant,
1558 3190 1711 3246 ultro
1769 3210 1901 3248 cum
1960 3194 2105 3265 ipsis

467 3272 989 3343 communicantes,
1024 3278 1081 3331 et
1107 3279 1324 3333 temere
1353 3279 1548 3335 omnia
1577 3280 1859 3355 nulloque
1905 3284 2107 3341 ordine
2137 3265 2179 3332 (ἶ

469 3363 981 3421 administrabant.

538 3489 687 3546 VIII.
721 3492 855 3556 Quae
886 3505 1017 3547 cum
1048 3490 1129 3547 ita
1149 3497 1364 3562 essent,
1390 3511 1511 3550 rem
1536 3497 1855 3569 Cyprianus
1886 3498 2110 3555 diutius

472 3579 962 3637 dissimulandum
986 3596 1101 3636 non
1132 3580 1317 3649 duxit,
1350 3587 1407 3638 et
1436 3600 1641 3655 graves
1688 3588 2002 3644 admodum
2044 3605 2111 3645 ac

471 3667 795 3742 prudentiae
826 3667 1029 3739 plenas
1060 3670 1417 3743 prescripsit
1444 3674 1829 3745 epistolas,ad
1864 3677 2107 3750 clerum,

471 3759 543 3815 ad
576 3758 963 3829 confcssores,
986 3759 1056 3813 ad
1088 3758 1305 3831 lapsos,
1325 3765 1386 3816 ut
1414 3763 1679 3835 singulos
1702 3766 1772 3821 de
1793 3767 1985 3824 ofﬁcio
2007 3768 2110 3823 ad-

464 3852 746 3904 moneret.
774 3848 964 3903 Prima
988 3848 1115 3919 ejus
1142 3849 1215 3904 ad
1246 3848 1466 3907 clerum
1497 3854 1673 3911 verba
1727 3856 1885 3912 fuere
1916 3856 2106 3929 (epist.

460 3938 552 4006 9):
588 3960 616 3989 ‹‹
651 3937 758 3992 Diu
790 3936 1133 4009 patientiam
1167 3955 1356 3995 meam
1390 3942 1573 4010 tenui,
1598 3945 1805 4001 fratres
1832 3946 2109 4002 charissi-

459 4026 566 4095 mi,
594 4025 762 4098 quasi
792 4027 1183 4082 verecundum
1218 4027 1521 4086 silentium
1554 4037 1820 4089 nostrum
1862 4038 2109 4107 proﬁce-

460 4119 547 4171 ret
574 4116 647 4171 ad
682 4114 961 4187 quietem.
992 4116 1101 4170 Sed
1133 4134 1268 4172 cum
1328 4119 1720 4177 immoderata
1776 4128 1832 4178 et
1862 4126 2111 4197 abrupta

461 4204 843 4276 praesumptio
876 4205 1200 4261 temeritate
1233 4224 1343 4262 sua
1373 4214 1429 4263 et
1460 4209 1741 4267 honorem
1783 4219 2108 4286 martyrum

464 4299 520 4350 et
550 4294 952 4349 contessorum
987 4294 1271 4365 pudorem
1300 4302 1359 4351 et
1388 4296 1576 4369 plebis
1608 4301 1890 4357 universa:
1949 4308 2107 4358 tran-

468 4383 818 4455 quillitatem
852 4383 1088 4438 turbare
1118 4388 1593 4450 conetur,tacere
1624 4388 1775 4444 ultra
1806 4408 1918 4446 non
1937 4409 2108 4464 opor-

465 4476 566 4539 tet,
601 4488 673 4527 ne
704 4471 774 4527 ad
808 4470 1131 4542 periculum
1164 4478 1223 4528 et
1251 4473 1439 4545 plebis
1474 4476 1689 4547 pariter
1727 4484 1784 4534 et
1840 4485 2105 4537 nostrum

465 4560 839 4617 taciturnitas
876 4559 1057 4615 nimia
1088 4562 1381 4632 procedat.
1412 4564 1573 4627 Quod
1608 4566 1765 4623 enim
1797 4585 1912 4624 non
1954 4571 2105 4641 peri-

2210 601 2380 656 tituta
2414 600 2685 657 Ecclesia:
2718 600 2906 673 ipsius
2936 616 3098 672 pace,
3134 600 3204 655 ad
3264 599 3865 655 communicationem

2210 690 2627 758 admittuntur,
2660 694 2718 746 et
2746 690 2987 745 offertur
3017 706 3230 745 nomen
3262 704 3484 756 eorum,
3507 694 3566 744 et
3597 689 3865 745 nondum

2210 780 2555 851 pcenitentia
2584 785 2730 851 acta,
2766 780 3026 835 nondum
3058 778 3449 852 exemologesi
3509 779 3685 847 facta,
3718 794 3866 833 non-

2210 870 2350 924 dum
2376 886 2553 925 manu
2584 870 2669 925 eis
2705 869 2774 925 ab
2798 868 3070 941 episcopo
3096 874 3155 924 et
3174 868 3325 924 clero
3342 868 3624 941 imposita
3645 869 3869 924 Eucha-

2212 958 2381 1014 ristia
2405 959 2525 1014 illis
2546 959 2738 1015 datur.
2752 983 2771 1008 η
2794 960 2923 1015 Jam
2940 959 3123 1014 altera
3143 959 3563 1031 epistolaipsos
3576 963 3865 1032 martyres

2211 1051 2268 1103 et
2298 1048 2660 1105 confessores
2693 1049 2777 1104 sic
2808 1048 3021 1104 aﬁ‘atur
3050 1048 3243 1121 (epist.
3280 1048 3367 1115 10)
3393 1065 3405 1103 :
3457 1071 3487 1098 «
3516 1047 3863 1104 Sollicitudo

2210 1137 2323 1193 loci
2353 1139 2538 1194 nostri
2570 1142 2626 1194 et
2656 1138 2835 1193 timor
2889 1136 3121 1195 Domini
3176 1136 3492 1210 compellit,
3554 1137 3860 1194 fortissimi

2211 1251 2278 1292 ac
2309 1236 2633 1292 beatissimi
2682 1236 2911 1302 fratres,
2962 1236 3277 1292 admonere
3318 1251 3418 1291 vos
3472 1234 3687 1291 litteris
3736 1253 3862 1291 nos-

2211 1324 2340 1391 tris,
2383 1328 2509 1379 uta
2542 1325 2759 1396 quibus
2790 1329 2911 1381 tam
2981 1325 3187 1381 devote
3236 1328 3293 1381 et
3343 1324 3572 1381 fortiter
3598 1328 3863 1381 servatur

2212 1413 2356 1468 ﬁdes
2387 1413 2640 1480 Domini,
2674 1415 2745 1469 ab
2776 1414 2986 1470 iisdem
3023 1413 3116 1469 lex
3146 1430 3377 1487 quoque
3436 1418 3493 1470 et
3548 1414 3861 1487 disciplina

2213 1502 2444 1558 Domini
2476 1507 2821 1559 reservetur.
2856 1525 2886 1555 »
2919 1502 3160 1576 Culpam
3193 1504 3403 1560 deinde
3440 1504 3501 1559 in
3560 1505 3862 1576 presbyte-

2212 1609 2309 1648 ros
2342 1596 2399 1648 et
2439 1593 2715 1649 diaconos
2776 1594 2983 1665 rejicit,
3017 1594 3119 1666 qui
3177 1595 3249 1650 ad
3310 1611 3409 1650 eos
3462 1600 3859 1650 commeantes

2213 1685 2455 1738 modum
2491 1682 2721 1738 nullum
2754 1683 3239 1755 praescri'pserint,
3284 1688 3341 1739 et
3386 1684 3657 1739 Ecclesiae
3706 1683 3861 1757 leges

2214 1777 2388 1845 atque
2418 1772 2708 1846 Evangelii
2746 1778 3033 1846 praecepta
3091 1791 3203 1829 non
3259 1775 3657 1846 exposuerint.
3699 1795 3730 1823 α
3787 1774 3865 1829 Ea

2212 1863 2391 1929 enim,
2418 1863 2627 1934 inquit,
2652 1866 2987 1929 concedere,
3012 1879 3139 1934 quae
3174 1863 3230 1918 in
3263 1863 3579 1934 perniciem
3615 1868 3863 1933 vertant,

2214 1954 2479 2025 decipere
2509 1957 2635 2020 est;
2670 1968 2773 2009 nec
2812 1953 3056 2026 erigitur
3087 1952 3170 2008 sic
3202 1952 3424 2025 lapsus,
3456 1954 3559 2008 sed
3619 1970 3727 2025 per
3772 1954 3867 2009 Dei

2214 2044 2493 2098 offensam
2528 2042 2715 2115 magis
2747 2042 3071 2114 impellitur
3100 2043 3170 2097 ad
3194 2042 3446 2097 ruinam.
3472 2041 3573 2097 Vel
3609 2058 3681 2096 ex
3706 2043 3869 2097 vobis

2211 2132 2410 2203 itaque
2439 2133 2689 2199 discant,
2722 2134 2872 2204 quod
2908 2134 3115 2187 docere
3147 2132 3487 2188 debuerant.
3524 2153 3552 2181 υ
3588 2132 3747 2187 Tum
3794 2132 3870 2187 la-

2213 2238 2350 2294 psos
2378 2221 2555 2277 etiam
2578 2227 2836 2290 accusat,
2853 2223 2955 2293 qui
2978 2221 3381 2293 impudentius
3403 2225 3695 2293 peterent,
3713 2222 3870 2293 quod

2213 2308 2331 2366 illis
2348 2327 2532 2381 neque
2554 2311 2837 2367 modestis
2860 2326 3050 2382 neque
3073 2327 3141 2367 ex
3160 2311 3355 2367 animo
3380 2309 3873 2381 resipiscentibus

2215 2401 2548 2471 negandum
2573 2405 2764 2457 esset:
2790 2417 2855 2456 ac
2879 2402 3122 2456 modum
3146 2400 3395 2471 denique
3417 2416 3595 2473 quem
3626 2402 3701 2455 ab
3726 2400 3871 2472 ipsis

2213 2490 2427 2545 servari
2462 2490 2714 2546 maxime
2741 2494 3048 2563 oporteret,
3083 2490 3360 2546 ostendit.
3424 2511 3451 2540 «
3491 2490 3614 2545 Hoc
3647 2494 3870 2561 autem,

2213 2586 2427 2659 inquit,
2450 2592 2638 2643 totum
2673 2592 2867 2661 potest
2892 2587 3106 2656 ﬁeri,si
3137 2603 3204 2642 ea
3234 2604 3360 2658 qua
3394 2604 3427 2642 a
3456 2588 3627 2642 vobis
3649 2594 3870 2659 petun-

2214 2682 2330 2746 tur,
2366 2676 2638 2750 religiosa
2668 2676 3165 2749 contemplatione
3200 2676 3606 2744 moderemini,
3650 2675 3871 2732 intelli-

2214 2771 2415 2839 gentes
2446 2772 2502 2822 et
2532 2768 2984 2839 comprimentes
3002 2783 3123 2835 eos,
3148 2766 3247 2838 qui
3268 2783 3548 2838 personas
3571 2767 3871 2838 accipien-

2214 2855 2375 2911 tesin
2393 2856 2691 2912 beneﬁciis
2708 2856 2915 2912 vestris
2942 2862 3043 2911 aut
3068 2856 3499 2927 gratiﬁcantur,
3517 2862 3624 2910 aut
3655 2855 3869 2911 illicitae

2214 2945 2625 3016 negotiationis
2648 2945 2941 3000 nundinas
2967 2944 3443 3017 aucupantur.De
3462 2944 3571 2999 hoc
3589 2950 3651 3001 et
3669 2946 3741 3000 ad
3760 2947 3870 3001 cle-

2215 3051 2345 3089 rum
2372 3035 2442 3089 ad
2463 3034 2930 3106 plebemlitteras
2963 3035 3091 3097 feci,
3118 3051 3265 3105 quas
3280 3038 3559 3105 utrasque
3573 3036 3747 3090 vobis
3764 3034 3872 3107 legi

2217 3122 2510 3177 mandavi.
2545 3124 2655 3179 Sed
2685 3128 2741 3178 et
2772 3123 2918 3178 illud
2949 3124 3020 3178 ad
3054 3123 3418 3194 diligentiam
3435 3130 3699 3179 vestram
3726 3125 3876 3179 redi-

2218 3228 2352 3284 gere
2383 3217 2438 3267 et
2469 3214 2779 3267 emendare
2811 3213 3057 3283 debetis,
3088 3218 3153 3266 ut
3174 3212 3521 3268 nominatim
3544 3213 3876 3285 designetis

2217 3318 2335 3369 eos,
2369 3302 2581 3373 quibus
2612 3318 2813 3373 pacem
2864 3301 2989 3357 dari
3038 3301 3404 3357 desideratis.
3462 3303 3657 3357 Audio
3714 3304 3875 3359 enim

2219 3390 2574 3463 quibusdam
2604 3391 2687 3446 sic
2719 3390 2946 3446 libellos
2980 3390 3125 3462 ﬁeri,
3158 3395 3222 3445 ut
3264 3391 3495 3446 dicatur
3526 3413 3554 3440 υ
3602 3408 3875 3447 commu-

2219 3480 2371 3535 nicet
2400 3480 2497 3536 ille
2528 3497 2663 3535 cum
2685 3480 2810 3537 suis
2831 3503 2860 3531 ‹‹
2884 3481 3040 3552 quod
3066 3496 3369 3552 nunquam
3393 3480 3639 3537 omnino
3662 3499 3695 3536 a
3714 3498 3873 3537 mar-

2220 3570 2444 3642 tyribus
2470 3571 2687 3625 factum
2715 3575 2822 3641 est,
2858 3574 2921 3625 ut
2952 3570 3177 3625 incerta
3207 3574 3264 3625 et
3293 3586 3443 3625 ecca
3475 3571 3684 3642 petitio
3724 3571 3875 3625 invi-

2220 3659 2377 3715 diam
2411 3659 2575 3715 nobis
2606 3660 2983 3732 postmodum
3016 3657 3294 3716 cumulet.
3322 3660 3459 3714 Late
3491 3660 3653 3714 enim
3687 3666 3872 3732 patet,

2220 3759 2456 3831 quando
2487 3758 2721 3829 dicitur,
2752 3758 2850 3813 ille
2872 3774 3006 3813 cum
3047 3756 3170 3814 suis
3194 3776 3211 3811 :
3271 3762 3329 3813 et
3384 3764 3642 3830 possunt
3701 3759 3873 3814 nobis

2218 3848 2404 3903 viceni
2436 3852 2493 3902 et
2521 3847 2723 3903 triceni
2756 3852 2812 3903 et
2842 3846 3098 3919 amplius
3128 3847 3344 3917 offerri,
3399 3847 3498 3918 qui
3550 3848 3873 3920 propinqui

2220 3942 2276 3993 et
2304 3938 2510 3993 afﬁnes
2542 3941 2598 3992 et
2627 3937 2818 3993 liberti
2852 3954 2917 3992 ac
2948 3935 3255 3993 domestici
3296 3953 3423 3992 esse
3462 3944 3877 3993 asseverantur

2220 4027 2369 4097 ejus,
2404 4026 2503 4097 qui
2536 4026 2748 4098 accipit
2776 4025 3059 4082 libellum.
3112 4027 3182 4081 Et
3230 4025 3357 4080 ideo
3416 4031 3571 4097 peto,
3632 4031 3699 4081 ut
3755 4043 3874 4092 eos,

2221 4133 2365 4186 quos
2397 4116 2507 4187 ipsi
2532 4116 2762 4183 videtis,
2807 4132 2955 4187 quos
3010 4116 3216 4183 nostis,
3278 4131 3529 4186 quorum
3590 4116 3873 4187 paeniten-

2218 4206 2359 4260 tiam
2390 4204 2773 4260 satisfactieni
2805 4205 3129 4276 proximam
3154 4204 3514 4276 conspicitis,
3543 4205 3872 4277 designatis

2220 4293 2569 4348 nominatim
2600 4292 2819 4362 libello,
2842 4298 2897 4348 et
2928 4293 3012 4349 sic
3042 4294 3114 4348 ad
3148 4310 3256 4349 nos
3288 4293 3419 4348 fidei
3442 4310 3510 4348 ac
3542 4294 3873 4367 discipline

2219 4387 2604 4453 congruentes
2636 4382 2860 4438 litteras
2890 4382 3223 4455 dirigatis.»
3259 4383 3454 4437 Tertia
3483 4383 3732 4440 demum
3759 4386 3873 4457 epi-

2218 4470 2367 4527 stola
2398 4470 2592 4542 lapsos
2623 4488 2883 4528 coercere
2947 4488 3263 4543 aggressus
3320 4478 3427 4539 est,
3463 4473 3563 4542 qui
3631 4473 3705 4528 ad
3737 4491 3873 4529 eum

2216 4566 2521 4632 tamquam
2552 4578 2765 4633 corpus
2794 4566 2851 4616 et
2881 4560 3139 4617 Ecclesia
3168 4559 3403 4633 publica
3435 4562 3701 4618 scribere
3742 4562 3875 4619 ausi

465 4648 666 4704 culum
700 4657 959 4705 metuere
989 4648 1354 4708 debemusde
1378 4653 2109 4730 oﬂ'ensaDomini,quando
2139 4641 2185 4706 D
2218 4652 2448 4707 fuerant
2478 4651 2671 4722 (epist.
2704 4652 2773 4703 27
2832 4667 2958 4721 quae
3012 4650 3223 4722 Ignatii
3281 4650 3356 4704 M.
3406 4649 3693 4707 doctrinas
3727 4654 3874 4708 mine

462 4737 645 4809 aliqui
676 4738 747 4793 de
776 4738 1129 4811 presbyteris
1187 4757 1293 4796 nec
1348 4742 1663 4815 Evangelii,
1722 4762 1827 4801 nec
1874 4747 1983 4803 loci
2012 4749 2104 4805 sui

458 4844 771 4896 memores,
803 4828 903 4883 sed
940 4844 1127 4901 neque
1149 4830 1416 4885 futurum
1435 4832 1660 4887 Domini
1682 4834 2105 4908 judicium,ne-

457 4933 569 4988 que
600 4933 755 4972 nunc
788 4916 898 4973 sibi
933 4917 1309 4989 praepositum
1370 4920 1709 4993 episcopum
1758 4925 2101 4997 cogitantes,

456 5009 610 5080 quod
645 5024 947 5079 nunquam
980 5012 1220 5063 omnino
1252 5009 1361 5063 sub
1385 5012 1853 5069 antecessoribus
1884 5016 2102 5072 factum

456 5102 563 5167 cst,
588 5114 721 5153 cum
754 5094 1110 5151 contumelia
1142 5098 1349 5152 1480
1372 5103 1428 5154 et
1450 5105 1787 5174 contemptu
1810 5105 2103 5177 praepositi

453 5191 643 5242 totum
676 5184 789 5241 sibi
818 5184 1158 5239 vindicent?
1191 5210 1210 5234 ι
1274 5186 1375 5243 Rei
1434 5195 1629 5245 autem
1688 5193 1999 5251 novitatem
2046 5200 2105 5251 et

456 5280 872 5348 prmposteram
905 5274 1113 5343 agendi
1165 5275 1450 5332 rationem
1504 5280 1877 5349 potissimum
1936 5300 2101 5354 pers-

454 5364 660 5436 tringit
688 5382 700 5420 :
741 5386 761 5412 ι
798 5361 965 5426 Nam,
1000 5361 1210 5433 inquit,
1244 5380 1377 5419 cum
1408 5365 1468 5420 in
1499 5368 1827 5424 minoribus
1852 5373 2103 5442 peccatis

455 5458 630 5525 agant
660 5456 991 5524 peccatores
1044 5452 1449 5524 pcenitentiam
1491 5457 1654 5526 justo
1714 5463 1996 5531 tempore,
2046 5468 2103 5518 et

451 5540 775 5596 secundum
808 5539 1131 5613 disciplina:
1162 5543 1426 5598 ordinem
1453 5545 1523 5600 ad
1555 5546 1988 5620 exomologesin
2010 5568 2103 5607 ve-

448 5630 638 5697 niant,
669 5634 727 5685 et
757 5646 860 5703 per
893 5648 1104 5689 manus
1136 5633 1574 5705 impositionem
1596 5636 1855 5710 episcOpi
1874 5644 1931 5694 et
1959 5639 2099 5696 cleri

438 5720 540 5795 jus
566 5719 1120 5780 communicationis
1151 5722 1464 5795 accipiant,
1486 5740 1641 5782 nunc
1662 5727 1842 5783 crudo
1877 5733 2100 5803 tempe-

2218 4738 2819 4809 consentit).Exorsus
2842 4743 3039 4795 antem
3079 4739 3151 4793 ab
3200 4738 3455 4810 episcopi
3493 4742 3874 4808 auctoritate,

2216 4828 2307 4884 cui
2342 4846 2543 4884 omnes
2574 4844 2773 4899 parere
2803 4828 3116 4883 deberent:
3151 4850 3179 4877 ‹‹
3213 4827 3410 4895 Miror,
3444 4828 3664 4897 inquit,
3696 4846 3873 4899 quos-

2217 4919 2353 4972 dam
2386 4918 2588 4972 audaci
2622 4918 2945 4972 temeritate
2979 4916 3059 4971 sic
3093 4915 3237 4970 mihi
3270 4916 3525 4970 scribere
3589 4917 3873 4984 voluisse,

2216 5005 2577 5060 utEcclesiaa
2612 5003 2849 5059 nomine
2878 5003 3102 5059 litteras
3123 5004 3653 5075 facerent,quando
3678 5006 3877 5063 Eccle-

2216 5096 2303 5149 sia
2332 5094 2391 5148 in
2424 5094 2704 5165 EpisCOpo
2738 5098 2793 5148 et
2823 5092 2974 5148 clero
3007 5097 3061 5148 et
3093 5094 3151 5146 in
3176 5093 3451 5148 omnibus
3475 5094 3787 5151 stantibus
3804 5097 3878 5151 sit

2215 5183 2740 5239 constituta.Absit
2770 5182 2949 5248 enim,
2982 5199 3091 5237 nec
3128 5183 3353 5237 Domini
3386 5183 3803 5242 misericordia
3824 5192 3875 5241 et

2213 5279 2470 5344 potestas
2501 5274 2701 5328 I431
2735 5273 2863 5343 ejus
2921 5272 3136 5327 invicta
3193 5271 3465 5344 patiatur,
3502 5277 3565 5326 ut
3611 5274 3875 5330 Ecclesia

2214 5380 2341 5418 esse
2374 5362 2603 5417 dicatur
2659 5362 2960 5432 lapsorum
3020 5379 3343 5417 numerus:
3385 5366 3526 5416 Cum
3572 5364 3875 5435 scriptum

2215 5452 2291 5506 sit
2321 5453 2514 5523 (epist.
2550 5453 2812 5522 12).Deus
2836 5469 2946 5507 non
2975 5455 3053 5507 est
3083 5461 3442 5517 mortuorum,
3468 5451 3562 5507 sed
3594 5456 3873 5510 virorum.

2214 5551 2430 5607 Omnes
2460 5551 2696 5622 quidem
2729 5550 3006 5606 viviﬁcari
3036 5555 3334 5623 optamus,
3368 5556 3427 5606 et
3456 5555 3523 5606 ut
3554 5552 3617 5607 in
3653 5560 3875 5609 statum

2211 5641 2524 5712 pristinum
2557 5640 2967 5709 restituantur,
2998 5640 3271 5714 precibus
3303 5642 3521 5699 nostris
3552 5648 3616 5698 et
3645 5644 3879 5718 gemiti-

2213 5728 2324 5785 bus
2354 5729 2743 5801 postulamus.
2767 5730 2828 5787 Si
2859 5733 3054 5788 autem
3083 5728 3325 5805 quidam
3351 5729 3506 5805 lapsi
3545 5732 3880 5791 Ecclesiam
