4112 6174
268 223 421 282 1489

1322 217 1684 276 ANNALES
1731 215 2132 276 ECCLESl/E
2172 216 2616 278 AFRICANAE.

3521 226 3674 283 1490

265 371 325 409 se
356 352 559 407 volunt
587 366 735 415 esse,
760 352 817 406 et
838 349 886 404 si
909 349 1062 422 apud
1097 347 1227 404 illos
1262 350 1437 420 atque
1468 349 1528 401 in
1560 347 1677 401 illis
1698 351 1785 403 est
1805 347 1908 401 Ec-
1939 351 1994 414 Α
2026 354 2283 417 secutus,
2361 347 2685 421 Cyprianus
2752 349 2903 406 clero
2990 350 3114 423 ipse
3181 354 3356 409 etiam
3440 355 3678 426 scripsit

266 442 462 512 clesia,
515 440 652 511 quid
706 444 994 509 superest,
1051 454 1223 505 quam
1286 442 1350 490 ut
1410 436 1521 507 ipsi
1573 441 1910 507 rogentura

265 532 453 595 nobis;
488 534 550 583 ut
584 545 689 583 nos
729 529 799 582 ad
840 526 1156 582 Ecclesiam
1201 527 1516 598 dignentur
1558 524 1910 581 admittere?

268 625 402 674 Post
434 619 553 673 haec
583 616 871 683 hortatur,
907 620 969 670 ut
999 614 1232 671 sceleris
1277 630 1590 679 memores,
1640 630 1757 685 quo
1808 614 1909 669 ob-

265 708 449 765 stricti
483 710 667 776 erant,
702 705 1050 761 modestiam
1109 720 1175 759 ac
1206 704 1617 757 verecundiam
1656 722 1675 750 ι
1702 720 1818 774 prae
1850 719 1912 758 se

265 798 500 863 ferrent,
534 799 591 851 et
619 795 902 864 quosdam
934 810 965 848 e
993 792 1327 864 gregalibus
1358 792 1483 847 suis
1524 791 1908 860 imitarentur,

266 903 414 959 quos
446 883 835 939 mansuetudo
866 886 922 937 et
954 882 1141 953 pudor
1167 884 1225 935 et
1257 880 1457 953 religio
1486 881 1736 935 maxime
1758 896 1914 935 com-

267 974 599 1030 mendabat.
644 972 804 1036 Quod
858 971 906 1026 si
954 986 1300 1041 responsum
1348 988 1380 1026 a
1433 985 1492 1025 se
1525 971 1639 1024 fere
1683 969 1912 1039 vellent,

266 1066 514 1129 litteras,
530 1078 677 1133 quas
700 1060 1006 1129 miserunt,
1028 1058 1352 1125 reficerent,
1370 1057 1915 1131 distinguerentque

264 1171 392 1227 quae
437 1150 683 1224 quisque
731 1153 972 1222 peteret,
1004 1151 1062 1202 et
1106 1163 1319 1203 nomen
1368 1147 1507 1202 item
1558 1147 1915 1217 subjicerent

266 1238 781 1312 singulorum.Nec
812 1242 1010 1292 tamen
1032 1253 1143 1292 non
1176 1236 1247 1292 iis
1270 1237 1446 1293 etiam
1477 1235 1793 1307 consuluit,
1816 1237 1913 1307 qui

268 1333 408 1388 dum
444 1328 795 1401 paenitentia:
824 1326 950 1399 lege
982 1331 1332 1393 lenerentur,
1366 1326 1427 1381 in
1449 1327 1576 1381 vita:
1599 1326 1914 1382 discrimen

268 1417 865 1477 incidissent.Diserte
895 1416 1050 1471 enim
1087 1416 1158 1471 ad
1190 1414 1421 1472 Clerum
1454 1431 1629 1471 suum
1679 1414 1918 1487 scripsit

270 1510 462 1583 (epist.
498 1507 605 1579 12),
638 1507 720 1561 uti
746 1528 773 1555 ‹‹
806 1522 922 1561 non
955 1509 1285 1577 exspectata
1333 1505 1645 1574 praesentia
1692 1509 1913 1570 nostra,

272 1599 424 1671 apud
450 1597 852 1670 presbyterum
886 1610 1294 1666 quemcunque
1325 1598 1694 1664 praesentem,
1728 1592 1815 1648 vel
1866 1592 1915 1647 si

272 1688 575 1762 presbyter
604 1689 868 1758 repertus
899 1700 1013 1739 non
1047 1683 1240 1750 fuerit,
1274 1687 1330 1737 et
1360 1699 1567 1756 urgere
1598 1683 1785 1737 exitus
1803 1698 1915 1739 coe-
1949 1718 1997 1783 Β

270 1778 441 1850 perit,
475 1775 629 1847 apud
661 1774 972 1830 diaconum
1006 1788 1239 1845 quoque
1269 1772 1702 1844 exomologesin
1736 1772 1920 1827 facere

268 1865 463 1921 delicti
485 1864 577 1921 sui
606 1863 850 1935 possint,
877 1866 942 1916 ut
972 1878 1149 1916 manu
1180 1862 1265 1917 eis
1294 1862 1353 1916 in
1377 1861 1775 1933 paenitentiam
1803 1862 1918 1915 im-

274 1955 484 2024 posita,
518 1952 757 2008 veniant
788 1953 858 2007 ad
882 1951 1195 2007 Dominum
1233 1966 1366 2004 cum
1400 1966 1561 2022 pace,
1594 1967 1770 2021 quam
1792 1948 1917 2004 dari

272 2040 788 2115 martyreslitteris
823 2041 892 2095 ad
940 2056 1045 2094 nos
1078 2040 1245 2095 factis
1280 2038 1685 2094 desiderarint.
1719 2061 1746 2089 ››
1781 2039 1915 2102 Quae

274 2132 509 2203 quidem
544 2131 718 2185 verba
746 2132 1089 2201 argumento
1122 2145 1251 2183 esse
1291 2127 1564 2183 videntur
1593 2127 1693 2199 qui
1723 2131 1849 2182 tum
1884 2143 1919 2182 a

273 2220 543 2276 societate
598 2219 828 2290 piorum
880 2217 1073 2289 rejecti
1134 2216 1398 2272 Ecclesiae
1429 2218 1500 2272 ob
1559 2218 1779 2273 amissa
1808 2233 1917 2271 sua

273 2309 724 2378 satisfaciebant,
761 2308 981 2380 privato
1011 2308 1127 2363 fere
1150 2307 1374 2378 judicio
1414 2305 1770 2378 jampridem
1822 2306 1919 2361 ab-

272 2399 518 2467 solutos,
561 2397 919 2453 admissione
974 2400 1204 2452 tantum
1240 2395 1644 2467 sententiaque
1666 2395 1916 2451 solemni

272 2488 500 2559 eguisse
547 2504 725 2559 quam
757 2491 813 2542 et
843 2486 1124 2542 diaconus
1157 2501 1226 2541 ex
1256 2485 1511 2557 episcopi
1552 2485 1916 2551 auctoritate,

272 2578 605 2649 presbytero
636 2577 897 2645 absente,
930 2576 1135 2631 efferre
1166 2580 1385 2646 posset,
1434 2578 1783 2647 postequam
1836 2573 1919 2630 rei

271 2666 535 2719 criminis
582 2665 693 2735 ipsi
752 2665 841 2718 sui
903 2668 1156 2718 veterem
1208 2663 1501 2718 maculam
1544 2664 1917 2719 detexissent.

269 2754 410 2818 Quis
442 2752 596 2809 enim
632 2754 971 2822 ademptum
1005 2751 1237 2806 miseris
1267 2752 1486 2817 credat,
1520 2756 1582 2805 ut
1612 2752 1777 2806 venia
1800 2768 1925 2823 pec-

272 2846 534 2897 catorum
572 2842 899 2912 impetrata,
946 2840 1287 2894 diuturnam
1331 2855 1562 2909 poenam
1617 2856 1767 2911 aquo
1799 2841 1921 2896 ani-

272 2947 367 2987 mo
399 2932 615 2986 ferrent
645 2946 710 2985 ac
740 2930 855 2985 Dec
883 2945 1103 2994 coram,
1153 2928 1305 2999 quod
1360 2929 1613 2983 maxime
1652 2932 1923 3000 expeten-

272 3021 412 3076 dum
445 3024 588 3087 erat,
619 3020 758 3074 dum
795 3017 1107 3074 Ecclesiam
1133 3017 1461 3089 placabant,
1488 3018 1791 3088 prmmium
1812 3019 1924 3074 sibi

272 3114 549 3165 aeternum
582 3108 957 3177 demissione,
984 3106 1601 3174 ﬂetibus,abstinentia
1622 3124 1921 3179 compara-

273 3198 575 3271 rent(Vide
592 3196 897 3253 Francolin
932 3197 989 3251 in
1016 3195 1155 3251 δίεν.
1190 3197 1373 3261 Rom.,
1412 3195 1508 3252 lib.
1546 3213 1588 3265 ι,
1623 3196 1775 3268 disp.
1810 3198 1917 3269 11).

342 3326 412 3381 ΙΧ
443 3325 543 3381 His
575 3328 748 3396 atque
773 3322 903 3378 aliis
924 3321 1267 3393 bujusmodi
1288 3321 1570 3393 epistolis,
1600 3321 1920 3394 plurimum

274 3415 513 3486 profecit
560 3413 901 3487 Cyprianus,
956 3418 1009 3466 et
1069 3411 1297 3467 animos
1335 3412 1710 3483 presbyteris,
1772 3429 1921 3483 quos

274 3504 422 3559 fidos
470 3508 527 3559 et
579 3504 967 3574 obsequentes
1016 3501 1287 3568 habebat,
1350 3500 1519 3572 plane
1549 3501 1820 3556 addidit:
1855 3506 1921 3557 ut

273 3599 575 3649 externum
626 3607 853 3664 quoque
905 3587 1311 3663 presbyterum
1360 3593 1417 3645 et
1464 3589 1775 3646 diaconum
1821 3591 1923 3662 qui

274 3682 470 3755 lapsos
502 3681 879 3752 recipiebant,
925 3697 958 3735 a
990 3680 1172 3734 sacris
1203 3678 1295 3735 sui
1347 3695 1541 3734 arcere
1590 3696 1703 3735 non
1754 3680 1920 3735 dubi-

272 3776 483 3829 tarent.
512 3772 575 3827 Id
601 3788 667 3826 ex
697 3769 981 3842 Cypriano
1004 3768 1310 3838 discimus,
1345 3768 1442 3838 qui
1478 3769 1695 3824 factum
1721 3768 1922 3825 lauda-

273 3862 354 3916 vit
384 3884 413 3912 ‹‹
447 3863 695 3932 Integra,
730 3858 943 3929 inquit,
970 3858 1162 3928 (epist.
1195 3860 1309 3929 28),
1344 3862 1400 3911 et
1432 3874 1564 3912 cum
1611 3858 1925 3930 disciplina

276 3950 516 4019 fecistis,
537 3950 746 4004 fratres
768 3945 1283 4017 charissimi,quod
1302 3946 1547 4002 concilio
1566 3946 1923 4020 collegarum

275 4056 560 4110 meorum,
591 4038 687 4109 qui
721 4041 1030 4108 praesentes
1061 4040 1249 4102 erant,
1296 4033 1437 4091 Gaio
1478 4034 1753 4091 Diddensi
1790 4038 1923 4108 (for-

275 4139 411 4185 tasse
445 4127 661 4198 ldensi)
707 4126 1045 4198 presbytero
1078 4130 1137 4181 et
1164 4125 1406 4181 diacono
1438 4125 1562 4195 ejus
1614 4125 1924 4184 censuistis

275 4236 388 4275 non
422 4216 962 4281 communicadum,
997 4215 1097 4288 qui
1132 4214 1618 4271 communicando
1670 4231 1803 4272 cum
1839 4216 1921 4271 la-

275 4309 417 4380 psis,
448 4310 507 4363 et
527 4305 819 4361 offerendo
852 4303 1180 4361 oblationes
1212 4321 1434 4372 eorum,
1468 4305 1527 4360 in
1551 4305 1745 4376 pravis
1765 4321 1921 4361 erro-

274 4399 435 4454 ribus
467 4394 591 4451 suis
621 4395 953 4466 frequenter
1000 4393 1368 4465 deprehensi,
1418 4397 1474 4448 et
1522 4393 1700 4449 semel
1748 4398 1923 4465 atque

271 4488 507 4551 iterum,
540 4459 863 4541 secundum
896 4483 1050 4555 quod
1076 4459 1226 4537 mihi
1249 4459 1559 4554 scripsitis,
1605 4500 1638 4537 a
1683 4459 1922 4555 collegis
1952 4459 1998 4523 D

274 4576 422 4631 meis
453 4573 661 4630 moniti
692 4589 764 4629 ne
801 4572 910 4628 hoc
954 4573 1226 4641 facerent,
1262 4571 1323 4625 in
1374 4572 1828 4643 praesumptione
1866 4576 1922 4627 et

272 4664 517 4723 audacia
559 4679 667 4719 sua
712 4660 1084 4734 pertinaciter
1142 4658 1542 4731 perstiterunt.
1592 4682 1620 4709 ››
1675 4661 1919 4717 Eosdem

273 4754 521 4811 subinde
570 4752 937 4809 confirmavit
979 4749 1227 4823 epistola
1274 4750 1681 4822 presbyterum
1728 4751 1919 4808 Eccle-

271 4845 368 4900 size
392 4844 687 4900 Romanas.
715 4841 813 4913 qui
844 4846 991 4908 tum,
1026 4843 1092 4895 ut
1120 4839 1305 4907 aiunt,
1337 4838 1458 4895 vice
1504 4840 1750 4911 pastoris
1798 4857 1922 4913 gre-

270 4950 402 5007 gem
433 4929 1125 4989 custodisbantzmodum
1157 4929 1334 4997 enim,
1356 4945 1530 5001 quem
1564 4930 1675 5002 ipsi
1698 4931 1753 4984 in
1771 4930 1920 4987 Urbe

270 5024 581 5079 servabant
610 5036 748 5093 erga
778 5019 995 5091 lapsos,
1029 5025 1414 5090 proponentes
1432 5017 1921 5086 hortabantur,ut

272 5113 395 5185 pari
437 5110 660 5166 ratione
704 5113 1027 5164 uterentur.
1077 5106 1321 5163 Provide
1356 5111 1551 5162 autem
1599 5112 1655 5164 et
1711 5110 1918 5165 1432

270 5201 415 5257 illud
448 5197 863 5268 admonebant,
895 5196 942 5253 si
976 5197 1121 5252 forte
1150 5212 1219 5252 ex
1249 5213 1315 5253 eo
1345 5197 1651 5254 hominum
1676 5214 1919 5255 numero

272 5290 513 5362 quidam
545 5290 605 5345 in
638 5288 911 5345 morbum
943 5285 1309 5352 incidissent,
1341 5286 1412 5341 iis
1446 5288 1683 5345 omnino
1711 5289 1919 5343 subve-

272 5377 548 5432 niendum
582 5393 731 5447 esse,
757 5375 1098 5440 dummodo,
1139 5374 1437 5446 inquiunt,
1470 5395 1496 5427 ιι
1519 5380 1576 5431 et
1604 5382 1781 5448 agant
1802 5393 1921 5448 pce-

273 5465 580 5521 nitentiam
626 5466 763 5522 facti
820 5465 911 5523 sui
952 5468 1010 5520 at
1059 5464 1392 5519 desiderent
1449 5465 1921 5521 communionem

271 5554 465 5627 (epist.
496 5558 552 5624 2,
584 5556 729 5611 inter
753 5556 966 5628 ευριπ),
1004 5576 1025 5603 ιι
1060 5556 1234 5624 atque
1265 5551 1471 5610 horum
1514 5554 1922 5611 auctoritatem

2019 436 2211 507 (epist.
2252 436 2358 508 13),
2392 458 2420 487 ››
2455 437 2525 492 Ut
2555 439 2693 509 quid
2730 438 2992 495 libellum
3026 457 3058 493 a
3108 442 3457 513 martyribus
3507 460 3674 499 acce-

2020 530 2266 595 perunt,
2326 530 2381 580 et
2435 528 2647 582 auxilio
2679 545 2881 583 eorum
2941 529 3201 599 adjuvari
3262 533 3415 602 apud
3475 532 3671 587 Domi-

2022 629 2160 667 num
2197 614 2255 668 in
2288 614 2513 670 delictis
2548 616 2672 671 suis
2703 622 2970 687 possunt,
3019 617 3067 674 si
3101 618 3282 689 premi
3333 620 3673 677 infirmitate

2022 701 2218 773 aliqua
2250 706 2305 757 et
2327 703 2582 774 periculo
2614 706 2913 777 coeperint,
2948 707 3337 780 exomologesi
3396 710 3568 780 faeta,
3618 716 3674 766 et

2023 808 2201 846 manu
2235 791 2571 849 eisavobis
2624 795 2682 849 in
2734 794 3128 866 pcenitentiam
3181 797 3475 870 imposita,
3537 816 3670 855 cum

2024 897 2163 951 pace
2195 898 2229 935 a
2261 883 2618 955 martyribus
2651 883 2762 939 sibi
2794 885 3085 955 promissa
3116 886 3186 941 ad
3224 886 3537 943 Dominum
3583 905 3672 944 re-

2024 970 2347 1025 mittantur.
2389 972 2501 1027 Sed
2535 973 2691 1043 quod
2723 975 2793 1027 ad
2828 978 3065 1029 caeteros
3098 975 3415 1046 spectabat,
3475 981 3671 1033 ratum

2024 1057 2166 1112 illud
2194 1059 2491 1131 ﬁxumque
2514 1062 2642 1125 fuit,
2664 1067 2797 1117 ante
2827 1062 3096 1118 Ecclesiae
3110 1080 3312 1135 pacem
3337 1067 3393 1120 et
3419 1066 3673 1123 reditum

2024 1148 2429 1220 episcoporum
2450 1151 2743 1206 neminem
2777 1152 2846 1206 de
2878 1151 3058 1224 lapsis
3098 1152 3328 1208 admitti
3385 1160 3673 1226 oportere.

2024 1242 2226 1308 Itaque
2282 1242 2339 1293 et
2395 1239 2465 1293 ad
2550 1240 2919 1313 presbyteros
2996 1241 3289 1298 Romanos
3349 1242 3671 1316 Cyprianus

2025 1328 2326 1397 respondit
2354 1328 2548 1399 (epist.
2598 1330 2684 1399 14)
2719 1346 2732 1384 :
2769 1353 2799 1379 ‹‹
2832 1330 3005 1386 Plane
3052 1335 3390 1389 caaterorum
3438 1350 3672 1401 causas,

2026 1414 2290 1487 quamvis
2347 1414 2544 1472 libello
2602 1434 2634 1472 a
2705 1419 3060 1491 martyribus
3124 1424 3397 1492 accepto,
3455 1423 3673 1479 differri

2026 1505 2317 1575 mandavi,
2351 1509 2408 1560 et
2446 1505 2505 1560 in
2553 1510 2814 1562 nostram
2860 1509 3228 1579 praasentiam
3275 1512 3574 1581 reservari,
3611 1517 3677 1568 ut

2025 1610 2160 1649 eum
2185 1609 2325 1666 pace
2364 1611 2397 1649 a
2443 1594 2691 1650 Domino
2731 1596 2899 1651 nobis
2948 1598 3083 1653 data
3130 1598 3328 1671 plures
3379 1602 3676 1672 przspositi

2025 1683 2331 1739 convenire
2363 1683 2421 1738 in
2457 1701 2638 1739 unum
2671 1687 3476 1758 cmperimus,communicato
3498 1691 3674 1747 etiam

2029 1772 2332 1828 vobiscum
2377 1772 2620 1829 consilio
2662 1774 2969 1847 disponere
3024 1777 3257 1849 singula
3278 1783 3334 1835 et
3361 1778 3676 1836 reformare

2029 1861 2347 1934 possimus.
2407 1863 2557 1918 Tum
2618 1864 2770 1919 clero
2830 1865 3003 1920 etiam
3064 1882 3169 1921 suo
3231 1866 3313 1922 ita
3369 1869 3676 1925 convenire

2027 1952 2283 2008 ostendit
2310 1951 2501 2023 (epist.
2552 1951 2636 2023 13)
2672 1970 2685 2007 :
2722 1973 2744 2003 ι
2796 1957 2959 2021 Cum,
3010 1954 3221 2027 inquit,
3279 1955 3673 2030 irreligiosum

2027 2044 2134 2107 est,
2167 2044 2223 2094 et
2269 2039 2415 2111 ipsis
2461 2057 2690 2113 quoque
2717 2041 3132 2099 festinantibus
3159 2044 3574 2117 perniciosum,
3610 2050 3678 2103 ut

2027 2144 2158 2183 cum
2199 2132 2457 2183 extorres
2492 2128 2627 2184 facti
2682 2132 2741 2183 et
2785 2130 2973 2201 patria
3022 2130 3176 2201 pulsi
3225 2148 3291 2187 ac
3338 2132 3507 2189 bonis
3548 2134 3672 2189 suis

2025 2217 2300 2273 omnibus
2331 2216 2564 2288 spoliati
2596 2218 2855 2273 nondum
2886 2220 2959 2274 ad
3003 2219 3318 2276 Ecclesiam
3370 2221 3669 2292 redierint,

2025 2306 2266 2378 quidam
2307 2306 2378 2362 de
2427 2305 2608 2378 lapsis
2644 2308 3003 2364 confessores
3050 2308 3211 2380 ipsos
3251 2311 3584 2381 praevenire,
3617 2316 3675 2368 et

2026 2401 2160 2451 ante
2190 2412 2289 2451 eos
2321 2395 2390 2450 ad
2423 2396 2741 2452 Ecclesiam
2774 2396 3014 2453 introire
3047 2398 3352 2455 festinent!
3400 2422 3428 2449 »

2098 2521 2163 2576 Χ.
2216 2520 2346 2575 Haec
2395 2520 2537 2575 dum
2584 2521 2854 2592 agebant,
2908 2539 3042 2594 spes
3088 2522 3288 2595 aliqua
3346 2525 3506 2597 pacis
3546 2526 3674 2599 jam

2030 2608 2373 2680 affulgebat;
2409 2609 2509 2663 sed
2543 2608 2827 2681 Cypriano
2857 2609 3124 2668 inclusus
3154 2612 3331 2668 etiam
3363 2618 3489 2672 tum
3514 2616 3675 2673 redi-

2034 2705 2126 2753 tus
2145 2700 2268 2753 erat
2305 2696 2456 2753 odiis
2500 2697 2890 2764 ethnicorum,
2917 2701 3015 2770 qui
3034 2716 3169 2756 eum
3202 2702 3458 2758 maxime
3480 2705 3551 2759 ad
3567 2721 3676 2760 cte-

2032 2787 2167 2842 dem
2186 2784 2843 2857 designaverant.Quare
2864 2789 3125 2844 nondum
3144 2790 3375 2861 prodire
3395 2808 3425 2846 e
3440 2791 3679 2850 latebris

2035 2876 2155 2931 suis
2202 2892 2382 2931 ausus
2433 2879 2643 2931 estzat
2674 2875 2757 2930 illi
2799 2881 2995 2933 tamen
3055 2878 3296 2935 liberius
3353 2878 3526 2952 paulo
3586 2898 3680 2940 res

2035 2964 2301 3021 Ecclesiae
2360 2981 2563 3021 curare
2606 2965 2771 3021 licuit
2812 2966 3012 3039 itaque
3061 2983 3197 3023 cum
3238 2967 3413 3025 aliam
3446 2986 3480 3026 a
3527 2969 3679 3028 clero

1954 3084 1996 3151 α
2038 3055 2300 3151 Romano
2329 3054 2634 3151 epistolam
2646 3055 2969 3151 accepisset
2996 3057 3291 3130 (epist.30,
3314 3060 3459 3116 inter
3489 3058 3679 3132 Cypr.)

2033 3160 2211 3217 quam
2243 3143 2340 3200 ille
2370 3144 2615 3200 Saturus
2646 3142 2828 3200 lector
2847 3145 3137 3217 attulerat,
3174 3146 3233 3203 in
3273 3163 3458 3219 eaque
3502 3165 3681 3221 expo-

2033 3235 2212 3290 situm
2245 3237 2417 3301 esset,
2479 3250 2604 3304 quas
2660 3238 2854 3290 Romae
2914 3235 3068 3291 circa
3124 3235 3321 3308 lapsos
3360 3237 3681 3296 constituta

2033 3324 2438 3393 fuissent,eam
2471 3323 2543 3378 ad
2578 3323 2947 3395 presbyteros
2963 3340 3103 3380 suos
3136 3324 3544 3398 Carthaginem
3568 3326 3681 3383 mi-

2033 3413 2211 3481 sit,iis
2242 3412 2416 3468 etiam
2448 3410 2656 3467 litteris
2704 3413 2943 3481 additis,
2974 3430 3121 3485 quas
3164 3430 3197 3469 a
3245 3414 3681 3473 confessoribus

2032 3501 2312 3558 Romanis
2343 3502 2537 3573 Moyse
2559 3506 2614 3557 et
2641 3501 2889 3557 Maximo
2920 3502 3133 3559 missas
3163 3504 3450 3574 servabat,
3486 3508 3552 3561 ut
3581 3521 3679 3563 eas

2032 3592 2431 3647 describerent
2460 3590 2896 3664 vulgarentque.
2936 3591 3098 3648 Unde
3129 3593 3346 3649 factum
3377 3598 3469 3650 est
3514 3599 3580 3650 ut
3618 3594 3679 3651 in

2033 3697 2101 3738 ea
2116 3697 2176 3736 re
2208 3680 2473 3735 omnium
2504 3679 2891 3737 Ecclesiarum
2912 3682 3169 3737 maxima
3193 3683 3350 3738 brevi
3372 3683 3680 3741 consensio

2034 3769 2361 3826 exsisteret.
2413 3768 2687 3825 Ecclesiaa
2715 3769 2858 3826 item
2891 3787 3009 3826 sum
3042 3771 3249 3827 honori
3282 3772 3403 3829 fore
3434 3773 3680 3829 arbitra-

2032 3859 2207 3925 tus,si
2231 3858 2783 3930 praestantissimum
2803 3876 3157 3931 quemquem
3193 3877 3223 3916 e
3244 3861 3681 3919 confessoribus

2033 3948 2092 4003 in
2117 3948 2337 4004 clerum
2363 3946 2655 4019 allegaret,
2689 3965 2823 4004 cum
2864 3949 3009 4005 forte
3038 3966 3173 4007 eum
3209 3951 3536 4023 presbyteri
3575 3951 3681 4007 ali-

2036 4041 2177 4110 quot
2208 4036 2635 4103 convenissent,
2667 4036 2813 4109 ipsis
2845 4038 3235 4109 prassentibus
3264 4038 3513 4095 lectores
3534 4040 3681 4097 duos

2034 4126 2325 4182 ordinavit
2352 4126 2543 4198 (epist.
2584 4124 2696 4195 33).
2746 4127 2963 4182 Horum
3013 4127 3173 4199 prior
3229 4128 3341 4184 fuit
3384 4128 3679 4203 Aurelius,

2034 4217 2205 4287 cujus
2236 4215 2438 4271 laudes
2469 4214 2552 4271 sic
2582 4213 2709 4287 ipse
2737 4215 3102 4287 persequitur
3135 4232 3148 4271 :
3187 4236 3214 4271 α
3242 4216 3515 4273 Aurelius
3564 4217 3678 4275 fra-

2031 4310 2123 4362 ter
2170 4308 2387 4371 noster,
2437 4302 2685 4360 illustris
2741 4303 3102 4375 adolescens,
3162 4322 3196 4362 a
3257 4306 3499 4363 Domino
3548 4307 3675 4378 jam

2034 4395 2315 4467 probatus
2346 4396 2404 4449 et
2430 4393 2545 4450 Deo
2572 4393 2805 4462 charus,
2840 4394 2899 4449 in
2949 4393 3121 4451 annis
3165 4394 3356 4452 adhuc
3388 4395 3674 4465 novellus,

2030 4485 2130 4540 sed
2161 4483 2220 4540 in
2267 4483 2504 4539 virtutis
2536 4499 2602 4539 ac
2632 4482 2767 4539 fidei
2798 4482 2971 4540 laude
3014 4488 3344 4557 provectus,
3378 4484 3569 4541 minor
3612 4485 3675 4541 in

2029 4572 2217 4630 astatis
2247 4589 2367 4628 sua:
2398 4572 2610 4641 indole,
2662 4572 2763 4629 sed
2814 4574 3006 4644 major
3054 4573 3113 4629 in
3159 4574 3399 4644 honore,
3439 4573 3674 4647 gemino

2030 4663 2124 4718 hic
2154 4679 2338 4734 agone
2368 4662 2630 4731 certavit,
2656 4662 2745 4717 bis
2785 4663 3114 4731 confessus,
3144 4668 3202 4719 et
3231 4663 3325 4719 bis
3356 4663 3674 4720 confessio-

2030 4752 2122 4807 nis
2152 4767 2274 4807 suas
2298 4750 2539 4806 victoria
2563 4749 2874 4823 gloriosus,
2908 4756 2960 4807 et
2991 4753 3221 4825 quando
3267 4753 3378 4808 vici
3406 4752 3467 4807 in
3499 4768 3677 4808 cursu

2029 4841 2220 4896 factus
2251 4840 2517 4909 extorris,
2551 4844 2607 4895 et
2661 4855 2795 4895 eum
2849 4841 3040 4896 denuo
3088 4841 3406 4897 certamine
3443 4840 3678 4896 fortiore

2030 4928 2805 5003 pugnavit,triumphatoret
2820 4928 3003 4985 victor
3024 4929 3082 4984 in
3108 4929 3306 5001 praalio
3329 4928 3679 5001 passionis.»

2027 5019 2186 5075 Alter
2216 5018 2327 5074 fuit
2357 5018 2675 5087 Celerinus,
2724 5018 2825 5089 qui
2874 5023 2931 5073 et
2979 5018 3167 5075 aviam
3197 5022 3255 5075 et
3302 5022 3584 5090 patruum
3627 5022 3684 5075 et

2029 5108 2384 5164 avunculum
2416 5112 2701 5180 martyres
2734 5108 3083 5163 numerabat
3114 5107 3301 5181 (epist.
3327 5107 3437 5177 34).
3471 5110 3682 5163 Fuerat

2030 5198 2146 5268 hic,
2180 5200 2246 5253 ut
2275 5196 2551 5265 diximus,
2578 5197 2786 5253 1483
2810 5195 2871 5251 in
2900 5195 3152 5253 vinculis
3182 5198 3392 5264 Roma,
3442 5196 3680 5253 liberta-

2030 5292 2149 5343 tem
2181 5287 2429 5358 adeptus
2459 5285 2712 5341 redierat
2732 5285 2793 5340 in
2824 5284 3101 5357 Africam,
3134 5290 3192 5342 et
3220 5286 3574 5359 Cyprianum
3598 5285 3683 5359 ip-

2033 5393 2163 5432 sum
2196 5375 2519 5432 latitantem
2569 5375 2824 5444 adierat;
2859 5374 2942 5431 sic
2985 5379 3179 5431 autem
3222 5374 3406 5431 lector
3444 5379 3680 5432 creatus

2034 5470 2213 5528 est,ut
2244 5464 2450 5519 divina:
2485 5462 2801 5519 voluntatis
2854 5463 3202 5535 significatio
3252 5470 3679 5536 repugnantem

2033 5553 2368 5611 adduceret.
2423 5553 2569 5609 Nam
2629 5552 2712 5611 sic
2768 5552 2838 5607 de
2886 5568 2951 5608 eo
2995 5554 3067 5609 ad
3113 5553 3333 5611 clerum
3366 5557 3425 5611 et
3450 5552 3685 5625 plebem
