4112 6174
407 363 551 422 “9|

405 495 609 551 scribit
656 493 978 565 Cyprianus

408 583 711 640 nobiscum
743 582 954 638 litteris
984 582 1447 654 nostris,quibus
1469 598 1573 654 ego
1590 586 1645 639 et
1669 580 1900 652 collegae
1922 582 2055 650 mei,

407 673 502 748 qui
537 676 850 746 praesentes
881 674 1139 739 aderant,
1170 671 1475 727 referimus
1507 673 1578 727 ad
1609 687 1711 726 vos
1731 670 2058 728 Celerinum

406 763 638 820 fratrem
668 765 934 817 nostrum
967 761 1281 817 virtutibus
1315 760 1530 831 pariter
1559 765 1615 815 et
1647 759 1908 815 moribus
1940 759 2061 832 glo-

406 852 624 909 riosum
658 849 808 907 clero
824 853 1042 918 nostro,
1065 867 1178 906 non
1204 850 1465 904 humana
1496 849 2057 922 sutfragatione,sed

406 941 599 997 divina
621 939 960 1013 dignatione
993 940 1392 1010 conjunctum.
1427 938 1690 1002 Quicum
1733 937 2062 994 consentire

405 1028 700 1085 dubitaret
734 1028 1026 1094 Ecclesiae,
1061 1027 1248 1100 ipsius
1283 1028 1586 1084 admonitu
1617 1032 1674 1083 et
1724 1028 1953 1083 hortatu
2001 1027 2063 1082 in

406 1118 632 1175 visione
655 1134 759 1190 per
783 1121 1014 1174 noctem
1050 1117 1388 1189 compulsus
1421 1121 1527 1188 est,
1550 1134 1622 1173 ne
1643 1121 1880 1189 negaret
1898 1113 2067 1172 nobis

405 1206 820 1264 suadentibus.
857 1229 884 1255 ››
916 1206 1198 1261 Caeterum
1233 1207 1485 1276 majores
1526 1205 1764 1277 utrique
1811 1205 2062 1261 honores

402 1296 727 1370 Cyprianus
759 1295 1115 1351 destinabat.
1153 1316 1175 1345 ι
1209 1294 1346 1360 Hos,
1378 1294 1587 1366 inquit,
1626 1294 1870 1350 lectores
1915 1294 2062 1349 inte-

409 1385 520 1440 rim
565 1384 915 1440 constitutos
976 1384 1198 1450 sciatis,
1244 1383 1381 1454 quia
1410 1384 1716 1456 oportebat
1762 1383 2059 1438 lucernam

411 1465 590 1544 super
618 1472 1034 1528 candelabrum
1070 1473 1206 1546 poni
1255 1473 1410 1528 unde
1457 1473 1732 1528 omnibus
1763 1471 1975 1543 luceat,
2009 1478 2064 1526 et

411 1561 698 1634 gloriosos
738 1561 936 1617 vultus
988 1563 1043 1616 in
1078 1561 1201 1617 loco
1245 1561 1448 1617 altiore
1485 1562 1784 1625 constitui,
1845 1561 1945 1616 ubi
1992 1561 2062 1615 ab

414 1650 573 1706 omni
614 1651 974 1706 fraternitate
1016 1651 1432 1706 circumstante
1470 1651 1802 1724 conspectui
1854 1650 2061 1705 incita-

414 1743 680 1796 mentum
711 1738 904 1811 gloriae
937 1739 1266 1794 videntibus
1298 1740 1611 1811 praebeant.
1642 1744 1919 1795 Caeterum
1941 1754 2066 1810 pre-

412 1827 649 1900 sbyterii
668 1828 946 1884 honorem
967 1828 1307 1899 designasse
1330 1845 1435 1884 nos
1464 1827 1582 1883 illis
1602 1830 1726 1898 jam
1759 1827 1978 1894 sciatis,
1999 1831 2064 1882 ut
2091 1864 2139 1929 Β

410 1921 466 1973 et
486 1916 767 1987 sportulis
798 1917 1010 1973 iisdem
1043 1933 1176 1972 cum
1210 1917 1565 1990 presbyteris
1597 1918 1974 1984 honorentur,
2007 1921 2062 1972 et

411 2006 726 2062 divisiones
777 2022 1129 2062 mensurnas
1160 2006 1405 2079 aequatis
1453 2006 1884 2078 quantitatibus
1930 2023 2061 2078 par-

411 2093 654 2160 tiantur,
679 2094 897 2150 sessuri
933 2094 1240 2149 nobiscum
1274 2095 1557 2167 provectis
1590 2098 1646 2150 et
1675 2094 2064 2149 corroboratis

415 2181 587 2238 annis
611 2183 734 2238 suis
771 2199 784 2239 :
820 2184 1086 2254 quamvis
1135 2184 1195 2239 in
1230 2184 1391 2238 nullo
1430 2184 1623 2239 minor
1661 2183 1849 2255 possit
1879 2182 2063 2238 videri

418 2272 604 2327 aetatis
642 2271 858 2336 indole,
910 2272 1009 2343 qui
1040 2272 1473 2328 consummavit
1497 2277 1724 2327 aetatem
1757 2271 1955 2344 glorias
1983 2271 2066 2326 di-

419 2361 658 2434 gnitate.
690 2381 719 2410 »
752 2362 886 2415 Erat
915 2364 1192 2432 praeterea
1221 2362 1376 2416 inter
1404 2361 1766 2416 confessores
1799 2376 2066 2432 quosque

419 2449 806 2513 clarissimus,
837 2465 1013 2519 quem
1037 2450 1308 2521 superius
1322 2448 2066 2520 commemoravimus,Nu-

422 2537 678 2593 midicus
709 2538 1030 2610 presbyter,
1063 2543 1196 2610 post
1225 2539 1495 2594 ustionen
1543 2543 1602 2593 et
1648 2537 2062 2608 lapidationem

423 2631 746 2699 superstes.
772 2626 938 2681 Hunc
971 2627 1292 2700 Cyprianus
1323 2627 1381 2682 in
1423 2626 1732 2699 collegium
1768 2626 2064 2698 presbyte—

421 2731 618 2772 rorum
643 2732 882 2772 suorum
915 2715 1225 2788 cooptavit,
1257 2716 1598 2787 praefectura
1619 2731 1851 2786 quoque
1881 2715 2066 2787 regio-

419 2805 513 2860 nis
544 2821 663 2861 suaa
693 2804 743 2860 ei
775 2804 1086 2871 destinata,
1118 2804 1296 2860 simul
1328 2809 1501 2877 atque
1531 2805 1937 2876 Carthaginem
1963 2805 2069 2859 ad-

417 2892 604 2949 iisset.
641 2915 661 2943 α
697 2893 766 2948 Et
811 2893 1253 2966 promovebitur
1294 2893 1487 2964 (epist.
1521 2895 1635 2964 35),
1681 2893 1892 2965 inquit,
1925 2910 2066 2949 cum

419 2981 576 3037 Deus
606 2983 939 3054 permiserit
967 2983 1039 3038 ad
1071 2981 1413 3053 ampliorem
1434 2981 1626 3037 locum
1651 2982 1904 3053 regionis
1927 2998 2066 3048 suis,

418 3071 652 3142 quando
684 3071 742 3126 in
777 3070 1166 3144 prasentiam,
1199 3074 1536 3144 protegente
1559 3071 1820 3140 Domino,
1851 3072 2070 3127 veneri-

418 3175 570 3216 mus.
609 3180 638 3210 »
673 3160 804 3215 Post
819 3160 961 3224 haec,
995 3159 1107 3214 alia
1136 3159 1384 3232 epistola
1412 3159 2065 3232 egentiuminopiaesibi

418 3249 881 3304 subveniendum
916 3249 1104 3314 duxit,
1137 3249 1624 3321 presbyterosque
1679 3256 1737 3304 et
1791 3249 2068 3305 diaconos

416 3352 558 3393 suos
586 3337 856 3393 hortatus
892 3341 1000 3404 est,
1050 3342 1116 3393 ut
1161 3337 1472 3393 viduarum
1518 3342 1574 3394 et
1615 3336 1982 3394 inﬁrmorum
2014 3343 2070 3394 et

415 3425 679 3481 omnium
712 3441 1038 3498 pauperum
1063 3442 1264 3481 curam
1291 3425 1604 3498 diligenter
1623 3427 1936 3482 haberent:
1962 3443 2068 3483 nec

414 3514 628 3570 minori
677 3514 872 3570 studio
923 3515 1262 3586 peregrinos
1313 3515 1763 3571 commendavit.
1814 3515 1960 3570 Nam
2011 3520 2069 3571 et

410 3603 756 3675 peregrinis,
789 3603 981 3674 inquit
1010 3603 1204 3675 (epist.
1235 3603 1330 3671 36)
1362 3602 1409 3660 si
1446 3603 1548 3676 qui
1583 3604 1912 3675 indigentes
1943 3606 2067 3659 fue-

411 3693 528 3747 rint
553 3691 623 3746 de
653 3692 982 3764 quantitate
1013 3708 1143 3748 mea
1173 3692 1425 3764 propria,
1460 3709 1639 3765 quam
1683 3694 1836 3764 apud
1880 3694 2066 3767 Roga-

410 3778 635 3835 tianum
677 3781 1216 3854 compresbyterum
1250 3785 1518 3837 nostrum
1542 3780 1761 3853 dimisi,
1789 3787 2066 3854 sumptus

413 3869 935 3942 suggeratiszquaa
983 3870 1282 3942 quantitas
1332 3886 1405 3924 ne
1457 3870 1605 3926 forte
1641 3871 1765 3941 jam
1797 3871 2068 3927 universa

413 3963 649 4030 erogata
678 3960 774 4025 sit,
810 3959 948 4014 misi
989 3959 1178 4015 eidem
1231 3976 1334 4031 per
1377 3958 1651 4014 Naricum
1696 3966 1753 4015 et
1798 3959 2066 4034 Colytum

414 4046 592 4102 aliam
615 4049 964 4120 portionem,
997 4055 1060 4104 ut
1079 4049 1303 4120 largius
1341 4053 1397 4104 et
1423 4050 1754 4121 promptius
1799 4050 1952 4106 circa
1982 4049 2065 4106 la-

415 4136 689 4192 borantes
713 4137 818 4192 ﬂat
843 4138 1122 4207 operatio.
1157 4159 1186 4186 »

482 4224 576 4280 XI.
602 4224 870 4280 Vertente
889 4226 1016 4294 jam
1046 4242 1199 4282 anno
1221 4229 1526 4297 postremas
1553 4226 1824 4299 Cypriani
1863 4226 2064 4283 litteris-

411 4314 485 4369 ad
514 4314 737 4370 clerum
792 4317 1050 4380 fuerunt,
1080 4314 1297 4385 quibus
1345 4331 1481 4370 eum
1539 4316 1608 4371 ad
1648 4316 1919 4372 assiduas
1954 4318 2064 4372 Deo

412 4417 610 4473 preces
637 4402 968 4458 fundendus
997 4402 1423 4459 inﬂammabat.
1453 4425 1475 4454 ι
1508 4405 1838 4469 Admoneo,
1870 4405 2064 4461 aiebat

411 4490 604 4562 (epist.
657 4489 734 4561 7),
784 4490 1118 4563 religiosam
1165 4491 1620 4548 sollicitudinem
1673 4498 1949 4560 vestram,
1998 4498 2064 4549 ut

1916 358 2313 420 MORCELLI

1022 511 1035 547 ε
1075 517 1094 543 α
1148 491 1413 548 Exultate
1463 492 1657 564 itaque
1708 496 1765 548 et
1811 493 2057 564 gaudete
2087 495 2139 560 Α
2170 493 2396 563 opinor,
2427 492 2620 547 verbis
2656 491 2936 547 intestina
2960 493 3350 564 quorumdam
3376 493 3706 563 conjuratio
3730 491 3835 548 de—

3679 361 3698 418 ί
3716 362 3746 416 -1
3756 359 3837 418 92

2168 581 2534 652 signabatur,
2567 599 2695 653 qua
2718 583 2844 652 jam
2873 581 3266 653 impendebat.
3303 605 3331 632 «
3361 583 3418 637 Si
3453 600 3583 648 nos,
3614 581 3833 652 inquit,

2169 670 2452 725 Dominus
2483 670 2736 726 humiles
2767 675 2824 725 et
2849 670 3097 742 quietos.
3134 672 3180 726 si
3223 671 3392 727 nobis
3423 671 3672 726 invicem
3727 687 3824 725 co-

2169 758 2419 832 pulatos,
2455 761 2500 815 si
2530 760 2682 816 circa
2713 761 2858 815 iram
2881 778 3044 815 suam
3070 760 3327 827 timidos,
3348 761 3394 816 si
3428 759 3700 831 praesenti
3727 760 3835 814 tri-

2170 847 2466 904 bulatione
2494 853 2783 904 correctos
2814 849 3274 921 emendatosque
3303 849 3694 920 conspexerit,
3732 853 3830 902 tu-

2169 941 2260 992 tos
2295 938 2364 992 ab
2390 937 2611 993 inimici
2648 938 3128 994 infestationibus
3160 939 3473 994 exhibebit.
3514 938 3835 994 Praecessit

2171 1025 2476 1098 diciplina,
2510 1032 2790 1099 sequetur
2821 1033 2879 1082 et
2897 1028 3086 1083 venia.
3121 1051 3148 1078 »

2595 1177 2787 1216 ANNUS
2825 1177 3206 1217 CHRISTIANUS
3245 1179 3368 1216 CCL!
3381 1203 3393 1215 .

2296 1264 2658 1321 CYPRIANO
2699 1267 3036 1323 EPISCOPO
3070 1269 3713 1325 CARTHAGINIENSI.

2242 1384 2288 1434 Ι.
2320 1380 2600 1436 Consules
2648 1398 2983 1454 processere
3026 1383 3168 1455 imp.
3202 1383 3262 1438 C.
3312 1384 3563 1439 Messius
3621 1383 3827 1438 Decius

2171 1470 2269 1540 Ill,
2286 1470 2350 1534 Ο.
2370 1469 2694 1526 Herennius
2710 1471 2991 1527 Etruscus
3015 1473 3265 1527 Messius
3289 1472 3496 1527 Decius
3511 1477 3703 1528 Caesar
3725 1474 3826 1543 (1),

2172 1563 2337 1631 pater
2367 1576 2576 1631 nempe
2625 1564 2801 1631 atque
2859 1560 3038 1625 filius,
3091 1562 3190 1632 qui
3252 1563 3360 1617 sub
3414 1563 3552 1616 anni
3606 1564 3826 1617 exitum

2172 1647 2323 1703 bello
2352 1647 2592 1703 Gothico
2624 1648 2941 1720 perierunt.
2976 1651 3041 1704 Hi
3076 1651 3352 1722 quamdiu
3399 1652 3596 1706 Romae
3651 1652 3830 1715 fuere,

2173 1735 2318 1791 nihil
2343 1741 2536 1791 tutum
2560 1737 2903 1793 Christianis
2929 1740 3126 1801 fuit,ut
3147 1756 3219 1795 ne
3240 1740 3309 1794 ad
3332 1740 3828 1812 Fabianiquidem

2173 1841 2565 1881 successorem
2601 1826 2934 1898 eligendum
2962 1829 3269 1884 convenire
3310 1829 3628 1900 potuerint.
3663 1829 3832 1883 Multi

2170 1930 2401 1986 quoque
2434 1914 2491 1968 in
2523 1915 2852 1971 carceribus
2884 1917 3249 1972 contessores
3286 1917 3636 1988 martyrium
3663 1935 3835 1988 oppeo

2171 2003 2492 2067 riebantur,
2526 2021 2674 2076 quos
2721 2005 2875 2059 inter
2903 2005 3238 2060 eminebant
3271 2005 3496 2078 Moyses
3541 2011 3600 2060 et
3650 2006 3833 2060 Maxi-

2173 2107 2324 2160 mus,
2349 2092 2418 2146 ad
2454 2109 2602 2164 quos
2634 2092 2894 2164 perlatus
2927 2093 3036 2148 hoc
3087 2111 3235 2148 anno
3287 2101 3526 2166 putatur
3578 2094 3732 2148 liber
3773 2097 3840 2150 de

2171 2181 2354 2236 Laude
2379 2183 2666 2254 martyrii,
2698 2199 2869 2254 opus,
2901 2187 2965 2236 ut
2995 2184 3273 2251 creditur,
3308 2183 3580 2254 Cypriani
3609 2202 3628 2236 :
3650 2200 3836 2254 quan-

2173 2286 2350 2343 quam
2382 2271 2453 2325 ab
2484 2271 2613 2342 ejus
2643 2270 2777 2325 stilo
2810 2270 3038 2326 abludit
3067 2271 3152 2327 vel
3187 2271 3530 2344 plurimum.

2246 2359 2318 2414 II.
2348 2363 2421 2412 At
2449 2359 2694 2414 ecclesia
2740 2360 3009 2415 Africana
3050 2362 3121 2415 ab
3155 2361 3398 2416 ethnicis
3452 2360 3638 2432 paulo
3671 2379 3838 2417 secu-

2175 2447 2294 2503 rior
2320 2463 2448 2503 esse
2479 2453 2749 2520 caeperat,
2784 2467 2899 2505 non
2949 2467 3015 2505 eo
3063 2454 3259 2504 tamen
3315 2467 3621 2516 successu,
3665 2468 3839 2521 quem

2174 2536 2497 2609 Cyprianus
2511 2541 2827 2609 optaverat;
2849 2537 3092 2609 depulso
3115 2539 3271 2593 enim
3297 2539 3629 2595 vexationis
3653 2549 3843 2609 metu,

2173 2631 2339 2681 vetus
2388 2627 2514 2696 jam
2575 2626 2790 2698 populo
2864 2626 3102 2682 licentia
3161 2628 3475 2692 revixerat,
3540 2633 3600 2682 et
3682 2629 3842 2684 vitiis

2175 2730 2411 2770 rursum
2447 2715 2642 2770 aditus
2675 2716 3046 2788 patebat.Nec
3073 2716 3434 2772 confessores
3468 2718 3581 2789 ipsi
3608 2717 3845 2772 macula

2177 2818 2381 2860 omnes
2439 2807 2497 2858 et
2539 2803 2712 2875 culpa
2759 2805 3052 2859 carebant.
3093 2828 3119 2854 ιι
3159 2805 3350 2874 Doleo,
3402 2806 3710 2861 scribebat
3771 2807 3840 2861 ad

2177 2891 2396 2948 clerum
2445 2892 2767 2964 Cyprianus
2797 2893 2988 2964 (epist.
3022 2894 3103 2964 5),
3144 2895 3378 2966 quando
3422 2895 3604 2949 audio
3659 2913 3838 2966 quos-

2177 2981 2312 3036 dam
2342 2979 2608 3052 improbe
2641 2985 2697 3036 et
2722 2981 3041 3037 insolenter
3072 2982 3422 3047 discurrere,
3469 2987 3527 3037 et
3558 2984 3634 3038 ad
3678 2983 3840 3056 inep-

2178 3070 2291 3125 tias
2323 3068 2410 3124 vel
2434 3069 2505 3124 ad
2530 3069 2853 3126 discordias
2873 3087 3098 3138 vocare,
3117 3071 3328 3125 Christi
3345 3071 3619 3126 membra
3643 3075 3840 3142 etjam

2177 3158 2474 3214 Christum
2534 3160 2798 3214 confessa
2848 3176 2950 3231 per
2989 3160 3333 3214 concubitus
3368 3159 3614 3215 illicitos
3652 3162 3844 3233 inqui-

2099 3223 2141 3290 δ
2181 3248 2332 3318 nari,
2367 3265 2470 3302 nec
2490 3265 2523 3304 a
2549 3248 2810 3304 diaconis
2842 3253 2945 3304 aut
2968 3250 3322 3322 presbyteris
3346 3250 3462 3318 regi
3491 3267 3686 3321 posse.
3722 3275 3752 3300 (ι
3781 3253 3852 3306 Et

2177 3336 2247 3392 ad
2301 3335 2687 3408 Rogatianum
2747 3341 3101 3409 caaterosque
3152 3339 3519 3393 confessores
3551 3340 3846 3407 scribens,

2177 3447 2205 3475 ‹‹
2239 3425 3228 3500 quosdam,inquit(epist.6),audio
3260 3428 3498 3482 inlicere
3522 3447 3844 3485 numerum

2174 3518 2431 3569 vestrum
2465 3519 2521 3568 et
2577 3513 2812 3571 laudem
2857 3516 3136 3588 praecipui
3186 3517 3439 3571 nominis
3491 3535 3672 3588 prava
3734 3536 3846 3574 sua

2177 3603 2612 3659 conversatione
2642 3604 2939 3659 destruere
2974 3622 2986 3659 :
3023 3621 3170 3676 quos
3211 3605 3385 3660 etiam
3421 3623 3525 3661 vos
3556 3606 3696 3678 ipsi,
3751 3613 3846 3661 ut-

2178 3696 2312 3764 pote
2357 3697 2647 3748 amatores
2697 3696 2753 3748 et
2800 3701 3234 3749 conservatores
3264 3694 3460 3749 laudis
3492 3701 3700 3750 vestra
3732 3698 3840 3751 ob-

2167 3781 2408 3852 jurgare
2440 3785 2495 3836 et
2525 3781 2909 3853 comprimere
2942 3787 2998 3837 et
3036 3783 3348 3838 amandare
3380 3784 3635 3840 debetis.
3661 3809 3687 3832 ι»
3709 3785 3844 3840 Haec

2176 3870 2414 3926 edoctus
2445 3871 2789 3943 Cyprianus,
2823 3873 3192 3945 presbyteros
3242 3872 3300 3927 in
3355 3873 3564 3944 primis
3599 3876 3845 3946 rogabat

2179 3964 2354 4032 atque
2383 3961 2749 4029 obsecrabat,
2782 3967 2848 4017 ut
2895 3963 3049 4018 circa
3090 3979 3179 4028 ea,
3215 3980 3341 4034 qua
3397 3964 3842 4022 administratio

2180 4049 2458 4122 religiosa
2478 4051 2840 4122 deposceret,
2865 4051 2988 4108 vice
3018 4068 3126 4107 sua
3157 4058 3393 4108 strenue
3435 4054 3792 4124 fugerentur
3823 4073 3836 4109 :

2175 4156 2312 4194 nam
2339 4139 2451 4210 ipsi
2485 4139 2722 4210 quidem
2751 4140 2841 4194 vel
2873 4141 3128 4196 maxime
3157 4142 3416 4212 cupienti
3441 4145 3712 4198 nondum
3747 4161 3836 4200 re-

2173 4230 2332 4284 ditus
2365 4230 2620 4301 patebat.
2653 4253 2681 4280 «
2705 4233 3053 4302 Quanquam
3085 4231 3276 4302 inquit
3310 4233 3509 4303 (epist.
3540 4235 3626 4303 5).
3661 4251 3836 4289 causa

2173 4318 2560 4388 compelleret,
2593 4323 2659 4373 ut
2688 4319 2816 4390 ipse
2837 4320 2908 4374 ad
2935 4336 3035 4374 vos
3066 4336 3381 4391 prsperare
3412 4326 3471 4375 et
3503 4325 3706 4377 venire
3737 4326 3838 4378 ds-

2171 4409 2390 4478 herem,
2441 4409 2630 4479 primo
2661 4408 2980 4479 cupiditate
3026 4416 3083 4464 et
3117 4409 3404 4465 desiderio
3453 4413 3660 4478 vestri,
3711 4429 3838 4484 qua:

2171 4511 2264 4550 res
2297 4495 2355 4550 in
2386 4494 2534 4550 votis
2568 4494 2710 4550 meis
2732 4511 2966 4550 summa
2983 4502 3072 4551 est
3101 4504 3226 4551 tum
3257 4498 3471 4553 deinde
3497 4505 3562 4555 ut
3585 4517 3678 4564 ea,
3709 4518 3839 4572 qua

408 4579 480 4633 ad
500 4578 854 4649 placandum
878 4584 1052 4651 atque
1068 4581 1426 4636 exorandum
1445 4580 1762 4636 Dominum
1789 4597 1903 4637 non
1923 4598 2058 4638 voce
2089 4594 2136 4659 D
2168 4585 2324 4640 circa
2351 4584 2616 4640 Ecclesiae
2655 4585 3055 4656 gubernacula
3088 4587 3312 4642 utilitas
3344 4591 3689 4645 communis
3734 4608 3836 4646 ex-

410 4666 554 4736 sola,
579 4668 680 4723 sed
711 4669 1026 4738 stjejuniis
1055 4673 1113 4725 et
1142 4668 1417 4742 lacrymis
1447 4673 1506 4725 et
1533 4670 1694 4724 omni
1717 4686 1928 4742 genere
1959 4672 2058 4726 de-

411 4755 764 4828 precationis
777 4756 1255 4828 ingemiscamus.
1269 4779 1298 4809 »
1319 4756 1508 4814 Simul
1527 4758 1817 4814 malorum
1842 4759 2062 4815 instare

411 4846 590 4902 {idem
622 4845 990 4916 praedicebat,
1011 4846 1096 4904 sic
1117 4863 1152 4903 a
1177 4847 1288 4904 Deo
1310 4847 1572 4914 edoctus,
1607 4863 1783 4918 quem
1824 4864 1927 4919 pro
1955 4865 2061 4919 po-

409 4933 548 5006 pulo
574 4950 682 4990 suo
702 4936 826 4991 dies
855 4939 1174 5006 noctesque
1195 4939 1546 4992 exoraverat.
1581 4958 1608 4986 «
1641 4936 1923 5008 Denique,
1957 4937 2058 4991 ad-

409 5023 603 5092 debat,
646 5024 718 5079 ad
765 5025 992 5079 minum
1045 5022 1333 5078 famulum
1380 5041 1576 5090 suum,
1622 5031 1680 5080 et
1725 5027 1782 5080 in
1833 5025 2058 5081 delictis

410 5111 544 5169 licet
569 5113 837 5182 plurimis
867 5112 1280 5176 constitutum,
1303 5118 1360 5167 et
1389 5114 1726 5184 dignatione
1757 5114 1884 5183 ejus
1914 5113 2062 5168 indi-

409 5218 614 5274 gnum,
641 5207 838 5258 tamen
871 5199 968 5254 ille
999 5215 1102 5270 pro
1134 5216 1242 5255 sua
1271 5201 1425 5256 circa
1456 5219 1561 5257 nos
1594 5204 1847 5257 bonitate
1884 5219 2056 5257 man-

2170 4674 2377 4744 poscit,
2413 4678 2658 4729 tractare
2687 4673 2886 4736 simul,
2920 4680 2978 4729 et
3007 4675 3399 4745 plurimorum
3432 4677 3837 4734 consilioexa-

2173 4763 2399 4816 minata
2433 4761 2712 4817 delimare
2753 4779 3094 4833 possemus;
3144 4770 3342 4820 tamen
3388 4767 3592 4836 potius
3640 4769 3838 4822 visum

2175 4857 2264 4906 est
2285 4851 2479 4907 adhuc
2518 4851 2754 4906 interim
2786 4852 3071 4908 latebram
3107 4857 3163 4908 et
3193 4855 3448 4924 quietem
3497 4862 3702 4912 tenere
3742 4875 3841 4913 re-

2169 4945 2367 5010 spectu
2400 4939 2718 4995 utilitatum
2750 4938 3017 5007 aliarum,
3053 4957 3180 5012 quae
3205 4943 3277 4996 ad
3301 4958 3503 5012 pacem
3555 4945 3838 5001 omnium

2169 5034 2435 5083 nostrum
2491 5028 2785 5099 pertinent
2841 5035 2898 5084 et
2947 5029 3240 5085 salutem:
3278 5048 3530 5102 quarum
3577 5035 3752 5089 vobis
3804 5053 3840 5090 a

2168 5115 2426 5170 Tertullo
2459 5119 2637 5172 fratre
2667 5119 2870 5175 1435
2916 5125 3117 5173 nostro
3152 5119 3479 5175 clarissimo
3522 5125 3677 5178 ratio
3701 5126 3835 5179 red-

2168 5205 2376 5272 detur;
2411 5205 2505 5273 qui
2537 5222 2640 5275 pro
2673 5211 2879 5262 caetera
2909 5223 3017 5262 sua
3046 5223 3207 5275 cura,
3241 5225 3415 5280 quam
3451 5211 3724 5283 impense
3740 5216 3838 5268 di-

408 5292 546 5347 dare
575 5292 786 5347 1484
816 5289 1095 5360 dignatus
1117 5294 1242 5357 est;
1275 5290 1378 5345 Dic
1408 5289 1517 5359 illi,
1561 5291 1772 5362 inquit,
1815 5307 2057 5348 securus
2165 5293 2318 5348 vinis
2349 5294 2623 5363 operibus
2664 5295 2940 5365 impertit,
2955 5296 3129 5350 etiam
3156 5297 3333 5365 hujus
3365 5299 3600 5354 consilii
3625 5308 3840 5358 auctor

412 5379 510 5448 sit,
535 5381 674 5451 quia
702 5395 815 5450 pax
847 5383 1086 5433 ventura
1115 5384 1230 5446 est;
1259 5381 1358 5434 sed
1392 5381 1549 5450 quod
1578 5381 1812 5436 interim
1833 5379 2060 5436 morula

410 5474 518 5533 est,
543 5470 863 5538 supersunt
891 5467 1077 5522 adhuc
1099 5468 1278 5540 aliqui
1298 5468 1397 5539 qui
1416 5470 1754 5538 probentur.
1773 5490 1798 5521 υ
1835 5468 2059 5532 Quibus

2169 5382 2296 5448 fuit,
2341 5387 2402 5436 ul.
2434 5389 2638 5437 cautus
2666 5387 2719 5436 et
2757 5384 3088 5439 moderatus
3121 5385 3481 5451 exsisterem,
3511 5404 3622 5442 nec
3653 5407 3745 5445 me
3773 5392 3835 5445 in

2168 5476 2548 5542 conspectum
2573 5471 2876 5542 publicum
2897 5476 2955 5526 et
2998 5474 3250 5528 maxime
3267 5475 3396 5544 ejus
3431 5475 3566 5546 loci,
3602 5479 3710 5533 ubi
3741 5485 3837 5534 to-

487 5682 563 5756 (I)
599 5682 806 5740 Decius
837 5689 1077 5756 uterque
1101 5683 1431 5756 appellatur
1460 5683 1518 5739 in
1551 5684 1654 5740 At'r
1682 5689 1796 5738 Inc.
1836 5685 1986 5757 apud
2023 5684 2146 5741 Oct.
2185 5683 2407 5740 Falcon.
2447 5685 2501 5739 in
2538 5685 2808 5741 Auctario
2841 5687 2912 5742 ad
2939 5688 3084 5744 Insc.
3118 5685 3418 5758 Athletic.,
3451 5705 3508 5744 n.
3541 5690 3592 5744 8.
