4112 6174
530 299 683 356 1495

2014 293 2406 354 MORCELLI

3688 316 3796 376 N96

530 429 685 484 sicut
717 426 894 482 semel
925 424 1392 497 placuit,ea,quaa
1416 425 1618 480 1431
1647 425 1876 496 agenda
1892 424 2175 491 sunt,dis—
2205 428 2260 491 Α
2291 427 2669 482 necessitates
2722 426 3087 499 singulorum
3143 444 3156 482 :
3204 429 3495 489 Libellatiei
3521 436 3706 496 interim
3727 446 3798 498 ad-

534 529 747 591 ponere
776 514 992 587 pariter
1015 516 1074 570 et
1100 513 1308 569 limare
1333 499 1678 584 poterimus.
1712 512 1770 568 Si
1808 512 1938 584 quis
1982 517 2174 568 autem

534 603 932 678 pcsnitentiam
961 617 1132 677 agere
1163 605 1221 658 et
1237 606 1350 658 Deo
1382 602 1724 658 satisfacere
1745 602 2175 671 detrectans,ad

533 692 880 751 Felicissimi
911 696 968 748 et
997 690 1314 748 satellitum
1347 691 1476 763 ejus
1508 696 1702 763 partes
1732 691 2102 759 concesserit,
2119 695 2178 746 et

533 800 598 840 se
626 783 906 838 haereticis
939 781 1172 838 factioni
1207 781 1593 853 eonjunxerit,
1618 783 1763 836 sciat
1792 797 1854 836 se
1884 785 2082 852 postea
2103 781 2176 835 ad

533 872 849 929 Ecclesiam
877 870 1085 940 redire,
1119 874 1176 927 et
1203 887 1335 926 cum
1363 870 1650 943 episcopis
1681 875 1739 926 et
1769 869 1935 942 plebe
1965 869 2177 925 Christi

533 977 945 1020 eommuncare
976 977 1093 1016 non
1124 976 1316 1034 posse.
1352 981 1382 1009 κ

598 1069 667 1126 ν.
701 1067 823 1136 His,
857 1066 1114 1141 episcopi
1168 1066 1262 1123 sui
1310 1065 1538 1136 litteris,
1595 1066 1825 1122 animos
1856 1065 2178 1121 multorum

528 1161 824 1232 permotos
869 1157 1208 1229 resipuisse,
1260 1172 1326 1212 ac
1375 1159 1602 1211 mutato
1635 1154 1878 1212 consilio
1921 1154 2180 1210 schisma

527 1251 844 1306 detestatos
873 1263 1142 1316 esse,non
1164 1251 1253 1303 est
1272 1245 1712 1318 ambigendum.
1737 1245 1998 1301 Nimium
2021 1245 2178 1301 enim

528 1343 586 1396 et
603 1338 877 1394 virtutem
895 1337 1022 1406 ejus
1039 1351 1243 1392 omnes
1264 1334 1750 1406 suspiciebant,et
1770 1334 2179 1390 auctoritatem

535 1426 972 1484 reverebantur.
999 1424 1216 1481 Exinde
1255 1423 1600 1496 Cyprianus,
1641 1423 1739 1495 qui
1789 1439 2022 1479 menses
2061 1438 2186 1478 am-

528 1515 685 1589 plius
708 1513 1146 1587 quatuordecim
1171 1512 1440 1584 latuerat,
1475 1512 1650 1568 rebus
1686 1528 1904 1584 magna
1927 1529 1995 1568 ex
2017 1516 2184 1584 parto

529 1602 1204 1678 tranquillis,ecclesiam
1237 1601 1435 1657 revisit
1458 1605 1713 1668 suam,et
1743 1600 1972 1656 clerum
2007 1617 2185 1672 popu-

531 1695 772 1766 lumque
793 1691 1133 1748 universum
1151 1690 1314 1746 vultu
1341 1707 1597 1762 praesens
1626 1695 1684 1746 et
1701 1689 1954 1762 alloquio
1976 1689 2185 1747 beavit.

528 1783 745 1839 Eodem
777 1785 972 1836 autem
1004 1784 1266 1852 tempore
1317 1778 1412 1835 alii
1474 1779 1734 1851 undique
1782 1778 2061 1851 episcopi,
2108 1779 2178 1835 de
2208 1798 2256 1864 B

527 1870 893 1944 gravissimis
941 1868 1208 1925 Ecclesiae
1255 1867 1504 1942 negotiis
1555 1885 1688 1925 cum
1737 1869 1894 1924 eoin
1932 1867 2176 1924 concilio

530 1959 944 2033 disceptaturi,
1002 1958 1410 2030 Carthaginem
1458 1974 1794 2014 convenere.
1828 1958 1974 2013 Nam
2030 1957 2175 2012 illud

529 2049 786 2124 primum
809 2065 878 2104 ex
905 2047 1169 2104 omnium
1201 2047 1494 2103 sententia
1524 2047 2000 2104 constituendum
2030 2050 2177 2116 erat,

531 2154 646 2213 quo
665 2137 866 2196 ordine
896 2153 1080 2210 quave
1101 2136 1326 2192 ratione
1355 2135 1552 2208 lapsos
1575 2137 1634 2191 in
1657 2135 1975 2192 Ecclesiam
1999 2135 2176 2208 recipi

532 2230 860 2301 oporteret:
887 2243 1003 2298 qua
1024 2226 1094 2280 de
1115 2241 1176 2280 re
1211 2225 1445 2297 quidem
1470 2241 1573 2297 per
1600 2223 1824 2280 litteras
1850 2242 1964 2280 non
1996 2223 2177 2280 semel

532 2321 728 2372 aetum
750 2314 1068 2381 fuerat,sed
1089 2314 1180 2369 lex
1208 2314 1383 2369 etiam
1405 2318 1532 2368 tum
1555 2312 2016 2381 desiderabatur,
2050 2330 2177 2386 quas

534 2421 756 2462 morem
789 2405 1070 2469 firmaret,
1102 2406 1160 2457 et
1187 2401 1486 2472 lapsorum
1518 2401 1931 2474 quarimonias
1961 2402 2031 2458 de
2061 2418 2178 2457 me-

529 2493 625 2550 dio
655 2491 900 2548 tolleret.
919 2491 1400 2564 Cognoseendum
1433 2505 1662 2561 quoque
1693 2496 1816 2546 erat
1844 2489 1915 2545 de
1946 2489 2177 2547 Felicis-

528 2582 666 2639 simi
704 2581 1023 2638 schismate
1053 2596 1122 2636 ae
1166 2579 1236 2635 de
1266 2582 1386 2635 tota
1433 2578 1533 2635 illa
1563 2579 1941 2635 seditisorum
1973 2579 2174 2635 factio-

528 2670 898 2744 ne,qumjam
928 2673 1053 2725 tum
1085 2667 1405 2724 multorum
1429 2668 1488 2724 in
1516 2668 1708 2724 Africa
1728 2667 2018 2724 malorum
2043 2669 2174 2726 fons

525 2765 582 2818 et
609 2761 770 2833 origo
803 2760 1000 2814 futura
1028 2773 1159 2815 esse
1205 2757 1532 2816 videbatur.
1582 2756 1904 2830 Cyprianus
1951 2755 2176 2814 interea

526 2849 782 2908 remedia
808 2847 1029 2905 morbis
1060 2847 1325 2920 parabat,
1359 2863 1485 2919 quas
1518 2850 1642 2902 tum
1677 2847 1929 2902 maxime
1961 2863 2171 2919 oppor-

519 2944 666 2997 tuna
693 2955 822 2996 esse
851 2941 1111 3010 possent,
1134 2952 1242 2993 nec
1273 2935 1433 2992 domi
1461 2934 1678 3004 solum,
1703 2935 1804 2991 sed
1837 2933 2012 2991 etiam
2036 2935 2174 2990 foris

523 3029 738 3103 quippe
771 3027 918 3084 miro
948 3027 1203 3100 quodam
1237 3025 1917 3097 omniumjuvandorum
1949 3025 2172 3080 deside-

522 3119 607 3175 rio
636 3117 942 3190 ﬂagrabat.
981 3117 1092 3172 Deo
1123 3115 1237 3171 duo
1270 3115 1430 3171 fuere
1457 3113 1904 3186 opuscula,quae
1932 3130 2034 3186 per
2063 3113 2170 3171 hos

523 3209 648 3265 dies
677 3205 1079 3279 composuisse
1107 3205 1354 3276 videtur,
1406 3202 1557 3260 liber
1611 3220 1819 3276 nempe
1864 3203 1929 3259 de
1956 3205 2167 3276 Lapsis,

523 3304 580 3354 et
608 3297 755 3353 liber
799 3297 867 3352 de
915 3297 1131 3354 Unitate
1157 3294 1414 3351 Ecclesiae
1445 3310 1458 3349 :
1494 3316 1523 3344 «
1557 3309 1809 3365 quorum
1839 3292 2022 3348 altero
2054 3293 2174 3348 vio-

525 3385 652 3442 latis
683 3387 800 3443 Deo
828 3383 962 3440 ﬁdei
993 3400 1124 3440 reos
1152 3384 1375 3456 pudore
1397 3383 1612 3438 fractos
1633 3382 1703 3438 ad
1737 3383 2022 3455 agendam
2055 3399 2172 3454 pos-

525 3475 832 3534 nitentiam
883 3473 1280 3548 pertrahebat,
1314 3472 1497 3529 altero
1545 3472 1898 3528 dissidentes
1947 3471 2174 3528 animos

525 3579 928 3636 novarumque
956 3579 1154 3619 rerum
1199 3562 1444 3635 cupidos
1493 3560 1742 3616 infelicis
1789 3559 1978 3617 exitus
2010 3577 2173 3616 com-

526 3654 849 3710 minatione
889 3651 1197 3709 deterritos
1227 3653 1302 3707 ad
1333 3667 1535 3724 pacem
1568 3649 2056 3722 concordiamque
2084 3667 2173 3707 re-

522 3743 790 3801 vocabat.

593 3851 684 3908 VI.
739 3854 926 3922 Super
955 3847 1073 3904 hac
1116 3846 1299 3920 optati
1339 3846 1411 3902 ab
1442 3843 1594 3902 Urbe
1642 3845 1833 3901 nuntii
1868 3849 2171 3912 venerunt,

522 3938 748 3997 decimo
777 3937 1028 4010 septimo
1057 3940 1191 4009 post
1215 3950 1630 4006 mense,quam
1656 3934 1950 3991 Fabianus
1980 3935 2174 3992 deces-

526 4034 701 4095 serat,
727 4029 799 4084 de
822 4040 1159 4083 successore
1191 4025 1284 4098 agi
1314 4024 1598 4097 licuisset,
1631 4024 1998 4098 maximoque
2047 4041 2172 4080 om-

526 4119 689 4176 nium
739 4132 1028 4174 consensu
1079 4114 1484 4187 pontiﬁcatum
1533 4113 1857 4169 maximum
1907 4113 2172 4170 Cornelio

519 4225 644 4267 esse
667 4208 948 4263 delatum.
975 4205 1028 4261 Is
1060 4204 1244 4276 pridie
1273 4208 1470 4260 Nonas
1490 4202 1678 4260 Julias
1705 4203 2042 4275 designatus
2064 4220 2172 4275 pu-

519 4302 702 4369 tatur,
747 4311 878 4352 eum
901 4295 1029 4367 jam
1067 4292 1277 4350 Decius
1307 4295 1457 4366 Aug.
1491 4291 1592 4365 qui
1621 4291 1906 4349 hactenus
1950 4291 2172 4365 episco-

523 4404 666 4462 pum
689 4386 884 4442 Romae
915 4383 1099 4441 creari
1132 4383 1490 4451 vetuerat,ad
1521 4380 1740 4439 bellum
1766 4382 2058 4454 profectus
2078 4397 2169 4438 es-

523 4481 632 4546 set,
664 4476 911 4545 ejusque
940 4472 1064 4529 loeo
1093 4471 1287 4528 Julius
1316 4470 1530 4529 Valens
1560 4470 1872 4543 imperium
1894 4472 2173 4544 arripuis-

525 4570 633 4636 set,
667 4565 823 4638 quod
846 4562 1000 4620 brevi
1030 4577 1160 4618 cum
1196 4562 1316 4618 vita
1339 4561 1558 4618 amisit.
1599 4561 1748 4634 Ergo
1769 4560 2047 4634 episcopi,
2073 4561 2172 4634 qui
2201 4546 2248 4612 D

524 4655 626 4712 diu
648 4655 774 4726 jam
805 4651 994 4709 varias
1044 4649 1344 4724 lapsorum
1376 4666 1585 4708 causas
1626 4650 1686 4706 in
1718 4649 2172 4708 controversiam

521 4745 890 4810 vocaverant,
921 4744 979 4798 et
1007 4739 1241 4814 singula
1271 4739 1621 4814 placitorum
1654 4741 1848 4813 capita
1877 4741 2172 4812 conscrip-

523 4836 742 4905 serant,
768 4830 1102 4889 Cornelium
1125 4845 1358 4902 quoque
1391 4831 1462 4886 de
1491 4829 1585 4885 his
1615 4828 2042 4886 consulendum
2062 4831 2172 4885 du-

519 4922 1158 4981 xerunt.Convenerant
1186 4923 1383 4977 autem
1413 4917 1610 4992 iuquit
1629 4917 1948 4992 Cyprianus
1974 4918 2168 4991 (epist.

518 5013 609 5084 52,
639 5012 709 5068 ad
737 5008 1090 5080 Antoniam),
1123 5012 1190 5064 ut
1241 5023 1346 5063 nee
1393 5007 1454 5063 in
1494 5011 1684 5063 totum
1734 5024 1870 5080 spes
1913 5024 2173 5064 commu-

519 5100 829 5160 nicationis
855 5103 911 5154 et
940 5096 1101 5170 pacis
1131 5095 1317 5168 lapsis
1348 5095 1754 5168 denegaretur,
1778 5113 1850 5153 ne
1880 5095 2014 5169 plus
2039 5097 2171 5153 des-

517 5190 814 5264 peratione
844 5187 1176 5253 deficerent,
1213 5189 1271 5241 et
1298 5201 1364 5241 eo
1395 5187 1550 5259 quod
1583 5186 1694 5242 sibi
1727 5185 1984 5242 Ecclesia
2004 5185 2170 5242 clau-

517 5283 772 5347 deretur,
827 5275 1002 5334 sicuti
1053 5273 1338 5331 sarculum
1383 5273 1680 5348 gentiliter
1731 5274 2006 5343 viverent,
2066 5292 2172 5331 nec

520 5377 714 5426 tamen
749 5383 956 5423 rursus
987 5379 1236 5421 censura
1264 5365 1597 5438 evangelica
1628 5364 1968 5434 solveretur,
2002 5369 2068 5419 ut
2097 5366 2168 5420 ad

521 5458 992 5515 communionem
1038 5460 1252 5510 temere
1301 5455 1661 5527 prosilirent,
1693 5455 1794 5510 sed
1846 5453 2174 5509 traheretur

521 5550 622 5604 diu
655 5544 1014 5620 poenitentia,
1047 5547 1102 5601 ot
1147 5549 1452 5618 rogaretur
1492 5543 1755 5599 dolenter
1784 5547 2028 5614 paterna
2056 5542 2171 5599 cle-

523 5635 763 5706 mentia,
795 5640 850 5692 et
893 5633 1365 5692 examinareutur
1409 5649 1599 5690 causas
1647 5638 1702 5690 et
1747 5631 2073 5690 voluntates
2116 5639 2174 5690 et

2286 514 2678 586 mitterentur,
2729 517 3074 572 sacrificatis
3118 517 3174 573 in
3217 522 3362 576 exitu
3405 524 3749 586 subveniretur.
3780 553 3799 584 ι

2287 607 2477 674 Atque
2506 603 2627 659 hinc
2659 610 2723 659 ut
2752 606 2825 660 ad
2871 605 3198 662 Cornelium
3247 609 3448 679 perlata
3485 621 3616 679 sunt,
3654 621 3801 678 1438

2287 713 2315 742 ‹‹
2336 699 2394 747 et
2417 692 2562 764 ipse,
2586 693 2745 748 addit
2761 695 3100 766 Cyprianus,
3124 712 3251 752 cum
3274 697 3514 769 plurimis
3533 707 3804 780 coepiscopis

2287 781 2485 837 habito
2517 783 2780 852 consilio,
2813 784 2872 839 in
2917 785 3180 840 eamdem
3223 789 3499 844 nobiscum
3541 798 3802 853 sententiam

2289 870 2413 942 pari
2445 872 2724 943 gravitate
2758 876 2814 927 et
2842 873 3063 928 salubri
3099 874 3470 932 moderatione
3495 885 3762 938 consensit:
3787 908 3804 934 ιι

2288 960 2456 1028 cujus
2488 961 2697 1016 deinde
2729 963 2958 1018 decreto
2989 967 3145 1019 totus
3174 965 3343 1020 etiam
3371 966 3512 1022 orbis
3535 969 3808 1030 Christianus

2288 1048 2581 1120 acquievit
2629 1050 2890 1122 (Euseb.,
2921 1051 2986 1105 H.
3034 1053 3118 1120 E.,
3167 1052 3266 1108 lib.
3299 1069 3368 1122 vi,
3405 1071 3515 1126 cap.
3548 1057 3634 1126 43).
3663 1059 3808 1116 Utan-

2286 1141 2405 1193 tem
2437 1138 2697 1210 regulam
2730 1138 3014 1196 haberent
3041 1141 3316 1214 episcopi,
3360 1159 3484 1214 qua,
3511 1149 3561 1199 et
3597 1148 3654 1201 de
3676 1151 3811 1204 crimi-

2289 1242 2431 1281 num
2452 1227 2738 1298 gravitate
2750 1227 2888 1284 etde
2903 1229 3111 1285 idonea
3129 1247 3294 1301 ptena
3307 1232 3809 1302 judicarent,libellum

2289 1331 2523 1388 quoque
2561 1317 2955 1383 confecerunt,
2996 1340 3022 1370 α
3061 1319 3181 1385 ubi,
3213 1320 3396 1388 inquit
3422 1323 3706 1393 Cyprianus,
3729 1329 3815 1382 sin-

2290 1403 2431 1477 gula
2454 1403 2800 1476 placitorum
2833 1408 3024 1479 capita
3045 1409 3368 1480 conscripta
3395 1417 3626 1476 essent,»
3645 1415 3814 1488 ejusque

2293 1493 2624 1566 exemplum
2657 1495 2728 1550 ad
2755 1511 2959 1551 omnes
2989 1497 3289 1568 episcopos
3316 1499 3541 1554 missum
3561 1502 3722 1558 est:in
3738 1521 3814 1576 quo

2292 1582 2524 1638 initium
2558 1599 2872 1656 agnoscere
2903 1584 3036 1640 licet
3081 1586 3390 1654 poenalium
3427 1605 3688 1657 canonum,
3714 1609 3815 1664 quos

2294 1671 2353 1726 in
2386 1676 2609 1727 certum
2660 1671 2928 1728 volumen
2980 1675 3193 1731 relatos
3235 1677 3313 1747 (ν.
3345 1677 3527 1732 Morio.
3555 1679 3608 1734 de
3648 1686 3756 1736 Pam.
3777 1682 3816 1737 in

2295 1762 2452 1834 App.,
2487 1778 2543 1832 p.
2576 1761 2631 1830 3)
2663 1764 2972 1834 posteritas
3002 1764 3328 1820 celebravit.
3364 1771 3531 1822 Causa
3558 1775 3713 1840 postea
3735 1777 3817 1826 acta

2289 1854 2378 1906 est
2405 1850 2598 1906 Jovini
2649 1857 2705 1906 et
2756 1851 2992 1906 Maximi
3041 1852 3458 1925 episcOporum,
3507 1873 3630 1927 quos
3663 1859 3753 1927 jam
3773 1860 3818 1913 de

2287 1939 2582 1996 sententia
2611 1937 2966 2011 collegarum
3001 1958 3208 1996 novem
3257 1943 3544 1999 damnatos
3582 1948 3817 2012 constabat,

2286 2043 2420 2082 cum
2452 2027 2566 2083 alia
2597 2029 2668 2084 ob
2699 2029 2966 2098 crimina,
3000 2034 3124 2085 tum
3161 2032 3314 2102 quod
3346 2033 3592 2088 inanibus
3619 2035 3705 2088 diis
3728 2035 3819 2090 thus

2287 2115 2633 2172 adolevisset
2679 2117 2870 2189 (Cypr.
2919 2119 3090 2189 epist.
3141 2121 3254 2190 55).
3305 2121 3505 2176 Aderat
3547 2128 3700 2177 autem
3731 2141 3819 2178 cum

2285 2203 2379 2259 his
2409 2209 2467 2260 et
2495 2205 2758 2262 Privatus
2781 2207 3229 2264 Lambesitanus
3253 2211 3369 2280 jam
3398 2211 3597 2282 pridem
3621 2229 3648 2266 a
3670 2212 3820 2267 Donato

2285 2293 2556 2367 episcopo
2589 2299 2842 2352 notatus.
2877 2297 3054 2352 Porro
3077 2315 3282 2354 omnes
3304 2299 3502 2355 iterum
3531 2301 3703 2371 reiecti,
3725 2303 3821 2356 etin

2285 2387 2656 2440 externorum
2690 2402 2931 2442 numero
2961 2386 3149 2442 habiti
3176 2405 3188 2443 :
3217 2390 3366 2460 quod
3392 2390 3590 2445 scilicet
3609 2391 3728 2445 nullo
3744 2408 3820 2462 pe-

2284 2471 2525 2528 nitentis
2556 2473 2736 2528 animi
2767 2474 2980 2530 indicio
3013 2475 3180 2532 nulla
3209 2479 3515 2534 emendatae
3541 2479 3646 2533 vita
3665 2479 3821 2551 signiﬁ-

2283 2561 2510 2618 catione
2539 2563 2766 2618 aditum
2798 2563 2856 2618 in
2887 2565 3208 2621 Ecclesiam
3243 2567 3351 2622 sibi
3383 2569 3726 2639 aperuissent:
3753 2584 3821 2638 par

2283 2648 2628 2706 Felicissimi
2659 2654 2715 2707 et
2746 2653 3248 2726 presbyterorum,
3303 2656 3398 2728 qui
3444 2655 3491 2712 ei
3536 2656 3821 2723 adhaeserant,

2283 2739 2430 2795 ratio
2462 2739 2590 2795 fuit.
2637 2744 2783 2796 Nam
2813 2758 2948 2797 eum
2991 2743 3321 2815 Cyprianus
3370 2767 3398 2794 «
3446 2745 3639 2800 hostem
3680 2743 3824 2798 Christi

2282 2827 2541 2900 appellat
2569 2829 2752 2902 (Ιὸἰά.)
2773 2847 2886 2886 non
2911 2848 3151 2902 novum,
3187 2835 3288 2888 sed
3313 2835 3435 2904 jam
3466 2834 3656 2906 pridem
3681 2833 3734 2888 ob
3755 2832 3826 2887 eri-

2283 2916 2445 2972 mina
2475 2935 2582 2974 sua
2611 2918 2867 2991 plurima
2893 2925 2949 2976 et
2980 2922 3334 2992 gravissima
3357 2923 3727 2988 abstentum,et
3752 2938 3824 2976 non

2281 3009 2513 3062 tantum
2565 3023 2717 3076 mea,
2767 3008 2867 3064 sed
2917 3014 2974 3064 et
3015 3008 3409 3081 plurimorum
3452 3012 3824 3082 coepiscoporum

2283 3096 2576 3152 sententia
2604 3097 3080 3154 condemnatum.
3105 3119 3133 3152 ιι
3168 3101 3444 3171 Idemque
3465 3106 3514 3155 et
3540 3102 3601 3155 de
3621 3099 3825 3155 Felicissi-

2286 3201 2381 3240 mo
2412 3188 2469 3241 et
2497 3187 2568 3241 de
2598 3187 2974 3260 presbyterio
3007 3189 3278 3259 ejusdem
3309 3207 3434 3261 qua
3458 3196 3603 3262 gesta
3620 3186 3827 3251 essentid

2283 3274 2503 3330 clerum
2537 3275 2865 3331 Romanum
2898 3293 2960 3332 se
2992 3279 3411 3351 perscripsisse
3457 3285 3672 3333 testatur
3700 3277 3828 3348 (epist.

2282 3363 2394 3436 42),
2429 3381 2496 3419 ac
2526 3365 2814 3420 Novatum
2846 3365 2906 3421 in
2937 3365 3147 3438 primis
3187 3390 3214 3417 ‹‹
3258 3368 3514 3423 omnium
3560 3369 3828 3423 sacerdotum

2280 3469 2420 3509 voce
2459 3453 2804 3510 damnatum
2851 3454 3045 3527 (epist.
3095 3456 3190 3524 41)
3245 3480 3272 3506 ››
3319 3458 3508 3512 tradit.
3556 3455 3748 3511 Auditus
3769 3468 3834 3506 eos

2281 3541 2341 3598 in
2401 3542 2663 3611 concilio,
2723 3542 3088 3616 exploratum
3123 3551 3213 3602 est
3245 3546 3411 3617 (epis.
3459 3547 3580 3616 42);
3631 3545 3708 3599 sed
3741 3555 3828 3596 cum

2283 3633 2636 3688 sententiam
2677 3636 2876 3688 Patres
2927 3633 3218 3706 prolaturi
3273 3639 3484 3703 essent,
3535 3631 3832 3691 Felicissimo:

2281 3720 2551 3788 latitavit,
2584 3737 2650 3776 ac
2681 3721 2924 3778 Romam
2967 3723 3212 3780 demum
3267 3741 3402 3782 cum
3452 3723 3608 3780 sociis
3642 3715 3833 3776 transmi-

2283 3810 2381 3883 sit(
2413 3810 2674 3877 Pacian.,
2706 3809 2880 3883 epist.
2915 3811 2994 3882 3.)

2350 3934 2475 3991 VII.
2507 3936 2640 3992 Jam
2671 3951 2804 3992 vero
2835 3937 2908 3992 ab
2939 3934 3154 3994 horum
3198 3939 3453 3994 adventu
3499 3935 3672 3993 omnia
3707 3933 3834 3988 Bome

2281 4026 2516 4082 turbata
2543 4029 2601 4080 et
2627 4025 2819 4097 gravis
2850 4027 3173 4082 admodum
3217 4011 3519 4083 calamitas
3547 4023 3762 4082 Ecclesia
3781 4019 3835 4072 in-

2281 4114 2506 4170 cubuit.
2539 4114 2797 4170 Novatus
2827 4132 2942 4186 pris
2973 4117 3201 4172 cateris
3235 4118 3348 4172 fuit
3388 4122 3510 4173 tum
3539 4111 3765 4187 Cypriane
3783 4113 3834 4160 te.

2282 4208 2370 4260 ste
2399 4204 2591 4277 (epist.
2616 4203 2725 4276 49),
2755 4225 2782 4252 ››
2808 4205 2898 4260 fax
2924 4209 2982 4261 et
3010 4205 3166 4278 ignis
3199 4207 3272 4261 ad
3303 4206 3598 4262 conﬂanda
3621 4196 3838 4259 seditionis

2281 4291 2572 4360 incendia,
2599 4293 2773 4351 turbo
2795 4296 2852 4349 et
2879 4297 3201 4366 tempestas
3236 4296 3310 4350 ad
3347 4295 3476 4350 ﬁdei
3510 4291 3730 4349 facienda
3743 4300 3837 4340 nau-

2277 4382 2482 4455 fragia,
2525 4380 2714 4438 hostis
2758 4381 2996 4451 quietis,
3028 4384 3490 4456 tranquillitatis
3544 4374 3838 4438 adversarius.

2282 4471 2442 4544 pacis
2472 4471 2769 4526 inimicus.
2803 4493 2831 4521 »
2866 4472 3076 4528 Fuerat
3107 4473 3284 4545 paulo
3341 4478 3474 4529 ante
3500 4466 3712 4527 Cornelii
3735 4477 3838 4519 com-

2281 4559 2493 4633 petitor
2528 4560 2902 4622 Novatianus.
2967 4561 3280 4634 presbyter
3328 4560 3584 4618 Ecclesiae
3627 4557 3841 4614 Romane,

2281 4651 2544 4709 doctrina
2575 4651 2784 4724 magis,
2816 4667 2994 4723 quam
3027 4651 3249 4708 virtute
3282 4652 3496 4724 clarus,
3528 4667 3588 4706 ae
3627 4639 3840 4712 suti‘ragiis

2280 4741 2610 4813 praeteritus
2639 4744 2936 4812 acceptam
2969 4739 3277 4812 repulsam
3299 4758 3452 4816 aegro
3472 4733 3754 4797 ferebat.Ad
3777 4731 3844 4784 hu-

2273 4831 2376 4903 jus
2406 4829 2863 4885 familiaritatem
2894 4844 3028 4884 cum
3063 4846 3124 4886 se
3153 4830 3422 4888 Novatus
3452 4825 3791 4904 applicuisset,
3811 4819 3847 4870 et

2281 4920 2551 4977 Cornelio
2590 4919 2802 4974 iratum
2834 4935 2901 4975 ac
2949 4935 3099 4975 nova
3131 4920 3476 4978 molientem
3505 4918 3713 4980 videret,
3736 4904 3847 4966 facile

2280 5008 2579 5066 hominem
2593 5006 3284 5080 impulit,utcriminibus
3301 5009 3502 5066 multis
3523 5009 3576 5063 in
3592 4999 3843 5062 Cornelium

2282 5115 2384 5171 per
2413 5096 2766 5154 calumniam
2799 5096 3209 5171 malitiamque
3243 5099 3527 5168 conﬁctis,
3551 5097 3660 5170 ipse
3685 5091 3733 5146 in
3750 5100 3844 5161 μου·

2281 5187 2566 5244 tiﬁcatum
2591 5185 2914 5254 invaderet,
2943 5191 3000 5242 et
3026 5192 3352 5244 sectatores
3382 5189 3550 5243 etiam
3579 5180 3846 5247 suti‘ragato'

2282 5294 2492 5349 resque
2538 5293 2649 5330 non
2687 5291 2901 5347 paucos
2944 5276 3256 5345 inveniret,
3301 5291 3546 5349 quorum
3577 5277 3628 5328 in
3672 5275 3844 5324 numen

2283 5367 2645 5422 cont‘essores
2676 5381 2909 5436 quoque
2953 5364 3176 5436 aliquot
3227 5367 3519 5422 exstitere.
3552 5364 3624 5417 De
3670 5359 3755 5412 hoc
3782 5359 3845 5405 tu-

2283 5453 2498 5520 multu,
2530 5454 2712 5524 deque
2745 5453 2962 5508 nefario
2995 5453 3456 5510 Novatianorum
3497 5447 3712 5509 dissidio
3748 5454 3842 5498 cun-

2283 5551 2378 5600 cta
2407 5545 2476 5598 ad
2509 5542 2862 5614 Cyprianum
2897 5542 3108 5598 litteris
3140 5543 3467 5600 multorum
3500 5538 3697 5614 perlata
3721 5533 3841 5588 sunt;

2284 5649 2389 5691 nec
2419 5632 2652 5688 defuere
2681 5629 2943 5704 epistolae
2971 5631 3044 5688 ab
3075 5631 3216 5704 ipsis
3248 5622 3736 5702 schismaticis,qui
3752 5619 3841 5680 Cor-
