4112 6174
274 251 423 307 1497

1333 246 1694 305 ANNALES
1739 244 2145 305 ECCLESLE
2187 244 2633 305 AFRICAN/E.

3531 247 3688 305 1498

273 379 495 435 nelium
528 377 847 433 mendaciis
878 394 1055 451 quam
1106 377 1378 450 plurimis
1408 376 1745 443 onerabant,
1779 393 1912 433 cum
1946 377 2001 443 Α
2029 379 2138 432 tes.
2178 398 2198 424 ι
2232 376 2341 430 Vix
2369 379 2566 431 tamen
2595 373 2680 430 illi
2711 376 3034 448 quidquam
3070 374 3468 448 proficiebant,
3500 376 3685 435 ethoc

272 469 368 523 hic
400 472 600 523 contra
635 467 1103 523 modestissimae
1164 470 1231 522 de
1290 485 1351 523 se
1408 466 1632 521 litteras
1666 467 1923 522 misisset

272 558 464 629 (epist.
502 559 611 625 42).
664 557 931 629 Episcopi
975 557 1047 612 ob
1104 573 1233 612 eam
1292 572 1412 611 rem
1461 556 1921 627 frequentissimi

272 664 341 703 ex
372 646 560 701 Africa
608 644 1017 717 Carthaginem
1076 648 1488 711 convenerunt,
1524 649 1579 699 et
1637 644 1921 716 Cypriane

274 740 509 791 auctore
540 734 884 789 Caldonium
917 740 973 789 et
1019 736 1399 789 Fortunatum
1430 735 1635 789 ’1439
1670 733 1920 805 collegas

272 825 517 880 Romam
551 822 828 896 legendos
859 839 1155 889 censuere,
1190 824 1290 893 qui
1323 824 1393 877 de
1424 823 1573 878 facto
1606 829 1920 893 praesentes

270 913 659 985 inquirerent,
693 917 749 966 et
781 929 907 983 quae
946 912 1382 983 comperissent,
1413 929 1589 983 quam
1622 911 1919 968 celerrime

270 1002 690 1057 renuntiarent.
726 1002 805 1055 Ex
853 1001 1061 1055 horum
1111 1002 1361 1072 denique
1408 1001 1707 1069 relatione,
1740 1000 1918 1057 simul

268 1095 326 1146 et
342 1090 675 1146 testimonio
692 1091 1093 1161 episcoporum
1114 1091 1360 1145 duorum
1378 1090 1656 1162 Stephani
1678 1096 1733 1145 et
1757 1090 1920 1146 Pom-

268 1181 406 1253 peii,
440 1181 542 1252 qui
576 1181 769 1235 Romae
800 1180 1127 1247 adfuerant,
1155 1196 1278 1235 cum
1313 1180 1579 1235 omnium
1628 1196 1918 1236 consensu

268 1268 644 1341 pontificatus
667 1266 927 1323 Cornelio
946 1268 1172 1323 delatus
1196 1273 1283 1324 est
1308 1294 1321 1335 ;
1348 1272 1470 1323 tota
1513 1268 1702 1324 Africa
1731 1286 1915 1324 unum

267 1358 601 1414 Cornelium
633 1357 960 1430 legitimum
994 1358 1331 1429 episcopum
1364 1360 1619 1430 agnovit,
1652 1362 1710 1413 et
1737 1358 1917 1414 Nova-

268 1448 497 1503 tianum
528 1448 651 1520 pari
681 1447 1114 1519 conspiratione
1144 1448 1364 1517 rejecit.
1398 1447 1611 1518 Rejecti
1647 1447 1787 1503 item
1809 1447 1917 1503 No-

268 1536 486 1592 vatiani
516 1535 690 1609 legati
718 1552 1039 1607 eorumque
1070 1535 1271 1603 libelli,
1306 1536 1824 1608 interdictumque,
1844 1553 1916 1592 ne

268 1625 500 1697 uspiam
532 1625 744 1696 populo
776 1624 1128 1697 legerentur.
1161 1628 1443 1680 Caeterum
1485 1642 1597 1680 non
1631 1626 1740 1680 hoc
1771 1625 1915 1680 satis

266 1714 552 1786 Cypriane
584 1714 714 1773 fuit.
748 1714 849 1769 sed
902 1730 1136 1785 operam
1187 1715 1361 1769 etiam
1394 1715 1452 1769 in
1506 1731 1572 1769 eo
1604 1714 1817 1786 posuit,
1853 1718 1916 1769 ut

262 1804 646 1867 confessores,
681 1819 828 1873 quos
860 1802 1215 1857 Novatianus
1259 1802 1453 1857 Romae
1486 1803 1809 1874 deceperat,
1841 1804 1913 1858 ad

262 1891 575 1947 Ecclesiam
608 1890 1054 1962 Corneliumque
1081 1892 1403 1946 reduceret.
1440 1892 1636 1963 Itaque
1676 1893 1747 1947 ad
1780 1893 1915 1947 Cor-

263 1981 483 2037 nelium
518 1981 777 2036 scribens
823 1980 1015 2052 (epist.
1069 1981 1189 2048 13):
1242 2003 1269 2030 ‹‹
1298 1981 1366 2035 Et
1425 1981 1786 2052 religiosum,
1828 1981 1916 2037 in-

265 2070 412 2143 quit,
446 2070 615 2125 nobis
645 2074 701 2125 et
730 2069 1127 2124 necessarium
1168 2070 1545 2137 existimavit,
1580 2071 1753 2127 frater
1783 2072 1919 2127 cha-

268 2159 520 2229 rissime,
554 2160 623 2214 ad
657 2159 1044 2224 confessores,
1077 2159 1176 2231 qui
1207 2158 1323 2214 illic
1355 2165 1509 2229 sunt,
1528 2166 1586 2215 et
1617 2161 1920 2216 Novatiani

272 2265 337 2304 ac
366 2247 568 2303 Novati
597 2248 987 2303 obstinatione
1017 2252 1073 2303 et
1102 2247 1379 2320 pravitate
1428 2249 1654 2305 seducti
1712 2251 1783 2305 de
1819 2252 1921 2305 Ec-

277 2336 455 2393 clesia
511 2342 895 2405 recesserunt,
929 2336 1153 2393 litteras
1196 2338 1399 2393 breves
1450 2337 1656 2407 facere,
1709 2340 1923 2410 quibus

279 2443 376 2483 eos
408 2444 511 2498 pro
541 2426 842 2482 affectione
865 2432 1071 2482 mutua
1092 2428 1552 2498 convenirem,ut
1582 2430 1653 2484 ad
1673 2434 1921 2485 matrem

278 2533 470 2583 suam,
502 2515 560 2571 id
592 2521 681 2571 est
709 2516 1026 2571 Ecclesiam
1073 2516 1441 2585 catholicam,
1476 2522 1858 2574 revertantur.
1894 2540 1922 2569 η

276 2608 391 2661 Nec
420 2621 554 2661 vero
584 2604 903 2678 Cyprianus
950 2621 1187 2676 operam
1228 2606 1515 2676 perdidit;
1560 2607 1740 2663 misso
1766 2607 1923 2663 enim

276 2693 454 2749 simul
486 2692 704 2762 libello,
731 2709 905 2763 quem
938 2694 1007 2749 de
1039 2694 1262 2747 unitate
1294 2694 1558 2748 Ecclesiae
1589 2696 1922 2766 scripserat,

275 2786 331 2836 et
366 2782 472 2835 hoc
503 2785 560 2834 et
588 2780 801 2834 litteris
832 2781 957 2835 suis
987 2780 1195 2849 effecit,
1230 2786 1293 2834 ut
1343 2798 1596 2837 errorem
1646 2799 1925 2854 agnosce-

271 2873 402 2925 rent
432 2886 628 2937 suum,
659 2872 717 2923 et
741 2868 1002 2924 schisma
1032 2870 1301 2924 detestati
1329 2868 1558 2924 veniam
1591 2888 1624 2925 a
1660 2870 1925 2928 Cornelio

273 2974 593 3030 pacemque
623 2956 1288 3028 implorarint.Reditum
1320 2974 1519 3013 eorum
1551 2960 1678 3014 fuse
1708 2960 1924 3016 descri-

272 3046 357 3101 bit
392 3046 515 3117 ipse
539 3045 842 3101 Cornelius
872 3045 931 3101 in
965 3046 1221 3118 Epistola
1253 3048 1322 3101 ad
1346 3047 1694 3119 Cyprianum
1728 3050 1923 3123 (epist.

272 3134 362 3201 46,
396 3136 543 3189 inter
572 3135 780 3206 Πειρη),
814 3135 1006 3191 sciens
1038 3136 1384 3191 nominatim
1412 3136 1748 3205 Maximum,
1785 3156 1917 3211 pre-
1948 3124 1991 3191 ί]

271 3224 570 3295 sbyterum
594 3222 1591 3293 Urbanum,Sidonium,Macarium,
1608 3226 1824 3299 quibus
1838 3228 1922 3287 illi

273 3312 342 3366 ad
373 3312 793 3383 professionem
820 3314 910 3367 usi
932 3318 1099 3368 erant
1123 3312 1215 3368 his
1243 3315 1467 3369 nuntiis
1492 3332 1670 3387 quam
1694 3316 1921 3374 laetatus

270 3404 396 3456 tum
431 3402 509 3456 sit
539 3401 880 3474 Cyprianus,
914 3401 1121 3459 littere
1150 3404 1278 3475 ejus
1308 3404 1379 3458 ad
1412 3406 1775 3462 confessores
1820 3408 1919 3463 de-

270 3494 495 3546 clarant
524 3491 713 3563 (epist.
746 3492 858 3559 51).
892 3514 921 3541 «
957 3492 1161 3557 Lectis,
1196 3492 1409 3564 inquit,
1443 3492 1657 3549 litteris
1687 3496 1917 3565 vestris,

270 3580 479 3636 fratres
509 3580 863 3647 charissimi,
890 3597 1038 3652 quas
1060 3582 1131 3635 ad
1166 3598 1258 3637 me
1290 3583 1360 3638 de
1388 3587 1580 3639 vestra
1609 3585 1922 3657 regressio-

269 3684 361 3737 ne,
394 3673 451 3724 et
478 3669 549 3724 de
592 3668 990 3725 ecclesiastica
1020 3686 1159 3742 pace
1203 3688 1267 3726 ac
1326 3672 1579 3728 fraterna
1609 3674 1921 3747 reintegra-

266 3756 423 3813 tione
454 3757 671 3813 fecistis
701 3758 761 3813 in
792 3762 1024 3814 tantum
1048 3776 1143 3815 me
1174 3759 1432 3817 laetatum
1460 3778 1590 3819 esse
1615 3765 1914 3835 confiteor,

265 3846 325 3901 in
359 3851 645 3919 quantum
678 3848 901 3903 fueram
933 3852 991 3905 et
1036 3852 1169 3905 ante
1218 3850 1467 3917 laetatus,
1500 3853 1736 3923 quando
1775 3869 1917 3910 con-

264 3935 537 3991 fessionis
566 3941 768 3992 vestraa
799 3936 1046 4009 gloriam
1078 3940 1354 4011 comperi,
1381 3945 1438 3996 et
1466 3941 1687 3997 militiae
1710 3948 1915 3999 vestrm

266 4023 556 4079 ccslestem
589 4041 654 4080 ac
686 4026 1007 4097 spiritalem
1037 4026 1269 4084 laudem
1316 4030 1787 4102 gratulabundus
1817 4050 1913 4089 ex-

264 4113 411 4185 cepi.
444 4113 590 4169 Nam
614 4117 667 4169 et
700 4113 822 4171 haec
855 4116 988 4171 fidei
1020 4121 1077 4173 et
1094 4116 1284 4174 laudis
1304 4126 1507 4175 vestrae
1540 4120 1656 4177 alia
1687 4123 1915 4178 contes-

263 4200 349 4257 sio
380 4206 489 4270 est,
522 4220 702 4258 unam
750 4219 877 4260 esse
924 4205 1239 4263 Ecclesiam
1292 4209 1579 4277 confiteri,
1606 4227 1709 4266 nec
1740 4211 1914 4267 alieni

265 4291 478 4347 erroris
508 4290 595 4346 vel
626 4292 822 4364 potius
860 4294 1160 4365 pravitatis
1194 4297 1538 4370 participem
1570 4299 1716 4366 fieri,
1750 4317 1914 4372 repe-

264 4384 387 4436 tere
418 4381 622 4436 eadem
664 4386 876 4453 castra,
909 4384 1064 4438 unde
1113 4386 1381 4456 prodisti,
1415 4389 1571 4444 unde
1613 4389 1684 4443 ad
1715 4406 1915 4463 geren-

265 4470 407 4525 dum
430 4469 693 4542 prwlium
725 4476 782 4526 et
810 4472 1207 4529 adversarium
1241 4475 1636 4548 subigendum
1670 4479 1913 4536 fortissi-

266 4559 380 4615 mis
411 4559 634 4616 viribus
666 4560 1002 4633 prosilistis.
1038 4583 1067 4613 »

336 4684 486 4741 VIII.
521 4684 775 4741 Africam
810 4687 1031 4743 interea
1085 4689 1473 4761 peragrabaut
1530 4689 1721 4763 legati,
1770 4710 1915 4766 quos

261 4772 618 4830 Novatianus
649 4778 933 4847 tanquam
966 4775 1129 4831 urbis
1176 4776 1483 4850 episcopus
1537 4780 1913 4851 submiserat,

259 4863 546 4919 Maximus
580 4864 899 4937 presbyter,
933 4866 1246 4938 Augendus
1286 4868 1591 4938 diaconus,
1622 4870 1915 4931 Machzeus

260 4958 319 5008 et
349 4952 749 5026 Longinus,de
780 4955 997 5025 quibus
1027 4956 1291 5012 scribens
1321 4958 1393 5012 ad
1424 4958 1754 5017 Cornelium
1779 4979 1911 5035 gra-

258 5041 494 5098 vissime
526 5041 793 5114 queritur
821 5043 1142 5115 Cyprianus
1173 5045 1366 5117 (epist.
1400 5048 1506 5120 4t).
1544 5071 1573 5099 ‹‹
1607 5055 1687 5105 Ac
1720 5052 1914 5123 ne,in—

260 5133 406 5204 quit,
441 5148 643 5189 eorum
676 5131 873 5187 furens
905 5132 1148 5189 audacia
1181 5150 1444 5206 unquam
1476 5138 1912 5211 desisteret,hic

259 5237 492 5293 quoque
515 5222 573 5275 in
594 5220 933 5277 schismatis
953 5226 1147 5292 partes
1169 5223 1381 5280 Christi
1404 5228 1666 5284 membra
1695 5230 1913 5286 distra-

259 5309 415 5375 here,
451 5314 507 5364 et
535 5309 833 5367 catholica
866 5309 1132 5367 Ecclesia:
1182 5329 1394 5386 corpus
1424 5316 1688 5373 scindere
1728 5335 1794 5373 ac
1826 5318 1908 5373 la—

2031 465 2148 521 illis
2180 483 2526 537 responsum
2552 466 2807 537 episcopi
2830 465 3052 537 passim
3077 465 3322 520 dabant:
3352 487 3377 513 ››
3401 464 3472 519 Ut
3495 466 3684 535 perni-

2030 555 2190 610 ciosa
2218 554 2584 611 dissensione
2614 560 2670 609 et
2700 554 3129 610 concertatione
3160 554 3443 626 deposita,
3477 554 3682 625 impie-

2029 646 2210 698 tatem
2241 660 2367 699 esse
2392 643 2607 699 scirent
2636 648 2883 698 matrem
2917 643 3273 712 deserere,et
3304 648 3685 713 agnoscerent

2030 737 2204 805 atque
2252 732 2661 805 intelligerent,
2688 732 2960 804 episcopo
3016 732 3193 786 semel
3237 732 3405 797 facto,
3430 738 3487 787 et
3519 732 3686 788 colle-

2028 838 2236 893 garum
2272 824 2477 877 1440
2509 839 2573 877 ac
2606 821 2793 893 plebis
2826 820 3162 876 testimonio
3196 825 3252 876 et
3273 821 3498 890 judicio
3527 838 3684 877 com-

2028 912 2292 983 probato,
2318 911 2501 966 alium
2533 910 2809 966 constitui
2846 909 3007 965 nullo
3040 911 3213 964 modo
3248 927 3475 981 posse.«
3498 911 3685 973 Quare

2027 1016 2130 1071 spe
2153 1016 2347 1055 rerum
2370 1016 2651 1054 novarum
2687 999 2925 1063 amissa,
2958 1015 3091 1052 cum
3135 1015 3196 1053 se
3254 1000 3430 1053 etiam
3462 999 3520 1053 in
3554 1016 3678 1055 om-

2027 1088 2191 1142 nium
2224 1088 2510 1143 bonorum
2540 1086 2739 1142 odium
2762 1086 3079 1141 incurrisse
3108 1085 3678 1156 intelligerent,Afri-

2025 1193 2093 1233 ea
2121 1178 2359 1232 tandem
2391 1180 2780 1233 excesserunt.
2805 1180 3022 1231 Verum
3048 1175 3339 1245 ejusmodi
3370 1174 3677 1233 hominum

2025 1271 2187 1339 peste
2219 1266 2378 1321 haud
2410 1267 2510 1321 diu
2567 1265 2823 1321 ecclesiae
2881 1264 3163 1319 Africana
3221 1280 3414 1319 carere
3471 1264 3672 1336 licuit;

2024 1355 2180 1410 brevi
2214 1354 2370 1410 enim
2402 1355 2751 1426 legationem
2773 1371 2806 1408 a
2828 1354 3149 1411 Novatiano
3181 1352 3277 1408 alii
3310 1358 3675 1425 acceperunt,

2025 1461 2173 1517 quos
2205 1444 2357 1500 inter
2385 1445 2643 1499 Novatus
2674 1444 2785 1498 fuit
2814 1443 3078 1499 omnium
3112 1442 3397 1498 scelerum
3431 1444 3678 1500 maculis

2025 1533 2452 1602 notatissimus,
2480 1534 2579 1605 qui
2612 1537 2670 1588 et
2700 1534 2758 1588 in
2792 1533 2983 1587 Africa
3014 1536 3070 1587 et
3101 1532 3294 1587 Roma)
3342 1532 3679 1590 schismatis

2026 1628 2228 1679 auctor
2258 1622 2553 1679 fuerat.De
2582 1623 2673 1677 his
2724 1623 2922 1678 statim
2958 1622 3029 1676 ad
3080 1621 3433 1694 Cyprianum
3464 1624 3681 1677 Corne-

2021 1711 2136 1768 lius
2160 1712 2395 1784 scripsit
2424 1712 2619 1784 (epist.
2656 1713 2743 1779 48,
2779 1715 2927 1767 inter
2957 1711 3169 1783 Cypr.),
3202 1716 3257 1766 et
3288 1711 3681 1783 Nicephorum

2027 1801 2319 1873 acolytum
2374 1806 2651 1873 praterea
2698 1801 2882 1871 misit,
2931 1802 3028 1872 qui
3063 1816 3197 1855 eum
3232 1801 3301 1856 de
3358 1800 3681 1872 legatorum

2028 1890 2290 1945 moribus
2318 1894 2558 1962 totaque
2588 1890 2838 1945 factione
2867 1890 3174 1945 certiorem
3209 1890 3442 1945 faceret.
3480 1890 3680 1961 Itaque

2027 1980 2348 2053 Cyprianus
2379 1997 2447 2036 ea
2467 1981 2727 2046 edoctus,
2762 1982 3068 2052 episcopos
3098 1996 3301 2035 omnes
3328 1980 3397 2034 de
3428 1980 3686 2051 singulo-

2028 2087 2160 2126 rum
2193 2069 2512 2126 sceleribus
2542 2069 2867 2130 admonuit.
2900 2070 3112 2124 deinde
3144 2086 3213 2125 ex
3253 2085 3457 2126 eorum
3490 2070 3683 2126 consi-

2029 2159 2105 2215 lio
2138 2159 2485 2214 laterculum
2517 2160 2586 2213 ad
2612 2158 2942 2214 Cornelium
2984 2159 3257 2225 exaravit,
3292 2159 3349 2213 in
3382 2176 3495 2232 quo
3528 2160 3682 2232 epis-

2029 2265 2309 2319 coporum
2330 2248 2532 2303 Africae
2546 2247 2974 2303 Catholicorum
2995 2248 3234 2302 nomina
3252 2248 3469 2320 scripta
3489 2253 3686 2305 essent

2031 2337 2223 2410 (epist.
2252 2337 2368 2409 54),
2401 2342 2465 2392 ut
2496 2353 2642 2410 quos
2674 2336 2733 2391 in
2765 2352 2833 2392 ea
2871 2337 3019 2392 serie
3082 2353 3198 2392 non
3248 2336 3555 2404 inveniret,
3585 2354 3682 2393 ex-

2029 2432 2228 2482 ternos
2258 2442 2356 2481 eos
2388 2431 2445 2481 et
2473 2426 2881 2481 schismaticos
2924 2425 3205 2481 haberet:
3241 2424 3438 2495 quales
3474 2425 3683 2482 deinde

2033 2515 2209 2588 legati
2240 2514 2322 2568 illi
2357 2514 2570 2569 alicubi
2604 2516 3052 2571 constituerunt.

2106 2605 2194 2659 IX.
2229 2605 2389 2658 Anno
2425 2605 2552 2675 jam
2600 2608 2875 2670 vertente,
2910 2620 3044 2660 cum
3092 2602 3400 2660 Deciorum
3434 2603 3683 2659 crudeli-

2032 2696 2124 2749 tas
2155 2694 2213 2748 iu
2246 2692 2605 2748 Christianos
2637 2694 2899 2749 nondum
2926 2693 3683 2762 detumuisset,nuntiatum

2034 2786 2273 2853 repente
2305 2786 2393 2838 est
2421 2786 2478 2837 et
2531 2782 2690 2854 ipsos
2722 2783 3062 2850 exstinctos,
3112 2786 3169 2837 et
3224 2799 3426 2838 eorum
3468 2782 3592 2839 loco
3619 2783 3680 2838 C.

2033 2870 2272 2927 Vibium
2303 2870 2532 2928 Gallum
2580 2889 2714 2927 cum
2761 2870 3078 2927 Volusiano
3128 2870 3245 2927 filio
3276 2871 3580 2942 imperare,
3614 2873 3686 2928 de

2036 2976 2286 3032 quorum
2318 2961 2536 3017 honore
2562 2978 2674 3016 non
2702 2961 3070 3018 mediocriter
3090 2960 3320 3034 gavisos
3340 2977 3469 3017 esse
3494 2962 3681 3031 Afros,

2036 3067 2207 3106 nemo
2238 3051 2485 3107 dubitet.
2523 3052 2779 3107 Indidem
2812 3052 2969 3108 enim
2993 3051 3377 3123 fuisse,atque
3408 3052 3464 3107 in
3492 3052 3688 3109 insula

2030 3140 2315 3213 Meninge,
2347 3159 2475 3213 quae
2508 3148 2710 3213 postea
2739 3142 2915 3198 Girba
2954 3141 3109 3196 dicta
3156 3147 3263 3210 est,
3297 3142 3417 3196 nati
3449 3158 3575 3198 esse
3606 3143 3682 3199 fe-

2032 3234 2242 3285 runtur
2270 3230 2439 3301 (Vict.
2473 3230 2552 3285 id.
2604 3231 2823 3303 epist.).
2858 3231 2924 3286 Et
2970 3233 3160 3286 exstat
3204 3230 3427 3285 Tunete
3474 3230 3683 3287 inscri-

2031 3319 2172 3390 ptio,
2207 3336 2331 3390 qua:
2363 3336 2511 3391 opus
2542 3320 2842 3391 publicum
2866 3319 2984 3375 illic
3015 3319 3085 3374 ab
3117 3319 3202 3374 eis
3234 3319 3568 3376 restitutum
3601 3327 3682 3377 te-

2030 3413 2220 3464 statur
2252 3409 2431 3479 (Matl‘.
2464 3410 2531 3464 Μ.
2570 3410 2622 3465 ν.
2661 3428 2713 3480 p.
2746 3410 2869 3479 459,
2904 3427 2962 3464 n.
2993 3410 3071 3482 2).

2444 3570 2593 3609 ANNU
2604 3570 2631 3608 S
2672 3570 3049 3609 CHRISTIANUS
3081 3571 3249 3610 CCLII.

2152 3659 2514 3716 CYPRIANO
2554 3660 2897 3716 EPISCOPO
2937 3660 3557 3717 CARTHAGINIENSI.

2098 3802 2139 3858 Ι.
2174 3802 2555 3873 Consulatum
2604 3818 2915 3875 suscepere
2946 3804 3003 3858 C.
3035 3802 3242 3859 Vibius
3273 3804 3676 3860 Trebonianus

2025 3891 2227 3948 Gallus
2256 3895 2402 3965 Aug.
2437 3892 2672 3964 iterum,
2723 3893 2783 3948 C.
2832 3891 3182 3947 Volusianus
3212 3897 3421 3961 Caesar,
3452 3909 3585 3948 cum
3616 3893 3674 3949 in

2024 3981 2227 4038 Maesia
2256 3986 2469 4047 essent,
2502 3983 2678 4047 unde,
2712 3982 2921 4037 foedere
2969 3997 3102 4036 cum
3151 3982 3354 4037 Gothis
3392 3981 3526 4049 icto,
3562 3983 3675 4039 Ro-

2023 4088 2179 4127 mam
2210 4088 2363 4126 anno
2393 4071 2661 4127 inchoato
2708 4077 3010 4126 venerunt.
3047 4071 3186 4126 Inde
3224 4070 3579 4129 Novatianus
3612 4076 3677 4127 ut

2023 4159 2168 4216 alias
2198 4160 2419 4232 passim
2450 4159 2836 4223 ecclesias,sic
2863 4159 3169 4216 Africanas
3195 4164 3251 4215 et
3283 4160 3674 4232 legationibus

2022 4253 2078 4303 et
2099 4248 2307 4304 litteris
2339 4254 2661 4321 pervertere
2688 4249 3003 4304 nitebatur.
3053 4248 3252 4320 Itaque
3284 4250 3354 4305 ad
3397 4251 3676 4305 Antonia-

2022 4353 2164 4392 num
2198 4353 2429 4409 quoque
2458 4337 2802 4408 episcOpum
2833 4336 3209 4392 Numidicum
3246 4338 3577 4409 scripserat,
3615 4343 3679 4393 ut

2023 4426 2094 4481 ad
2154 4431 2372 4481 sectam
2447 4442 2615 4481 suam
2688 4426 3096 4497 pertraheret;
3158 4442 3431 4499 eumque,
3493 4428 3679 4484 multa

1945 4499 1991 4565 D
2024 4514 2083 4569 in
2115 4514 2441 4571 Cornelium
2477 4514 2689 4586 probra
2720 4514 3178 4586 mentitus,pene
3209 4520 3548 4571 commorat.
3568 4517 3676 4573 Sed

2024 4619 2159 4658 cum
2192 4604 2241 4658 is
2272 4608 2405 4659 ante
2435 4604 2505 4658 ad
2538 4603 2891 4675 Cyprianum
2923 4604 2991 4659 de
3021 4603 3138 4660 illis
3169 4605 3676 4663 criminationibus

2024 4692 2340 4758 retulisset,
2365 4692 2795 4763 consiliumque
2824 4694 2951 4763 ejus
2984 4698 3397 4765 exspectasset,
3429 4696 3677 4768 egregiis

2023 4782 2291 4855 Cypriani
2323 4782 2532 4837 litteris
2578 4781 2769 4859 (epist.
2811 4782 2924 4849 52),
2973 4783 3376 4851 confirmatus,
3409 4785 3674 4840 Novatia-

2022 4888 2163 4927 num
2192 4871 2425 4944 repulit,
2475 4875 2533 4927 et
2582 4888 2710 4927 eam
2770 4887 2897 4927 esse
2954 4871 3273 4928 Ecclesiam
3332 4873 3676 4929 catholicam

2021 4961 2277 5033 agnovit,
2312 4960 2405 5015 cui
2468 4958 2769 5015 Cornelius
2820 4966 3114 5032 praeesset.
3159 4959 3303 5015 Nam
3354 4959 3677 5031 Cyprianus

2021 5055 2079 5107 et
2109 5067 2286 5119 quam
2314 5048 2576 5122 legitima
2602 5052 2757 5104 esset
2804 5049 3053 5105 Cornelii
3094 5049 3429 5115 auctoritas,
3463 5049 3679 5106 diserte

2020 5140 2372 5207 ostenderat,
2402 5143 2459 5196 et
2490 5142 2709 5210 quanto
2742 5138 2892 5194 idem
2912 5136 3151 5194 consilio
3176 5138 3369 5211 lapsos
3392 5138 3451 5194 in
3484 5139 3675 5195 Eccle-

2019 5229 2164 5286 siam
2213 5228 2514 5301 reciperet,
2547 5231 2815 5283 accurate
2855 5226 3281 5284 declaraverat:
3329 5232 3452 5284 tum
3485 5229 3670 5285 Nova-

2019 5320 2246 5375 tianum
2277 5318 2329 5373 vi
2364 5322 2538 5389 atque
2570 5317 2772 5372 fraude
2827 5316 3202 5389 pontificatus
3250 5316 3526 5374 honorem
3558 5318 3671 5375 sibi

262 5398 425 5452 niare
455 5398 744 5469 nituntur,
772 5403 836 5455 ut
865 5399 1120 5455 ostiatim
1170 5418 1273 5474 per
1320 5403 1639 5461 multorum
1681 5407 1907 5477 domos,
2015 5408 2331 5474 vindicare,
2362 5412 2420 5463 et
2449 5407 2644 5479 lapsos
2677 5421 2878 5462 omnes
2900 5422 2965 5462 ac
2995 5406 3210 5462 scelere
3239 5406 3499 5479 quolibet
3536 5410 3669 5464 obs-

260 5484 349 5539 vel
382 5485 703 5556 oppidatim
737 5504 838 5560 per
877 5489 1163 5561 quaedam
1212 5490 1473 5549 civitates
1515 5494 1907 5553 discurrentes
2016 5498 2217 5553 trictos
2240 5494 2787 5551 contradivinarum
2806 5495 3671 5568 Litterarumdocumentareji-

262 5572 673 5635 obstinationis
699 5593 818 5635 suae
846 5583 902 5637 et
930 5578 1144 5639 erroris
1174 5580 1268 5639 sui
1292 5581 1407 5640 sibi
1436 5587 1705 5657 quarunt
1726 5585 1906 5645 comi-
2016 5602 2144 5647 cere
2164 5586 2235 5646 ad
2258 5590 2611 5662 perpetuum
2630 5585 3024 5661 inutilemque
3042 5584 3551 5657 luctum,miriﬂce
3576 5588 3679 5643 de-
