4112 6174
232 303 368 360 1501

1281 296 1487 372 ANNA
1504 296 1644 356 LES
1692 293 2092 355 ECCLESIIE
2139 289 2579 351 AFHICANE.

3485 293 3635 351 1502

221 430 684 489 immobilisﬂdei
705 431 1095 487 obstinatione
1121 431 1561 505 vicisse,passos
1593 446 1721 487 esse
1744 447 1869 486 car-
1906 431 1958 498 Α
1989 443 2145 494 eum,
2167 425 2267 499 qui
2300 428 2474 481 natus
2505 423 3039 496 est,baptizandum
3072 426 3128 479 et
3149 422 3636 481 sanctificandum

223 539 430 587 cerem,
465 521 766 590 diu,inter
795 521 986 576 minas
1039 520 1404 593 proconsulis
1451 526 1508 576 et
1567 520 1868 575 fremitum

225 611 421 686 populi
439 611 878 666 circumstantis
901 609 1674 678 tormentislaniantibus,ac
1697 609 1873 680 longa

227 701 527 756 iteratione
557 699 956 754 cruciantibus
986 716 1344 772 repugnasse
1370 717 1382 753 :
1419 703 1483 754 ut
1507 699 1659 771 quod
1685 697 1743 753 in
1776 715 1871 752 no-

225 790 466 846 vissima
497 789 834 844 inﬁrmitate
859 789 1049 844 carnis
1080 791 1389 844 subactum
1415 789 1658 858 videtur,
1698 786 1870 841 meri-

225 884 412 934 torum
437 877 890 949 praecedentium
935 878 1270 933 defensione
1317 877 1639 945 relevetur;
1691 881 1746 930 ct
1801 875 1875 931 sit

224 969 364 1024 satis
393 966 612 1022 talibus
640 965 884 1038 gloriam
909 967 1254 1038 perdidisse,
1289 984 1404 1022 non
1437 970 1630 1021 tamen
1666 966 1874 1020 debere

225 1073 326 1111 nos
353 1057 438 1111 eis
471 1059 527 1110 et
549 1055 728 1111 veniae
759 1054 950 1110 locum
983 1056 1274 1122 claudere,
1305 1061 1480 1128 atque
1536 1072 1634 1111 eos
1683 1072 1716 1110 a
1773 1071 1872 1126 pa-

223 1152 384 1200 terna
416 1145 646 1216 pietate,
683 1148 792 1197 eta
824 1145 1028 1199 1443
1087 1150 1290 1200 nostra
1349 1143 1876 1199 communicatione

224 1233 466 1306 privare,
503 1234 719 1304 quibus
751 1233 1155 1288 existimamus
1188 1235 1256 1288 ad
1309 1233 1735 1305 deprecandam
1768 1231 1878 1287 cle-

226 1322 503 1378 mentiam
533 1320 762 1376 Domini
797 1337 966 1393 posse
997 1323 1442 1394 sufﬁcere,quod
1466 1321 1728 1395 ;triennio
1778 1321 1876 1393 ju-

226 1412 372 1482 giter
392 1428 458 1467 ac
489 1410 772 1480 dolenter,
802 1415 866 1465 ut
903 1411 1180 1479 scribitis,
1215 1428 1345 1467 cum
1407 1425 1642 1466 summa
1696 1410 1878 1483 pteni-

228 1500 420 1556 tentias
469 1499 884 1556 lamentatione
935 1500 1302 1573 planxerunt.
1343 1521 1371 1551 »
1419 1501 1511 1557 Sic
1556 1501 1879 1574 Cyprianus

230 1589 594 1645 severitatem
642 1588 803 1643 illam
855 1588 1268 1645 Novatianeam
1322 1590 1706 1662 temperabat,
1750 1605 1878 1661 quae

229 1677 554 1733 Numidicis
585 1677 874 1749 episcopis
903 1677 960 1732 id
989 1678 1270 1750 temporis
1302 1695 1481 1751 prope
1510 1679 1765 1734 arridere
1795 1678 1879 1733 vi-

229 1767 492 1822 debatur.
530 1771 605 1820 At
653 1766 1039 1822 nihilominus
1079 1784 1140 1823 se
1197 1767 1266 1823 de
1316 1767 1416 1823 illa
1465 1767 1753 1840 quastione
1808 1768 1879 1823 ad

229 1861 422 1929 patres
447 1855 764 1910 relaturum
787 1855 1083 1926 pollicitus
1135 1861 1242 1924 est,
1292 1857 1468 1912 simul
1519 1861 1694 1929 atque
1743 1857 1880 1912 Car-

229 1944 526 2016 thaginem
559 1961 622 2000 se
645 1944 1087 2000 contulissent»:
1115 1946 1400 2010 Quoniam
1433 1945 1882 2017 tamen,inquit,

233 2032 572 2104 scripsistis,
599 2038 663 2087 ut
695 2049 827 2087 cum
877 2032 1148 2104 pluribus
1197 2033 1434 2107 collegis
1484 2036 1555 2090 de
1603 2035 1708 2090 hoc
1757 2036 1884 2106 ipso

234 2121 575 2195 plenissime
605 2125 936 2183 tractem,et
966 2138 1058 2176 res
1090 2127 1253 2178 tanta
1285 2122 1462 2196 exigit
1480 2125 1674 2196 majus
1705 2129 1763 2180 et
1783 2124 1888 2180 im-

238 2211 478 2283 pensius
509 2213 579 2266 de
609 2209 930 2267 multorum
953 2211 1262 2268 collatione
1282 2213 1614 2280 consilium,
1647 2218 1703 2270 et
1732 2231 1886 2269 nunc

241 2315 444 2355 omnes
475 2301 591 2356 fere
619 2300 772 2355 inter
801 2300 1034 2356 Paschae
1066 2302 1258 2373 prima
1288 2301 1575 2358 solemnia
1613 2304 1766 2376 apud
1827 2319 1890 2360 se

242 2405 373 2444 cum
406 2387 687 2443 fratribus
720 2389 1375 2462 demorentur,quando
1409 2391 1769 2448 solemnitati
1800 2409 1888 2448 ce-

249 2475 537 2532 lebrandae
586 2478 738 2550 apud
783 2495 920 2534 suos
950 2479 1358 2550 satisfecerint,
1389 2485 1445 2536 et
1473 2481 1544 2536 ad
1573 2498 1665 2537 me
1697 2481 1893 2538 venire

250 2567 546 2638 coeperint,
580 2567 840 2623 tractabo
874 2584 1005 2623 cum
1037 2568 1284 2641 singulis
1311 2569 1561 2640 plenius,
1589 2576 1653 2626 ut
1683 2571 1755 2627 de
1802 2588 1892 2638 eo,

247 2655 401 2726 quod
433 2655 811 2711 consuluistis
830 2657 1042 2729 ﬁgatur
1071 2659 1224 2728 apud
1264 2675 1394 2723 nos,
1439 2664 1497 2714 et
1539 2661 1895 2716 rescribatur

242 2744 406 2798 vobis
440 2745 608 2799 firma
637 2744 928 2800 sententia
952 2745 1270 2801 multorum
1286 2748 1656 2802 sacerdotum
1702 2749 1892 2804 consi-

244 2831 318 2886 lio
340 2832 677 2903 poudcrata.

310 2938 377 2991 V.
411 2938 559 2994 Huic
581 2938 828 2995 concilio
855 2939 990 2994 [dus
1013 2938 1422 2996 Maiaeinitium
1448 2941 1892 3017 attulere(Cypr.

242 3028 410 3101 epist.
457 3029 572 3101 55),
617 3029 708 3084 cui
753 3029 1068 3084 adfuerunt
1115 3029 1375 3101 episcopi
1425 3032 1729 3103 sexaginta
1774 3047 1894 3089 sex.

241 3118 603 3174 Convocandi
625 3123 821 3174 autem
853 3133 967 3173 non
1001 3135 1118 3173 una
1138 3135 1317 3175 causa
1339 3119 1559 3177 fuerat:
1589 3138 1724 3177 nam
1757 3139 1895 3194 pres-

1980 534 2094 573 non
2130 519 2377 588 putaret.
2419 536 2444 563 ››
2478 514 2590 569 Sed
2622 513 2681 568 in
2729 513 2830 568 illo
2882 514 3291 585 episcoporum
3349 517 3634 570 conventu

1981 621 2152 661 nemo
2187 601 2420 674 fuit,qui
2451 607 2702 658 veterem
2737 601 3201 656 circumcisionis
3261 602 3636 656 consuetudi-

1981 711 2115 751 nem
2147 694 2204 748 in
2239 691 2517 765 baptismi
2549 692 2755 747 diebus
2786 691 3167 762 designandis
3198 688 3386 745 valere
3412 690 3634 761 aliquid

1982 788 2083 839 aut
2113 782 2484 855 praescribere
2516 797 2687 852 posse
2730 780 3109 846 existimaret,
3171 778 3638 850 rescriptumque

1985 873 2122 928 Fido
2154 875 2243 927 est
2274 869 2502 926 concilii
2526 869 2798 924 nomine:
2844 892 2872 919 «
2930 868 3058 923 Haec
3110 868 3218 924 fuit
3274 868 3332 922 in
3390 867 3636 924 concilio

1984 965 2186 1017 nostra
2215 959 2568 1029 sententia,a
2597 958 2891 1029 baptismo
2925 962 3097 1029 atque
3130 975 3162 1012 a
3191 957 3375 1030 gratia
3411 956 3638 1028 Dei,qui

1984 1050 2261 1106 omnibus
2293 1048 2624 1104 misericors
2656 1052 2711 1102 et
2741 1046 3032 1118 benignus
3062 1051 3116 1102 et.
3149 1047 3281 1118 pius
3312 1050 3422 1112 est,
3449 1044 3639 1100 nemi-

1984 1156 2115 1194 nem
2145 1155 2246 1211 per
2288 1155 2392 1192 nos
2442 1137 2650 1192 debere
2708 1135 3022 1207 prohiberi.
3082 1135 3243 1199 Quod
3303 1151 3434 1190 cum
3487 1134 3640 1192 circa

1986 1228 2292 1284 universos
2333 1226 2768 1282 observandum
2801 1225 2878 1281 sit
2909 1232 3081 1297 atque
3104 1224 3632 1291 retinendum,tum

1986 1318 2176 1390 magis
2207 1319 2415 1371 I444
2447 1316 2601 1370 circa
2629 1314 2882 1371 infantes
2914 1314 3072 1387 ipsos
3103 1319 3160 1370 et
3215 1330 3420 1369 recens
3471 1315 3640 1369 natos

1987 1407 2416 1463 observandum
2451 1410 2748 1477 putamus,
2783 1403 2882 1476 qui
2914 1404 3022 1461 hoc
3053 1404 3180 1476 ipso
3204 1404 3274 1459 de
3305 1420 3410 1476 ope
3441 1407 3643 1458 nostra

1989 1513 2054 1552 ac
2086 1496 2157 1550 de
2181 1495 2382 1549 divina
2411 1493 2811 1549 misericordia
2840 1494 2971 1566 plus
3017 1496 3334 1558 merentur,
3371 1492 3525 1564 quod
3581 1491 3641 1546 in

1989 1585 2180 1657 primo
2213 1583 2410 1637 statim
2443 1581 2765 1637 nativitatis
2792 1598 2909 1636 sua:
2941 1584 3072 1636 ortu
3103 1581 3394 1652 plorantes
3417 1596 3481 1634 ac
3503 1579 3645 1634 flen—

1990 1678 2078 1728 tes
2110 1671 2256 1726 nihil
2286 1671 2443 1726 aliud
2510 1671 2754 1741 faciunt,
2807 1687 2983 1742 quam
3041 1670 3443 1741 deprecamur.
3479 1689 3507 1717 »
3568 1668 3649 1723 Ex

1993 1762 2197 1817 eodem
2229 1760 2337 1815 hoc
2371 1776 2648 1832 responso
2679 1775 2900 1814 morem
2935 1762 3056 1812 tum
3093 1757 3275 1811 fuisse
3331 1755 3640 1823 discimus,

1995 1855 2058 1906 ut
2089 1851 2188 1922 qui
2224 1849 2518 1921 baptismo
2542 1849 2836 1914 adessent,
2871 1847 3157 1901 infantem
3215 1843 3642 1901 oscularentur.

1993 1949 2138 2004 Nam
2172 1965 2302 2003 cum
2341 1947 2513 2002 Fidus
2537 1947 2847 2016 obiecisset
2875 1944 3267 2016 :«Vestigium
3306 1942 3543 1998 infantis
3587 1941 3647 1996 in

1996 2037 2204 2111 primis
2236 2041 2442 2109 partus
2474 2036 2562 2091 sui
2597 2035 2802 2091 diebus
2851 2033 3147 2090 constituti
3185 2032 3468 2088 mundum
3533 2048 3647 2086 non

1997 2141 2145 2197 esse,
2196 2125 2348 2198 quod
2384 2125 2792 2196 unusquisque
2852 2127 3118 2179 nostrum
3171 2122 3359 2177 adhuc
3420 2121 3653 2177 horreat

1998 2214 2318 2272 exosculari
2348 2233 2362 2283 ;
2393 2230 2679 2286 reposuere
2703 2218 2890 2285 patres
2925 2231 2937 2269 :
2979 2235 3005 2264 ιι
3039 2229 3108 2268 ne
3141 2211 3250 2267 hoc
3291 2211 3531 2284 quidem
3579 2211 3653 2266 ad

2000 2304 2293 2361 cmlestem
2325 2304 2572 2376 gratiam
2607 2303 2856 2358 dandam
2879 2301 3296 2374 impedimento
3327 2317 3456 2356 esse
3486 2317 3652 2372 opor-

1999 2399 2141 2450 tere.
2191 2394 2485 2465 Scriptum
2545 2397 2635 2449 est
2689 2392 2867 2459 enim,
2924 2393 3152 2448 amunia
3208 2389 3377 2446 mnda
3430 2389 3654 2444 mundis

2003 2485 2126 2557 (Tit.
2158 2502 2199 2551 I,
2233 2484 2339 2554 15).
2368 2483 2482 2538 Nec
2513 2482 2728 2554 aliquis
2761 2487 3024 2537 nostrum
3054 2481 3124 2548 ,id
3187 2480 3358 2536 debet
3413 2478 3650 2534 horrere

2004 2573 2161 2646 quod
2193 2573 2345 2628 Deus
2369 2571 2644 2643 dignatus
2674 2577 2761 2626 est
2790 2571 2994 2626 facere.
3027 2569 3173 2626 Nam
3199 2570 3306 2625 etsi
3349 2568 3540 2625 adhuc
3561 2568 3651 2624 in-

2004 2665 2136 2719 fans
2170 2680 2204 2717 a
2233 2665 2402 2733 partu
2435 2677 2618 2716 novus
2639 2664 2748 2728 est,
2776 2678 2891 2715 non
2920 2659 3002 2714 ita
3031 2665 3122 2715 est
3141 2663 3358 2726 tamen,
3403 2663 3470 2714 ut
3499 2657 3658 2729 quis-

2007 2767 2182 2822 quam
2215 2749 2382 2804 illum
2416 2749 2474 2804 in
2508 2748 2695 2821 gratia
2724 2748 2916 2804 danda
2945 2752 3118 2818 atque
3149 2747 3208 2802 in
3234 2762 3372 2818 pace
3392 2746 3660 2803 facienda

2005 2839 2240 2895 horrere
2271 2839 2480 2895 debeat
2508 2837 2782 2908 osculari,
2815 2838 3048 2909 quando
3077 2837 3136 2891 in
3167 2835 3366 2892 osculo
3417 2835 3662 2892 infantis

2007 2928 2418 3000 unusquisque
2446 2931 2717 2983 nostrum
2735 2943 2837 2998 pro
2852 2943 2958 2981 sua
2981 2924 3256 2997 religione
3285 2924 3446 2996 ipsas
3464 2923 3660 2980 adhuc

2006 3023 2267 3075 recentes
2285 3019 2379 3074 Dei
2405 3035 2615 3073 manus
2646 3017 2853 3072 debeat
2875 3015 3302 3088 cogitare,quas
3332 3012 3391 3068 in
3424 3013 3662 3070 homine

2008 3109 2182 3165 modo
2215 3109 2462 3164 formato
2493 3112 2549 3164 et
2578 3124 2780 3163 recens
2824 3106 3078 3178 quodam
3139 3105 3309 3161 modo
3358 3104 3658 3161 exoscula-

240 3210 328 3263 ter
355 3207 583 3278 Superii
616 3206 1091 3277 controversiam,
1136 3224 1312 3280 quam
1347 3225 1414 3264 ex
1455 3209 1724 3282 Cypriani
1767 3228 1885 3267 sen-

2008 3215 2162 3270 mur,
2197 3200 2428 3270 quando
2457 3197 2515 3252 id
2548 3197 2703 3269 quod
2749 3175 2902 3252 Deus
2961 3194 3116 3261 fecit,
3171 3193 3599 3266 amplectimur.
3631 3216 3657 3244 ››

241 3296 427 3351 tentia
456 3296 714 3368 synodus
747 3295 1052 3352 diremisse
1081 3296 1343 3368 putanda
1363 3297 1684 3363 est,litteraa
1708 3300 1892 3356 aFido

243 3385 419 3440 fratre
435 3385 1002 3441 venerautadversus
1020 3386 1168 3441 Ther
1179 3385 1376 3458 apium
1403 3386 1688 3460 collegam
1713 3388 1892 3460 plenas

245 3473 634 3545 querelarum,
660 3475 815 3545 quod
847 3473 897 3528 is
927 3474 1143 3529 Victori
1185 3476 1484 3546 quondam
1533 3477 1891 3550 presbytero,

247 3584 275 3613 «
307 3567 620 3634 antequam
654 3563 1056 3634 paenitentiam
1075 3563 1307 3635 plenam
1327 3565 1625 3637 egisset,et
1647 3567 1891 3623 Domino

241 3651 380 3719 Deo,
413 3652 472 3708 in
523 3669 696 3723 quem
743 3651 1088 3724 deliquerat,
1133 3652 1534 3719 satisfecisset,
1575 3654 1890 3712 immaturo

237 3745 499 3813 tempore
530 3745 586 3796 et
608 3757 974 3813 praepropera
1021 3741 1388 3798 festinatione
1445 3759 1649 3815 pacem
1705 3745 1893 3801 dedis-

240 3830 448 3903 set(Id.
483 3829 653 3902 epist.
685 3830 798 3903 59),
833 3853 855 3881 ι
895 3830 1129 3887 Litteris
1159 3839 1355 3887 autem
1377 3831 1433 3887 in
1468 3833 1710 3890 concilio
1761 3851 1889 3907 per-

236 3919 740 3991 lectis,displicuit
765 3919 1052 3988 Patribus,
1089 3943 1116 3971 ‹‹
1165 3937 1461 3977 recessum
1509 3939 1637 3979 esse
1694 3940 1729 3980 a
1788 3924 1890 3980 de-

237 4007 378 4064 creti
402 4009 838 4076 auctoritate,ut
869 4015 1002 4065 ante
1028 4007 1358 4083 legitimum
1383 4015 1439 4066 et
1468 4011 1710 4084 plenum
1742 4016 1887 4069 tem-

236 4114 349 4170 pus
405 4096 844 4164 satisfactionis,
894 4102 951 4154 et
1001 4098 1128 4155 sine
1174 4099 1362 4171 petitu
1423 4105 1480 4156 et
1535 4102 1892 4158 conscientia

237 4185 445 4259 plebis,
489 4186 653 4242 nulla
686 4186 1046 4256 inﬁrmitate,
1086 4193 1350 4260 urgente,
1414 4206 1479 4245 ac
1540 4191 1892 4248 necessitate

237 4280 500 4348 cogente,
526 4293 635 4348 pax
657 4276 706 4332 ei
740 4278 1169 4334 concederetur.
1205 4300 1234 4328 »
1286 4277 1350 4334 Et
1399 4284 1624 4350 poterat
1672 4281 1890 4337 Thera-

237 4365 372 4437 pius
406 4365 572 4421 facile
621 4366 691 4422 de
738 4383 806 4422 ea
853 4383 914 4422 re
956 4366 1310 4440 Cyprianum
1361 4367 1708 4426 consulere:
1770 4374 1894 4426 erat

239 4454 397 4511 enim
432 4454 723 4511 Bullensis
751 4455 1062 4529 episcopus
1083 4455 1143 4511 in
1174 4458 1470 4529 provincia
1487 4458 1891 4529 proconsulari

2003 3297 2288 3353 Memorat
2308 3312 2461 3368 saepe
2492 3297 2762 3351 eamdem
2793 3293 3100 3367 epistolam
3152 3293 3534 3366 Augustinus,
3559 3293 3660 3364 qui

2003 3391 2061 3442 et
2091 3387 2225 3458 eius
2257 3386 2600 3441 ancioritate
2631 3402 2774 3440 usus
2804 3390 2912 3454 est,
2968 3387 3030 3438 ut
3084 3388 3335 3438 veterem
3387 3381 3660 3437 Ecclesiae

2002 3475 2332 3531 doctrinam
2367 3477 2436 3531 de
2469 3478 2702 3546 peccato
2726 3471 2999 3544 originali
3030 3475 3295 3527 tueretur
3315 3469 3664 3544 (serm.294,

2001 3580 2052 3619 ο.
2085 3565 2196 3635 20).
2232 3569 2378 3619 Dum
2409 3563 2530 3618 haec
2561 3567 2754 3617 autem
2789 3562 2847 3617 in
2880 3560 3122 3617 concilio
3178 3564 3508 3632 agerentur,
3543 3558 3663 3615 Pri-

1999 3658 2170 3708 vatus
2201 3653 2854 3723 Lambesitanus,quem
2888 3651 3102 3722 saepius
3149 3654 3283 3705 ante
3314 3650 3659 3705 damnatum

2000 3742 2278 3811 diximus,
2312 3747 2476 3798 tanta
2495 3742 2740 3797 audacia
2769 3740 2878 3795 fuit
2907 3744 2972 3795 ut
3001 3739 3213 3794 iterum
3247 3740 3317 3794 ad
3351 3737 3658 3793 concilium

1999 3832 2257 3904 aspirare
2278 3849 2391 3886 non
2433 3830 2737 3897 dubitarit,
2788 3846 2892 3883 nec
2941 3827 3126 3892 solus,
3172 3828 3272 3882 sed
3331 3826 3654 3899 gregalium

1998 3937 2240 3976 suorum
2274 3921 2523 3990 stipatus
2564 3936 2760 3975 manu.
2795 3918 3074 3974 Restitere
3126 3921 3321 3972 tamen
3373 3914 3653 3988 episcopi,

1998 4036 2105 4076 nec
2135 4035 2493 4091 quemquam
2517 4019 2585 4072 ad
2599 4017 2949 4073 mittendum
2991 4013 3655 4072 censuerunt.Absoluto

2000 4109 2236 4164 demum
2270 4107 2850 4180 concilio,scripsisse
2877 4106 3201 4178 Cyprianus
3240 4105 3466 4160 videtur
3521 4102 3653 4176 Epi-

2000 4202 2149 4255 cteto
2173 4199 2444 4269 episcopo
2475 4201 2531 4253 et
2572 4195 2786 4270 pepulo
2830 4196 3171 4251 Assuritano
3226 4195 3415 4266 (epist.
3446 4195 3560 4264 64),
3591 4197 3656 4247 ut

2001 4285 2616 4358 Fortunatianum,qui
2640 4285 2766 4356 jam
2799 4281 3448 4354 sacrificationisimpiaz
3475 4298 3654 4338 causa

2000 4377 2262 4448 dejectus
2296 4375 2640 4448 pontificatu
2697 4373 2980 4430 honorem
3020 4388 3308 4444 usurpare
3367 4371 3645 4438 audebat,

2000 4470 2338 4521 constanter
2368 4464 2760 4536 repudiarent.
2808 4485 2836 4512 «
2895 4463 3050 4529 Quaa,
3096 4461 3309 4532 inquit,
3361 4478 3454 4516 res
3512 4477 3652 4516 con-

239 4545 522 4601 Caeterum
565 4545 756 4600 acerbi
805 4545 952 4600 nihil
1002 4549 1204 4601 contra
1260 4562 1393 4601 eum
1450 4548 1742 4603 sancitum
1799 4552 1890 4605 est
1918 4548 1964 4614 D
1995 4554 2247 4610 tristavit
2270 4570 2382 4621 me,
2419 4553 2607 4626 primo
2642 4555 2877 4625 propter
2921 4551 3137 4622 ipsum,
3173 4549 3270 4622 qui
3331 4550 3512 4605 miser
3567 4548 3654 4606 vel

239 4656 268 4685 «
303 4634 750 4706 Librato,inquit
770 4634 1110 4708 Cyprianus,
1133 4634 1288 4704 apud
1338 4651 1444 4691 nos
1481 4635 1582 4691 diu
1627 4637 1891 4708 consilio,

239 4724 384 4779 satis
409 4723 514 4778 fuit
534 4725 842 4797 objurgare
869 4723 1220 4796 Therapium
1260 4723 1542 4797 collegam
1600 4731 1890 4798 nostrum,

238 4814 395 4885 quod
445 4817 664 4868 temere
712 4812 822 4867 hoc
865 4811 1085 4878 fecerit,
1151 4814 1208 4867 et
1259 4812 1627 4880 instruxisse,
1675 4814 1892 4884 nequid

235 4901 356 4957 tale
384 4902 456 4957 de
492 4906 698 4956 caetero
732 4900 922 4957 faciat.
952 4901 1155 4956 Pacem
1204 4905 1401 4956 tamen
1450 4903 1890 4972 quomodocun-

237 5007 408 5062 quea
439 4991 738 5046 sacerdote
773 4990 868 5044 Dei
919 4989 1096 5045 semel
1152 4989 1346 5044 datam
1394 5006 1506 5045 non
1555 4991 1892 5061 putavimus

236 5081 712 5149 auferendam,ac
743 5095 841 5148 per
887 5079 997 5133 hoc
1029 5078 1243 5133 Victori
1295 5080 1889 5138 communicationem

235 5169 351 5226 sibi
379 5185 686 5225 concesam
721 5183 1005 5240 usurpare
1036 5166 1434 5238 permisimus.

311 5277 403 5334 VI.
438 5277 656 5332 Exinde
684 5275 806 5331 Fidi
843 5275 1106 5346 ejusdem
1130 5275 1201 5330 de
1231 5274 1524 5348 baptismo
1571 5276 1889 5333 infantium

236 5367 534 5423 sententia
566 5365 863 5439 proposita
885 5364 1387 5437 est,existimantis
1414 5383 1464 5421 ια
1489 5367 1647 5422 Intra
1679 5383 1886 5424 secun-

237 5457 384 5512 dum
407 5454 494 5510 vel
546 5456 784 5513 tertium
835 5455 1010 5520 diem,
1045 5471 1158 5528 quo
1217 5454 1337 5511 nati
1394 5454 1532 5524 sint,
1567 5457 1889 5514 constitues

237 5542 525 5616 baptizari
558 5559 670 5599 non
705 5550 988 5618 oportere,
1019 5549 1074 5602 et
1103 5543 1590 5602 considerandam
1638 5562 1766 5602 esse
1807 5547 1888 5604 le-

238 5649 376 5710 gem
411 5630 874 5693 circumcisionis
900 5635 1247 5710 antiquamt
1270 5634 1426 5693 intra
1440 5638 1702 5693 octavam
1733 5637 1890 5694 diem

2003 4642 2216 4699 diaboli
2248 4641 2508 4697 tenebris
2538 4641 2594 4696 in
2628 4646 2816 4697 totum
2849 4643 3188 4707 excazcatus,
3223 4640 3312 4694 vel
3369 4655 3654 4712 quorum-

1999 4733 2135 4788 dam
2169 4731 2456 4804 sacrilega
2487 4730 2868 4802 persuasione
2925 4731 3226 4802 deceptus,
3252 4746 3384 4784 cum
3446 4729 3654 4784 debeat

2001 4822 2334 4879 satisfacere
2365 4825 2421 4876 et
2450 4821 2518 4875 ad
2552 4820 2866 4876 Dominum
2909 4819 3268 4876 exorandum
3327 4817 3531 4872 diebus
3590 4832 3655 4871 ac

2000 4910 2268 4966 noctibus
2301 4909 2574 4981 lacrymis
2593 4913 2648 4964 et
2679 4907 3043 4964 orationibus
3065 4913 3122 4963 et
3143 4907 3415 4980 precibus
3433 4905 3656 4960 incum-

1999 5001 2156 5066 bere,
2191 5000 2366 5054 audet
2397 4998 2506 5054 sibi
2532 4999 2722 5053 adhuc
2753 4997 3163 5063 sacerdotium,
3185 4996 3336 5068 quod
3373 4994 3653 5066 prodidit,

1998 5098 2311 5166 vindicare,
2381 5097 2546 5169 quasi
2611 5099 2744 5169 post
2793 5112 2922 5151 aras
2973 5094 3184 5150 diaboli
3256 5093 3526 5148 accedere
3581 5093 3649 5148 ad

1999 5187 2179 5244 altare
2215 5187 2308 5242 Dei
2338 5187 2424 5242 fas
2457 5185 2565 5242 sit:
2599 5189 2702 5241 aut
2733 5202 2847 5240 non
2882 5185 3161 5256 majorem
3193 5182 3249 5238 in
3285 5197 3347 5238 se
3393 5182 3537 5237 iram
3597 5185 3655 5237 et

1998 5276 2463 5349 indignationem
2487 5274 2718 5330 Domini
2747 5273 2804 5328 in
2838 5273 2931 5328 die
2955 5272 3165 5344 judicii
3198 5273 3500 5344 provocet,
3550 5269 3651 5342 qui

1999 5384 2132 5424 cum
2159 5365 2289 5420 fidei
2324 5370 2380 5420 et
2411 5363 2645 5422 virtutis
2678 5365 2796 5418 dux
2829 5363 3109 5418 fratribus
3139 5378 3265 5417 esse
3298 5377 3414 5415 non
3448 5364 3649 5432 potue-

1998 5453 2355 5528 rit,perfidize
2377 5457 2434 5508 et
2463 5453 2718 5508 audacia:
2739 5457 2797 5508 et
2829 5451 3176 5508 temeritatis
3196 5451 3474 5523 magister
3494 5448 3648 5503 exsi-

1999 5550 2134 5603 stat.
2173 5567 2198 5595 ››
2228 5549 2372 5599 Tum
2399 5559 2528 5615 quae
2558 5546 2833 5616 praestare
2852 5541 2996 5614 ipsis
3028 5542 3306 5596 deberent
3334 5555 3654 5612 exponens,

2001 5634 2198 5695 addit:
2233 5657 2261 5687 «
2293 5632 2455 5702 Quod
2489 5632 2538 5690 si
2570 5631 3028 5692 Fortunatianus
3058 5635 3160 5688 aut
3199 5629 3515 5687 immemor
3544 5628 3664 5684 ori-
