4106 6190
259 369 402 430 1505

1301 351 1399 409 AN
1411 348 1510 407 NA
1523 344 1662 405 LES
1709 336 2107 402 ECCLESUE
2151 330 2589 393 AFRICANE.

3496 327 3650 388 1506

259 498 534 564 Cornelio,
584 495 762 550 frater
813 487 1180 553 charissima,
1220 485 1354 539 istic
1381 481 1665 536 interesse
1694 473 1890 530 nobis-
1920 472 1976 538 Α
2004 466 2217 523 Christi
2248 466 2642 564 muniamus}.
2666 468 2723 517 et
2751 478 2884 517 cum
2915 462 3126 564 ad‘b‘oc
3158 465 3259 516 ttat
3291 463 3654 518 Eucharista

262 606 412 656 cum,
463 602 598 643 cum
649 581 810 656 pravi
856 577 955 634 isti
987 580 1044 633 et
1074 571 1327 648 perversi
1362 572 1433 627 de
1459 569 1778 626 schismate
1805 579 1898 619 re-

262 655 596 737 vertuntur!
627 655 874 739 videres,
905 666 1038 740 quis
1071 664 1212 720 mihi
1247 663 1413 718 labor
1450 659 1528 714 sit
1551 655 1902 730 persuadere

265 767 602 845 patientiam
636 760 912 818 fratribus
943 755 1254 845 nostris,ut
1281 750 1458 807 animi
1490 748 1686 845 dolore
1715 743 1904 845 sopito

266 833 612 931 recipiendis
653 849 823 907 malis
863 844 1257 915 curandisque
1295 837 1679 896 consentiant.
1731 833 1906 890 Nam-

269 923 399 1024 que-
433 951 500 1002 ut
541 942 798 1018 gaudent
848 941 904 993 et
947 935 1236 1024 laetantur,
1287 946 1421 986 cum
1470 923 1817 1024 tolerabiles.
1853 923 1910 1024 et

273 1014 465 1095 minus
509 1014 830 1104 culpabiles
875 1025 1143 1089 redeunt,
1193 1023 1274 1076 ita
1322 1022 1526 1074 contra
1572 1015 1828 1104 fremunt
1856 1014 1914 1104 et

271 1101 650 1190 reluctantur,
707 1116 937 1192 quoties
971 1109 1432 1169 inemendabiles
1465 1110 1523 1162 et
1555 1101 1825 1178 protervi,
1857 1101 1915 1192 et

272 1218 356 1276 vel
388 1210 692 1272 adulteriis
723 1190 818 1263 vel
866 1201 1172 1261 sacriﬁciis
1219 1193 1621 1260 contaminati,
1679 1195 1735 1248 et
1786 1190 1918 1262 post

271 1309 391 1366 haec
421 1302 612 1362 adhuc
639 1300 882 1370 insuper
911 1297 968 1350 et
997 1289 1253 1363 superbi,
1281 1288 1364 1344 sic
1393 1285 1465 1342 ad
1495 1281 1810 1340 Ecclesiam
1828 1295 1916 1370 re-

275 1398 490 1461 meant,
542 1395 609 1448 ut
660 1366 814 1445 bona
858 1383 1019 1439 intus
1067 1378 1303 1453 ingenia
1363 1374 1760 1444 corrumpant.
1810 1366 1921 1422 Vix

278 1485 428 1561 plebi
465 1478 810 1556 persuadeo,
845 1475 963 1529 imo
995 1475 1334 1542 extorqueo,
1363 1469 1429 1521 ut
1450 1462 1594 1520 tales
1621 1460 1923 1534 patiantur

280 1572 531 1634 admitti.
565 1591 594 1622 »

353 1699 441 1758 IX.
481 1697 611 1754 Haec
634 1690 973 1767 Cyprianus,
1005 1686 1126 1742 haec
1157 1681 1344 1738 caeteri
1375 1695 1478 1752 per
1505 1675 1757 1767 Africam
1803 1672 1922 1746 epi-

285 1790 442 1864 scopi
466 1786 623 1861 pacis
647 1766 993 1856 pietatisque
1014 1774 1256 1832 obibant
1278 1769 1499 1864 munia,
1524 1783 1656 1864 cum
1673 1766 1799 1836 jam
1822 1778 1924 1863 no-l

2008 561 2074 612 ut
2105 554 2292 628 possit
2321 550 2739 624 accipientibus
2771 566 2898 606 esse
2927 549 3128 621 tutela,
3161 567 3302 622 quos
3330 555 3490 606 tutos
3529 566 3659 606 esse

2012 650 2214 702 contra
2262 641 2658 699 adversarium
2714 639 3004 707 volumus,
3052 642 3419 698 munimento
3463 640 3660 698 Domi-

2015 735 2156 793 nicze
2189 733 2512 790 saturitatis
2544 748 2862 787 armemus.
2896 753 2924 780 »
2957 732 3056 786 llis
3089 748 3259 804 porro
3307 735 3482 804 atque
3535 732 3663 787 aliis

2015 823 2358 896 bujusmodi
2390 821 2753 894 argumentis
2786 820 2951 876 facile
3009 821 3332 893 Cyprianus
3362 822 3665 894 episcopos

2018 931 2222 974 omnes
2253 914 2310 968 in
2344 929 2508 968 suam
2542 911 2894 967 sententiam
2926 911 3184 968 adduxit.
3220 911 3478 983 Cumque
3508 913 3664 967 idem

2021 1021 2224 1062 omnes
2255 1000 2865 1073 censuissent,placuit
2894 1018 3128 1073 quoque
3148 1018 3216 1057 ea
3243 1003 3312 1058 de
3343 1018 3404 1057 re
3433 1003 3505 1057 ad
3536 1001 3668 1058 Cor-

2023 1094 2244 1151 nelium
2277 1091 2614 1148 Pontiﬁcem
2651 1091 2966 1146 maximum
3001 1091 3197 1161 scribi,
3233 1109 3406 1165 quem
3455 1093 3515 1149 in
3574 1108 3669 1150 ea-

2024 1185 2157 1241 dem
2189 1180 2481 1239 sententia
2509 1196 2636 1237 esse
2667 1179 3122 1237 arbitrabantur.

2097 1340 2169 1391 X.
2203 1337 2278 1390 At
2323 1330 2623 1389 Cornelius
2666 1332 2792 1402 jam
2844 1331 2901 1387 in
2950 1335 3244 1389 certamen
3275 1333 3675 1401 descenderat,

2029 1441 2164 1484 cum
2197 1423 2249 1480 ei
2279 1423 2487 1479 littera
2519 1422 2756 1477 Patrum
2786 1421 3193 1479 Africanorum
3216 1424 3677 1496 perferebantur.

2030 1516 2282 1589 Urgente
2312 1512 2466 1568 enim
2495 1510 2646 1567 Galli
2679 1510 3047 1582 imperatoris
3079 1515 3674 1585 przesentia,certatim

2031 1607 2225 1662 Romae
2257 1601 2638 1675 magistratus
2671 1601 2892 1656 cladem
2921 1600 3386 1659 Christianorum
3422 1610 3679 1661 maturu-

2032 1697 2261 1762 verunt,
2314 1691 2661 1764 primusque
2707 1689 2766 1744 in
2815 1690 3142 1746 Cornelium
3186 1693 3438 1764 impetus
3472 1695 3679 1761 fuerat,

2037 1798 2211 1855 quem
2243 1779 2506 1836 omnium
2539 1779 2745 1834 ducem
2771 1796 2900 1835 eese
2919 1796 3033 1835 non
3054 1780 3508 1853 ignorabant.Ac
3540 1801 3682 1856 prae-

286 1851 419 1939 ωθῇ
443 1851 643 1934 illi
670 1869 1064 1929 Christianum
1097 1879 1301 1919 rursus
1323 1861 1382 1915 in
1405 1856 1720 1915 discrimen
1743 1851 1934 1909 vocari
1964 1854 2012 1920 Β
2042 1851 2200 1928 clara
2219 1872 2342 1941 ejus
2372 1869 2429 1923 in
2463 1869 2766 1941 repentino
2796 1869 2894 1924 illo
2928 1851 3143 1926 terrore
3171 1873 3458 1928 confessio
3491 1851 3683 1928 ethni-

289 1971 559 2043 caaperat.
607 1969 756 2020 Nam
805 1957 1007 2015 Gallus
1054 1954 1557 2043 imperator,‘cum
1587 1943 1932 2043 Hostiliano,

291 2034 444 2117 Decii
477 2055 594 2113 ﬁlio
625 2049 874 2115 sublato,
925 2050 984 2102 et
1020 2041 1335 2099 Volusiano
1376 2038 1600 2094 Caesare
1631 2034 1786 2090 dicto
1818 2038 1935 2086 Au-

290 2155 459 2226 gusto
489 2143 644 2203 bella
673 2135 1122 2211 composuisset,
1160 2132 1353 2226 Pt—omas
1384 2127 1563 2184 etiam
1593 2139 1790 2226 ac.
1820 2121 1938 2226 lte-

292 2210 431 2296 liam
464 2237 669 2308 pacata
696 2210 895 2285 omnia
922 2225 1141 2293 essent,
1194 2217 1504 2308 Decianam
1535 2210 1937 2308 crudelitatem

294 2299 578 2392 imitatus,
626 2321 745 2378 lata
787 2319 992 2372 contra
1040 2309 1398 2366 Christianos
1443 2303 1588 2377 lege,
1619 2299 1811 2357 vexari
1843 2314 1941 2392 eos

295 2418 516 2489 ubique
544 2386 602 2469 et
631 2407 817 2482 capite
846 2401 1115 2461 damnari
1151 2400 1429 2471 jusserat.
1481 2394 1660 2489 Cujus
1713 2386 1941 2489 concilii

298 2477 540 2568 ineundi
568 2520 637 2560 ea
684 2477 865 2556 fuisse
907 2510 1086 2552 causa
1133 2493 1392 2564 putatur,
1425 2485 1577 2558 quod
1611 2477 1947 2555 pestilentia

298 2605 428 2658 tum
473 2593 631 2652 orbis
676 2585 921 2647 Romani
969 2580 1294 2657 provincias
1325 2577 1634 2650 plerasque
1660 2572 1948 2658 vastante,

305 2657 439 2746 cum
484 2679 771 2744 sacrificia
811 2677 886 2733 iis
933 2671 1233 2747 placandis
1256 2667 1477 2724 indicta
1506 2665 1722 2729 essent,
1754 2657 1942 2747 Chris-

303 2777 452 2836 tiani
473 2768 951 2847 superstitionem
1001 2761 1164 2817 illam
1199 2755 1468 2847 aversati,
1503 2750 1736 2847 templis
1767 2746 1951 2806 absti-

307 2839 650 2926 nerent-In
698 2876 796 2916 eos
844 2868 1055 2925 nempe
1083 2853 1204 2906 tota
1233 2842 1582 2903 calamitatis
1613 2839 1787 2911 culpa
1816 2853 1953 2892 con-

299 2957 635 3031 jiciebatur,
686 2952 762 3018 et,
809 2961 928 3001 una
981 2937 1245 2997 omnium
1288 2951 1398 2990 vox
1445 2935 1570 2988 erat
1605 2929 1744 2985 deos
1773 2926 1954 3027 iratos

307 3013 778 3104 Christianorum
809 3029 1093 3105 sanguine
1110 3023 1327 3101 placari
1348 3026 1633 3095 oportere.
1665 3019 1866 3088 Itaque
1894 3013 1956 3069 in

310 3135 505 3194 Africa
523 3132 653 3204 ipsa
672 3142 804 3184 cum
826 3120 1149 3196 Cyprianus
1180 3133 1248 3172 ea
1276 3115 1348 3170 ad
1381 3108 1714 3204 Cornelium
1745 3105 1958 3204 scribe-

2043 1978 2142 2018 cos
2173 1957 2550 2016 admonuisse
2574 1958 2780 2014 1448
2802 1958 3256 2026 videtur,uttam
3280 1962 3560 2018 invictum
3586 1964 3689 2018 du-

2047 2066 2171 2106 cem
2203 2067 2236 2104 a
2266 2053 2604 2104 czeterorum
2637 2047 2822 2103 oculis
2849 2054 3206 2117 amoverent,
3239 2056 3296 2106 et
3326 2051 3688 2108 Centumcel-

2047 2140 2157 2210 las,
2208 2143 2271 2194 ut
2324 2142 2493 2193 vetus
2548 2137 2702 2192 fama
2759 2141 2867 2204 est,
2925 2138 3355 2210 deportandum
3400 2147 3691 2198 curarent.

2047 2230 2188 2285 Eam
2222 2231 2375 2283 certe
2405 2225 2606 2282 multis
2637 2225 2910 2282 laudibus
2941 2228 3503 2302 extollitCyprianus
3535 2231 3594 2286 in
3627 2249 3692 2287 ea

2049 2315 2318 2390 epistola,
2371 2331 2546 2386 quam
2598 2315 2783 2370 exsuli
2843 2317 3040 2372 statim
3099 2319 3453 2390 prescripsit
3499 2319 3690 2392 (epist.

2050 2407 2187 2477 56):
2217 2428 2245 2456 ‹‹
2280 2405 2694 2477 Cognovimus,
2728 2404 2940 2475 inquit,
2972 2405 3149 2460 frater
3177 2406 3544 2476 charissima,
3565 2409 3694 2465 ﬁdei

2059 2513 2125 2553 ac
2171 2496 2402 2550 virtutis
2451 2497 2652 2550 vestrae
2705 2494 3042 2550 testimonia
3087 2495 3360 2568 gloriosa,
3393 2501 3449 2553 et
3477 2499 3698 2555 confes-

2059 2585 2241 2642 sionis
2288 2588 2491 2640 vestra
2531 2583 2810 2638 honorem
2852 2585 2936 2640 sic
2958 2589 3319 2642 exsultanter
3348 2588 3700 2660 accepimus,

2058 2681 2125 2732 ut
2154 2676 2212 2730 in
2245 2673 2470 2730 meritis
2499 2688 2564 2728 ac
2595 2671 2870 2727 laudibus
2901 2674 3108 2730 vestris
3142 2691 3245 2731 nos
3269 2688 3502 2748 quoque
3534 2677 3705 2749 parti-

2059 2765 2217 2836 cipes
2274 2768 2330 2818 et
2376 2761 2565 2817 socios
2616 2764 3045 2832 computemus.
3082 2785 3110 2812 »
3147 2765 3295 2819 Tum
3329 2781 3464 2821 eum
3496 2767 3704 2822 ducem

2061 2851 2445 2911 confessionis
2492 2851 2738 2907 fratrum
2787 2849 3078 2907 exstitisse
3103 2853 3453 2924 gratulatur,
3485 2860 3540 2910 et
3570 2873 3708 2928 prae-

2063 2941 2320 2999 cedendo
2364 2939 2558 3012 gloria
2607 2939 2849 2996 comites
2897 2945 3135 2996 nactum
3183 2959 3310 2998 esse
3339 2948 3396 2998 et
3427 2943 3706 3017 populum

2065 3032 2478 3088 confessorem.
2517 3030 2775 3102 Rogabat
2806 3035 3000 3086 autem
3032 3036 3088 3086 et
3119 3032 3188 3087 de
3218 3032 3535 3090 Novatiano
3567 3034 3708 3106 quid

2069 3123 2286 3178 factum
2318 3123 2507 3175 esset:
2550 3139 2571 3167 ε
2614 3119 2920 3186 Utrumne,
2956 3120 3167 3192 inquit,
3192 3121 3319 3193 jam
3353 3123 3594 3195 deponit
3624 3140 3714 3180 er-

310 3229 433 3296 bat)
462 3193 589 3296 qm.”
629 3217 801 3274 Πιοάο
848 3193 1274 3274 Γέσθηευίωυεν
1326 3199 1563 3296 “Galli
1592 3198 1683 3253 19x
1714 3193 1957 3296 Ρέτξελίέ»
1993 3229 2036 3295 C
2075 3211 2312 3268 rorem?
2361 3212 2442 3265 An
2493 3225 2647 3273 vero,
2700 3209 2797 3280 qui
2846 3210 3206 3266 dementiam
3260 3229 3385 3268 mos
3430 3193 3540 3280 est,
3573 3214 3719 3285 ipsis

315 3282 372 3372 et
401 3282 808 3384 magistratum
843 3301 1032 3358 edicta
1060 3295 1359 3369 proposita
1383 3293 1508 3384 jam
1539 3289 1786 3384 fuerant:
1813 3282 1965 3349 Quin

318 3374 804 3472 etiamvpopulus,
854 3407 988 3446 cum
1037 3387 1097 3441 in
1149 3385 1300 3440 circo
1337 3381 1586 3447 sederet,
1613 3374 1968 3472 Cyprianum

323 3462 623 3568 ipsumad’
641 3485 869 3541 leonem
891 3481 1082 3535 denuo
1105 3471 1518 3568 postulaverat.
1534 3467 1652 3568 Qui.
1663 3468 1788 3537 jam
1820 3462 1971 3568 divi-

327 3555 492 3641 nitus
519 3591 752 3651 quoque
775 3569 1122 3644 cognoverat
1152 3563 1347 3636 (epist.
1379 3559 1494 3651 54,)
1528 3580 1570 3651 a
1590 3556 1764 3651 Diem
1778 3555 1974 3651 certa-

330 3673 508 3731 minis
536 3644 1063 3741 appropinquasse,
1096 3655 1326 3710 hostem
1366 3647 1693 3741 violentum
1718 3644 1829 3741 cito
1879 3657 1974 3741 ex:

328 3729 593 3835 surgere,
618 3729 909 3829 .pu-gna—m
968 3762 1083 3802 non
1131 3742 1329 3835 talem,
1380 3735 1572 3835 qualis
1615 3733 1841 3835 fuisset,
1875 3729 1975 3786 sed

329 3823 871 3926 graviorem-multo
919 3841 976 3893 et
1027 3833 1308 3890 acriorem
1354 3825 1569 3883 venire.
1605 3846 1632 3873 ››
1664 3823 1978 3922 Ergo

329 3907 405 3998 de
434 3937 696 3997 omnium
730 3929 920 3986 salute
945 3923 1265 3998 plurimum
1290 3909 1896 3998 laboraret,episcopis
1919 3907 1979 3961 in

330 3997 498 4090 tanto
527 4026 625 4082 illo
676 4016 956 4095 periculo,
1007 4028 1156 4085 quos
1199 4007 1405 4081 potuit,
1440 3999 1793 4095 convocatis,
1824 3997 1984 4053 fuere

335 4087 532 4179 autem
568 4087 956 4186 quadraginta
982 4103 1117 4166 duo,
1153 4097 1306 4170 quod
1339 4087 1982 4186 tum_in_Ecclcsiapfr-

335 4176 537 4282 magni
571 4176 851 4259 momenti
881 4197 1023 4259 erat,
1074 4191 1144 4282 de
1175 4202 1313 4282 pace
1340 4181 1524 4282 lapsis
1550 4179 1744 4282 danda
1772 4176 1842 4232 ad
1875 4176 1986 4282 Ra-

338 4264 474 4358 iis;
486 4292 682 4352 retulit
707 4307 719 4344 :
741 4291 1057 4354 auctorque
1079 4278 1196 4334 illis
1219 4275 1328 4331 fuit
1347 4278 1413 4328 ut
1433 4272 1741 4358 ingruente
1767 4264 1986 4338 praelia,

338 4375 1036 4446 instruerentinermeset
1057 4370 1116 4424 in
1145 4361 1443 4422 communi
1469 4357 1806 4416 discrimine
1819 4370 1988 4426 opem

342 4493 523 4552 quam
551 4457 1170 4546 poscerent,universis
1199 4455 1491 4551 afferrent.
1519 4448 1990 4552 p-Obtemperan:

343 4529 624 4633 dumest,
657 4529 868 4615 aiebat
894 4547 1166 4625 (ibidem),
1212 4539 1668 4633 ostengsionibus.
1683 4539 1857 4632 atque
1890 4529 1991 4633 ad-

2079 3302 2247 3358 bonis
2276 3305 2334 3356 et
2365 3300 2660 3372 prosperis
2683 3300 2897 3355 nostris
2920 3299 3051 3373 plus
3082 3301 3324 3357 adactus
3357 3307 3446 3358 est
3467 3304 3536 3359 ad
3562 3303 3720 3359 furo-

2079 3407 2223 3457 rem,
2283 3393 2340 3446 et
2391 3405 2506 3462 quo
2557 3388 2743 3460 magis
2795 3405 2859 3444 ac
2920 3389 3106 3462 magis
3135 3389 3462 3448 dilectionis
3491 3408 3556 3447 ac
3587 3389 3725 3446 fidei

2083 3479 2290 3537 crescit
2336 3478 2432 3535 hic
2480 3477 2683 3550 gloria,
2734 3476 2852 3534 illic
2890 3479 3277 3537 dissensionis
3309 3485 3364 3536 et
3393 3479 3499 3536 zeli
3531 3496 3726 3536 recru-

2084 3570 2270 3626 descit
2299 3567 2574 3624 insania?
2603 3572 2718 3623 Nec
2746 3567 2958 3624 vulnus
2991 3586 3166 3624 suum
3201 3570 3380 3626 miser
3409 3575 3592 3640 curat,
3628 3569 3728 3626 sed

2086 3658 2278 3713 adhuc
2300 3656 2534 3729 gravius
2565 3660 2621 3712 et
2649 3672 2715 3712 se
2743 3659 2800 3711 et
2829 3673 2967 3713 suos
2997 3656 3284 3727 vulnerat,
3325 3660 3382 3714 in
3416 3658 3732 3732 perniciem

2088 3747 2333 3802 fratrum
2367 3745 2570 3819 lingua
2598 3763 2707 3801 sua
2737 3751 3130 3821 perstrepens,
3162 3753 3219 3805 et
3251 3749 3532 3805 facundiae
3565 3764 3734 3805 vene-

2089 3841 2236 3891 natae
2262 3835 2458 3906 jacula
2506 3840 2918 3907 contorquens,
2970 3838 3158 3910 magis
3207 3839 3391 3894 durus
3439 3836 3738 3894 saecularis

2092 3923 2472 3998 phi1030phias
2505 3926 2805 3995 pravitate,
2841 3942 3016 3998 quam
3048 3927 3266 3998 sophiae
3307 3927 3612 3984 dominicas
3663 3925 3740 3981 le—
3838 3970 3846 3975 .

2094 4017 2281 4073 nitate
2338 4013 2639 4086 pacificus,
2702 4015 2963 4071 desertor
2993 4015 3283 4082 Ecclesiae,
3321 4016 3736 4071 misericordia)

2095 4105 2304 4170 hostis,
2364 4104 2700 4158 interfector
2767 4104 3134 4175 poenitentiae,
3187 4106 3384 4160 doctor
3429 4104 3737 4176 superbia,

2095 4192 2358 4251 veritatis
2389 4193 2980 4263 corruptor,perditor
3008 4193 3310 4250 charitatis
3331 4195 3358 4249 ?
3391 4194 3743 4266 Agnoscitne

2095 4285 2216 4356 jam
2268 4281 2368 4354 qui
2417 4281 2494 4336 sit
2540 4279 2812 4334 sacerdos
2854 4281 2972 4348 Dei,
3007 4298 3132 4352 quae
3166 4283 3242 4338 sit
3272 4283 3525 4338 Ecclesia
3555 4287 3611 4338 et
3640 4283 3743 4338 do-

2100 4389 2232 4430 mus
2263 4371 2498 4441 Christi,
2531 4369 2631 4441 qui
2663 4370 2783 4424 sint
2812 4370 2910 4425 Dei
2961 4371 3134 4438 servi,
3175 4389 3321 4444 quos
3352 4371 3624 4428 diabolus
3656 4372 3744 4427 in-

2102 4465 2291 4532 festet,
2340 4459 2435 4530 qui
2484 4459 2606 4514 sint
2654 4458 2988 4526 Christiani,
3041 4478 3186 4532 quos
3214 4461 3609 4517 Antichristus
3640 4461 3746 4516 im-

2103 4551 2369 4626 pugnet?
2403 4548 2598 4621 Neque
2646 4549 2802 4605 enim
2853 4548 3059 4621 quaerit
3091 4549 3242 4617 illos,
3279 4568 3424 4622 quos
3448 4552 3573 4623 jam
3605 4551 3743 4606 sub-

345 4603 489 4625 uu‘“
515 4603 604 4620 νυ*
657 4603 845 4615 “““”””“
896 4603 1010 4625 λ”’“
1039 4603 1049 4605 ⁷
1127 4603 1166 4618 "
1763 4603 1778 4605 “
1845 4622 1854 4632 ,
2103 4603 2321 4626 τνο----
2350 4603 2358 4606 -
2404 4603 2471 4608 -νί
2503 4603 2591 4621 1”
2654 4603 2667 4605 -
2700 4603 2713 4604 ί
2750 4603 2801 4604 κη
2869 4603 2887 4621 ,
2920 4603 2951 4604 η
3113 4603 3121 4604 κ
3164 4603 3242 4617 --,
3285 4603 3418 4622 Ἰτ--
3483 4603 3573 4606 ---__
3608 4603 3708 4606 eam

345 4608 774 4716 monitionibus
799 4641 1074 4717 justis,ut
1101 4631 1484 4706 apastoribus
1502 4643 1634 4684 oves
1655 4625 1713 4680 in
1737 4618 1995 4696 periculo
2026 4603 2068 4668 ἶ)
2105 4641 2242 4715 egit,
2276 4644 2376 4696 aut
2404 4637 2580 4710 gestit
2609 4643 2881 4708 evertere,
2933 4656 3077 4709 quos
3117 4641 3243 4711 jam
3294 4657 3433 4696 suos
3448 4603 3681 4697 “effecit.
3716 4661 3744 4690 ››

346 4764 466 4805 non
489 4740 854 4800 deserantur,
880 4730 981 4788 sed
1013 4743 1151 4799 grex
1181 4721 1370 4779 omnis
1391 4719 1450 4773 in
1484 4725 1996 4805 unumgcongrege-

348 4797 553 4904 turget
566 4797 853 4888 exercitus
899 4797 1130 4876 Domini
1163 4813 1233 4868 ad
1258 4813 1550 4904 certamen
1581 4801 1800 4904 militia
1831 4797 2000 4904 cmle-

350 4888 470 4981 stis,
487 4888 773 4978 armetur.
805 4909 1009 4968 Merito
1040 4904 1193 4960 enim
1237 4898 1620 4955 trahebantur
1675 4888 1998 4981 dolentium

356 5008 698 5090 poenitentia
745 5010 1006 5070 tempore
1052 4992 1332 5064 longiore,
1379 4991 1444 5042 ut
1473 4981 1724 5090 infirmis
1756 4977 2000 5090 inlexit‘u

356 5067 1052 5160 subvenireturquaudiu
1087 5078 1252 5151 quies
1273 5081 1330 5130 et
1354 5069 1751 5142 tranquillitas
1783 5067 2000 5160 aderat,

358 5156 488 5263 quae
536 5156 780 5240 differre
814 5156 913 5232 diu
965 5167 1323 5263 plagentium
1377 5162 1688 5263 lacrymas,
1720 5156 2008 5263 et‘subv‘e:

359 5243 485 5336 nire
533 5289 660 5330 sero
704 5243 1090 5324 morientibus
1133 5257 1191 5311 in
1222 5248 1560 5308 infirmitate
1593 5249 1903 5319 pateretur.
1936 5243 2009 5296 At

365 5597 674 5695 hortamur
703 5626 775 5684 ad
808 5617 1217 5698 praelium,non
1250 5610 1502 5700 inermes
1530 5608 1590 5700 et
1620 5601 1814 5659 nudos
1846 5597 2016 5700 relin-

370 5739 646 5800 quamus,
698 5695 827 5775 sedﬁ
857 5704 1214 5785 protectione
1270 5695 1578 5771 sanguinis
1637 5697 1694 5750 et
1749 5695 2016 5763 Corporis

1991 5357 2010 5370 ‘
2119 5353 2375 5410 Ecclesia
2433 5352 2696 5408 Romana
2742 5369 2948 5407 rursus
3022 5356 3282 5407 aversata

2107 4731 2223 4788 Nec
2279 4745 2418 4784 sane
2475 4727 2941 4783 Christianorum
2993 4728 3051 4782 in
3099 4745 3340 4785 numero
3389 4730 3626 4786 habitus
3676 4730 3748 4783 ab

2106 4818 2356 4876 ethnicis
2384 4817 2761 4884 Novatiauus,
2785 4817 3156 4887 intactusque
3187 4819 3472 4889 quidquid
3505 4821 3751 4875 sectato-

2110 4926 2201 4964 res
2259 4909 2386 4978 ejus
2443 4907 2654 4961 deinde
2700 4905 3014 4961 commenti
3063 4908 3204 4977 sint,
3253 4907 3472 4963 multos
3517 4905 3753 4978 perdere

2110 4997 2345 5062 institit,
2380 5000 2693 5069 perpetuus
2724 4995 2990 5051 Ecclesiae
3024 4996 3233 5052 hostis.
3265 4999 3333 5051 At
3363 4995 3606 5051 Cornelii
3641 5011 3752 5049 nou

2115 5086 2298 5142 multo
2333 5090 2464 5156 post
2493 5090 2968 5141 consummatum
3004 5085 3346 5157 martyrium
3364 5091 3451 5140 est
3477 5101 3610 5139 xvru
3629 5081 3754 5138 Kal.

2115 5175 2380 5232 Octobris
2438 5191 2612 5247 quem
2670 5174 2825 5230 diem
2875 5179 3036 5229 sexto
3097 5179 3226 5246 post
3280 5190 3430 5228 anno
3489 5172 3758 5247 Cypriani

2119 5282 2350 5338 quoque
2378 5266 2573 5336 palma
2601 5261 2934 5318 illustravit.
2971 5262 3043 5318 Ut
3072 5279 3204 5318 vero
3237 5262 3540 5318 convenire
3577 5262 3760 5329 licuit,

3354 5351 3762 5408 Novatianum.

2122 5444 2254 5498 sinu
2284 5459 2390 5498 suo
2423 5440 2665 5496 Lucium
2697 5447 2970 5512 spectatae
3004 5442 3234 5497 virtutis
3265 5443 3673 5515 presbyterum
3709 5442 3765 5496 in

2121 5530 2366 5591 Cornelii
2397 5531 2590 5587 locum
2617 5530 2864 5586 suffecit.

2195 5685 2292 5742 XI.
2325 5683 2447 5742 Sub
2472 5683 2624 5740 idem
2650 5685 2884 5758 tempus
2915 5683 3191 5760 episcopi,
3232 5685 3474 5745 concilio
3505 5685 3767 5754 dimisso,
