4112 6174
573 285 729 344 150³1

2081 275 2480 337 MOBCELH

3713 298 3821 359 1508

565 419 636 472 ad
660 413 935 470 ecclesias
963 429 1101 468 suas
1126 410 1338 468 reversi
1359 409 1625 467 sedulam
1651 427 1884 481 Operam
1918 407 2098 480 lapsis
2133 424 2218 463 re-
2250 415 2300 478 Α
2333 407 2587 477 rescivit,
2646 407 2822 462 ofﬁcii
2877 407 2968 462 sui
3031 410 3248 479 putavit
3299 428 3430 480 esse,
3474 420 3527 472 ut
3551 418 3617 474 illi
3643 427 3822 486 reditum

566 502 851 574 cipiendis
883 500 1421 570 conﬁrmandisque
1458 499 1782 554 navabant:
1819 502 1880 552 ut
1933 497 2222 552 maculam

569 593 752 659 illam,
777 608 955 663 quam
988 575 1180 662 nuper
1204 591 1310 644 sub
1344 589 1508 644 Decio
1541 587 2013 659 susceperant,in
2046 592 2224 641 certa-

573 697 706 738 men
729 681 920 736 denuo
945 677 1444 747 vocati,constanti
1467 675 1826 733 confessione
1849 692 1914 732 ac
1939 676 2224 748 sanguine

572 771 700 842 ipso
729 769 921 826 eluere
954 769 1129 825 fortes
1161 767 1798 840 aggrederentur.lnter
1829 783 1926 822 eos
1951 765 2146 821 studio
2168 769 2226 820 et

571 859 974 916 benevolentia
1022 875 1158 930 erga
1189 873 1392 912 omnes
1423 857 1718 912 eminebat
1747 856 2087 928 Cyprianus,
2121 853 2222 926 qui

578 966 691 1004 non
719 950 888 1004 modo
911 946 1418 1019 Carthaginienses
1440 963 1579 1001 suos
1604 945 1848 1016 benigne
1864 943 2222 1000 admittendo

578 1038 900 1104 solabatur,
932 1041 986 1092 et
1017 1035 1271 1108 martyrii
1307 1034 1594 1090 desiderio
1643 1033 2067 1098 inﬂammabat,
2119 1033 2220 1088 sed

576 1127 858 1183 ﬁnitimas
874 1140 1106 1198 quoque
1119 1125 1381 1180 civitates
1395 1139 1590 1179 amore
1606 1140 1729 1179 com
1740 1122 2222 1195 p1cctens,juvare

571 1215 924 1288 singulos,et
955 1213 1458 1270 cohortationibus
1472 1214 1542 1268 ad
1559 1213 1947 1268 constantiam
1972 1211 2221 1268 excitare

571 1323 684 1362 non
717 1305 1068 1360 desistebat:
1105 1308 1341 1375 paratus
1375 1317 1726 1374 quocunque
1757 1301 2133 1366 excurrere,si
2167 1301 2220 1356 ei

569 1400 693 1451 tum
729 1393 1075 1466 Carthagine
1108 1393 1310 1448 abesse
1340 1391 1618 1446 licuisset.
1647 1391 1792 1445 Nam
1826 1394 1882 1446 et
1913 1390 2217 1446 Thibarim

568 1483 854 1556 proﬁcisci
891 1486 1322 1552 statuerat,quo
1354 1496 1489 1534 eum
1512 1479 1787 1552 oppidani
1817 1479 2217 1546 invitaverant,

571 1572 682 1627 nisi
714 1589 847 1626 eum
879 1571 1148 1626 Ecclesia
1179 1571 1397 1626 bonum
1433 1571 1589 1624 domi
1622 1585 1852 1624 manere
1892 1569 2212 1640 coegisset:

570 1662 669 1716 sed
705 1665 896 1716 tamen
925 1678 1053 1732 quae
1077 1677 1332 1732 praesens
1353 1659 1752 1714 Thibaritanis
1777 1658 2040 1713 dicturus
2073 1661 2216 1725 erat,

570 1750 862 1822 praclaris
918 1749 1147 1820 litteris,
1208 1766 1333 1820 quae
1381 1749 1446 1803 de
1503 1747 1902 1803 Exhortatione
1958 1747 2220 1818 martyrii

568 1839 990 1909 inscribuntur,
1021 1837 1261 1893 mirifice
1290 1837 1555 1908 exposuit
1588 1836 1948 1908 (ep?st.56,V.
1987 1837 2213 1890 Hieron.

565 1927 632 1982 de
664 1927 826 1999 Cypr.
869 1929 1197 1998 eloquentia,
1250 1926 1444 1998 epist.,
1474 1927 1563 1991 68,
1599 1944 1654 1980 η.
1692 1927 1800 1987 10).
1850 1925 2018 1979 Pares
2050 1926 2122 1979 ab
2152 1941 2217 1980 eo

567 2018 844 2089 epistolas
875 2019 945 2072 de
975 2017 1172 2072 eodem
1196 2022 1544 2085 argumento
1571 2031 1696 2070 esse
1727 2015 1938 2070 missas
1970 2014 2039 2068 ad
2073 2013 2219 2069 alias

570 2108 775 2162 14.19
800 2106 1082 2170 civitates,
1119 2107 1187 2160 ad
1223 2122 1438 2176 easque
1471 2105 1721 2160 maxime
1755 2122 1886 2175 qua:
1919 2104 2063 2159 forte
2095 2103 2215 2175 epi-

571 2212 811 2266 scopum
842 2211 955 2250 non
991 2193 1500 2259 haberent,littcr;e
1532 2193 1671 2264 ipsa:
1707 2194 1777 2247 ad
1807 2192 2218 2248 Thibaritanos

570 2284 828 2340 indicare
858 2285 1148 2350 videntur,
1182 2301 1309 2354 quae
1337 2283 1570 2355 propria
1601 2288 1927 2353 temporum
1981 2281 2216 2337 illorum

569 2379 624 2430 et
643 2373 970 2428 Christiano
993 2373 1202 2442 cuique
1225 2375 1364 2443 apta
1385 2372 1734 2426 documenta
1757 2371 2216 2437 continent.Qum

569 2462 720 2516 inter
754 2460 898 2514 illud
933 2459 1379 2515 commemorari
1414 2459 1664 2515 maxime
1699 2461 2113 2532 praestat,quod
2147 2460 2219 2516 de

567 2551 704 2622 fuga
733 2550 948 2604 diserte
979 2548 1173 2603 tradit.
1211 2570 1237 2597 «
1273 2549 1386 2602 Nec
1418 2548 1976 2620 quisquam,inquit,
2013 2550 2218 2604 fratres

566 2637 956 2706 dilectissimi,
992 2654 1124 2692 cum
1161 2635 1441 2709 pepulum
1468 2642 1736 2692 nostrum
1762 2637 1948 2710 fugari
1973 2655 2215 2709 conspe-

565 2727 714 2782 xerit
761 2732 916 2781 metu
972 2725 1390 2797 persecutionis
1444 2731 1500 2782 et
1548 2727 1765 2798 spargi,
1817 2729 2214 2795 conturbatur,

571 2815 722 2887 quod
761 2814 1060 2869 collectam
1100 2815 1518 2870 fraternitatem
1556 2833 1666 2870 non
1712 2816 1920 2881 videat,
1963 2832 2066 2871 nec
2099 2823 2216 2871 tra-

569 2909 792 2961 ctantes
814 2905 1117 2976 episcopos
1141 2903 1552 2960 audiat.Simul
1571 2910 1705 2960 tunc
1727 2922 1930 2960 omnes
1953 2923 2079 2962 esse
2101 2924 2215 2962 non

570 3000 837 3067 possunt,
883 2993 1096 3065 quibus
1145 2993 1403 3049 occidere
1437 3011 1548 3048 non
1580 2993 1732 3064 licet,
1767 2996 1867 3050 sed
1901 2995 2080 3050 occidi
2118 3012 2215 3052 ne-

569 3099 728 3138 cesse
783 3087 892 3138 est.
944 3082 1283 3154 Ubicunque
1332 3083 1390 3137 in
1425 3081 1542 3138 illis
1571 3084 1776 3139 diebus
1813 3085 2218 3156 unusquisque

567 3171 815 3225 fratrum
851 3170 1023 3225 fuerit
1055 3187 1087 3224 a
1115 3186 1289 3242 grege
1329 3169 1581 3235 interim,
1618 3171 1962 3227 necessitate
1993 3176 2212 3244 tempo-
2247 3161 2289 3226 C

569 3259 671 3329 ris,
707 3275 944 3330 corpore
975 3275 1085 3313 non
1120 3258 1329 3330 spiritu
1381 3265 1706 3330 separatus,
1759 3276 1873 3314 non
1926 3266 2224 3316 moveatur

569 3349 637 3403 ad
675 3349 822 3419 fugae
854 3347 1013 3403 illius
1045 3347 1486 3413 horrorem,nec
1520 3349 1793 3404 recedens
1825 3353 1881 3403 et
1908 3349 2092 3404 latens
2123 3351 2224 3406 de-

571 3437 709 3492 serti
741 3436 847 3492 loci
882 3436 1195 3491 solitudine
1241 3441 1544 3493 terreatur.
1591 3436 1761 3492 Solus
1816 3453 1927 3492 non
1989 3444 2095 3505 est,
2129 3438 2220 3494 cui

568 3525 840 3581 Christus
898 3525 956 3578 in
1018 3526 1155 3597 fuga
1213 3542 1406 3580 comes
1457 3532 1562 3580 est.
1613 3525 1780 3581 Solus
1827 3544 1938 3581 non
1985 3533 2091 3592 est,
2124 3527 2220 3598 qui

568 3615 858 3686 templum
916 3614 1008 3668 Dei
1071 3630 1306 3669 servans
1342 3657 1355 3681 ,
1436 3614 1768 3686 ubicunque
1826 3616 2036 3683 fuerit,
2097 3617 2223 3672 sine

572 3701 688 3757 Deo
738 3720 853 3756 non
914 3707 1020 3757 est.
1086 3703 1153 3757 Et
1213 3703 1260 3758 si
1326 3703 1642 3774 fugientem
1704 3705 1761 3758 in
1811 3704 2127 3760 solitudine
2157 3721 2222 3760 ac

570 3791 866 3847 montibus
923 3790 1070 3845 latro
1102 3792 1477 3863 Oppresscrit,
1534 3793 1650 3846 fera
1703 3793 1998 3862 invaserit,
2042 3793 2222 3849 fames

569 3884 670 3933 aut
701 3880 849 3942 sitis,
878 3885 975 3933 aut
1009 3880 1192 3949 frigus
1234 3879 1524 3946 afflixerit,
1559 3880 1640 3936 vel
1679 3898 1779 3952 per
1812 3881 1994 3936 maria
2025 3882 2222 3952 praeci-

569 3967 672 4038 piti
707 3967 1070 4039 navigatione
1096 3975 1504 4041 properantem
1540 3975 1860 4040 tempestas
1886 3987 1950 4024 ac
1972 3971 2226 4042 procella

569 4058 1202 4128 submerserit,speetat
1235 4057 1473 4113 militem
1505 4075 1677 4113 suum
1695 4057 1961 4113 Christus
1985 4059 2226 4114 ubicun-

571 4162 683 4216 que
715 4152 1157 4217 pugnantem,et
1182 4147 1603 4218 persecutionis
1636 4165 1811 4201 causa
1836 4165 1936 4219 pro
1970 4147 2226 4204 nominis

573 4235 662 4288 sui
688 4235 905 4289 honore
931 4235 1197 4289 morienti
1228 4235 1529 4307 praemium
1559 4237 1924 4307 reddit,quod
1946 4237 2225 4293 daturum

572 4339 633 4377 se
658 4323 713 4376 in
751 4324 1170 4377 resurrectione
1196 4324 1469 4395 promisit
1489 4324 1624 4379 .Nec
1649 4324 1838 4379 minor
1855 4329 1942 4380 est
1966 4324 2227 4398 martyrii

572 4411 750 4481 gloria
784 4429 895 4466 non
927 4411 1155 4483 publice
1181 4418 1234 4467 et
1259 4413 1410 4468 inter
1434 4413 1648 4468 multos
1678 4413 1936 4485 periisse,
1961 4431 2093 4469 cum
2129 4431 2226 4487 pe-

2334 495 2743 589 gratularetur.
2771 519 2810 589 ,α
2844 498 2912 589 Et
2944 515 3129 589 nuper
3156 499 3555 576 quidcm,inquit
3579 513 3726 582 (epist.
3747 519 3823 589 58),

2332 585 2462 656 tibi,
2512 586 2689 642 frater
2737 585 3103 652 charissime,
3150 589 3402 659 gratulati
3449 611 3637 665 sumus,
3671 585 3826 664 comta

2333 673 2552 730 honore
2583 675 2876 747 geminato
2926 676 2983 730 in
3017 675 3277 732 Ecclesiae
3313 696 3416 735 sua:
3444 683 3826 753 administratione

2333 765 2725 822 confessorem
2774 766 2989 838 pariter
3017 772 3071 822 et
3104 767 3438 825 sacerdotem
3467 775 3708 834 constituit
3730 783 3828 839 divi-

2335 871 2409 910 na
2442 855 2720 927 dignatio.
2755 855 2868 911 Sed
2897 861 2954 910 et
2985 872 3141 910 nunc
3172 872 3279 910 non
3314 857 3486 916 minus
3513 862 3600 917 tibi
3626 872 3670 920 et
3703 875 3827 924 comi-

2335 943 2492 999 tibus
2533 943 2648 1000 tuis
2677 949 2852 1016 atque
2884 945 3166 1001 universae
3197 945 3511 1004 fraternitati
3548 954 3829 1026 gratulamur,

2333 1033 2486 1105 quod
2522 1049 2654 1089 cum
2687 1034 2888 1089 cadem
2921 1033 3188 1106 gloria,et
3213 1033 3463 1092 laudibus
3480 1041 3649 1096 vestris
3667 1046 3830 1104 reduces

2331 1139 2431 1178 vos
2453 1123 2644 1178 denuo
2667 1123 2736 1178 ad
2771 1140 2910 1179 suos
2956 1123 3155 1179 fecerit
3185 1123 3420 1196 benigna
3445 1126 3640 1185 Domini
3665 1138 3706 1186 et
3727 1133 3832 1208 larga

2331 1213 2705 1284 protectio,ut
2737 1213 3027 1285 parcendo
3058 1213 3216 1286 gregi
3247 1218 3449 1286 pastor,
3476 1221 3524 1272 et
3549 1219 3831 1290 gubernanda

2332 1302 2462 1357 navi
2507 1301 2882 1374 gubernator,
2931 1306 2988 1358 et
3031 1301 3184 1374 plebi
3251 1305 3492 1376 regenda
3538 1313 3686 1364 rector
3718 1312 3833 1368 adde-

2332 1398 2540 1459 retur;
2601 1395 2657 1447 et
2713 1396 3055 1464 appareret,
3118 1391 3507 1464 relegationem
3557 1403 3747 1454 vestram
3783 1402 3836 1457 sic

2331 1481 2611 1537 divinitus
2641 1497 2769 1536 esse
2799 1479 3166 1552 dispositam,
3216 1497 3325 1536 non
3379 1486 3439 1537 ut
3465 1485 3716 1557 episcopus
3739 1488 3837 1544 rele-

2330 1575 2503 1642 gatus
2533 1574 2590 1625 et
2619 1569 2826 1641 pulsus
2881 1568 3146 1625 Ecclesia
3178 1569 3413 1637 deesset,
3447 1573 3534 1627 sed
3562 1578 3615 1628 ut
3637 1575 3690 1629 ad
3716 1577 3839 1632 Eccle-

2330 1660 2476 1714 siam
2525 1661 2712 1730 major
2767 1659 3000 1714 rediret.
3056 1681 3085 1708 ››
3128 1659 3242 1714 Sub
3299 1659 3460 1715 ﬁnem
3511 1661 3722 1718 Ecclesia
3763 1682 3838 1720 sua

2329 1750 2588 1803 studium
2638 1764 2776 1822 erga
2825 1765 2957 1803 eum
3008 1754 3444 1817 commemorat,
3471 1754 3521 1805 et
3546 1756 3714 1807 certam
3739 1771 3839 1809 mar-

2326 1838 2457 1910 tyrii
2517 1855 2678 1910 spem
2743 1837 2920 1893 facit:
2986 1863 3010 1886 α
3080 1837 3556 1909 Repraesentantes
3616 1842 3739 1896 vobis
3778 1860 3840 1913 per

2326 1927 2630 2000 epistolam
2681 1927 2962 1998 gaudium
3017 1932 3307 1994 nostrum,
3362 1928 3467 1983 tida
3509 1931 3729 2001 obsequia
3750 1933 3840 1985 cha-

2328 2014 2516 2068 ritatis
2545 2015 2966 2085 expromimus,
3002 2014 3095 2068 hic
3126 2031 3356 2087 quoque
3383 2016 3436 2069 in
3468 2018 3840 2089 sacriticiisatque

2327 2103 2386 2156 in
2432 2101 2792 2156 orationibus
2842 2103 3058 2158 nostris
3103 2120 3219 2158 non
3274 2111 3549 2160 cessantes
3589 2109 3746 2164 1450
3770 2107 3841 2162 Deo

2328 2191 2480 2246 Patri
2529 2196 2583 2246 et
2632 2191 2861 2246 Christo
2910 2190 3050 2246 Filio
3091 2193 3222 2264 ejus
3251 2193 3484 2249 Domino
3515 2202 3676 2251 nostro
3698 2196 3842 2267 gratias

2329 2296 2497 2353 agere
2541 2285 2596 2335 et
2644 2297 2808 2336 orare
2857 2280 3072 2351 pariter
3111 2298 3179 2335 ac
3214 2287 3422 2354 petere,
3453 2291 3511 2337 ut
3536 2285 3619 2355 qui
3647 2284 3845 2356 perfector

2328 2375 2415 2425 est
2449 2374 2622 2441 atque
2653 2370 2978 2441 perﬁciens,
3012 2370 3304 2425 custodiat
3346 2377 3400 2425 et
3428 2372 3653 2443 perﬁciat
3676 2373 3716 2426 in
3739 2373 3846 2427 vobis

2327 2458 2711 2514 confessionis
2741 2463 2940 2513 vestrae
2990 2459 3305 2529 gloriosam
3340 2477 3585 2516 coronam
3610 2477 3622 2516 :
3649 2461 3723 2532 qui
3745 2466 3784 2516 et
3803 2461 3846 2516 ad

2328 2545 2435 2601 hoc
2462 2563 2562 2601 vos
2593 2547 2839 2602 fortasse
2874 2549 3179 2614 revocavit,
3218 2566 3289 2603 ne
3318 2549 3490 2621 gloria
3525 2555 3653 2604 esset
3675 2549 3842 2615 occulta,

2327 2635 2375 2690 si
2435 2635 2577 2690 foris
2628 2640 2826 2691 essent
2876 2636 3263 2691 confessionis
3310 2644 3498 2692 vestrae
3551 2641 3844 2693 consummata

2327 2726 2624 2796 martyris.
2684 2724 2827 2779 Nam
2881 2725 3159 2795 victima,
3188 2743 3312 2798 quae
3362 2727 3664 2782 fraternitati
3705 2726 3845 2797 prabet

2325 2813 2652 2885 exemplum
2703 2819 2761 2870 et
2790 2813 3042 2886 virtutis,
3083 2819 3139 2869 et
3168 2816 3541 2887 praesentibus
3565 2815 3699 2870 debet
3723 2814 3844 2869 fratri-

2325 2902 2437 2958 bus
2466 2903 2777 2958 immolari.
2816 2926 2842 2952 ››

2733 3062 2925 3101 ANNUS
2965 3062 3346 3102 CHRISTIANUS
3383 3063 3556 3102 CCLlll.

2443 3153 2804 3210 CYPRIANO
2844 3153 3189 3210 EPISCOPO
3231 3151 3771 3210 CARTHAGINIENSI.

2397 3291 2446 3350 Ἰ.
2507 3295 2888 3352 Consulatum
2952 3295 3218 3352 inierunt
3276 3299 3334 3351 C.
3389 3297 3577 3352 Vibius
3605 3291 3851 3348 Volusianus

2330 3388 2477 3457 Aug.
2512 3386 2745 3454 iterum,
2807 3385 2881 3441 M.
2933 3384 3205 3440 Valerius
3237 3386 3536 3441 Maximus.
3565 3385 3856 3439 Vexatosrur-

2332 3492 2463 3529 sum
2494 3474 2686 3528 Romae
2719 3474 3104 3538 Christianos,
3137 3475 3306 3530 Lucii
3339 3474 3649 3544 martyrium
3669 3471 3855 3530 declarat,

2332 3581 2448 3635 quo
2479 3562 2749 3635 Cypriani
2812 3562 3150 3617 vaticinium
3223 3563 3521 3634 impletum
3551 3571 3638 3616 est.
3667 3560 3856 3614 Laur-eam

2333 3651 2488 3708 enim
2521 3652 2616 3706 ille
2647 3652 2893 3722 adeptus
2927 3652 3105 3706 fertur
3134 3651 3321 3706 Nonis
3354 3651 3580 3715 Martiis,
3620 3655 3721 3719 post
3746 3659 3857 3715 quem

2331 3740 2590 3796 Ecclesia
2647 3741 2905 3795 Romana
2948 3741 3360 3810 pontiﬁcatum
3411 3739 3668 3810 Stephano
3706 3731 3857 3788 detulit.

2333 3829 2447 3885 Nec
2480 3831 2676 3884 minus
2702 3829 2761 3883 in
2808 3829 2999 3884 Africa
3026 3829 3233 3884 eodem
3269 3835 3523 3899 tempore
3551 3831 3713 3882 contra
3736 3818 3858 3876 Eccle-

2334 3918 2480 3972 siam
2558 3918 2824 3973 saevitum
2899 3933 3048 3987 esse,
3126 3919 3354 3973 indicat
3411 3917 3626 3989 Cypiaui
3673 3905 3860 3966 liberati

2335 4007 2760 4072 Demetrianum,
2811 4006 2930 4062 sive
2989 4007 3038 4061 is
3094 4008 3433 4078 proconsul,
3467 4006 3575 4060 sive
3603 3994 3862 4074 proconsulis

2334 4112 2599 4150 assessor
2640 4095 2832 4161 fuerit,
2894 4095 3124 4148 hostem
3179 4101 3338 4149 certe
3386 4090 3667 4149 Christiani
3693 4081 3860 4140 nominis

2335 4183 2685 4239 acerrimum
2720 4191 2774 4237 et
2804 4183 3311 4248 crudelissimum,
3355 4184 3704 4250 eamdemque
3733 4169 3862 4243 sophi-

2335 4278 2485 4328 stam
2519 4272 2781 4342 ineptum
2826 4277 3001 4342 atque
3035 4270 3394 4326 maledicum
3425 4269 3804 4326 conviciatorem.
3827 4259 3861 4311 lu

2335 4378 2401 4417 eo
2432 4359 2587 4416 enim
2621 4359 2770 4414 libro
2803 4359 3125 4431 Cyprianus
3175 4360 3340 4415 varia
3393 4372 3667 4431 poenarum
3711 4362 3866 4424 genera.

2337 4466 2485 4522 quas
2516 4455 2638 4504 tum
2672 4447 2988 4503 Christiani
3034 4448 3326 4518 subirent,
3385 4448 3465 4503 sic
3522 4447 3770 4500 enumerat
3804 4432 3867 4505 (Μ

572 4499 778 4554 reundi
811 4518 986 4554 causa
1020 4502 1094 4555 sit
1126 4507 1358 4572 propter
1401 4501 1698 4556 Christum
1746 4503 1950 4573 perire.
1998 4502 2221 4558 Sufficit

585 4588 840 4607 κλμ-,μ
893 4606 901 4607 ί
961 4589 972 4600 .
1035 4605 1068 4607 ,ί
1267 4595 1275 4607 ,
1359 4589 1390 4600 ..
1505 4589 1564 4607 .,
1647 4590 1681 4607 ,.
1752 4589 1804 4607 ..,
1980 4591 1990 4602 .
2133 4592 2221 4607 ..

2338 4499 3461 4607 52522:}:[616275;Eduine?
3503 4499 3564 4590 ιζί
3594 4529 3655 4588 1v
3695 4501 3865 4596 Sept-i-

571 4588 644 4641 ad
679 4588 1076 4642 testimonium
1133 4589 1390 4661 martyrii
1427 4589 1516 4644 sui
1553 4590 1716 4644 testis
1751 4589 1864 4660 ille,
1898 4591 1992 4661 qui
2027 4592 2232 4663 probat

578 4681 860 4748 martyres
910 4682 965 4732 et
1014 4683 1267 4733 coronat.
1318 4702 1344 4728 »
1401 4681 1526 4732 llazc
1576 4696 1744 4750 porro
1789 4685 1925 4734 nota
1955 4681 2230 4737 omnibus

575 4782 705 4821 esse
727 4766 976 4820 maxime
1009 4768 1301 4834 intererat,
1337 4773 1392 4821 et
1421 4768 1518 4840 qui
1554 4769 1671 4821 hzec
1701 4768 2063 4838 didicissent,
2099 4787 2230 4841 spe-

578 4855 744 4910 rabat
773 4857 1115 4928 Cyprianus,
1151 4858 1197 4910 si
1234 4858 1376 4910 forte
1401 4857 1702 4927 quaestioni
1739 4873 1800 4910 se
1831 4858 2083 4928 impares
2114 4876 2230 4913 cre-

577 4945 799 5009 derent,
834 4950 889 4998 et
920 4949 1344 5000 tormentorum
1382 4952 1537 4998 metu
1572 4946 2095 5019 trepidarentﬂuga
2118 4948 2226 5002 sibi

574 5050 672 5090 eos
703 5036 1092 5103 consulturos,
1129 5052 1198 5088 ne
1232 5035 1380 5106 capti
1417 5037 1590 5090 ﬁdem
1626 5037 1924 5105 violarent,
1960 5039 2229 5094 nefariis-

573 5141 683 5196 que
715 5125 1015 5180 sacriﬁciis
1049 5122 1471 5193 polluerentur.

643 5251 758 5305 XII.
795 5251 1126 5304 Postremae
1154 5250 1417 5303 exeuntis
1454 5252 1592 5305 anni
1626 5252 1846 5308 litteras
1878 5271 1910 5308 a
1940 5253 2226 5324 Cypriane

577 5340 798 5410 accepit
832 5338 1040 5392 Lucius
1075 5337 1334 5393 Pontifex
1374 5340 1685 5409 maximus,
1719 5343 1818 5412 qui
1867 5359 2000 5396 cum
2055 5342 2228 5414 paulo

574 5433 707 5482 ante
736 5433 1008 5498 suscepto
1044 5427 1132 5481 vix
1164 5428 1509 5497 sacerdotio,
1545 5430 1601 5482 in
1637 5431 1907 5486 exsilium
1937 5435 2102 5486 actus
2132 5447 2226 5486 es-

575 5521 682 5584 set,
719 5515 898 5569 redux
925 5515 1045 5586 jam
1079 5515 1145 5570 ad
1177 5516 1493 5572 Ecclesium
1526 5535 1694 5573 suam
1727 5535 1939 5592 magna
1961 5521 2228 5575 omnium

569 5603 777 5666 laetitia
820 5609 1197 5664 remeaverat.
1255 5605 1385 5664 Haec
1443 5606 1725 5664 nimirum
1786 5612 1851 5666 ut
1901 5608 2226 5682 Cyprianus

2337 4627 2501 4697 280):
2541 4649 2561 4675 ι
2622 4626 2916 4693 Innoxios,
2957 4626 3176 4696 justus,
3233 4627 3347 4679 Deo
3397 4623 3591 4680 charos
3631 4621 3764 4674 domo
3797 4608 3867 4681 pri-

2341 4732 2463 4782 vas,
2511 4713 2861 4786 patrimonio
2911 4713 3150 4785 spolias,
3205 4714 3432 4768 catenis
3476 4708 3686 4783 premis,
3721 4710 3868 4758 carcere

2339 4803 2614 4870 includis,
2647 4802 2861 4873 gladio,
2898 4802 3369 4874 bcstiis,ignibus
3403 4798 3598 4873 punis;
3629 4810 3712 4850 nec
3735 4790 3869 4874 saltem

2340 4897 2650 4948 contentus
2684 4908 2744 4946 es
2784 4890 3050 4946 dolorum
3112 4873 3448 4946 uestrorum
3507 4879 3803 4957 compendio,
3838 4873 3871 4926 εί

2339 4981 2592 5053 simplici
2643 4997 2708 5034 ac
2762 4979 2940 5035 veloci
2991 4979 3274 5035 brevitate
3327 4993 3633 5051 pmnarum.
3678 4971 3871 5025 Admete!

2319 5071 2631 5126 'laniandis
2671 5069 3014 5140 corporibus
3063 5067 3239 5139 longa
3287 5071 3590 5129 tormenta,
3618 5054 3870 5126 multiplicai

2337 5159 2663 5215 lacerandis
2721 5158 3042 5214 visceribus
3110 5173 3430 5212 numerosa
3501 5150 3761 5224 supplicia.
3814 5151 3874 5192 οεί

2339 5249 2536 5304 feritas
2566 5252 2740 5320 atque
2770 5248 3110 5302 immanitas
3128 5251 3230 5300 tua
3265 5246 3496 5302 usitatis
3513 5231 3873 5327 potestcontenti

2338 5355 2465 5395 esse
2496 5337 2835 5393 tormentis:
2896 5335 3178 5408 excogitat
3209 5352 3396 5390 novas
3447 5347 3629 5406 pcenas
3667 5329 3874 5408 ἰαθεωέἶὲ

2338 5426 2674 5484 crudelitas.
2712 5449 2739 5475 »
2784 5425 2897 5480 Nec
2946 5401 3078 5480 vero
3127 5422 3310 5479 alium
3357 5425 3415 5477 in
3447 5401 3871 5500 vannumliberillé

2337 5518 2608 5590 Cypriani
2669 5515 2870 5572 referri
2926 5519 3137 5585 potest,
3195 5530 3336 5570 cum
3369 5517 3426 5567 et
3480 5502 3777 5572 Pontius(in
3804 5494 3872 5590 fit“

2340 5579 2500 5680 Cllf’r-
2563 5622 2620 5661 n-
2675 5605 2732 5679 7)
2789 5579 3072 5678 scriptum
3125 5579 3403 5661 ostendat
3454 5604 3578 5676 post
3625 5593 3793 5650 librum
3833 5579 3871 5634 ἐι
