4112 6174
274 213 418 271 1509

1327 205 1687 266 ANNALES
1730 203 2126 266 ECCLESLE
2167 207 2611 267 AFRICAN/E.

3522 216 3680 276 1510

269 342 517 398 Oratione
547 341 854 404 Dominica,
899 342 956 393 et
997 341 1319 410 Cyprianus
1379 338 1504 408 ipse
1560 335 1908 407 pestilentiae
1937 344 1989 405 Α
2024 353 2220 406 suum,
2266 344 2321 391 et
2381 338 2606 405 pluvias
2655 339 2906 395 subinde
2965 342 3294 398 nutriendis
3347 346 3676 401 seminibus

265 437 495 503 tempus
525 428 790 501 designet
830 427 921 494 (ad
949 429 1212 495 Demetr.,
1273 443 1328 498 p.
1387 426 1492 480 508
1525 430 1581 480 et
1608 425 1755 495 514),
1785 441 1910 495 quae

264 526 370 581 hoc
427 537 578 577 anno
635 517 884 572 Africam
947 515 1175 572 invasit.
1235 519 1380 571 Nam
1441 519 1688 570 veterem
1748 512 1909 569 illam

265 609 616 671 calumniam
699 605 1104 662 Demetrianus
1191 605 1250 659 in
1313 603 1517 675 primis
1573 602 1908 667 renovabat,

267 699 546 776 quidquid
583 695 811 752 adversi
866 711 1114 766 usquam
1157 694 1446 757 existeret,
1496 706 1911 763 quamcunque

267 789 594 864 respublica
625 785 1011 842 calamitatem
1045 781 1753 855 accepisset,Christianos
1777 781 1912 850 jure

267 879 547 948 accusari,
581 891 900 947 eorumque
949 890 1137 929 causae
1174 891 1186 940 ;
1224 872 1320 944 qui
1382 871 1620 927 numina
1651 875 1910 927 contem-

267 967 675 1027 nerentiratos
723 965 861 1020 deos
921 979 1118 1036 pmnas
1175 962 1395 1017 violatae
1456 960 1779 1030 majestatis
1839 958 1910 1013 ab

267 1061 540 1117 omnibus
595 1053 940 1111 mortalibus
995 1056 1268 1124 repetere.
1326 1050 1506 1114 Quam
1570 1048 1770 1118 utique
1817 1063 1914 1102 ca-

265 1149 550 1206 lumniam
575 1145 896 1218 Cyprianus
919 1158 983 1198 eo
1017 1141 1163 1196 libro
1195 1141 1451 1196 refutare
1475 1153 1786 1211 aggressus
1805 1136 1913 1191 hoc

266 1255 418 1295 anno
439 1241 548 1306 est,
602 1234 703 1307 qui
761 1229 1015 1288 maxime
1057 1228 1387 1302 reipublicae
1451 1227 1745 1283 infaustus
1798 1226 1915 1280 fore

266 1328 570 1389 videbatur
603 1342 614 1381 :
649 1321 1237 1392 commemoratisque
1279 1319 1666 1374 Barbarorum
1716 1315 1913 1370 incur-

266 1418 609 1486 sionibuset
638 1412 942 1469 sterilitate
963 1416 1021 1466 et
1040 1410 1216 1475 fame,
1248 1407 1463 1481 quibus
1485 1405 1656 1462 malis
1681 1402 1914 1476 jamdiu

266 1507 423 1565 orbis
454 1506 753 1561 Romanus
811 1499 1223 1567 afflictabatur,
1283 1514 1397 1552 non
1450 1494 1914 1552 Christianorum

267 1597 460 1669 culpa,
493 1594 594 1650 sed
638 1591 957 1648 sceleribus
1014 1588 1403 1651 ethnicorum,
1465 1601 1591 1655 quae
1669 1582 1728 1636 in
1793 1581 1918 1636 dies

2020 424 2318 496 impertit;
2353 425 2632 482 exhibens
2673 432 2882 484 cuncta
2925 429 3038 484 ista
3070 447 3182 486 non
3243 433 3366 489 suis
3421 438 3674 503 tantum,

2022 515 2121 569 sed
2157 515 2332 569 etiam
2366 515 2570 571 alienis
2605 533 2616 584 ;
2651 521 2707 572 et
2738 518 2836 588 qui
2873 535 2934 573 se
2969 519 3060 574 Dei
3114 520 3287 575 etiam
3323 522 3509 577 ﬁlium
3551 540 3678 580 esse

2021 603 2347 676 proﬁtetur,
2391 621 2496 659 cur
2549 623 2662 661 non
2714 607 3048 678 exemplum
3103 611 3292 666 Patris
3357 611 3678 669 imitatur?

2021 693 2372 762 respondere
2411 710 2517 748 nos
2551 695 2714 749 decet
2762 695 3058 751 natalibus
3118 700 3352 769 nostris,
3413 705 3471 755 et
3527 718 3674 771 quos

2021 786 2253 836 renatos
2302 799 2403 854 per
2459 783 2639 837 Deum
2711 788 2961 854 constat,
3022 787 3336 858 degeneres
3390 805 3516 845 esse
3557 807 3672 845 non

2021 871 2310 941 congruit,
2345 871 2442 925 sed
2483 871 2713 941 probari
2773 875 2966 942 potius
3021 874 3076 928 in
3124 876 3322 931 sobole
3369 880 3670 934 traducem

2022 957 2158 1012 boni
2192 958 2372 1029 patris
2404 959 2772 1015 aemulatione
2810 961 3106 1018 bonitatis.
3170 985 3198 1013 »
3260 966 3405 1030 Quid
3457 966 3674 1037 plura?

2021 1045 2107 1100 vel
2140 1046 2371 1101 desides
2402 1047 2584 1101 animi
2630 1049 2892 1119 Cypriani
2952 1051 3143 1107 verbis
3190 1053 3441 1121 excitati,
3495 1056 3670 1111 mira-

2024 1134 2126 1190 bili
2156 1135 2416 1190 omnium
2441 1136 2840 1207 juvandorum
2873 1139 3067 1194 studio
3098 1156 3380 1198 exercere.
3412 1163 3438 1196 ιι
3469 1144 3673 1200 Distri-

2024 1225 2167 1280 buta
2197 1229 2336 1280 sunt
2364 1215 2747 1297 ergo,'inquit
2793 1229 3038 1283 Pontius
3094 1229 3174 1299 (in
3237 1233 3387 1287 Vita.
3440 1251 3496 1288 n.
3562 1236 3671 1307 10).

2026 1314 2302 1369 continuo
2331 1331 2433 1386 pro
2483 1314 2765 1387 qualitate
2824 1316 3134 1374 hominum
3197 1325 3370 1392 atque
3402 1322 3676 1383 ordinum

2026 1405 2370 1462 ministeria.
2404 1405 2593 1475 Multi,
2627 1408 2726 1479 qui
2792 1409 3063 1482 angustia
3113 1414 3474 1484 paupertatis
3505 1415 3678 1470 bene‘

2029 1493 2156 1549 ﬁcia
2186 1500 2457 1567 sumptus
2488 1497 2757 1552 exhibere
2785 1514 2897 1553 non
2932 1504 3220 1570 poterant,
3255 1501 3386 1574 plus
3432 1505 3676 1575 sump‘i-

2026 1585 2138 1641 bus
2220 1585 2593 1654 exhibebant,
2663 1593 3112 1659 compensantes
3172 1591 3404 1664 preprio
3477 1591 3673 1648 labore

267 1686 628 1750 crescebant,
683 1680 784 1735 illa
843 1693 1076 1750 quoque
1135 1675 1348 1746 adjecit
1396 1673 1590 1741 (Ibid.,
1640 1688 1694 1742 p.
1746 1669 1912 1740 514):
1948 1716 1996 1782 Β
2030 1674 2354 1728 mercedem
2387 1674 2603 1730 divitiis
2626 1676 2901 1732 omnibus
2933 1677 3278 1734 chariorem.
3328 1702 3356 1728 »

270 1796 298 1826 ‹‹
331 1777 563 1828 Pestem
596 1775 654 1825 et
682 1768 840 1824 luem
898 1764 1253 1833 criminaris,
1310 1779 1443 1818 cum
1503 1768 1661 1834 peste
1709 1761 1837 1831 ipsa
1864 1767 1914 1815 el

270 1865 364 1918 lue
395 1861 480 1916 vel
503 1861 728 1915 detecta
758 1856 879 1912 sint
919 1852 1006 1910 vel
1040 1859 1211 1908 aucta
1245 1852 1494 1908 crimina
1524 1849 1913 1921 singulorum.

271 1954 413 2008 dum
440 1965 545 2004 nec
575 1945 826 2003 infirmis
881 1943 1188 2000 exhibetur
1253 1940 1670 2005 misericordia,
1705 1943 1763 1992 et
1818 1938 1916 1993 de-

271 2041 488 2097 functis
519 2036 760 2094 avaritia
788 2035 980 2089 inhiat
1011 2050 1077 2088 ac
1118 2032 1343 2102 rapina.
1370 2029 1549 2084 Iidem
1583 2029 1654 2084 ad
1687 2027 1919 2099 pietatis

271 2129 619 2202 obsequium
640 2124 852 2188 timidi,
904 2123 976 2177 ad
1033 2121 1215 2192 impia
1253 2118 1418 2174 lucra
1454 2115 1771 2183 temerarii,
1832 2114 1920 2169 fu-

269 2220 494 2294 gientes
526 2213 902 2271 morientium
953 2211 1178 2274 funera,
1237 2213 1295 2264 et
1350 2210 1686 2278 appetentes
1735 2203 1924 2275 spolia

271 2316 636 2367 mortuorum
673 2332 686 2372 ;
720 2310 784 2360 ut
806 2305 1006 2360 1451
1035 2304 1332 2373 appareat,
1363 2299 1421 2353 in
1453 2296 1798 2368 aegritudine
1815 2309 1923 2350 sua

273 2403 522 2457 miseros
553 2396 621 2452 ad
653 2399 760 2452 hoc
788 2395 1023 2449 forsitan
1049 2390 1356 2446 derelictos
1384 2403 1532 2458 esse,
1567 2401 1637 2441 ne
1697 2385 1924 2456 possint

273 2491 417 2545 dum
445 2492 724 2543 curantur
762 2483 1026 2539 evadere.
1061 2504 1084 2533 ι

347 2614 418 2670 ΙΙ.
450 2610 758 2667 Enimvero
789 2605 991 2678 siquid
1023 2603 1238 2659 ethnici
1259 2602 1534 2657 adversus
1562 2599 1925 2656 Christianos

277 2705 352 2760 de
381 2699 723 2756 credulitate
755 2712 860 2752 sua
903 2694 961 2748 in
1027 2696 1190 2747 tanta
1230 2689 1334 2744 illa
1377 2689 1640 2744 omnium
1675 2687 1928 2758 trepida-

279 2792 441 2848 tione
469 2787 820 2844 remiserunt
851 2787 865 2851 ';
899 2779 1118 2838 atalius
1143 2776 1686 2850 utiquecampusiis
1720 2773 1926 2847 patuit,

281 2883 343 2936 in
377 2896 490 2951 quo
522 2877 708 2932 virtus
735 2888 935 2928 eorum
968 2885 1268 2924 excurrere
1300 2864 1686 2938 cognoscique
1709 2867 1927 2934 posset,

266 2995 294 3022 ‹‹
334 2968 538 3040 Erupit
567 2962 964 3038 postmodum,
991 2957 1184 3030 inquit
1224 2955 1463 3012 Pontius
1494 2953 1575 3017 (in
1621 2954 1748 3008 ead.
1789 2954 1925 3040 Vita,

267 3078 327 3116 n.
357 3059 435 3132 9),
455 3039 594 3112 flues
627 3055 753 3108 dira
784 3047 1218 3108 etdetestabilis
1239 3045 1423 3101 morbi
1443 3043 1685 3098 vastitas
1717 3039 1918 3132 nimia,

261 3129 610 3205 innumeros
639 3161 741 3216 per
773 3141 923 3195 diem
977 3135 1225 3210 populos
1258 3152 1290 3188 a
1321 3151 1430 3189 sua
1461 3147 1753 3204 quemque
1785 3129 1918 3184 sede

263 3240 515 3309 abrupto
546 3235 767 3306 impetu
802 3229 1058 3301 rapiens,
1119 3225 1488 3280 continuatae
1521 3237 1624 3294 per
1654 3219 1919 3275 ordinem

268 3329 477 3384 domos
535 3322 690 3395 vulgi
739 3318 1044 3375 trementis
1100 3314 1334 3369 invasit.
1393 3312 1636 3367 Horrere
1693 3323 1918 3408 omnes,

269 3419 494 3490 fugere,
552 3413 703 3469 vitar
760 3407 1117 3479 contagium,
1174 3418 1458 3475 exponere
1516 3416 1655 3456 suos
1718 3407 1917 3500 impie,

270 3505 445 3581 quasi
478 3521 608 3560 cum
643 3501 740 3556 illo
776 3504 934 3572 peste
956 3495 1238 3550 morituro
1261 3491 1435 3548 etiam
1461 3493 1705 3545 mortem
1730 3491 1920 3559 ipsam

270 3578 486 3668 aliquis
521 3595 714 3664 posset
744 3587 1067 3645 excludere.
1101 3583 1378 3638 Jacebant
1411 3579 1660 3668 interim
1702 3578 1759 3632 in
1803 3580 1924 3631 tota

268 3667 501 3744 civitate
533 3699 643 3738 non
674 3683 793 3750 jam
823 3673 1190 3748 corpora,sed
1206 3672 1488 3727 cadavera
1516 3667 1920 3741 plurimorum,

268 3777 328 3830 et
359 3767 815 3827 misericordiam
848 3764 905 3817 in
956 3778 1018 3816 se
1079 3755 1507 3814 transeuntium
1567 3751 1925 3824 contempla-

272 3863 432 3918 tione
462 3859 636 3915 sortis
659 3859 874 3910 mutuae
905 3849 1266 3922 flagitabant.
1302 3868 1330 3895 »
1367 3846 1468 3900 Hic
1497 3849 1626 3900 tum
1685 3842 1924 3899 Cartha-

277 3949 434 4024 ginis
461 3942 947 4019 frequentissimae
988 3938 1150 3994 urbis
1209 3939 1480 4008 aspectus
1527 3938 1650 4024 erat
1685 3949 1696 3987 :
1734 3950 1836 4024 nec
1865 3930 1925 3986 in

275 4021 444 4097 tanta
475 4035 776 4092 hominum
800 4030 962 4086 clade
1011 4033 1248 4099 tamque
1281 4023 1598 4079 miserabili
1657 4021 1928 4094 squalore

279 4136 455 4201 atque
484 4124 827 4190 luctu,inter
854 4119 1118 4175 ethnicos
1152 4114 1571 4177 inveniebatur,
1596 4111 1693 4184 qui
1727 4127 1926 4201 curam

279 4200 522 4277 suorum
553 4212 893 4284 susciperet,
928 4220 1208 4280 opemque
1239 4201 1692 4275 implorantibus
1725 4200 1931 4255 subve-

282 4310 454 4366 niret.
488 4309 563 4360 At
593 4319 704 4359 non
766 4300 885 4355 haec
927 4294 1238 4352 Christiani
1299 4295 1558 4364 spectare
1614 4287 1926 4344 immiseri-

281 4399 488 4457 cordes
531 4398 786 4466 potuere,
833 4393 934 4444 aut
957 4391 1041 4441 tot
1073 4384 1318 4440 miseros
1374 4381 1433 4435 in
1491 4379 1593 4435 illa
1622 4377 1819 4450 inopia
1873 4381 1930 4433 et

2100 1797 2196 1853 IlI.
2232 1797 2441 1854 Verum
2473 1799 2627 1855 inter
2666 1800 2770 1856 has
2826 1819 2996 1857 curas
3054 1805 3524 1862 animadvertetis
3569 1806 3674 1878 Cy-

2029 1887 2292 1957 prianus,
2327 1887 2481 1943 haud
2515 1888 2736 1958 deesse,
2769 1891 2869 1961 qui
2895 1892 3298 1964 magnitudine
3330 1893 3678 1951 calamitatis

2030 1977 2237 2047 abjecti
2297 1978 2750 2046 conciderent,et
2805 1997 2930 2050 quas
2979 1997 3210 2037 summo
3270 1982 3366 2038 Dei
3413 1984 3677 2039 omnium

2031 2064 2262 2120 Domini
2323 2064 2565 2121 consilio
2638 2071 2696 2121 et
2744 2065 3040 2123 voluntate
3098 2069 3332 2138 ﬁebant,
3393 2072 3679 2143 patienter

2030 2151 2295 2221 tolerare,
2329 2160 2384 2208 et
2404 2170 2569 2225 aequo
2616 2155 2812 2210 animo
2862 2156 3008 2211 ferre
3067 2159 3359 2215 nescirent
3391 2178 3404 2216 :
3439 2177 3511 2215 ne
3572 2161 3675 2215 hos

2031 2241 2265 2312 quidem
2289 2242 2527 2307 oblitus,
2569 2244 2856 2314 Optimum
2889 2245 3219 2316 aegritudini
3268 2265 3469 2304 eorum
3501 2267 3679 2305 reme-

2032 2330 2194 2385 dium
2231 2331 2474 2402 paravit,
2505 2331 2653 2388 libro
2701 2333 2772 2388 ad
2805 2350 3004 2389 eorum
3058 2335 3487 2393 institutionem
3537 2336 3679 2410 prae"-
3713 2348 3720 2356 '

2034 2421 2270 2492 scripto,
2303 2421 2395 2476 cui
2455 2424 2528 2478 de
2591 2425 2928 2480 mortalitate
2985 2425 3209 2481 titulem
3268 2427 3419 2483 fecit.
3469 2432 3677 2484 Osten-

2035 2510 2169 2564 dere
2199 2509 2354 2564 enim
2388 2510 2553 2566 nisus
2583 2517 2692 2577 est,
2754 2513 3044 2583 permulta
3073 2531 3201 2570 esse
3251 2517 3423 2589 bona,
3456 2535 3582 2590 qua:
3615 2534 3682 2574 ex

2033 2600 2164 2668 ipsa
2223 2605 2408 2653 morte
2464 2600 2522 2653 in
2584 2599 2944 2657 Christianos
3002 2605 3207 2660 1452
3268 2607 3684 2663 redundarent.

2040 2709 2067 2736 «
2100 2686 2243 2749 Quid
2279 2686 2458 2757 aliud,
2492 2685 2681 2742 aiebat
2722 2689 2818 2755 (De
2847 2692 3067 2746 mortal.
3095 2696 3136 2759 ),
3170 2691 3226 2746 in
3257 2694 3476 2749 mundo
3508 2712 3682 2765 quam

2039 2791 2235 2846 pugna
2255 2775 2534 2831 adversus
2583 2777 2881 2832 diabolum
2915 2781 3174 2848 quotidie
3219 2782 3460 2851 geritur,
3504 2799 3679 2854 quam

2037 2865 2316 2920 adversus
2340 2864 2540 2935 jacula
2568 2866 2696 2936 ejus
2725 2873 2782 2921 et
2814 2867 2928 2922 tela
2975 2869 3503 2926 conflictationibus
3535 2873 3682 2927 assi-

2039 2952 2172 3007 duis
2203 2953 2516 3008 dimicatur
2545 2954 2570 3008 ?
2596 2970 2730 3009 cum
2775 2955 3015 3011 avaritia
3046 2957 3234 3025 nobis,
3298 2976 3432 3016 cum
3489 2961 3682 3034 impu-

2037 3041 2256 3108 dicitia,
2289 3059 2421 3096 cum
2467 3042 2573 3111 ira,
2635 3059 2768 3098 cum
2825 3047 3142 3101 ambitione
3196 3064 3544 3120 congressus
3575 3055 3682 3114 est.

2034 3147 2168 3186 cum
2201 3130 2531 3186 carnalibus
2563 3133 2740 3200 vitiis,
2793 3151 2924 3188 cum
2985 3135 3273 3192 illecebris
3306 3139 3684 3195 saecularibus

2031 3219 2269 3275 assidua
2313 3228 2368 3275 et
2425 3219 2671 3276 molesta
2729 3221 2970 3278 luctatio
3020 3230 3161 3280 ‘est.
3208 3225 3462 3282 Obsessa
3516 3245 3687 3284 mens

2031 3309 2286 3364 hominis
2315 3314 2372 3364 et
2405 3309 2664 3381 undique
2696 3311 2911 3366 diaboli
2942 3312 3311 3370 infestatione
3345 3315 3686 3385 vallata,vix

2031 3399 2284 3454 occurrit
2314 3398 2582 3469 singulis,
2616 3399 2708 3454 vix
2741 3400 2978 3456 resistit.
3021 3403 3079 3457 Si
3119 3404 3362 3460 avaritia
3392 3411 3686 3476 prostrata

2031 3493 2139 3556 est,
2174 3489 2435 3558 exsurgit
2465 3488 2647 3543 libido
2683 3513 2696 3554 ;
2730 3491 2778 3543 si
2812 3489 2993 3546 libido
3025 3508 3361 3564 compressa
3406 3500 3515 3561 est,
3549 3512 3683 3552 sue-

2032 3577 2185 3630 cedit
2239 3577 2480 3632 ambitin
2536 3602 2550 3646 ς
2604 3577 2654 3633 si
2711 3579 2952 3636 ambitio
3028 3588 3362 3654 contempta
3434 3589 3543 3655 est,
3599 3583 3684 3641 ira

2034 3671 2357 3736 exasperat,
2390 3666 2555 3721 inﬂat
2585 3668 3202 3737 superbia,vinolentia
3235 3672 3685 3737 invitat,invidia

2035 3755 2402 3808 concordiam
2464 3756 2705 3826 rumpit,
2779 3757 3098 3813 amicitiam
3155 3758 3316 3815 zelus
3372 3760 3686 3817 abscindit.

2035 3843 2271 3913 Cogeris
2304 3843 2666 3911 maledicere,
2701 3846 2854 3914 quod
2886 3845 3081 3902 divina
3110 3847 3198 3902 lex
3231 3848 3517 3920 prohibet,
3533 3865 3692 3904 com-

2040 3931 2510 4002 pellerisjnrare,
2547 3935 2699 4004 quod
2757 3952 2872 3989 non
2906 3933 3057 3991 licet.
3114 3937 3220 3992 Tot
3259 3938 3690 4009 persecutiones

2039 4021 2272 4076 animus
2305 4022 2562 4091 quotidie
2597 4023 2832 4094 patitur,
2867 4029 2952 4079 tot
2979 4025 3253 4095 periculis
3286 4031 3485 4098 pectus
3518 4043 3687 4100 urge-

2037 4115 2135 4164 tur
2164 4127 2176 4164 :
2212 4117 2268 4164 et
2296 4110 2544 4165 delectat
2576 4112 2668 4166 hic
2692 4113 2843 4166 inter
2874 4113 3088 4167 diaboli
3127 4113 3352 4184 gladios
3376 4115 3473 4170 diu
3509 4120 3684 4185 stare,

2038 4215 2169 4253 cum
2204 4199 2392 4269 magis
2423 4199 2957 4269 concupiscendum
3001 4201 3076 4256 sit
3133 4210 3188 4257 et
3245 4204 3565 4274 optandum
3611 4205 3684 4261 ad

2038 4288 2332 4342 Christum
2366 4288 2741 4343 subveniente
2778 4288 3026 4344 velocius
3061 4299 3246 4345 morte
3280 4310 3586 4362 properare
3613 4292 3686 4348 7»

2039 4383 2230 4447 Atque
2253 4377 2360 4431 hoc
2391 4375 2486 4430 ille
2517 4377 2772 4447 primum
2792 4378 2849 4431 iu
2867 4379 3690 4450 bonisnumerabat,totmalis

282 4451 602 4546 solitudibe
631 4481 717 4537 vel
740 4451 1134 4536 alienissimos
1178 4473 1302 4527 sine
1333 4469 1589 4525 subsidio
1620 4484 1747 4523 esse
1778 4466 1929 4538 passi
1965 4451 2008 4516 Ι)
2041 4481 2256 4533 carere,
2290 4481 2595 4536 aevumque
2626 4467 2860 4520 beatum
2917 4471 3090 4538 atque
3123 4474 3402 4524 internum
3435 4469 3551 4524 vita
3581 4470 3691 4525 hac

284 4583 462 4636 sunt:
501 4589 648 4647 quos
679 4570 852 4626 etiam
876 4562 1145 4639 Cypriani
1200 4559 1386 4616 oratio
1444 4559 1511 4614 ad
1572 4573 1804 4612 summa
1835 4554 1934 4610 illa

286 4667 520 4740 pietatis
598 4666 654 4719 et
712 4652 1119 4714 misericordiae
1190 4649 1391 4704 munia
1445 4648 1930 4740 inflammaverat:

283 4732 428 4812 Nam
464 4757 835 4810 convocatam
870 4749 1038 4799 antea
1094 4740 1317 4813 plebem
1353 4737 1599 4809 egregiis
1641 4732 1934 4805 Evangelii

287 4843 655 4902 documentis
730 4836 1122 4892 instituerat:
1185 4852 1212 4879 «
1282 4827 1407 4882 Non
1482 4841 1609 4881 esse
1669 4822 1934 4878 mirabile

290 4939 503 5009 (Pent.
569 4933 626 4986 in
687 4930 801 4985 Vita
846 4928 1118 4996 Cypr.,p.
1165 4920 1244 5009 9),
1305 4917 1352 4972 si
1412 4920 1643 4971 nostros
1702 4917 1931 4968 tantum

291 5008 482 5081 debito
516 5018 773 5078 caritatis
822 5010 1101 5083 obsequio
1156 5008 1523 5063 foveremus:
1584 5019 1718 5058 eum
1801 5017 1933 5073 per-

291 5119 505 5172 fectum
538 5123 708 5183 posse
739 5103 884 5172 ﬁeri,
921 5100 1020 5172 qui
1053 5097 1183 5170 plus
1240 5094 1460 5167 aliquid
1503 5091 1814 5183 publicano
1830 5087 1933 5183 vel

288 5179 748 5260 ethnicoi‘ecerit
783 5212 795 5259 ;
821 5189 918 5263 qui
956 5188 1176 5244 malum
1200 5187 1350 5242 bono
1379 5183 1700 5251 vincens,et
1729 5179 1934 5235 divinae

289 5291 606 5351 clementiae
650 5286 836 5341 instar
882 5293 1173 5343 exercens,
1235 5273 1503 5328 inimicos
1560 5285 1806 5366 quoque.
1847 5267 1933 5368 di:

288 5383 495 5440 lexerit
527 5397 538 5436 ε
569 5377 666 5450 qui
700 5390 800 5446 pro
867 5365 1340 5443 persequentium
1402 5379 1462 5416 se
1502 5360 1709 5423 salute,
1762 5359 1937 5450 sicuti

297 5445 802 5530 Dominus-monet
844 5466 899 5517 et
955 5459 1241 5523 hortatur,
1302 5452 1519 5513 orarit;
1557 5475 1576 5498 ι
1655 5454 1779 5502 tum
1839 5445 1938 5501 illa

291 5564 470 5623 etiam
502 5554 806 5614 addiderat
836 5569 849 5608 :
891 5571 918 5606 ι
947 5546 1094 5608 Oriri
1153 5549 1306 5601 Deus
1339 5542 1473 5603 facit
1501 5538 1724 5614 jugiter
1753 5535 1938 5595 solem

2044 4554 2257 4610 misera
2279 4561 2336 4610 et
2365 4555 2585 4608 caduca
2633 4560 2876 4610 mutare.
2915 4555 3023 4610 Sed
3083 4556 3181 4612 illa
3220 4558 3422 4629 etiam,
3474 4559 3692 4631 quibus

2042 4650 2168 4699 tum
2201 4661 2442 4715 corpora
2492 4643 2945 4708 afﬂictabantur,
2988 4646 3330 4702 Christianis
3383 4648 3537 4703 mala
3575 4664 3692 4703 non

2043 4751 2170 4788 esse
2191 4733 2452 4788 docebat.
2492 4757 2511 4780 α
2548 4733 2685 4795 Hoc,
2717 4733 2910 4802 inquit
2953 4736 3156 4808 (ΗΜΛ),
3193 4737 3344 4809 quod
3379 4753 3534 4792 nunc
3564 4753 3690 4790 cor-

2044 4823 2200 4895 poris
2230 4823 2381 4876 vires
2409 4821 2639 4877 solutus
2671 4821 2956 4878 inﬂuxum
2988 4830 3186 4881 venter
3213 4826 3514 4896 eviscerat,
3534 4825 3689 4896 quod

2066 4931 2098 4966 n
2161 4911 2410 4966 faucium
2471 4912 2713 4966 vulnera
2771 4921 3084 4984 conceptus
3138 4915 3479 4969 medullitus
3537 4913 3691 4985 ignis

2043 5007 2341 5066 extestuat,
2386 5001 2540 5072 quod
2591 5001 2827 5054 assiduo
2911 5003 3129 5056 vomitu
3186 5003 3465 5057 intestina
3540 5018 3692 5073 qua-

2045 5093 2290 5154 tiuntur,
2324 5090 2478 5160 quod
2511 5088 2662 5144 oculi
2689 5089 2739 5142 vi
2797 5091 3102 5160 sanguinis
3133 5090 3691 5161 inardescunt,quod

2046 5181 2436 5251 quorumdam
2474 5177 2563 5232 vel
2636 5178 2834 5248 pedes,
2893 5178 2977 5234 vel
3037 5180 3246 5252 aliquas
3294 5180 3692 5235 membrorum

2046 5274 2238 5341 partes
2262 5267 2529 5338 contagio
2581 5266 2858 5320 morbida:
2908 5269 3240 5338 putredinis
3289 5274 3687 5340 amputantur,

2047 5359 2199 5430 quod
2236 5357 2627 5429 perjacturas
2676 5359 2732 5409 et
2785 5356 3002 5410 damna
3054 5375 3384 5429 corporum,
3421 5374 3693 5429 prorum-

2048 5451 2218 5518 pente
2247 5441 2639 5516 languore,vel
2673 5441 3011 5499 debilitatur
3030 5445 3313 5514 incessus,
3335 5445 3425 5501 vel
3457 5444 3694 5500 auditus

2048 5535 2394 5603 obstruitur,
2422 5530 2511 5588 vel
2561 5535 2807 5588 cmeatur
2844 5538 3137 5608 aspectus,
3171 5536 3243 5590 ad
3274 5536 3701 5591 documentum
