4112 6174
559 323 706 382 1511

2047 313 2435 375 MORCELLI

3717 325 3825 384 15H

559 450 786 524 proficit
817 448 974 504 fidei.
1004 451 1215 503 Contra
1231 449 1316 503 tot
1345 445 1603 518 impetus
1625 445 1912 500 vastitatis
1930 445 2205 501 etmortis
2234 449 2286 515 Α
2321 445 2563 499 Litteras
2588 460 2798 516 nempe
2827 445 2898 498 ab
2931 444 3215 516 episcopis
3257 444 3545 502 Numidicis
3593 461 3829 524 acceperat,

557 539 894 597 inconcussi
929 537 1106 593 animi
1139 536 1454 590 virtutibus
1491 534 1783 606 congredi,
1819 539 2040 606 quanta
2071 550 2202 605 pec-

557 632 700 687 toris
735 627 1074 700 magnitudo
1090 631 1198 695 est,
1231 628 1449 696 quanta
1470 622 1804 680 sublimitas
1832 623 1985 677 inter
2005 621 2208 678 ruinas

557 721 786 795 generis
811 715 1055 774 humani
1086 720 1241 770 stare
1267 717 1544 779 erectum,
1580 728 1685 768 nec
1713 727 1847 767 cum
1879 711 2207 784 eis,quibus

559 829 694 884 spes
723 810 782 864 in
826 813 1005 863 Deum
1038 805 1200 860 nulla
1231 807 1338 872 est,
1373 803 1570 874 jacere
1599 805 1978 874 prostratum.
2014 822 2042 850 «
2072 801 2204 856 Jam

559 908 616 959 et
643 905 728 957 tot
755 904 970 954 mortes
991 893 1256 950 beneficii
1287 891 1412 948 loco
1470 891 1769 947 habendas
1809 907 1936 947 esse
1965 894 2206 946 conten-

561 992 756 1048 debat.
818 1009 846 1037 «
907 982 1243 1057 lmprovidi,
1297 981 1491 1054 inquit
1537 981 1726 1053 (Ibid.,
1800 997 1856 1052 p.
1930 979 2075 1051 155),
2151 981 2209 1034 et

559 1078 774 1154 ingrati
800 1092 1025 1144 sumus,
1061 1074 1267 1129 fratres
1298 1070 1688 1138 dilectissimi,
1721 1070 1793 1124 ad
1826 1068 2023 1124 divina
2040 1067 2210 1123 bene-

557 1171 710 1237 ficia,
775 1183 879 1224 nec
945 1164 1082 1236 quid
1163 1161 1332 1218 nobis
1379 1161 1728 1226 conferatur,
1807 1158 2205 1231 agnoscimus.

557 1259 858 1318 Excedunt
885 1269 1016 1312 ecce
1049 1253 1106 1308 in
1151 1267 1292 1323 pace
1320 1254 1462 1306 tuta:
1493 1266 1624 1305 cum
1649 1247 1833 1322 gloria
1886 1265 1996 1303 sua
2039 1246 2210 1320 virgi-

555 1365 682 1418 nes,
713 1345 1002 1403 venientis
1030 1339 1370 1399 Antichristi
1402 1339 1594 1394 minas
1651 1342 1707 1392 et
1737 1336 2097 1408 corruptelas
2148 1340 2209 1393 et

557 1437 865 1510 lupanaria
898 1450 1012 1489 non
1043 1433 1318 1487 timentes
1351 1445 1364 1484 :
1391 1428 1556 1500 pueri
1610 1427 1933 1500 periculum
1969 1425 2206 1482 lubrica

557 1526 744 1584 aetatis
775 1525 1046 1589 evadunt,
1100 1521 1171 1576 ad
1239 1517 1612 1575 continentia:
1659 1521 1832 1589 atque
1861 1516 2206 1572 innocentiae

558 1617 862 1691 praemium
899 1611 1138 1669 feliciter
1169 1609 1550 1682 perveniunt:
1589 1611 1883 1663 tormenta
1930 1608 2056 1679 jam
2089 1622 2205 1662 non

554 1708 722 1764 timet
751 1703 998 1762 delicata
1031 1705 1316 1767 matrona,
1361 1702 1584 1753 metum
1643 1696 2088 1769 persecutionis,
2147 1699 2206 1751 et

557 1814 773 1854 munus
803 1793 1212 1862 cruciatusque
1258 1789 1550 1844 carnificis
1595 1787 1880 1842 moriendi
1913 1785 2204 1842 celeritate

554 1887 798 1942 lucrata.
844 1883 1058 1938 Pavore
1115 1877 1493 1934 mortalitatis
1549 1881 1606 1932 et
1659 1876 1939 1948 temporis
1998 1892 2199 1931 accen-

557 1977 777 2032 duntur
814 1971 1016 2045 tepidi,
1067 1967 1550 2038 constringuntur
1589 1964 1838 2031 remissi,
1874 1965 2202 2020 excitantur

557 2064 768 2136 ignavi,
801 2063 1124 2116 desertores
1155 2054 1605 2128 compelluntur,
1656 2061 1719 2109 ut
1750 2055 2008 2121 redeant,
2067 2069 2204 2126 gen-

555 2154 687 2209 tiles
709 2155 1017 2223 coguntur,
1051 2151 1116 2201 ut
1144 2146 1403 2214 credant,
1462 2150 1625 2198 vetus
1654 2143 1914 2198 fidelium
1951 2141 2201 2214 pepulus

559 2243 628 2299 ad
662 2241 918 2313 quietem
949 2240 1204 2300 vocatur,
1267 2233 1337 2288 ad
1371 2234 1552 2288 aciem
1614 2249 1814 2287 recens
1845 2238 1901 2286 et
1929 2231 2202 2302 copiosus

559 2330 845 2388 exercitus
876 2326 1079 2382 robore
1113 2345 1140 2374 «
1181 2322 1412 2378 fortiore
1469 2319 1781 2392 colligitur,
1839 2325 2203 2392 pugnaturos

559 2421 685 2476 sine
712 2423 870 2473 metu
903 2413 1127 2480 mortis,
1188 2427 1320 2464 cum
1381 2407 1626 2481 precium
1681 2409 1922 2476 venerit,
1979 2408 2079 2480 qui
2130 2408 2202 2464 ad

560 2508 830 2566 militiam
861 2511 1122 2574 tempore
1161 2498 1530 2554 mortalitatis
1575 2498 1820 2554 accedit.
1861 2519 1888 2548 »
1927 2497 2205 2553 Hortatur

557 2597 945 2671 postremo,ut
972 2595 1218 2645 mortem
1261 2586 1478 2641 alacres
1509 2590 1969 2654 contemnerent,
2004 2591 2060 2641 et
2089 2601 2202 2657 quo

556 2685 784 2743 venturi
815 2685 1011 2739 essent
1059 2677 1174 2732 laeti
1222 2676 1564 2747 cogitarent.
1601 2696 1628 2724 «
1680 2674 1956 2740 Patriam,
2013 2674 2206 2746 inquit

559 2776 762 2848 (Ibid.),
797 2780 1055 2829 nostram
1105 2765 1444 2839 paradisum
1502 2765 1708 2819 1453
1741 2768 2153 2836 computamus
2188 2779 2202 2820 :

559 2870 832 2940 parentes
861 2858 1220 2933 patriarchas
1258 2854 1470 2910 habere
1521 2854 1646 2923 jam
1703 2852 2005 2924 coepimus.
2055 2852 2203 2919 Quid

557 2974 672 3013 non
702 2951 1168 3028 properamus,et
1198 2943 1511 3013 currimus,
1545 2947 1611 2997 ut
1663 2943 1911 3014 patriam
1945 2946 2203 2998 nostram

557 3046 770 3110 videre,
834 3046 895 3097 ut
933 3041 1202 3112 parentes
1249 3031 1504 3088 salutare
1561 3030 1912 3104 possimus?
1961 3031 2204 3101 Magnus

557 3136 679 3191 illic
697 3150 802 3188 nos
833 3131 1143 3186 charorum
1176 3139 1458 3179 numerus
1515 3125 1833 3193 exspectat,
1868 3125 2202 3192 parentum,

556 3226 828 3289 fratrum,
864 3218 1116 3275 filiorum
1165 3213 1438 3284 frequens
1495 3227 1604 3266 nos
1660 3216 1715 3266 et
1771 3209 2003 3282 copiosa
2030 3197 2276 3266 turbaC

558 3313 869 3377 desiderat,
915 3309 1039 3380 jam
1097 3306 1168 3359 de
1219 3318 1328 3357 sua
1385 3298 1832 3356 incolumnitate
1889 3316 2116 3366 secura,
2151 3304 2208 3356 et

557 3403 747 3462 adhuc
762 3402 832 3456 de
865 3400 1065 3454 nostra
1095 3392 1283 3448 salute
1304 3389 1662 3446 sollicita.Ad
1686 3388 1896 3444 horum
1929 3405 2204 3461 conspec-

553 3499 681 3549 tum
713 3495 768 3547 et
789 3485 1156 3558 complexum
1183 3479 1378 3536 venire
1412 3484 1636 3550 quanta
1663 3476 1848 3532 etillis
1879 3483 1936 3532 et
1957 3477 2202 3532 nobisin

554 3595 864 3638 commune
894 3572 1096 3630 laetitia
1124 3574 1213 3626 est
1246 3567 1473 3634 lQualis
1503 3566 1619 3622 illis
1649 3565 1972 3622 caelestium
2007 3581 2204 3638 regno-

554 3687 686 3726 rum
714 3667 984 3737 voluptas
1019 3663 1145 3717 sine
1201 3659 1410 3713 timore
1441 3657 1748 3723 moriendi,
1781 3661 1838 3711 et
1875 3672 2008 3710 cum
2037 3662 2202 3710 aeter-

554 3758 736 3816 nitate
765 3752 991 3810 vivendi
1013 3765 1187 3823 quam
1211 3763 1444 3802 summa
1475 3751 1531 3800 ct
1562 3749 1840 3816 perpetua
1871 3743 2137 3800 felicitas.
2173 3766 2202 3793 ››

627 3865 722 3922 IV.
757 3862 851 3920 Sic
877 3862 997 3932 jam
1031 3852 1429 3929 philosophari
1453 3852 1736 3907 didicerat
1766 3851 2116 3924 Cyprianus,
2147 3856 2205 3908 et

549 3957 672 4014 haec
697 3952 1002 4025 sapientia,
1038 3962 1214 4019 quam
1247 3943 1590 4014 eloquentiae
1614 3942 1883 4012 junctam
1929 3941 2198 4009 habebat,

551 4043 821 4101 subsidio
851 4045 974 4096 tum
1011 4042 1180 4106 atque
1211 4031 1417 4088 solatio
1451 4029 1656 4084 multis
1689 4029 2035 4085 mortalibus
2057 4029 2189 4086 fuit.

553 4135 689 4190 Late
720 4131 876 4188 enim
907 4131 1111 4197 vagata
1161 4119 1492 4194 pestilentia
1522 4123 1697 4186 est,et
1727 4118 2052 4191 provincias
2074 4136 2198 4191 pas-

2317 534 2603 588 Barbaros
2634 550 2845 605 magno
2878 550 3123 589 numero
3154 533 3208 589 in
3239 535 3559 605 provinciam
3588 537 3830 598 illamirru-

2315 622 2494 695 pisse,
2520 638 2691 695 agros
2730 627 3010 694 vastasse,
3060 623 3310 696 captivos
3361 625 3569 694 multos,
3615 627 3660 682 in
3695 629 3763 686 his
3796 639 3834 688 et

2314 711 2654 784 virgines,in
2679 713 3016 768 servitutem
3055 712 3377 768 adduxisse.
3417 717 3673 786 Rogabaut
3694 725 3832 776 autem

2313 801 2570 873 episcopi
2605 801 2690 856 illi
2725 818 2968 857 numero
3018 807 3146 857 octo
3195 806 3251 858 et
3298 803 3608 875 Cyprianum
3641 813 3686 862 et
3706 812 3834 864 totam

2315 889 2632 946 Ecclesiam
2679 891 3237 964 Carthaginiensem,
3297 896 3357 946 ut
3417 895 3638 964 pecuniae
3677 895 3834 968 aliquid

2316 979 2676 1052 captivorum
2739 981 3215 1037 redimendorum
3269 997 3436 1038 causa
3477 985 3834 1056 suppeditarent.

2315 1079 2561 1135 Exstant
2580 1097 2710 1136 vero
2742 1079 2932 1136 adhuc
2962 1079 3226 1153 Cypriani
3255 1081 3322 1136 ad
3367 1097 3458 1136 eos
3510 1081 3694 1152 litteras,
3729 1086 3833 1139 anti-

2317 1183 2492 1238 quam
2525 1167 2684 1225 illam
2716 1167 3056 1226 charitatem
3090 1169 3388 1242 mutuique
3414 1170 3604 1227 amoris
3625 1175 3837 1245 magnitu-

2317 1256 2511 1312 dinem
2545 1257 2861 1329 spirantes,
2885 1274 3012 1330 quae
3045 1257 3184 1314 olim
3209 1257 3547 1316 Christianos
3572 1276 3731 1316 omnes
3752 1266 3836 1316 tan-

2314 1350 2513 1418 topere
2543 1347 2992 1403 commendabat
3023 1365 3037 1416 ;
3068 1352 3244 1420 atque
3263 1363 3330 1402 ex
3341 1346 3429 1403 his
3446 1348 3569 1420 quid
3585 1348 3840 1422 Cyprianus,

2315 1435 2457 1507 quid
2497 1435 2751 1491 Ecclesia
2807 1435 3162 1508 praestiterit,
3231 1443 3566 1510 compertum
3619 1439 3839 1495 habemus.

2314 1525 2580 1581 Primum
2609 1530 2672 1581 ut
2701 1525 2849 1581 lecta
2878 1525 3129 1598 epistola
3157 1525 3543 1599 episcoporum
3573 1527 3678 1596 fuit,
3702 1527 3840 1584 ﬂetum

2315 1615 2579 1671 omnium
2610 1618 2667 1670 et
2719 1614 3198 1670 lamentationem
3249 1614 3422 1672 fuisse
3450 1621 3675 1688 apparet.
3705 1637 3720 1663 ι
3744 1617 3842 1672 Cum

2317 1703 2592 1771 maximo,
2623 1702 2816 1775 inquit
2844 1703 3034 1775 (epist.
3072 1704 3186 1775 60),
3220 1704 3396 1759 animi
3439 1705 3600 1760 nostri
3625 1704 3844 1778 gemituet

2314 1819 2429 1857 non
2463 1801 2588 1858 sine
2614 1801 2888 1874 lacrymis
2919 1801 3169 1874 legimus
3200 1802 3420 1859 litteras
3456 1809 3664 1869 vestras,
3702 1804 3844 1858 fratres

2310 1889 2624 1957 carissimi,
2655 1907 2805 1961 quas
2836 1891 2908 1946 ad
2960 1907 3065 1946 nos
3124 1907 3229 1962 pro
3268 1889 3573 1946 dilectionis
3597 1896 3751 1945 vestra
3773 1888 3844 1945 θοι.

2308 1977 2612 2034 licitudine
2641 1980 2710 2034 de
2752 1980 2999 2034 fratrum
3032 1985 3370 2035 nostrorum
3409 1984 3462 2034 et
3503 1995 3721 2034 sororum
3760 1996 3845 2049 cap-

2309 2067 2532 2123 tivitate
2559 2067 2799 2123 fecistis.
2832 2088 2858 2120 η
2917 2068 3490 2124 Commiserationem
3535 2073 3696 2122 autem
3733 2067 3843 2121 beni-

2311 2155 2505 2228 gnitas
2533 2155 2689 2212 illico
2721 2173 2785 2212 ac
2832 2156 3153 2213 liberalitas
3207 2163 3507 2213 consecuta
3531 2161 3608 2212 est
3633 2174 3646 2223 ;
3671 2172 3784 2221 nam,
3807 2161 3847 2210 ut

2311 2245 2476 2301 addit
2499 2245 2842 2318 Cyprianus,
2875 2269 2903 2295 «
2934 2247 3133 2302 omnia
3165 2248 3483 2303 secundum
3505 2247 3691 2300 litteras
3712 2244 3846 2299 frater-

2313 2334 2466 2390 nitas
2487 2336 2751 2407 cogitans
2781 2340 2838 2390 et
2863 2334 3126 2390 dolenter
3155 2335 3510 2401 examinans,
3538 2342 3749 2406 prompte
3764 2350 3844 2387 om-

2313 2439 2418 2480 nes
2448 2429 2504 2479 et
2534 2422 2783 2480 libenter
2809 2441 2874 2479 ac
2903 2423 3144 2495 largiter
3175 2424 3437 2480 subsidia
3467 2423 3739 2478 nummaria
3769 2423 3842 2474 frs-

2311 2513 2502 2567 tribus
2535 2511 3168 2584 contulerunt,semper
3200 2513 3435 2584 quidem
3466 2511 3730 2568 secundum
3755 2509 3840 2564 fidei

2314 2618 2432 2656 suae
2456 2601 2792 2656 firmitatem
2817 2602 2888 2655 ad
2916 2617 3064 2672 opus
3096 2601 3198 2656 Dei
3233 2601 3416 2674 proni,
3449 2607 3748 2656 nunctamen
3762 2615 3840 2652 ma-

2313 2691 2403 2763 gis
2435 2692 2504 2747 ad
2537 2708 2711 2764 opera
2731 2689 3012 2747 salutaria
3042 2693 3529 2764 contemplatione
3555 2691 3671 2747 tanti
3697 2687 3842 2745 doloris

2313 2781 2565 2836 accensi.
2627 2802 2656 2829 »
2717 2779 2963 2836 Summa
3011 2787 3212 2836 autem
3263 2781 3476 2838 collata:
3522 2781 3692 2836 “54
3734 2777 3842 2848 stipis

2316 2870 2474 2926 fuere
2495 2870 2611 2925 duo
2639 2869 2824 2925 millia
2852 2873 2908 2925 et
2937 2870 3250 2942 quingenti
3308 2871 3511 2926 scutati
3554 2868 3752 2925 nummi.
3790 2865 3847 2919 Sic

2312 2958 2468 3016 enim
2519 2959 2844 3032 Cyprianus
2887 2959 3157 3032 designat
3194 2977 3208 3016 :
3242 2983 3262 3009 ι
3303 2960 3574 3029 Misimus,
3602 2959 3762 3029 inquit,
3791 2969 3846 3008 se-

2313 3049 2586 3105 stertium
2618 3053 2855 3104 centum
2904 3048 3087 3104 millia
3132 3065 3656 3120 nummorum,qua
3679 3045 3774 3102 istic
3809 3042 3846 3097 in

2314 3138 2681 3205 ecclesia,cui
2705 3138 2776 3193 de
2806 3137 3036 3194 Domini
3064 3137 3436 3211 indulgentia
3461 3131 3846 3211 presumus,cleri

2315 3241 2371 3294 et
2402 3236 2586 3308 plebis
2619 3236 2773 3309 apud
2800 3252 2908 3291 nos
2963 3235 3347 3292 consistentis
3393 3235 3662 3292 collatione
3686 3231 3848 3289 collecta

2315 3328 2472 3392 sunt,
2505 3340 2632 3394 quae
2655 3339 2754 3378 vos
2783 3322 2900 3377 illic
2933 3339 3036 3394 pro
3064 3329 3266 3380 vestra
3309 3324 3591 3398 diligentia
3637 3323 3847 3390 dispensa-

2314 3413 2472 3470 bitis.
2500 3435 2527 3463 ››
2561 3411 2733 3468 Porro
2765 3417 2822 3467 et
2853 3411 2996 3466 illud
3055 3411 3390 3485 Cyprianus
3443 3411 3689 3485 episcopis
3714 3413 3845 3464 notam

2314 3518 2442 3558 esse
2471 3501 2673 3566 voluit,
2706 3500 2846 3572 quid
2879 3499 3130 3572 quisque
3190 3502 3545 3571 contulisset,
3573 3508 3622 3556 et
3648 3513 3780 3571 quare
3811 3495 3845 3548 id

2310 3590 2501 3659 vellet,
2536 3590 2811 3663 praefatus
2840 3593 2964 3646 est:
3005 3613 3026 3639 ι
3091 3589 3169 3645 Ut
3199 3596 3417 3660 autem,
3472 3592 3563 3660 ait,
3601 3591 3759 3645 fratres
3781 3599 3846 3638 uo-

2312 3687 2466 3737 stros
2492 3697 2558 3735 ac
2589 3679 2955 3750 sorores,qui
2987 3679 3058 3734 ad
3090 3678 3205 3736 hoc
3237 3698 3386 3752 opus
3418 3686 3528 3736 tam
3558 3676 3845 3734 necessarium

2312 3775 2580 3843 prompte
2610 3785 2678 3824 ac
2704 3768 2952 3823 libenter
2979 3769 3207 3840 operati
3242 3777 3403 3838 sunt,
3438 3777 3497 3824 ut
3538 3783 3727 3839 semper
3759 3776 3846 3833 ope-

2310 3865 2537 3926 rantur,
2570 3859 2629 3912 in
2662 3862 2854 3913 mente
2887 3857 3145 3913 habeatis
3183 3859 3244 3913 in
3273 3859 3615 3915 orationibus
3636 3855 3800 3919 vestris,
3815 3855 3849 3904 et

2310 3948 2394 4004 eis
2424 3949 2608 4002 vicem
2640 3946 2778 4002 boni
2809 3945 2999 4018 operis
3029 3946 3086 4000 in
3127 3947 3438 4003 sacriﬁciis
3491 3953 3542 4002 et
3566 3946 3773 4018 precibus
3794 3954 3846 3993 re-

2310 4036 2692 4109 pracsentetis,
2726 4034 2961 4090 subdidi
3008 4037 3259 4092 nomina
3305 4037 3646 4110 singulorum
3674 4053 3686 4101 ;
3717 4030 3783 4088 sed
3815 4033 3849 4081 ei

2308 4124 2665 4197 collegarum
2697 4140 2930 4196 quoque
2959 4130 3016 4180 et
3071 4128 3550 4182 consacerdotum
3587 4128 3844 4178 nostrorum,

550 4225 662 4280 sim
693 4223 752 4276 in
783 4235 967 4275 annos
994 4215 1191 4287 plures
1224 4211 1395 4266 modo
1427 4208 1750 4276 remissior,
1769 4208 1937 4264 modo
1969 4208 2201 4280 gravior
2303 4213 2402 4285 qui
2432 4220 2490 4270 et
2528 4213 2640 4285 ipsi
2670 4230 2805 4268 cum
2854 4219 3174 4286 praesentes
3221 4223 3440 4282 essent,
3471 4220 3524 4271 et
3550 4230 3640 4269 suo
3665 4217 3710 4266 et
3732 4202 3848 4280 plebis

549 4311 794 4369 vexavit.
827 4311 1106 4362 Caeterum
1139 4302 1249 4357 hoc
1315 4315 1468 4355 anno
1501 4297 1836 4363 Christiani,
1885 4315 2033 4369 quos
2061 4298 2197 4353 hinc

549 4402 676 4458 lues
707 4398 979 4465 terrebat,
1012 4393 1146 4449 inde
1179 4388 1382 4445 feralia
1413 4386 1746 4460 principum
1779 4387 1970 4442 edicta
1999 4386 2194 4441 exani-

548 4492 809 4558 mabant,
842 4482 1073 4542 relcvati
1105 4497 1174 4536 cx
1204 4483 1365 4550 parte
1393 4480 1551 4542 sunt,
1612 4476 1857 4546 depulso
1915 4474 2191 4547 periculo,

2305 4321 2425 4358 suae
2457 4303 2691 4359 nomine
2721 4303 2987 4375 quaedam
3021 4321 3124 4376 pro
3169 4305 3399 4360 viribus
3430 4303 3761 4361 contulerunt,
3785 4309 3844 4347 n0-

2306 4394 2468 4448 mina
2497 4392 2692 4448 addidi
2727 4411 2740 4462 ;
2773 4398 2830 4448 et
2853 4397 3060 4464 praeter
3088 4395 3488 4464 quantitatem
3527 4391 3763 4466 propriam
3785 4399 3847 4439 no-

2304 4487 2719 4551 stram,eorum
2752 4498 2981 4555 quoque
3014 4483 3353 4540 summulas
3377 4474 3846 4557 signiﬁcavietmisi:

549 4579 704 4652 quod
739 4573 1003 4646 religioni
1039 4587 1238 4628 eorum
1292 4584 1357 4623 ac
1415 4564 1548 4619 fidei
1607 4565 1987 4620 conflabatur.
2042 4564 2192 4621 Maio

2306 4597 2554 4653 quorum
2586 4579 2850 4636 omnium
2882 4581 3207 4636 secundum
3243 4583 3403 4654 quod
3435 4582 3570 4638 fides
3604 4586 3651 4635 et
3675 4574 3848 4632 charitss

545 4651 703 4725 enim
736 4681 933 4720 mense
965 4660 1154 4716 nuntii
1185 4673 1409 4722 venere,
1443 4651 1673 4708 Gallum
1715 4658 1770 4708 et
1806 4652 2196 4708 Volusiauum

546 4777 580 4816 a
611 4755 896 4813 militibus
929 4751 1353 4811 sublatosesse,
1387 4741 1846 4813 eorumqueloco
1879 4745 1937 4797 C.
1970 4741 2195 4798 Julium

550 4846 921 4904 Bmilianum
954 4841 1260 4911 imperare,
1297 4849 1466 4903 quem
1511 4830 1735 4902 origine
1767 4830 2033 4886 Maurum
2067 4847 2196 4887 esse

548 4939 705 4992 fama
761 4938 887 4990 erat
914 4929 1080 5002 (Vict.
1139 4926 1198 4979 in
1248 4923 1540 4993 Epitom.).
1600 4919 1791 4974 Tertio
1842 4926 2039 4976 autem
2095 4925 2198 4976 aut

551 5031 756 5098 quarto
789 5026 918 5096 post
950 5027 1310 5076 mense,cum
1343 5020 1394 5063 el
1427 5009 1520 5064 hic
1556 5011 1626 5063 ab
1670 5009 1922 5064 exercitu
1968 5009 2196 5066 occisus

547 5115 775 5178 fuisset,
808 5109 1144 5166 nuntiatum
1163 5107 1269 5166 est,
1301 5099 1612 5170 imperium
1630 5115 1805 5168 penes
1828 5102 1888 5151 Ρ.
1911 5098 2196 5153 Licinium

549 5204 913 5260 Valerianum
948 5212 1096 5260 esse,
1131 5191 1230 5263 qui
1263 5190 1363 5244 diu
1406 5187 1640 5242 virtutis
1669 5187 1840 5242 laude
1900 5186 2196 5260 floruerat,

552 5311 616 5350 ac
644 5300 772 5349 tum
831 5288 1295 5346 Christianorum
1358 5275 1830 5332 studiosissimus
1884 5277 2196 5332 ferebatur.

551 5386 681 5441 Mox
709 5389 766 5438 ct
797 5373 1141 5453 pestilentiae
1173 5369 1384 5426 modus
1432 5365 1645 5436 aliquis
1675 5367 1903 5437 positus
1935 5366 2197 5424 videtur:

555 5491 693 5530 nam
727 5472 1044 5527 conventus
1068 5463 1138 5519 ab
1164 5477 1229 5516 eo
1264 5457 1584 5514 celebratos
1616 5460 1874 5527 apparet.

621 5581 688 5636 V.
721 5578 829 5633 Sed
857 5573 1040 5630 tristis
1071 5568 1308 5628 omnino
1337 5579 1516 5621 causa
1543 5566 1820 5633 erat,quae
1850 5564 2200 5637 Cyprianum

548 5677 620 5735 ad
645 5673 870 5732 clerum
902 5665 1308 5741 populumque
1360 5655 1800 5716 convocandum
1843 5653 2202 5730 impellebat.

2305 4669 2504 4742 exigit,
2537 4670 2596 4722 in
2648 4669 3011 4725 orationibus
3065 4671 3288 4727 nostris
3342 4679 3401 4726 et
3454 4669 3691 4743 precibus
3715 4659 3848 4717 vestris

2306 4758 2644 4814 meminisse
2675 4759 2920 4815 debetis.
2957 4781 2985 4808 »
3017 4759 3139 4822 Quo
3172 4759 3234 4813 in
3268 4759 3396 4816 loco
3449 4756 3784 4830 intelligimus,
3799 4764 3850 4803 ec-

2305 4845 2614 4902 clesiarum
2643 4853 2698 4902 et
2717 4848 3120 4903 Africanarum
3154 4865 3383 4904 morem
3417 4850 3602 4912 fuisse,
3632 4851 3684 4899 ut
3712 4843 3748 4896 si
3771 4851 3849 4910 qu!

2306 4937 2537 5009 uspiam
2567 4936 3188 4993 calamitasecelesiam
3205 4937 3466 5010 aliquam
3499 4923 3851 4994 afﬂixisset,buic

2307 5033 2520 5081 caeteras
2551 5027 2850 5081 communi
2883 5027 3076 5082 studio
3109 5045 3295 5099 quam
3335 5031 3563 5098 possent
3589 5036 3724 5094 opem
3749 5016 3851 5070 affer-

2307 5121 2454 5170 rent.
2487 5115 2594 5169 Sed
2645 5114 2703 5169 in
2746 5114 2954 5171 litteris
2984 5116 3259 5188 Cypriani
3319 5118 3434 5172 duo
3465 5119 3706 5186 praeterea
3728 5101 3850 5161 admi-

2307 5205 2491 5260 randa
2516 5211 2677 5272 sunt,
2712 5205 2967 5276 primum
2992 5206 3146 5277 quod
3175 5205 3616 5278 postulationem
3643 5200 3850 5272 episcopo-

2308 5311 2439 5348 rum
2472 5294 2734 5348 beneficii
2766 5293 2888 5350 loco
2923 5295 3278 5363 habuerunt,
3309 5295 3550 5350 alterum
3577 5289 3706 5363 quod
3729 5301 3798 5342 eos
3816 5279 3851 5333 in

2320 5382 2534 5439 auxilio
2549 5382 2940 5454 implorando,
2960 5384 3190 5456 quoties
3213 5403 3366 5457 cpus
3383 5383 3850 5449 t‘uerit,utuunquaﬂ

2310 5473 2539 5528 desides
2588 5478 2805 5539 essent,
2862 5473 3396 5530 commonefecerit.
3430 5497 3456 5522 α
3503 5471 3758 5529 Maximam
3799 5460 3849 5514 Ῐη·

2311 5561 2457 5634 quit,
2488 5561 2651 5617 vobis
2682 5563 2900 5634 gratias
2931 5564 3182 5636 agimus,
3219 5564 3378 5636 quod
3429 5578 3531 5617 nos
3559 5565 3725 5614 vestra
3749 5547 3850 5643 solli-

2311 5650 2614 5722 citudinis,
2646 5658 2704 5710 et
2730 5657 2850 5709 tam
2881 5653 3044 5710 bona:
3098 5669 3163 5710 ac
3225 5651 3563 5710 necessariae
3589 5641 3849 5722 operationis
