4112 6174
220 360 349 420 1513

1243 367 1605 428 ANNALES
1653 367 2053 428 ECCLESIIE
2097 368 2541 429 AFRICANAE.

3441 368 3595 427 1514

214 489 506 564 participes
531 507 659 548 esse
705 493 992 561 voluistis,
1027 501 1090 550 ut
1141 497 1421 553 offerretis
1455 499 1621 553 nobis
1671 514 1842 569 agros
1874 501 1926 565 Α
1958 503 2139 562 vocat,
2175 499 2313 569 quia
2345 499 2712 554 Christianus
2742 503 2883 565 erat;
2921 513 3106 569 neque
3132 512 3269 552 eum
3302 496 3599 568 presbyte-

214 583 425 647 uberes,
450 580 508 634 in
540 581 755 651 quibus
786 584 905 655 spei
937 595 1144 640 nostrae
1176 589 1402 641 semina
1450 590 1837 654 mitteremus,

215 669 581 740 exspectaturi
612 686 863 727 messem
888 673 957 729 de
988 674 1370 745 amplissimis
1399 676 1709 747 fructibus,
1742 675 1841 748 qui

213 760 272 813 de
296 758 397 812 hac
424 758 639 815 caelesti
684 764 740 815 et
771 761 1012 818 salutari
1046 766 1379 835 operatione
1410 766 1776 837 proveniunt.
1812 788 1834 817 ι

210 848 337 903 Tum
373 849 443 903 de
476 849 753 920 periculo,
799 852 951 923 quod
983 869 1082 909 eos
1122 870 1327 926 urgere
1360 854 1569 910 iterum
1620 860 1837 927 posset,

209 938 440 1007 adjecit:
480 959 502 989 ι
538 941 606 995 Et
634 946 907 1013 optamus
937 943 1171 1015 quidem
1208 944 1353 999 nihil
1384 945 1499 1000 tale
1531 947 1601 1000 de
1633 950 1840 1001 caetero

212 1028 339 1096 fieri,
373 1032 431 1083 et
477 1029 685 1086 fratres
733 1036 965 1087 nostros
1016 1033 1244 1088 Domini
1295 1034 1599 1105 majestate
1648 1039 1839 1107 prote-

206 1119 337 1182 ctos,
370 1117 442 1172 ab
495 1118 623 1188 ejus
655 1120 811 1175 modi
858 1120 1132 1191 periculis
1175 1120 1500 1178 incolumes
1534 1125 1837 1179 reservari.

206 1206 257 1262 Si
283 1209 478 1262 tamen
500 1208 571 1262 ad
600 1208 1014 1280 explorandam
1040 1211 1223 1266 nostri
1254 1212 1436 1267 animi
1468 1211 1837 1277 charitatem,

204 1300 255 1350 et
281 1295 725 1351 examinandam
767 1298 944 1353 nostri
976 1299 1226 1371 pectoris
1266 1300 1439 1355 ﬁdem
1471 1299 1588 1356 tale
1617 1300 1837 1373 aliquid

203 1382 487 1451 acciderit,
518 1383 698 1440 nolite
728 1388 987 1441 cunctari
1006 1388 1274 1443 nuntiare
1303 1388 1423 1444 haac
1445 1388 1613 1445 nobis
1632 1388 1840 1444 litteris

204 1471 425 1540 vestris,
458 1488 562 1544 pro
604 1479 762 1530 certo
807 1475 1109 1545 habentes,
1141 1477 1443 1534 ecclesiam
1492 1483 1751 1534 nostram
1783 1482 1841 1533 et

204 1560 610 1617 fraternitatem
651 1563 1169 1639 isticuniversam,
1222 1584 1291 1623 ne
1320 1567 1441 1622 haec
1472 1567 1624 1622 ultra
1674 1568 1837 1631 fiant,

202 1648 464 1720 precibus
494 1666 697 1707 orare:
751 1652 800 1708 si
830 1654 982 1709 facta
1012 1655 1247 1727 fuerint,
1278 1655 1528 1711 libenter
1557 1660 1613 1711 et
1661 1655 1837 1727 largi-

198 1740 279 1792 ter
306 1737 574 1793 subsidia
596 1745 893 1810 praestare.
932 1764 952 1791 ι

262 1826 356 1881 VI.
390 1826 491 1883 His
522 1828 832 1885 defunctus
875 1831 1105 1896 officiis,
1156 1832 1477 1906 Cyprianus
1506 1848 1537 1888 e
1567 1848 1627 1889 re
1675 1833 1839 1889 Chri-

192 1915 377 1971 stiana
409 1916 528 1972 fore
558 1918 803 1984 duxit,si
836 1920 1065 1977 animos
1089 1921 1213 1992 jam
1249 1921 1647 1977 misericordia
1676 1938 1839 1978 com-

195 2009 382 2061 motos
413 2008 589 2076 atque
622 2007 796 2062 etiam
832 2013 957 2063 tum
990 2009 1264 2075 calentes,
1296 2010 1443 2066 libro
1472 2011 1544 2065 de
1573 2027 1638 2067 eo
1669 2028 1841 2085 argu-

192 2098 385 2149 mento
414 2092 475 2150 in
517 2094 709 2151 lucem
757 2097 995 2167 emisso,
1030 2099 1248 2155 foveret
1290 2100 1478 2171 magis
1529 2103 1703 2171 atque
1751 2100 1840 2155 in-

202 2182 545 2239 ﬂammaret.
596 2184 798 2256 Itaque
848 2186 957 2241 sub
1007 2186 1157 2241 idem
1208 2192 1442 2259 tempus
1490 2188 1841 2261 opusculum

199 2287 441 2328 aureum
471 2271 654 2328 edidit
684 2274 836 2345 quod
868 2276 935 2331 de
966 2274 1136 2347 Opere
1162 2284 1214 2331 et
1238 2276 1602 2348 Eleemosym's
1630 2276 1844 2333 inscri-

200 2364 363 2431 ptum
396 2366 504 2430 est,
555 2364 805 2418 summis
855 2379 953 2419 eos
1003 2364 1278 2420 laudibus
1326 2371 1694 2438 prosecutus,
1742 2366 1843 2439 qui

198 2450 445 2523 benigne
475 2451 543 2506 de
574 2452 741 2508 bonis
764 2453 887 2507 suis
918 2452 1173 2510 ecclesiae
1196 2455 1657 2526 suppeditarent,
1688 2457 1844 2511 unde

193 2541 491 2611 egentium
525 2540 731 2612 inopiae
762 2543 1188 2599 subveniretur.
1212 2544 1290 2600 Ex
1320 2562 1433 2616 quo
1466 2545 1640 2601 etiam
1672 2545 1846 2600 disci-

194 2645 352 2695 mus,
382 2630 501 2701 jam
537 2634 655 2685 tum
684 2631 865 2685 sacris
898 2632 956 2685 in
989 2633 1213 2687 aedibus
1258 2650 1429 2689 cavos
1460 2634 1691 2689 stetisse
1722 2635 1841 2706 cip-

192 2734 300 2789 pos
331 2718 452 2773 sive
490 2718 819 2783 thesauros,
854 2719 910 2773 in
947 2737 1091 2790 quos
1135 2721 1345 2791 stipem
1380 2723 1630 2793 quisque
1662 2723 1845 2792 conji-

190 2811 378 2862 ceret:
404 2811 462 2860 et
491 2822 712 2861 morem
734 2806 874 2861 item
896 2807 1242 2875 obtinuisse,
1268 2813 1331 2862 ut
1362 2810 1528 2879 panis
1558 2815 1615 2865 et
1641 2811 1844 2865 vinum

189 2894 265 2949 ad
302 2894 654 2950 sacriﬁcium
686 2896 1007 2951 oﬂ‘erretur.
1034 2897 1178 2952 Nam
1207 2902 1504 2954 matronas
1535 2900 1843 2969 quasdam,

191 3000 327 3055 quas
377 2983 497 3038 hac
553 2983 935 3057 negligerent,
994 2984 1079 3041 sic
1127 2985 1470 3059 perstringit
1517 2987 1604 3059 (de
1652 2988 1748 3059 0p.
1796 2992 1848 3044 et

190 3074 559 3145 Eleemosyn.,
609 3091 667 3146 p.
725 3074 871 3145 569):
929 3095 951 3123 ι
987 3074 1268 3147 Locuples
1322 3077 1524 3135 I455
1576 3083 1634 3133 et
1688 3077 1848 3134 dives

192 3180 258 3219 es
291 3166 351 3217 et
394 3161 764 3218 Dominicum
813 3163 1105 3221 celebrare
1146 3169 1203 3221 te
1249 3166 1438 3221 credis
1467 3184 1590 3237 quae
1620 3166 1844 3223 Corban

192 3249 442 3306 omnino
474 3267 590 3306 non
618 3251 880 3323 respicis,
933 3270 1061 3325 quae
1090 3252 1149 3309 in
1180 3253 1550 3310 Dominicum
1595 3256 1721 3311 sine
1750 3272 1844 3311 sa-
1875 3234 1917 3302 C

191 3339 418 3396 oriﬁcio
434 3340 615 3411 venis,
641 3357 767 3413 quas
785 3347 1008 3413 partem
1034 3343 1105 3398 de
1123 3343 1429 3413 sacrificio,
1454 3345 1607 3417 quod
1628 3360 1850 3417 pauper

191 3428 438 3499 obtulit,
471 3430 678 3484 sumis.
717 3452 744 3478 ››
799 3430 994 3487 Fuisse
1034 3431 1211 3488 etiam
1250 3433 1376 3503 jam
1410 3437 1531 3488 tum
1582 3434 1847 3490 addictos

190 3517 454 3591 singulis
484 3518 648 3573 almae
682 3518 844 3574 urbis
877 3521 1213 3592 regionibus
1243 3522 1539 3590 diaconos,
1587 3522 1685 3594 qui
1717 3538 1846 3595 ege-

190 3624 412 3663 norum
435 3607 675 3663 nomina
708 3616 966 3679 nossent,
1001 3610 1378 3682 inopiamque
1406 3610 1682 3679 levarent,
1724 3628 1847 3668 cre-

188 3697 383 3753 dibile
414 3700 517 3751 est.
555 3696 722 3752 Certe
744 3697 802 3752 in
835 3699 1076 3769 synodo,
1102 3717 1276 3771 quam
1300 3700 1505 3756 multis
1526 3706 1659 3772 post
1678 3700 1849 3757 annis

190 3787 313 3842 sub
348 3785 642 3840 Bonifacio
675 3791 863 3841 actam
910 3789 1242 3860 accepimus
1273 3789 1449 3861 (apud
1481 3790 1653 3845 Hard.
1689 3792 1849 3846 Cone.

191 3881 346 3931 tom.
384 3874 450 3942 II,
484 3890 541 3946 p.
575 3875 757 3947 1082),
790 3876 975 3931 cietur
1005 3876 1334 3933 Gaudiosus
1390 3897 1412 3925 ι
1445 3879 1725 3935 diaconus
1757 3895 1850 3935 re—

152 3996 155 3999 ν
187 3964 395 4037 gionis
423 3964 671 4035 quintae:
708 3986 735 4015 ››
786 3968 850 4020 ut
877 3965 1142 4037 exemplo
1188 3966 1351 4023 urbis
1391 3967 1587 4023 Romae
1617 3968 1850 4040 Cypria-

187 4070 319 4109 nus
349 4052 410 4107 in
442 4052 649 4124 primis
689 4052 985 4121 diaconos,
1018 4054 1146 4126 ejus
1176 4056 1333 4111 modi
1378 4073 1632 4124 creasse,
1662 4057 1854 4130 iisque

187 4142 558 4197 miserorum
589 4156 619 4196 e
650 4141 815 4214 plebe
856 4159 1058 4199 curam
1110 4144 1386 4201 detulisse
1426 4146 1721 4218 putandus
1754 4145 1851 4216 sit,

188 4248 385 4305 quam
415 4231 525 4287 sub
557 4233 907 4304 presbyteris
940 4238 1227 4306 gererent.

625 4399 817 4438 ANNUS
847 4400 1223 4441 CHRISTIANUS
1254 4401 1432 4441 CCLIV.

325 4486 706 4555 CYPRIANO,
748 4486 1088 4543 EPlSCOPO
1130 4488 1734 4547 CARTHAGINENSI.

1952 606 2079 642 rum
2105 594 2207 643 aut
2222 589 2558 660 episcopum
2582 589 2781 655 fuisse,
2805 587 3017 642 indicia
3043 587 3158 641 ulla
3175 587 3598 641 demonstrant.

1950 676 2132 732 Multa
2179 676 2330 732 enim
2392 692 2524 732 vero
2556 695 2589 733 a
2631 676 2887 748 Pupiano
2943 675 3228 748 patienter
3291 691 3603 746 perpessus

1950 766 2291 838 Cyprianus,
2343 771 2407 821 ut
2456 767 2527 821 ab
2572 766 2773 820 eodem
2822 765 3046 820 litteras
3104 780 3335 836 quoque
3380 763 3599 834 accepit

1950 854 2308 926 irreligiosas
2346 854 2517 926 plane
2561 861 2733 924 atque
2767 854 3104 923 maledicas,
3137 854 3433 908 hominem
3462 856 3599 907 tan-

1950 944 2082 999 dem
2109 946 2362 999 refutare
2389 960 2703 1016 aggressus
2734 948 2841 1014 est,
2877 941 3120 1013 epistola
3149 942 3495 1014 gravissima
3524 942 3597 996 ad

1949 1049 2082 1088 eum
2114 1033 2351 1104 scripta,
2385 1032 2445 1086 in
2479 1048 2596 1104 qua
2617 1036 2674 1086 et
2699 1031 3039 1103 dignitatem
3072 1031 3599 1100 auctoritatemque

1949 1137 2141 1183 suam,
2174 1138 2349 1192 quam
2381 1120 2478 1176 ille
2507 1120 2883 1193 infringebat,
2904 1120 3112 1175 acriter
3137 1124 3356 1189 tuetur,
3390 1119 3598 1173 adver-

1948 1210 2169 1265 sarium
2203 1215 2260 1265 et
2289 1209 2629 1265 schismatis
2660 1208 3167 1280 patrocinatorem,
3214 1212 3374 1262 extra
3401 1206 3595 1264 Eccle-

1949 1299 2097 1354 siam
2129 1315 2258 1355 esse
2287 1297 2564 1354 declarat.
2598 1320 2626 1348 ‹‹
2650 1297 2833 1364 Unde,
2867 1296 3059 1367 inquit
3088 1296 3282 1367 (epist.
3313 1296 3429 1367 69),
3451 1295 3599 1351 scire

1948 1386 2126 1443 debes
2158 1387 2499 1459 episcopum
2548 1386 2607 1441 in
2639 1385 2895 1441 Ecclesia
2924 1401 3072 1454 esse,
3102 1390 3160 1440 et
3192 1383 3508 1440 Ecclesiam
3536 1382 3599 1440 in

1948 1475 2220 1548 episcopo
2246 1493 2260 1543 ;
2290 1480 2348 1531 et
2377 1475 2427 1531 si
2459 1476 2595 1546 quis
2632 1490 2767 1530 cum
2800 1474 3073 1545 episcopo
3107 1489 3222 1528 non
3254 1473 3347 1541 sit,
3400 1473 3460 1528 in
3493 1473 3598 1528 Ec-

1947 1563 2125 1620 clesia
2155 1581 2268 1619 non
2312 1580 2463 1631 esse,
2514 1568 2572 1618 et
2599 1562 2819 1619 frustra
2874 1561 2988 1617 sibi
3027 1560 3283 1617 blandiri
3327 1577 3450 1628 eos,
3501 1559 3603 1632 qui

1947 1670 2149 1725 pacem
2180 1669 2313 1709 cum
2348 1652 2755 1709 sacerdotibus
2805 1651 2907 1707 Dei
2954 1667 3072 1707 non
3121 1650 3405 1706 habentes
3435 1650 3602 1705 obre-

1948 1747 2116 1814 punt,
2153 1746 2211 1798 et
2236 1742 2484 1798 latenter
2529 1742 2684 1812 apud
2714 1741 3012 1813 quosdam
3056 1740 3493 1795 communicare
3541 1753 3605 1795 se

1946 1831 2211 1897 credunt,
2256 1831 2491 1903 quando
2540 1830 2817 1894 Ecclesia,
2866 1846 2996 1900 quae
3050 1827 3337 1885 catholica
3385 1833 3441 1884 et
3489 1844 3606 1884 una

1953 1924 2061 1986 est,
2085 1920 2271 1976 scissa
2301 1936 2417 1975 non
2448 1919 2527 1975 sit
2552 1935 2741 1990 neque
2762 1918 2969 1989 divisa,
2992 1918 3093 1973 sed
3134 1918 3210 1973 sit
3238 1917 3440 1989 utique
3466 1932 3605 1974 con-

1954 2025 2122 2075 nexa,
2152 2012 2210 2064 et
2230 2008 2648 2064 cohaarentium
2672 2007 2783 2063 sibi
2812 2006 3061 2063 invicem
3086 2007 3456 2062 sacerdotum
3481 2005 3606 2079 glu-

1952 2097 2076 2153 tino
2107 2096 2398 2168 copulata.
2435 2118 2464 2146 »
2494 2096 2713 2153 Ultima
2740 2097 2917 2151 verba
2935 2100 3110 2151 sunt:
3141 2116 3171 2145 «
3202 2094 3393 2150 Habes
3425 2099 3488 2150 tu
3515 2094 3607 2150 lit-

1954 2191 2111 2242 teras
2143 2202 2325 2256 meas,
2349 2192 2407 2241 et
2427 2202 2533 2258 ego
2550 2190 2718 2253 tuas;
2749 2184 2809 2240 in
2831 2184 2924 2240 die
2937 2184 3167 2255 judicii,
3186 2189 3320 2240 ante
3341 2183 3603 2241 tribunal

1954 2274 2170 2331 Christi
2203 2278 2521 2345 utrumque
2550 2272 2908 2330 recitabitur.
2931 2294 2961 2324 »

2028 2399 2097 2456 II.
2144 2398 2334 2455 Alium
2382 2398 2633 2455 habebat
2681 2396 3077 2454 adversarium
3125 2396 3450 2469 Cyprianus
3496 2396 3604 2452 toti

1956 2487 2220 2544 Ecclesiae
2260 2487 2556 2543 catholicas
2603 2486 2907 2556 infestum,
2938 2486 3324 2543 Novatianum
3357 2485 3602 2557 scilicet,

1957 2578 2057 2650 qui
2090 2577 2261 2649 longe
2301 2577 2425 2647 jam
2459 2575 2679 2648 plures,
2730 2592 2907 2647 quam
2937 2575 2997 2630 in
3042 2574 3236 2630 Africa
3276 2574 3604 2642 habuisset,
3688 2604 3691 2605 ν

1957 2671 2118 2724 extra
2165 2666 2417 2721 Africam
2468 2669 2781 2721 sectatores
2831 2665 3199 2730 numerabat,
3232 2680 3336 2719 nec
3366 2679 3396 2719 e
3438 2662 3604 2733 plebe

1958 2756 2171 2826 solum,
2206 2756 2304 2810 sed
2358 2755 2532 2810 etiam
2562 2770 2593 2809 e
2627 2753 2800 2810 clero.
2849 2754 2927 2808 Ex
2976 2751 3067 2808 his
3117 2750 3281 2806 facile
3334 2752 3605 2822 princeps

1958 2849 2082 2900 erat
2111 2844 2434 2899 Martianus
2463 2843 2774 2914 episcopus
2816 2840 3197 2911 Arelatensis,
3232 2838 3482 2894 multum
3513 2839 3606 2894 in-

1959 2933 2339 3005 dignantibus
2361 2932 2602 3004 reliquis
2622 2930 2942 2988 Galliarum
2965 2930 3277 3003 episcopis,
3310 2944 3458 3000 quos
3491 2944 3608 2984 una

1957 3022 2240 3094 professio
2270 3021 2565 3094 Stephano
2585 3019 2850 3077 Pontifici
2882 3019 3135 3075 maximo
3166 3017 3451 3075 catholica
3474 3032 3608 3074 con-

1958 3115 2228 3171 sensione
2250 3114 2545 3188 iungebat.
2576 3114 2764 3178 Quare
2784 3115 2849 3169 ut
2870 3110 3038 3168 multi
3062 3110 3215 3182 apud
3239 3108 3604 3181 Stephanum

1957 3204 2152 3275 ipsum
2184 3205 2255 3259 de
2301 3221 2368 3260 ea
2425 3220 2486 3258 re
2529 3203 2736 3260 1456
2786 3200 2981 3273 questi
3032 3200 3263 3255 fuerant
3309 3198 3601 3270 (Cyprian.

1954 3294 2125 3366 epist.
2183 3294 2295 3366 67),
2330 3294 2412 3348 sic
2460 3292 2774 3349 Faustinus
2812 3291 3121 3362 episcopus
3168 3287 3603 3360 Lugdunensis,

1958 3382 2058 3456 qui
2102 3386 2156 3439 et
2187 3382 2529 3454 dignitatem
2569 3379 2841 3436 Ecclesiae
2868 3378 3345 3449 Carthaginensis
3383 3382 3602 3444 nosset,

1958 3477 2016 3528 et
2045 3470 2317 3544 Cypriani
2348 3469 2671 3527 doctrinam
2705 3484 2941 3525 summa
2969 3484 3103 3523 cum
3134 3466 3347 3522 virtute
3367 3467 3608 3537 conjun-

1958 3566 2113 3616 ctam
2144 3577 2259 3616 non
2283 3560 2599 3632 ignoraret;
2626 3559 2695 3613 ad
2720 3558 2876 3613 hunc
2898 3572 3131 3629 quoque
3156 3556 3432 3611 adversus
3452 3557 3606 3609 Mar-

1959 3649 2193 3705 cianum
2226 3649 2483 3720 scripsit,
2516 3652 2573 3703 et
2620 3648 2692 3703 ab
2741 3647 2942 3702 eodem
2990 3643 3341 3716 impetravit,
3388 3648 3453 3699 ut
3482 3645 3608 3715 ipse

1960 3738 2131 3794 etiam
2166 3754 2370 3811 graves
2397 3736 2635 3792 omnino
2668 3735 2891 3790 litteras
2922 3738 2977 3790 et
3005 3734 3379 3789 vehementes
3413 3734 3606 3788 mitte-

1960 3831 2047 3882 ret
2079 3827 2151 3882 ad
2183 3825 2568 3896 Stephanum,
2603 3826 2657 3878 et
2689 3821 2814 3877 loco
2839 3821 3189 3877 movendum
3221 3819 3607 3885 Marcianum,

1962 3932 2028 3972 ac
2059 3930 2395 3971 successore
2425 3914 2560 3968 dato
2601 3910 2864 3966 Ecclesiaa
2896 3908 3368 3982 prospiciendum
3415 3912 3607 3964 osten-

1963 4005 2141 4061 deret.
2179 4009 2368 4060 Pauca
2397 4018 2537 4058 sane
2568 3999 2843 4072 prafatus
2874 3997 3197 4071 Cyprianus
3242 3998 3313 4053 de
3340 3996 3609 4053 Novatia-

1962 4109 2171 4148 norum
2199 4090 2412 4147 duritie
2435 4106 2501 4145 ac
2523 4088 2827 4145 severitate
2854 4085 3234 4158 implacabili,
3257 4087 3342 4143 sic
3361 4084 3613 4157 Stepha-

1964 4197 2107 4237 num
2151 4179 2525 4253 aggreditur:
2579 4198 2608 4228 «
2639 4178 3003 4249 Quapropter
3046 4176 3232 4231 facere
3278 4179 3334 4230 te
3382 4178 3614 4246 oportet

1964 4268 2338 4342 plenissimas
2355 4267 2579 4323 litteras
2597 4267 2665 4321 ad
2690 4264 3064 4337 coepiscopos
3083 4267 3314 4319 nostros
3331 4263 3389 4318 in
3409 4261 3615 4318 Galliis

1963 4357 2334 4423 constitutos,
2357 4372 2431 4411 ne
2460 4355 2613 4411 ultra
2645 4354 3004 4410 Marcianum
3036 4350 3391 4425 pervicacem
3423 4353 3480 4407 et
3511 4366 3617 4407 su-

1965 4448 2210 4520 perbum
2245 4451 2302 4501 et
2330 4443 2535 4500 divina:
2566 4443 2800 4515 pietatis
2841 4458 2906 4496 ac
2936 4442 3207 4497 fraternas
3246 4439 3456 4496 salutis
3503 4438 3616 4494 ini-

1967 4536 2183 4591 micum
2237 4532 2479 4607 collegio
2512 4535 2711 4588 nostro
2768 4529 3053 4585 insultare
3101 4528 3417 4601 patiantur,
3461 4527 3618 4599 quod

270 4622 321 4678 Ι.
354 4620 635 4676 Consules
666 4620 800 4676 dicti
835 4622 1105 4693 Augusti.
1131 4621 1192 4676 P.
1232 4622 1481 4679 Licinius
1508 4623 1854 4682 Valerianus
1884 4608 1930 4675 D
1966 4625 2213 4680 necdum
2236 4623 2501 4679 videatur
2524 4638 2558 4676 a
2583 4619 2755 4676 nobis
2778 4619 3104 4683 abstentus,
3137 4617 3235 4689 qui
3255 4615 3618 4688 jampridem

180 4712 452 4767 iterum:
512 4713 574 4763 P.
637 4709 892 4765 Licinius
950 4709 1267 4765 Gallienus.
1330 4713 1432 4765 His
1490 4712 1854 4770 consulibus.

182 4798 419 4873 quieta:
442 4814 534 4854 res
564 4798 1027 4853 Christianorum
1066 4800 1223 4853 fuere
1249 4822 1262 4865 ;
1295 4804 1353 4853 at
1384 4802 1711 4870 respublica
1740 4806 1862 4858 tur-

178 4888 337 4945 bari
369 4887 692 4942 Barbaroru
707 4904 760 4940 m
785 4886 1220 4941 incursionibus
1251 4888 1437 4960 coepit,
1462 4894 1520 4945 et
1542 4891 1862 4948 defectione

182 4975 644 5052 provinciarum
690 4974 1026 5047 periclitari.
1080 4976 1273 5032 Africa
1316 4981 1512 5034 tamen
1560 4979 1620 5033 in
1670 4980 1861 5037 officio

179 5066 509 5134 manebat;
545 5082 648 5120 nec
682 5063 801 5119 ulla
828 5064 1096 5119 Ecclesiae
1128 5065 1414 5133 molestia,
1452 5067 1561 5123 nisi
1597 5086 1631 5124 a
1660 5069 1863 5125 dome-

179 5155 379 5213 sticis
419 5153 686 5209 hostibus
736 5153 1103 5208 efferebatur.
1152 5154 1229 5209 Ex
1256 5154 1351 5209 his
1400 5155 1508 5211 fuit
1554 5157 1863 5227 cpulentus

176 5245 452 5318 quidam
482 5243 625 5299 civis
669 5241 1172 5313 Carthaginensis,
1222 5243 1445 5301 assecla
1492 5244 1861 5319 Felicissimi,

176 5334 311 5407 qui
344 5332 621 5389 conviciis
652 5331 1002 5405 Cyprianum
1033 5332 1291 5403 quotidie
1319 5336 1652 5407 appetebat,
1688 5336 1865 5410 finge-

176 5427 432 5493 batque
460 5422 523 5475 in
554 5438 690 5477 eum
723 5420 871 5477 falsa
914 5419 1101 5476 multa
1129 5426 1186 5475 et
1215 5423 1515 5493 probrosa,
1568 5429 1865 5482 auctorem

174 5528 353 5573 eum
384 5509 650 5565 omnium
683 5510 971 5566 malorum
1020 5509 1324 5582 appellans
1355 5515 1411 5566 et
1459 5529 1634 5583 quam
1669 5520 1869 5586 posset

172 5607 507 5661 bonorum
539 5597 769 5653 animos
815 5599 885 5654 ab
940 5615 1006 5655 eo
1050 5598 1411 5655 abalienans.
1460 5601 1683 5658 Nomen
1733 5602 1869 5660 huic

176 5694 342 5753 erat
371 5684 704 5746 Florentius
733 5686 1051 5758 Pupianus,
1076 5704 1251 5761 quem
1282 5688 1604 5762 Cyprianus
1628 5694 1867 5765 fratrem

540 5815 804 5879 PATBOL.
847 5812 957 5879 III.

1959 4714 2149 4784 jactat
2178 4718 2236 4768 et
2266 4711 2563 4783 praedicat.
2597 4709 2752 4782 quod
2775 4706 3094 4763 Novatiano
3115 4706 3382 4773 studens,
3404 4708 3463 4761 et
3492 4705 3622 4775 ejus

1968 4800 2349 4873 pervicaciam
2396 4815 2651 4871 sequens
2682 4815 2716 4852 a
2744 4795 3275 4852 communicatione
3305 4809 3368 4850 se
3419 4798 3623 4849 nostra

1970 4888 2377 4963 segregaverit,
2409 4904 2544 4943 cum
2582 4887 2941 4943 Novatianus
2970 4884 3095 4955 ipse
3125 4900 3297 4956 quem
3330 4882 3620 4954 sequitur,

1970 4978 2109 5035 olim
2155 4978 2460 5034 abstentus
2508 4979 2566 5032 et
2594 4974 2782 5031 hostis
2826 4972 3088 5029 Ecclesiae
3129 4972 3429 5043 judicatus
3460 4969 3555 5026 sit.
3593 4988 3622 5019 ι)

1971 5068 2122 5123 Tum
2152 5067 2332 5137 hujus
2370 5066 2745 5122 damnatione
2794 5063 2983 5118 fusius
3015 5063 3492 5127 commemorata,
3540 5058 3627 5112 in-

1972 5162 2129 5213 stare
2160 5155 2388 5228 pergit:
2441 5176 2469 5204 «
2508 5154 2863 5224 Dirigantur,
2909 5150 3124 5222 inquit,
3155 5149 3213 5204 in
3264 5147 3622 5221 provinciam

1974 5250 2029 5302 et
2072 5244 2141 5301 ad
2190 5243 2417 5316 plebem
2466 5241 2696 5297 Arelate
2747 5239 3164 5295 consistentem
3214 5256 3248 5292 a
3294 5242 3350 5292 te
3396 5236 3623 5305 litterae,

1975 5334 2191 5406 quibus
2222 5334 2488 5389 abstentc
2521 5330 2813 5386 Marciano
2837 5327 2987 5385 alius
3018 5328 3079 5383 in
3110 5327 3303 5384 locum
3325 5327 3453 5397 ejus
3485 5324 3625 5381 sub-

1976 5424 2275 5489 stituatur,
2307 5426 2364 5477 et
2412 5436 2552 5493 grex
2596 5418 2836 5488 Christi,
2898 5418 2998 5489 qui
3044 5417 3105 5472 in
3155 5416 3503 5471 hodiernum
3553 5413 3625 5469 ab

1977 5513 2076 5569 illo
2107 5510 2429 5582 dissipatus
2459 5517 2511 5564 et
2540 5507 2887 5563 vulneratus
2931 5504 3349 5573 contemnitur,
3382 5501 3623 5572 colliga-

1976 5607 2092 5659 tur.
2129 5622 2157 5650 »
2209 5599 2466 5671 Denique
2509 5600 2565 5652 et
2595 5597 2668 5654 de
2694 5595 2964 5667 episcopo
2990 5593 3232 5650 suffecto
3270 5587 3639 5647 commoneri

1980 5708 2042 5750 se
2071 5687 2325 5747 maxime
2352 5684 2617 5763 postulat
2652 5704 2673 5746 :
2703 5706 2732 5738 ι(
2761 5682 3060 5755 Signiﬁca,
3089 5679 3303 5752 inquit,
3334 5677 3510 5752 plane
3538 5691 3646 5732 no-

3294 5802 3374 5889 53.
