4112 6174
519 249 672 309 1515

2036 238 2431 303 MORCELLI

3695 251 3811 310 1516

519 379 611 434 bis
641 378 739 450 qui
770 378 827 433 in
857 377 1050 433 locum
1082 375 1359 431 Marciani
1393 373 1618 430 Arelate
1662 375 1834 431 fuerit
1886 375 2172 431 substitu-
2202 374 2255 441 Α
2288 376 2604 440 conantur;
2636 389 2768 428 cum
2803 372 3179 429 manifestum
3210 375 3298 445 sit,
3330 374 3585 443 eiusmodi
3609 378 3811 438 homines

522 474 639 535 tus,
672 470 735 523 ut
765 467 1042 535 sciamus,
1086 467 1154 522 ad
1189 481 1363 538 quem
1398 466 1604 520 fratres
1636 470 1867 522 nostros
1899 466 2170 538 dirigere,

524 561 583 613 et
612 555 703 613 cui
733 556 986 611 scribere
1019 555 1358 611 debeamus.
1385 574 1413 603 »
1437 553 1612 609 Porro
1636 569 1855 611 morem
1886 554 2173 627 Cypriane

527 642 783 715 gessisse
811 641 1164 714 Stephanus,
1213 646 1271 697 et
1298 642 1658 697 Marcianum
1694 642 2037 697 deturbasse
2067 657 2173 713 pu-

525 733 742 787 tandus
790 735 897 801 est,
933 747 1120 803 neque
1166 730 1322 786 enim
1354 735 1551 786 vetera
1600 731 1877 804 diptycha
1906 730 2173 787 Ecclesia

524 820 879 877 Arelatensis
928 820 1105 891 (apud
1162 819 1380 875 Mabill.
1442 820 1668 889 Annat.,
1726 825 1766 875 t.
1805 820 1898 891 III,
1959 838 2015 893 p.
2048 818 2173 891 432)

526 910 888 966 Marcianum
920 908 1211 964 referunt:
1260 909 1359 965 sed
1393 909 1524 981 quis
1573 910 1620 964 ei
1656 910 1934 965 suffectus
1980 908 2173 975 fuerit,

525 999 725 1055 minus
774 998 976 1071 liquet.
1032 1000 1101 1052 At
1146 998 1433 1070 Cypriano
1484 1014 1554 1053 ne
1586 998 1694 1054 hoc
1746 998 1983 1070 quidem
2034 998 2174 1053 satis

525 1088 656 1161 fuit,
683 1089 787 1144 sed
817 1087 1137 1143 Novatiano
1168 1087 1280 1159 ipsi
1314 1088 1760 1160 repugnandum
1784 1088 1966 1156 duxit,
1990 1103 2062 1143 ne
2091 1086 2174 1141 la-

524 1179 646 1235 tius
677 1177 898 1234 malum
934 1177 1441 1248 disseminaretur,
1488 1180 1544 1231 et
1575 1176 1876 1249 opusculo,
1910 1178 2063 1248 quod
2098 1176 2177 1233 ad

526 1270 901 1325 Novatianum
947 1267 1269 1323 haereticum
1318 1266 1634 1339 inscripsit,
1667 1284 1998 1339 perversam
2047 1267 2175 1338 ejus

528 1358 852 1415 doctrinam
913 1360 971 1413 et
1027 1354 1441 1413 inexorabilem
1504 1355 1795 1426 animum,
1852 1355 2175 1413 divinarum

530 1448 883 1505 Litterarum
914 1446 1267 1503 testimoniis
1297 1462 1464 1514 usus,
1498 1445 1646 1502 mire
1675 1444 2001 1518 exagitavit.

602 1575 699 1632 III.
718 1576 944 1630 Interea
958 1573 1228 1645 Hispana
1242 1588 1476 1644 quoque
1486 1572 1754 1628 Ecclesia
1766 1572 2175 1628 auctoritatem

528 1663 959 1735 consiliumque
998 1660 1269 1735 Cypriani
1309 1661 1717 1731 requirebant:
1765 1678 1882 1733 quo
1914 1666 2175 1732 tempore

2284 478 2391 519 nec
2416 462 2683 518 Ecclesia
2714 462 2930 518 Christi
2962 479 3133 535 posse
3166 480 3416 535 praesse,
3445 483 3535 522 nec
3559 468 3653 525 Deo
3677 472 3811 526 sacri-

2282 550 2417 607 ficia
2445 551 2649 607 offerre
2679 552 2920 620 debere;
2970 552 3221 608 maxime
3261 570 3384 609 cum
3418 556 3710 629 jampridem
3734 576 3811 616 no-

2284 640 2511 697 biscum
2539 646 2595 697 et
2625 658 2758 697 cum
2792 642 3067 697 omnibus
3092 642 3324 699 omnino
3369 645 3619 717 episcopis
3656 647 3702 702 in
3726 654 3813 705 toto

2284 730 2505 785 mundo
2529 731 2883 800 constitutis,
2918 731 3090 786 etiam
3125 732 3413 788 Cornelius
3439 733 3627 807 collega
3650 743 3813 806 noster,

2284 824 2554 876 sacerdos
2598 820 2877 892 pacificus
2917 837 2984 876 ac
3016 821 3235 891 justus,
3278 826 3331 877 et
3360 825 3602 895 martyrio
3644 842 3815 898 quoque

2284 907 2620 979 dignatione
2656 909 2880 964 Domini
2929 909 3250 966 honoratus
3280 911 3581 982 decreverit,
3599 914 3816 985 ejusmodi

2285 995 2550 1053 homines
2582 999 2652 1053 ad
2703 999 3106 1070 paenitentiam
3156 999 3386 1071 quidem
3432 1002 3674 1073 agendam
3699 1020 3817 1075 posse

2284 1085 2540 1150 admitti,
2592 1087 2662 1142 ab
2714 1088 3080 1144 ordinatione
3111 1097 3301 1145 autem
3344 1087 3471 1145 cleri
3513 1094 3659 1162 atque
3682 1108 3818 1147 sacer-

2284 1174 2461 1230 dotali
2493 1175 2710 1231 honore
2743 1176 3056 1246 prohiberi.
3090 1200 3119 1228 »
3171 1177 3271 1233 His
3300 1178 3519 1234 demum
3550 1181 3762 1252 Cypriani
3782 1188 3821 1237 et

2284 1263 2515 1319 concilii
2558 1266 2686 1336 ejus
2734 1265 2942 1320 litteris
2996 1265 3231 1322 evulsus
3278 1268 3534 1339 Hispanis
3567 1269 3818 1342 scrupulus,

2286 1351 2387 1424 qui
2418 1368 2517 1409 eos
2546 1353 2912 1423 stimulabat,
2960 1355 3366 1427 repudiatique
3395 1356 3639 1429 episcopi,
3668 1358 3821 1429 quibus

2285 1440 2536 1498 reditum
2586 1442 2656 1500 ad
2692 1443 2931 1500 honoris
2981 1446 3070 1501 sui
3123 1445 3320 1501 sedem
3366 1446 3697 1503 interclusum
3732 1464 3821 1503 esse

2285 1534 2598 1587 constaret.

2360 1655 2451 1711 IV.
2482 1658 2555 1711 At
2583 1656 2699 1712 alia
2720 1658 2849 1728 jam
2881 1660 3123 1730 urgebat
3153 1677 3351 1729 causa,
3383 1663 3451 1718 ob
3481 1678 3631 1734 quam
3656 1662 3822 1733 Cypria-

528 1752 785 1826 episcopi
843 1767 912 1808 ex
937 1750 1124 1807 Africa
1172 1749 1584 1822 Carthaginem
1641 1753 2027 1807 convenerant
2070 1766 2175 1804 nu-
2204 1748 2252 1814 B
2282 1760 2394 1799 nus
2455 1745 2763 1815 provincia
2814 1748 3251 1818 proconsularis
3306 1751 3584 1823 episcopos
3621 1767 3823 1807 convoca-

529 1859 687 1900 mero
730 1841 971 1914 triginta
1015 1857 1117 1896 sex
1164 1839 1484 1911 (Cyprian.,
1535 1838 1706 1911 epist.
1746 1840 1858 1911 68).
1902 1839 2171 1912 Ignotum

526 1935 651 1988 erat
681 1928 903 1985 nemini
934 1929 1087 1999 apud
1127 1928 1437 2000 Hispanos,
1470 1926 1781 1984 Basilidem
1831 1927 2172 2000 episcopum

528 2022 598 2076 ad
632 2019 937 2091 Legionem
964 2021 1022 2073 et
1047 2015 1350 2085 Asturica,
1402 2017 1539 2071 item
1572 2016 1896 2072 Martialem
1949 2017 2171 2087 episco-

526 2126 667 2181 pum
700 2107 985 2175 Emerita,
1018 2104 1231 2161 libellis
1254 2103 1592 2160 idololatria
1616 2104 2093 2176 commaculatos,
2116 2108 2175 2161 et

526 2197 910 2252 nefandorum
970 2194 1293 2249 facinorum
1350 2193 1712 2249 conscientia
1766 2194 1989 2249 vinctos
2048 2194 2174 2250 loco

526 2285 829 2342 excidisse.
868 2284 1069 2353 Itaque
1096 2297 1464 2337 successores
1498 2281 1730 2353 utrique
1752 2282 1872 2352 jam
1901 2282 2021 2338 dati
2050 2282 2173 2338 fue-

530 2378 684 2445 rant,
719 2371 955 2428 Basilidi
1006 2369 1283 2436 Sabinus,
1330 2368 1577 2425 Martiali
1627 2369 1804 2438 Felix,
1863 2371 1963 2441 qui
1994 2375 2053 2426 et
2104 2371 2172 2426 ad

532 2462 884 2534 Cyprianum
908 2458 1082 2530 legati
1114 2462 1409 2514 venerant.
1443 2458 1554 2514 Sed
1585 2458 1875 2530 Hispanos
1905 2460 2180 2516 turbabat

533 2550 889 2621 dejectorum
910 2547 1314 2619 episcoporum
1344 2546 1588 2602 audacia
1612 2551 1864 2603 veterem
1896 2547 2177 2604 honorem

534 2639 646 2697 sibi
674 2636 1133 2695 vindicantium:
1188 2653 1324 2692 nam
1352 2637 1481 2715 ejus
1526 2637 1610 2693 rei
1660 2655 1839 2694 causa
1895 2638 2179 2697 Basilides

534 2730 779 2785 Romam
831 2727 1007 2783 etiam
1060 2727 1352 2797 profectus
1390 2727 1599 2796 fuerat,
1656 2747 1683 2780 ι
1713 2733 1772 2783 et
1813 2728 2178 2798 Stephanum

532 2822 621 2891 (ut
648 2816 975 2891 Cyprianus
1003 2815 1275 2886 testatur)
1308 2814 1606 2884 fefellerat,
1642 2822 1707 2871 ut
1742 2818 2065 2873 exambiret
2095 2832 2180 2872 re-

532 2907 670 2980 poni
702 2922 765 2961 se
794 2905 1015 2976 injuste
1045 2904 1105 2959 in
1136 2903 1560 2975 episcOpatum,
1588 2905 1658 2960 de
1689 2922 1804 2977 quo
1839 2907 2025 2961 fuerat
2045 2906 2182 2976 jure

533 2995 903 3068 depositus.»
935 2992 1051 3048 Nec
1083 2992 1278 3047 minus
1302 2991 1530 3048 fallacia
1559 3009 1703 3048 usus
1725 2999 1849 3049 erat
1874 2994 2179 3061 Martialis,

534 3090 600 3140 ut
628 3083 820 3138 locum
844 3086 899 3137 et
929 3082 1053 3152 ipse
1083 3086 1325 3145 teneret,
1343 3082 1498 3136 unde
1520 3083 1740 3153 ejectus
1763 3084 1969 3139 fuerat.
1995 3084 2181 3139 Lectis
2212 3117 2255 3185 Ο

539 3175 719 3245 igitur
738 3170 1127 3227 Ecclesiarum
1158 3170 1368 3225 litteris
1393 3174 1450 3225 et
1479 3172 1679 3228 1457
1719 3172 1925 3243 legatis
1956 3173 2015 3227 in
2047 3189 2181 3227 con-

542 3260 673 3318 cilio
716 3259 951 3330 auditis,
1012 3256 1314 3330 rescripsit
1366 3258 1686 3331 Cyprianus
1732 3275 1802 3315 ex
1830 3260 2185 3334 collegarum

544 3349 853 3417 sententia,
889 3347 1088 3404 omnia
1134 3346 1337 3403 ordine
1384 3347 1598 3418 etjure
1639 3352 1803 3419 gesta
1830 3348 2036 3420 videri,
2082 3365 2187 3405 nec

544 3437 825 3513 Stephani
857 3436 1201 3493 auctoritate
1231 3452 1334 3507 per
1369 3435 1568 3491 dolum
1600 3436 1963 3509 interposita,
1999 3438 2185 3494 ambi-

544 3529 832 3585 tiosorum
854 3524 1094 3595 abolita,
1118 3525 1217 3580 sed
1242 3524 1539 3581 cumulata
1567 3542 1695 3581 esse
1717 3526 1946 3582 delicta.
1971 3527 2188 3583 Deinde

542 3617 852 3687 utriusque
880 3612 1218 3685 complexus
1241 3612 1480 3683 scelera,
1507 3614 1591 3669 sic
1623 3615 1844 3671 clerum
1874 3622 1932 3671 et
1959 3616 2186 3687 plebem

546 3705 856 3763 ambarum
894 3701 1288 3759 Ecclesiarum
1342 3700 1696 3773 alloquitur:
1749 3726 1770 3753 ι
1807 3705 2187 3776 Quapropter,

544 3811 701 3861 cum,
726 3793 879 3850 sicut
898 3790 1238 3863 scripsistis,
1265 3790 1473 3846 fratres
1499 3790 1888 3859 dilectissimi,
1914 3796 1969 3848 et
2000 3799 2063 3848 ut
2093 3794 2190 3850 Fe-

541 3884 620 3939 lix
658 3887 716 3939 et
761 3881 1016 3938 Sabinus
1076 3879 1310 3952 collega
1358 3879 1541 3935 nostri
1598 3886 1952 3950 asseverant,
2014 3888 2188 3954 atque

541 3972 692 4030 alius
726 3970 883 4029 Felix
915 3970 985 4026 de
1028 3969 1473 4042 Caesaraugusta
1504 3969 1635 4026 fidei
1666 3969 1853 4026 cultor
1881 3987 1947 4027 ac
1986 3972 2186 4027 defen-

541 4079 640 4120 sor
685 4058 945 4119 veritatis
994 4057 1207 4114 litteris
1264 4058 1389 4115 suis
1436 4056 1751 4130 significat,
1798 4059 2083 4115 Basilides
2131 4064 2189 4117 et

539 4148 825 4208 Martialis
872 4147 1121 4203 nefando
1178 4145 1515 4203 idololatria
1564 4146 1758 4204 libello
1806 4149 2187 4204 contaminati

538 4238 678 4305 sint,
714 4235 1001 4293 Basilides
1031 4234 1221 4290 adhuc
1248 4233 1509 4306 insuper,
1543 4240 1749 4306 prater
1778 4235 1954 4292 libelli
1990 4253 2187 4292 macu-

536 4326 682 4397 lam,
709 4342 843 4382 cum
876 4326 936 4381 in
966 4324 1308 4379 infirmitate
1339 4322 1731 4396 decumberet,
1763 4322 1821 4379 in
1857 4329 2035 4381 Deum
2061 4325 2186 4381 bla-

536 4412 950 4490 sphemaverit,
982 4418 1040 4470 et
1068 4428 1131 4469 se
1178 4411 1620 4483 blasphemasse
1669 4414 1974 4471 confessus
2003 4414 2099 4485 sit,
2130 4418 2186 4471 et

2282 1836 2389 1887 rat.
2413 1833 2660 1889 Litteras
2692 1835 2847 1890 enim
2880 1853 2912 1891 a
2944 1836 3269 1893 Numidicis
3293 1839 3561 1911 episcopis
3588 1844 3824 1911 acceperat,

2284 1920 2497 1991 quibus
2545 1924 2896 1979 sententiam
2927 1926 3056 1995 ejus
3103 1929 3407 1998 rogabant,
3435 1931 3498 1984 de
3526 1931 3586 1983 iis
3628 1926 3827 1999 quiapad

2282 2008 2562 2065 haereticos
2591 2015 2642 2065 et
2685 2012 3057 2069 :chz'smaticos
3108 2015 3384 2085 baptizari
3411 2017 3655 2083 videnlur,
3690 2034 3744 2069 an
3776 2015 3829 2069 ad

2282 2098 2578 2153 Ecclesium
2607 2100 2955 2169 catholicam,
2998 2119 3119 2173 qua
3172 2122 3288 2159 una
3316 2110 3368 2160 et
3411 2123 3529 2161 vera
3569 2117 3648 2171 est,
3675 2107 3827 2159 venien-

2283 2192 2365 2242 te:
2396 2186 2681 2258 baptizari
2707 2190 2953 2245 debeant.
3004 2192 3116 2248 Res
3170 2193 3327 2249 enim
3357 2193 3470 2248 illic
3513 2195 3565 2248 in
3593 2201 3828 2249 controver-

2286 2275 2434 2330 siam
2466 2282 2666 2331 vocata
2713 2281 2838 2332 tum
2888 2296 3016 2335 esse
3061 2281 3239 2337 abiis
3287 2282 3524 2348 videtur,
3565 2281 3650 2355 qui
3675 2296 3827 2337 morem

2286 2368 2627 2420 caterarum
2661 2361 3051 2424 Ecclesiarum
3085 2376 3320 2441 norant,
3361 2388 3424 2427 ac
3452 2377 3707 2445 propterea
3727 2370 3828 2424 snti-

2287 2452 2421 2524 quis
2469 2454 2779 2527 Agrippini
2838 2456 3096 2529 episcopi
3154 2458 3609 2533 Carthaginensis
3656 2456 3828 2515 decretis

2288 2544 2565 2600 standum
2599 2563 2711 2601 non
2748 2548 3052 2618 putabant.
3102 2549 3407 2608 Enimvero
3438 2567 3555 2607 eam
3585 2550 3827 2623 opinionem

2287 2632 2609 2705 Cyprianus
2656 2636 2852 2692 animo
2904 2636 3241 2707 imbiberat,
3306 2640 3629 2713 penitusque
3662 2638 3829 2694 insitam

2288 2722 2559 2790 habebat,
2585 2740 2815 2779 sacrum
2841 2726 3135 2798 baptisma
3160 2730 3319 2801 apud
3344 2730 3616 2785 hareticos
3635 2734 3679 2784 et
3701 2727 3829 2783 schis-

2290 2812 2556 2881 maticos,
2582 2815 2736 2884 quod
2767 2819 2927 2869 extra
2950 2815 3271 2873 Ecclesiam
3303 2824 3509 2884 essent,
3540 2817 3726 2872 nullum
3749 2828 3833 2870 esse

2290 2916 2479 2971 posse.
2498 2901 2699 2973 Itaque
2716 2904 3185 2971 consuetudinis,
3208 2923 3340 2978 qua
3360 2908 3743 2967 obtendebatur,
3759 2904 3831 2956 vim

2290 2987 2471 3045 levem
2500 2996 2675 3061 atque
2714 2992 3066 3049 imbecillam
3099 2998 3475 3067 agnoscebat,
3503 3000 3554 3051 et
3577 2994 3754 3049 veritati
3775 3008 3833 3046 ee-

2292 3077 2427 3132 dere
2457 3094 2582 3133 eam
2620 3084 2883 3150 oportere
2906 3082 3263 3139 affirmabat.
3299 3085 3478 3157 Igitur
3505 3090 3562 3140 ut
3585 3101 3641 3140 ea
3666 3080 3834 3154 quaestio

2296 3166 2355 3219 in
2397 3167 2638 3223 concilio
2691 3169 2898 3240 agitari
2949 3174 3138 3242 coepit,
3195 3189 3315 3244 qua
3362 3178 3479 3229 erat
3530 3174 3659 3245 apud
3696 3183 3833 3225 omnes

2295 3254 2657 3325 auctoritate,
2692 3257 2859 3314 facile
2888 3258 3157 3331 singulos
3203 3262 3264 3318 in
3297 3263 3621 3319 sententiam
3646 3257 3835 3333 perduxit

2295 3360 2477 3414 suam,
2551 3347 3020 3420 rescriptumque
3090 3356 3181 3406 est
3255 3352 3568 3408 Numidicis
3630 3346 3833 3421 epiSCOl'i’

2297 3434 2502 3491 1458
2560 3434 2617 3490 in
2680 3435 2799 3490 hac
2845 3437 3021 3492 verba
3078 3440 3278 3512 (epist.
3326 3441 3439 3514 70):
3499 3463 3525 3493 ιι
3561 3441 3629 3497 De
3675 3454 3758 3509 qua
3797 3449 3835 3488 re

2298 3539 2630 3595 quanquam
2660 3531 2714 3580 et
2756 3525 2867 3597 ipsi
2899 3526 3018 3582 illic
3048 3528 3359 3587 veritatem
3390 3538 3444 3586 et
3479 3530 3751 3585 firmitatem
3773 3540 3835 3577 ειν

2296 3612 2529 3669 tholica
2549 3612 2757 3686 regula
2798 3617 3069 3687 teneatis,
3102 3621 3307 3676 tamen
3336 3620 3595 3693 quoniam
3622 3612 3837 3674 censuiss-

2299 3700 2405 3756 dos
2436 3719 2540 3757 nos
2572 3719 2675 3774 pro
2696 3705 2995 3760 communi
3012 3706 3330 3765 dilectione
3350 3709 3664 3766 existimatis
3680 3710 3837 3759 senten-

2297 3791 2439 3845 tiam
2468 3797 2730 3847 nostrain
2763 3810 2877 3847 non
2926 3812 3131 3850 novam
3159 3798 3507 3867 promimus,
3556 3797 3640 3853 sed
3670 3788 3838 3865 jamP'l

2298 3878 2430 3934 dem
2462 3879 2533 3934 ab
2566 3882 3034 3938 antecessoribus
3070 3887 3292 3941 nostris
3323 3892 3587 3943 statutam
3614 3890 3659 3940 et
3682 3900 3708 3938 a
3730 3876 3837 3933 nobil

2297 3967 2658 4023 observatam
2709 3969 3009 4026 vobiscum
3052 3974 3179 4045 pari
3213 3974 3583 4032 consensione
3627 3963 3838 4042 conjungi

2298 4073 2450 4124 mus,
2485 4063 2789 4114 censentes
2819 4059 3065 4125 scilicet,
3113 4071 3167 4117 et
3202 4081 3307 4135 pro
3339 4071 3487 4121 certo
3530 4066 3743 4119 tenentes
3774 4070 3836 4109 ne-

2297 4146 2517 4200 minem
2549 4146 2691 4202 foris
2719 4148 2999 4220 baptizari
3030 4156 3195 4207 extra
3226 4153 3538 4210 Ecclesiam
3565 4166 3721 4225 posse,
3752 4156 3835 4200 cum

2297 4234 2374 4289 sit
2396 4234 2705 4307 baptisma,
2727 4253 2909 4292 unum
2929 4238 2986 4293 in
3006 4247 3212 4297 sancta
3233 4242 3488 4299 Ecclesia
3503 4242 3835 4299 constitutum.»

2298 4324 2364 4378 Et
2394 4340 2521 4395 qua
2553 4324 2849 4397 deinceps.
2893 4326 3003 4384 Vix
3032 4331 3354 4388 concilium
3395 4332 3673 4389 dimissum
3700 4326 3835 4381 fuerat

2296 4429 2430 4469 cum
2462 4414 2665 4468 eadem
2696 4418 3091 4493 controversia
3120 4435 3190 4475 ex
3220 4420 3575 4478 Mauretiana
3600 4418 3659 4473 Id
3681 4412 3839 4486 Cypri"

532 4488 936 4579 episcopatum
965 4519 1071 4575 pro
1119 4500 1488 4558 conscientia
1532 4517 1650 4557 sua
1694 4500 1935 4559 vulnere
1980 4508 2188 4575 sponte
2220 4488 2264 4554 Ι)
2296 4520 2438 4559 num
2466 4502 2658 4560 delata
2690 4510 2797 4562 est.
2830 4492 3131 4573 Quarebat
3165 4527 3382 4584 nempe
3421 4513 3665 4580 Quintus,
3689 4503 3839 4577 episco-

534 4595 834 4667 depcnens
866 4592 938 4649 ad
971 4591 1260 4665 agendam
1303 4588 1708 4663 panitentiam
1740 4606 2052 4648 conversus
2083 4593 2181 4664 sit,

532 4684 722 4743 Deum
769 4682 1109 4755 deprecans,
1168 4684 1225 4736 et
1275 4679 1420 4736 satis
1476 4678 1801 4751 gratulans,
1852 4680 1902 4736 si
1951 4680 2065 4736 sibi
2097 4679 2182 4737 vel

531 4773 681 4830 laico
712 4770 1147 4829 communicare
1177 4767 1576 4841 contingeret:
1624 4768 1909 4826 Martialis
1953 4786 2185 4842 quoque

534 4869 741 4936 prater
785 4860 1091 4934 gentilium
1135 4857 1332 4928 turpia
1384 4863 1441 4913 et
1486 4856 1775 4914 lutulenta
1818 4859 2079 4915 convivia
2121 4859 2184 4915 in

533 4952 776 5025 collegio
808 4952 907 5005 diu
943 4949 1327 5020 frequentata,
1356 4950 1413 5001 et
1444 4945 1594 5004 ﬁlios
1614 4947 1674 5002 in
1705 4948 1906 5005 eodem
1940 4948 2183 5021 collegio

532 5050 861 5099 exterarum
893 5037 1156 5110 gentium
1212 5051 1370 5089 more
1423 5037 1576 5106 apud
1627 5038 1870 5108 profana
1916 5037 2185 5110 sepulcra

533 5132 831 5198 depositos
879 5135 931 5184 et
963 5124 1307 5194 alienigenis
1367 5125 1761 5197 conscpultos,
1812 5127 1959 5182 actis
2006 5127 2183 5183 etiam

533 5218 766 5294 publice
796 5214 1014 5273 habitis
1034 5213 1188 5284 apud
1222 5217 1651 5283 procuratorem
1675 5214 2056 5270 ducenarium
2089 5215 2186 5270 ob-

532 5317 893 5380 temperasse
950 5319 1013 5357 se
1058 5300 1427 5368 idololatria,
1478 5305 1532 5356 et
1590 5302 1886 5358 Christum
1937 5320 2183 5376 negasse

534 5398 897 5453 contestatus
929 5392 1044 5460 sit;
1095 5406 1347 5463 cumque
1378 5388 1490 5446 aiia
1522 5390 1704 5447 multa
1755 5392 1874 5448 sint
1902 5397 1959 5449 et
1987 5392 2186 5466 gravia

534 5487 767 5552 delicta,
799 5481 1016 5555 quibus
1043 5479 1329 5538 Basilides
1368 5483 1426 5537 et
1454 5480 1739 5538 Martialis
1780 5481 2065 5555 implicati
2094 5487 2183 5540 te-

531 5580 771 5649 nentur,
817 5574 1038 5633 frustra
1081 5570 1231 5630 tales
1286 5570 1689 5644 episcopatum
1736 5571 1849 5629 sibi
1896 5589 2184 5647 usurpare

2293 4611 2405 4667 pus
2446 4596 2912 4669 Burugiatensis,
2958 4600 3100 4672 quid
3150 4604 3401 4660 sentiret
3440 4604 3504 4659 de
3542 4603 3617 4658 his
3653 4598 3730 4672 qui
3747 4589 3840 4664 αρυά

2292 4682 2575 4741 haereticos
2625 4688 2677 4741 et
2722 4686 3098 4745 schismaticos
3168 4692 3452 4763 baptizari
3502 4690 3734 4747 videnlur.
3774 4676 3837 4735 ῧυί

2292 4773 2614 4845 Cyprianus
2665 4776 2859 4847 (epist.
2912 4778 3022 4850 7i):
3078 4801 3105 4831 ‹‹
3154 4781 3308 4845 Quid
3360 4799 3556 4855 nuper,
3599 4775 3764 4847 inquit,
3803 4767 3837 4819 in

2293 4862 2537 4918 concilio
2581 4863 2820 4935 plurimi
2869 4867 3199 4940 coepiscopi
3249 4886 3383 4925 cum
3432 4856 3838 4942 compresbyterill

2296 4952 2392 5023 qui
2425 4953 2690 5018 aderant,
2724 4955 3149 5021 censuerimus,
3184 4962 3253 5013 ut
3285 4959 3483 5025 scires,
3530 4953 3743 5029 eiusdem
3766 4944 3840 5015 θρί·

2294 5040 2457 5096 stola
2486 5042 2818 5113 exemplum
2852 5043 2955 5098 tibi
2990 5044 3144 5100 misi.
3173 5067 3203 5096 »
3239 5047 3440 5119 Neque
3470 5047 3571 5102 hoc
3596 5042 3835 5100 contentus.

2295 5131 2481 5185 multa
2509 5131 2752 5201 addidit,
2786 5148 2912 5203 qua
2944 5134 3016 5189 ad
3060 5135 3421 5192 sententiam
3465 5152 3615 5193 suam
3642 5126 3835 5186 tuendam

2294 5219 2538 5274 miriﬁce
2586 5220 2775 5275 valere
2806 5221 3219 5279 arbitrabatur.
3257 5247 3287 5276 α
3320 5225 3520 5281 Nescio
3563 5219 3756 5278 etenim,
3787 5211 3837 5264 ἱιι·

2293 5307 2443 5380 quit,
2467 5324 2584 5379 qua
2616 5310 3071 5383 prasumptione
3098 5311 3407 5370 ducuntur
3433 5313 3649 5387 quidam
3686 5308 3741 5362 de
3762 5296 3836 5357 σοι·

2292 5395 2439 5468 legis
2472 5398 2708 5465 nostris,
2742 5402 2807 5454 ut
2853 5403 3079 5472 putent,
3110 5418 3234 5468 eos,
3289 5403 3391 5476 qui
3434 5402 3575 5475 apud
3620 5392 3835 5454 haereticos

2291 5485 2459 5540 tincti
2502 5490 2658 5558 sunt,
2690 5489 2925 5558 quando
2954 5490 3023 5545 ad
3056 5506 3161 5547 nos
3192 5493 3478 5559 venerint,
3510 5484 3740 5563 baptizari
3763 5491 3834 5536 non

2291 5578 2592 5647 oportere;
2642 5592 2709 5633 eo
2758 5578 2915 5651 quod
2963 5579 3162 5639 dicant
3200 5597 3392 5640 unum
3442 5579 3697 5659 baptisma
3739 5580 3832 5633 ωεον
