4112 6174
220 253 365 312 1517

1273 248 1636 310 ANNALES
1680 248 2079 311 ECCLESUE
2122 250 2564 311 AFRICANAE.

3467 255 3623 317 1518

216 384 363 455 quod
394 398 580 438 unum
629 380 851 438 scilicet
907 382 1035 436 ideo
1080 385 1186 451 est,
1249 380 1388 451 quia
1444 381 1698 436 Ecclesia
1748 398 1863 436 una
1893 391 1941 454 Α
1975 400 2089 454 quo
2123 382 2372 437 haretici
2423 388 2686 453 utuntur,
2753 400 2857 439 nec
2916 401 3270 455 quemquam
3311 386 3465 457 apud
3497 403 3617 456 eos,

217 479 323 540 est,
355 477 412 529 et
439 487 569 527 esse
591 470 883 543 baptisma
908 474 1069 525 extra
1100 468 1413 524 Ecclesiam
1444 486 1556 525 non
1581 473 1788 541 potest.
1825 490 1855 519 η
1965 472 2067 543 qui
2096 472 2323 527 Christo
2354 474 2753 540 adversantur,
2790 490 2891 544 per
2918 475 3166 545 gratiam
3200 476 3410 529 Christi
3444 491 3618 546 posse

214 566 395 634 Atque
424 559 539 618 alia
559 559 920 632 hujusmodi.
966 558 1087 614 Sub
1118 558 1271 613 idem
1330 557 1578 614 fortasse
1624 562 1858 631 tempus
1966 562 2243 633 proficere
2274 563 2582 635 diligenter
2608 581 2795 637 nuper
2809 580 3150 637 expressum
3173 565 3328 621 estin
3348 564 3614 638 epistola,

218 669 283 709 ex
308 652 513 708 eadem
545 648 906 705 Mauretania
924 646 1283 719 Rogatianus
1313 645 1857 720 episcopusNoven-

219 743 299 800 sis
328 741 480 813 apud
511 738 863 812 Cyprianum
896 737 968 792 de
1018 735 1263 791 diacono
1296 753 1401 792 suo
1432 740 1691 807 quastus
1713 739 1858 805 erat,

221 855 246 883 «
279 831 434 903 quod
466 829 778 884 immemor
804 824 1180 882 sacerdotalis
1211 822 1344 893 loci,
1373 830 1431 880 et
1461 824 1635 881 ofﬁcii
1668 842 1734 881 ac
1756 824 1861 880 mi.

221 918 441 977 nisterii
488 917 581 973 sui
639 916 878 981 oblitus,
937 914 1309 971 contumeliis
1366 922 1419 969 et
1444 914 1679 985 injuriis
1726 930 1860 971 eum

218 1008 638 1067 exacerbasset.
673 1027 703 1056 »
736 1005 1012 1060 Laudavit
1026 1004 1349 1076 Cyprianus
1376 1004 1484 1059 viri
1513 1003 1863 1060 modestiam

220 1099 318 1171 qui
348 1096 514 1169 queri
546 1096 617 1152 de
645 1111 711 1150 eo
742 1091 1033 1164 maluerit,
1054 1108 1230 1165 quam
1253 1092 1597 1148 auctoritate
1628 1110 1773 1149 usus
1802 1092 1863 1147 in

221 1204 354 1245 eum
386 1184 850 1243 animadvertere
883 1199 896 1239 :
930 1182 1030 1239 sed
1080 1180 1456 1254 indulgentia
1507 1185 1700 1238 tamen
1746 1197 1867 1236 mo-

221 1278 361 1333 dum
391 1274 729 1348 ponendum
760 1272 946 1328 duxit.
984 1294 1005 1321 ι
1032 1270 1294 1345 Oportet,
1316 1270 1717 1343 inquit(epist.
1750 1271 1864 1341 65),

223 1367 554 1433 diaconum,
587 1362 659 1419 de
689 1378 802 1433 quo
833 1360 1065 1432 scribis,
1124 1376 1294 1433 agere
1324 1359 1580 1417 audacia
1612 1376 1730 1416 sua
1748 1375 1865 1432 pa—

224 1453 553 1523 nitentiam,
607 1456 666 1508 et
720 1450 1003 1506 honorem
1052 1450 1371 1506 sacerdotis
1418 1465 1753 1521 agnoscere,
1811 1452 1870 1505 et

223 1544 495 1617 episcopo
526 1540 840 1614 praposito
897 1556 1002 1596 suo
1061 1539 1233 1611 plena
1277 1538 1608 1594 humilitate
1638 1537 1870 1594 satisfa-

223 1649 375 1691 cere.
415 1654 437 1682 ι
477 1631 551 1688 Et
597 1630 764 1686 aﬂ‘ert
813 1629 971 1685 idem
1030 1628 1289 1684 criminis
1347 1628 1677 1683 vindicandi
1734 1643 1871 1700 gra-

1968 668 2095 724 qua
2126 654 2193 707 ad
2217 652 2496 717 Quintum
2552 653 2831 726 collegam
2866 658 3130 710 nostrum
3163 654 3221 709 in
3254 654 3618 711 Mauretania

1970 740 2353 797 constitutum
2383 759 2560 814 super
2592 758 2658 798 ea
2688 760 2748 799 re
2779 743 2998 816 scripta
3026 748 3115 799 est
3141 761 3154 811 ;
3188 744 3326 800 item
3370 744 3427 798 in
3460 744 3614 801 litte-

1970 832 2071 901 ris,
2104 847 2251 901 quas
2280 830 2511 902 collega
2534 831 2715 887 nostri
2750 833 2818 887 ad
2854 832 3224 904 coepiscopos
3249 833 3309 888 in
3338 834 3619 890 Numidia

1971 921 2349 995 prasidentes
2378 926 2511 977 ante
2540 922 2819 990 fecerunt,
2841 923 3007 992 cujus
3039 923 3344 996 utriusque
3360 923 3620 997 epistola

1973 1010 2238 1083 exempla
2285 1011 2596 1067 subdimus
2648 1011 2764 1067 hic.
2798 1034 2825 1061 »
2866 1014 3144 1069 Caeterum
3203 1012 3305 1069 illa
3368 1014 3623 1070 maxime

1973 1101 2487 1155 commemoranda
2509 1105 2672 1167 sunt,
2706 1117 2833 1172 qua
2866 1101 3070 1173 synodi
3090 1100 3294 1157 littera
3326 1106 3625 1174 postrema

1973 1187 2209 1243 habent.
2243 1187 2467 1259 Quippe
2511 1178 2889 1244 manifestum
2920 1187 3056 1244 inde
3105 1188 3189 1253 fit,
3248 1193 3430 1245 totam
3460 1188 3624 1245 illam

1975 1276 2428 1333 controversiam
2461 1276 2531 1332 de
2561 1276 2855 1349 baptismo
2880 1278 2952 1333 ad
2984 1277 3280 1333 catholica
3312 1278 3626 1349 professio-

1976 1365 2069 1421 nis
2090 1380 2384 1421 summam
2417 1364 2658 1421 minime
2684 1365 3058 1437 pertinuisse,
3082 1370 3141 1421 et
3169 1367 3460 1423 contraria
3491 1383 3626 1424 seu-

1975 1454 2184 1510 tientes
2235 1470 2398 1526 aque
2452 1454 2774 1510 Catholicos
2826 1454 3061 1511 habitos
3117 1470 3264 1511 esse.
3304 1476 3327 1507 ι
3371 1456 3624 1529 Scimus,

1977 1543 2273 1615 inquiunt,
2304 1543 2592 1615 quosdam
2642 1544 2799 1616 quod
2849 1543 3030 1601 semel
3079 1544 3438 1614 imbiberint,
3472 1544 3627 1603 nolle

1980 1634 2287 1705 deponere,
2310 1649 2417 1688 nec
2447 1633 2812 1706 propositum
2836 1649 3010 1690 suum
3041 1632 3211 1691 facile
3238 1639 3489 1702 mutare,
3523 1635 3627 1691 sed

224 1721 526 1779 vissimam
550 1735 810 1776 causam.
849 1741 870 1769 ι
904 1722 1035 1773 Hac
1083 1722 1225 1774 sunt
1254 1717 1433 1787 enim,
1465 1716 1676 1789 inquit,
1700 1715 1873 1773 initia
1902 1764 1951 1830 B
1980 1721 2142 1779 salvo
2189 1721 2341 1779 inter
2377 1721 2626 1797 collegas
2693 1722 2856 1796 pacis
2918 1726 2974 1779 et
3019 1724 3340 1780 concordia
3394 1722 3629 1781 vinculo

228 1813 249 1830 s,
316 1811 621 1830 -,_a!_-_-_#
687 1813 739 1830 ,ι
775 1814 931 1830 --_a___
982 1811 1152 1830 -ι--..-
1187 1810 1428 1830 --_-1.--_
1469 1804 1840 1830 _-L:_...-L.‘--
2024 1829 2049 1830 η
2070 1828 2097 1830 --
2122 1812 2237 1830 ,1----
2278 1811 2499 1830 -------_,2-
2550 1828 2561 1830 -
2743 1828 2752 1830 -
2821 1812 2839 1830 ,I
2917 1828 2930 1830 _
3002 1828 3013 1830 -
3101 1813 3138 1830 -1
3211 1814 3221 1824 -
3276 1816 3286 1830 ι
3575 1817 3586 1830 ι
3607 1828 3616 1830 -

226 1811 651 1879 haereticorum,
684 1813 741 1864 et
770 1814 932 1863 ortus
980 1811 1155 1879 atque
1183 1810 1429 1863 conatus
1469 1804 1873 1863 schismatico-

224 1919 356 1958 rum
386 1899 540 1956 male
569 1898 978 1971 cogitantium,
1010 1900 1075 1951 ut
1104 1894 1215 1952 sibi
1247 1895 1534 1968 placeant,
1563 1898 1628 1951 ut
1658 1911 1875 1967 prapo-

223 1991 403 2048 situm
435 1988 684 2061 superbo
712 1990 942 2043 tumore
973 1988 1370 2041 contemnant.
1405 1986 1497 2041 Sic
1519 1985 1590 2041 de
1619 1983 1878 2040 Ecclesia

223 2080 534 2145 receditur,
567 2077 651 2133 sic
680 2074 860 2132 altare
892 2075 1202 2147 profanum
1262 2074 1400 2131 foris
1430 2072 1764 2140 collocatur,
1797 2071 1878 2127 sic

224 2173 425 2226 contra
455 2184 655 2240 pacem
686 2164 919 2233 Christi,
953 2168 1010 2220 et
1028 2163 1453 2220 ordinationem
1486 2166 1660 2235 atque
1685 2162 1875 2218 unita-

225 2264 340 2316 tem
372 2257 471 2314 Dei
489 2255 825 2313 rebellatur.
854 2278 876 2308 ι

295 2386 362 2442 ν.
395 2388 607 2441 Pacata
636 2400 768 2439 vero
816 2386 1081 2453 tempora
1110 2385 1166 2436 et
1198 2380 1537 2453 disputandi
1570 2380 1753 2437 otium
1786 2394 1880 2435 res

226 2476 374 2533 alias
402 2476 463 2530 in
496 2472 947 2530 controversiam
982 2470 1697 2541 adduxere,praterquam
1721 2467 1879 2539 quod

224 2566 358 2638 ipsa
386 2563 636 2637 quastio
668 2563 739 2618 de
797 2560 1088 2632 baptismo
1150 2557 1523 2615 subdifﬁcilis
1578 2556 1783 2613 multis
1814 2572 1880 2613 ac

224 2653 592 2709 subobscure
602 2648 1331 2718 videbantur.0uapropter
1342 2646 1881 2703 conciliumiterum

224 2745 363 2798 ante
393 2740 531 2795 anni
562 2737 783 2793 exitum
812 2736 939 2808 cogi
999 2751 1237 2791 necesse
1276 2735 1409 2806 fuit,
1442 2736 1513 2790 ad
1542 2735 1695 2804 quod
1726 2734 1881 2805 epis-

223 2829 357 2901 copi
387 2824 657 2883 advenire
711 2823 1085 2896 septuaginta
1112 2827 1172 2879 et
1227 2839 1381 2878 unus
1439 2827 1652 2895 partim
1683 2839 1714 2878 e
1748 2838 1881 2894 pro-

221 2916 415 2973 vincia
444 2911 869 2988 proconsulari,
892 2911 1108 2984 partim
1144 2928 1174 2967 e
1203 2910 1500 2968 Numidia.
1536 2909 1717 2967 Multa
1748 2926 1880 2967 vero

221 3011 285 3064 in
318 3023 383 3065 eo
413 3010 541 3063 tum
584 3002 809 3077 prolata
859 3011 1021 3074 atque
1069 3007 1367 3059 transacta.
1426 3003 1700 3058 Testatur
1755 3001 1881 3073 ipse

1982 1812 2247 1883 quadam
2277 1811 2666 1885 propria,qua
2689 1812 2843 1885 apud
2877 1828 2938 1869 se
2961 1813 3142 1868 semel
3176 1814 3295 1870 sint
3348 1817 3632 1886 usurpata

1984 1900 2253 1957 retinere.
2286 1902 2412 1967 Qua
2439 1901 2499 1957 in
2530 1917 2591 1957 re
2628 1917 2734 1957 nec
2764 1918 2870 1958 nos
2915 1901 3027 1957 vim
3078 1902 3351 1974 cuiquam
3384 1901 3633 1958 facimus

1985 1992 2087 2045 aut
2116 1988 2305 2061 legem
2336 1989 2567 2054 damus,
2601 1990 2835 2062 quando
2884 1989 3098 2046 habeat
3141 1990 3199 2046 in
3240 1989 3509 2047 Ecclesia
3531 1990 3632 2047 ad-

1986 2076 2415 2135 ministratione
2464 2078 2783 2134 voluntatis
2832 2095 2952 2135 sua
3014 2079 3318 2135 arbitrium
3384 2079 3637 2136 liberum

1988 2166 2397 2239 unusquisque
2428 2168 3089 2240 prapositus,rationem
3105 2174 3272 2225 actus
3286 2168 3376 2224 sui
3391 2168 3639 2226 Domino

1988 2256 2326 2312 redditurus
2360 2281 2382 2310 ι
2421 2258 2504 2330 (ν.
2587 2256 2869 2330 Somier.,
2927 2258 2990 2313 in
3034 2258 3227 2315 Anast.
3282 2259 3517 2315 Bianch.
3544 2302 3561 2331 ,
3593 2274 3637 2327 ι,

1990 2346 2059 2418 II,
2094 2363 2151 2418 p.
2181 2345 2330 2417 220).

2060 2470 2152 2526 VI.
2186 2469 2288 2525 His
2336 2469 2409 2525 ad
2454 2468 2817 2542 Stephanum
2864 2470 3073 2528 litteris
3104 2470 3377 2544 Cypriani
3425 2475 3482 2529 et
3543 2472 3642 2529 Pa-

1989 2564 2147 2615 trum
2177 2558 2442 2614 omnium
2466 2558 2702 2614 nomine
2724 2559 2948 2625 missis,
2980 2559 3292 2616 dimissum
3326 2560 3641 2617 concilium

1990 2654 2097 2703 est.
2132 2652 2209 2701 At
2238 2646 2495 2717 episcopi
2523 2647 2595 2701 ad
2625 2646 2913 2703 Ecclesias
2943 2664 3080 2703 suas
3115 2650 3351 2716 reversi,
3388 2649 3641 2705 Africam

1990 2740 2170 2791 totam
2218 2733 2694 2790 contentionibus
2750 2734 3140 2806 impleverunt
3185 2753 3197 2791 :
3252 2736 3647 2793 dissentienti-

1990 2826 2102 2881 bus
2132 2822 2441 2895 episGOpis,
2466 2825 2568 2893 qui
2599 2822 2659 2877 in
2691 2822 2949 2879 Ecclesia
2996 2841 3104 2879 sua
3134 2824 3457 2881 Romanam
3504 2842 3647 2881 con-

1991 2911 2365 2969 suetudinem
2396 2910 2758 2981 invenerant,
2785 2927 3036 2983 quorum
3069 2929 3099 2969 e
3139 2930 3385 2970 numero
3418 2913 3647 2986 aliquos

1991 3004 2061 3058 de
2090 3018 2158 3058 ea
2186 3018 2248 3057 re
2307 3000 2378 3057 ad
2438 2999 2804 3073 Stephanum
2864 3000 3143 3073 scripisse
3198 3001 3474 3058 credibile
3535 3007 3645 3060 est.

222 3097 548 3172 Cyprianus
579 3094 771 3167 (epist.
802 3094 894 3165 72)
928 3111 941 3162 ;
976 3092 1077 3149 sed
1136 3093 1251 3198 d‘uo
1309 3091 1692 3198 potissimum
1719 3094 1877 3162 sunt,
1910 3132 1952 3198 Ο
1994 3092 2173 3147 Fuere
2203 3088 2515 3198 etiaquui
2570 3088 2841 3162 Cypriani
2881 3090 3213 3198 testimoaio
3243 3091 3433 3198 doceri
3465 3108 3647 3198 cupe-

224 3204 350 3259 qua
374 3186 531 3242 idem
563 3184 829 3256 designat
849 3187 1024 3254 atque
1053 3180 1302 3254 explicat
1332 3199 1346 3249 ;
1377 3181 1731 3254 primum,de
1762 3196 1877 3253 quo

226 3280 286 3331 et
315 3276 374 3330 in
418 3272 718 3346 superiore
772 3270 1017 3326 concilio
1075 3276 1270 3327 actum
1329 3270 1536 3339 fuerat,
1574 3292 1602 3321 ς(
1631 3285 1732 3325 eos
1776 3267 1878 3340 qui

228 3365 352 3420 sint
379 3362 522 3419 foris
554 3366 714 3418 extra
736 3360 1048 3416 Ecclesiam
1071 3359 1237 3415 tincti
1268 3362 1325 3414 et
1363 3361 1516 3431 apud
1579 3358 1879 3414 hareticos

230 3458 290 3510 et
307 3451 713 3509 schismaticos
725 3450 978 3523 profana
994 3465 1160 3520 aqua
1177 3448 1306 3504 labe
1332 3446 1625 3516 maculati,
1643 3447 1880 3519 quando

226 3543 301 3599 ad
334 3558 431 3599 eos
462 3546 637 3612 atque
695 3540 765 3595 ad
796 3538 1002 3595 1459
1062 3536 1406 3604 Ecclesiam,
1464 3553 1591 3608 qua
1623 3553 1741 3592 una
1770 3539 1877 3604 est,

226 3631 513 3698 venerint,
564 3627 845 3701 baptizari
903 3631 1187 3699 oportere.
1223 3646 1248 3678 ν
1279 3626 1543 3681 Alterum
1600 3630 1710 3691 est,
1769 3648 1796 3676 ‹‹
1830 3625 1879 3681 si

226 3720 331 3793 qui
362 3717 682 3792 presbyteri
738 3722 839 3773 aut
895 3715 1147 3785 diaconi,
1205 3714 1305 3787 qui
1361 3713 1448 3770 vel
1507 3714 1567 3769 in
1626 3713 1881 3770 Ecclesia

226 3810 514 3866 catholica
570 3807 735 3880 prius
793 3805 1044 3862 ordinati
1098 3804 1335 3876 fuerint,
1393 3809 1451 3860 et
1505 3805 1880 3878 postmodum

226 3898 436 3971 perﬁdi
490 3913 556 3954 ac
586 3895 829 3954 rebelles
869 3898 1069 3951 contra
1123 3893 1445 3950 Ecclesiam
1476 3894 1763 3962 steterint,
1792 3892 1881 3949 vel

223 3990 379 4061 apud
413 3986 716 4043 bareticos
773 4001 807 4040 a
862 3982 1394 4055 pseudo-episcopis
1424 3986 1482 4039 et
1508 3980 1883 4039 Antichristis

226 4082 437 4135 contra
464 4074 677 4130 Christi
717 4072 1161 4144 dispositionem
1219 4071 1465 4143 profana
1519 4070 1883 4128 ordinatione

227 4163 483 4238 promoti
514 4164 652 4233 sint,
677 4165 735 4217 et
763 4166 963 4217 contra
992 4160 1174 4215 altare
1204 4176 1389 4216 unum
1422 4164 1594 4233 atque
1621 4159 1882 4215 divinum

226 4253 519 4312 sacriﬁcia
568 4251 709 4307 foris
768 4247 914 4306 falsa
971 4265 1037 4305 ac
1093 4248 1379 4322 sacrilega
1432 4250 1636 4306 offerre
1692 4248 1885 4305 conati

229 4344 388 4414 sint,
449 4358 549 4399 eos
608 4356 841 4413 quoque
903 4338 1009 4393 hac
1066 4338 1397 4395 conditione
1451 4338 1693 4411 suscipi,
1748 4354 1883 4394 cum

229 4435 624 4494 revertuntur,
659 4434 724 4484 ut
753 4427 1189 4483 communicent
1211 4425 1588 4493 laici,etsatis
1605 4426 1881 4495 habeant,

229 4521 393 4595 quod
451 4519 849 4576 admittuntur
907 4517 977 4572 ad
1051 4531 1275 4587 pacem,
1326 4515 1427 4587 qui
1481 4515 1680 4572 hostes
1726 4496 1965 4588 pacisD

228 4610 610 4677 exstiterint;
646 4624 751 4664 nec
782 4608 990 4663 debere
1047 4620 1146 4661 eos
1204 4610 1557 4662 revertentes
1612 4622 1679 4662 ea
1733 4606 1888 4678 apud

232 4717 345 4758 nos
375 4698 761 4756 ordinationis
793 4702 848 4753 et
879 4695 1116 4751 honoris
1165 4712 1330 4751 arma
1372 4695 1641 4766 retinere,
1673 4696 1891 4767 quibus

236 4794 447 4846 contra
476 4806 583 4844 nos
617 4785 1041 4842 rebellaverint.
1076 4807 1104 4835 »
1156 4784 1327 4840 Porro
1354 4790 1529 4856 caput
1575 4789 1892 4856 utrumque

235 4876 544 4935 communi
578 4874 807 4933 concilii
842 4889 1129 4929 consensu
1162 4875 1454 4927 sancitum
1503 4875 1750 4928 constat.
1780 4870 1891 4928 Sed

237 4969 316 5023 de
345 4972 595 5037 utroque
627 4965 804 5019 etiam
830 4963 898 5017 ad
962 4964 1320 5033 Stephanum
1354 4962 1683 5034 pontificem
1712 4960 1895 5017 maxi-

237 5071 408 5112 mum
441 5053 748 5127 potissime
779 5050 1254 5116 scribendum,et
1281 5066 1416 5106 cum
1447 5051 1595 5123 ejus,
1630 5054 1695 5105 ut
1711 5049 1894 5119 aiunt,

239 5144 525 5218 gravitate
573 5158 639 5197 ac
698 5140 986 5212 sapientia
1050 5140 1467 5197 conferendum
1521 5142 1896 5197 censuerunt.

242 5234 492 5290 Exstant
520 5229 727 5305 synodi
758 5229 983 5299 littera,
1020 5227 1079 5283 in
1139 5230 1356 5300 quibus
1411 5231 1615 5286 eadem
1675 5230 1901 5285 sancite

245 5322 548 5394 dicuntur,
584 5326 641 5378 et
684 5320 755 5375 de
784 5316 1051 5390 epistolis
1083 5320 1258 5374 etiam
1307 5320 1373 5374 ﬁt
1402 5319 1620 5375 mentio
1650 5335 1799 5391 quas
1830 5318 1901 5373 ad

1992 3184 2140 3248 rent,
2165 3195 2347 3252 caque
2368 3178 2439 3234 de
2471 3194 2670 3247 causa,
2729 3182 3034 3236 accuratas
3082 3180 3153 3236 ad
3186 3182 3453 3237 eumdem
3486 3181 3643 3239 litte-

1988 3287 2084 3326 ras
2116 3270 2340 3326 darent.
2372 3272 2435 3322 In
2480 3267 2573 3324 bis
2620 3266 2839 3324 eminet
2890 3268 3101 3342 ignota
3133 3270 3299 3326 urbis
3329 3270 3639 3343 episcopus

1986 3357 2333 3425 Jubaianus,
2368 3373 2543 3428 quem
2574 3360 2772 3412 tamen
2791 3357 3077 3413 Numidia
3101 3357 3413 3431 primatem
3436 3364 3643 3432 putare

1989 3449 2182 3521 possis
2212 3448 2293 3519 (V.
2328 3445 2631 3511 Schelstr.,
2654 3447 2781 3502 Ant.
2812 3447 2982 3517 Βασὰ,
3009 3465 3047 3503 ι.
3083 3448 3152 3517 ΙΙ,
3205 3466 3262 3522 ρ.
3289 3449 3442 3521 281.)
3479 3451 3639 3505 Hunc

1988 3538 2241 3593 Zonaras
2259 3533 2637 3592 Jovinianum
2669 3533 2945 3608 appellat)
2975 3553 2988 3591 :
3020 3552 3153 3592 cum
3174 3537 3246 3593 ad
3278 3554 3411 3594 eum
3428 3538 3642 3595 deinde

1987 3630 2046 3683 et
2075 3626 2146 3681 ad
2178 3625 2551 3697 coepiscopos
2570 3625 2697 3696 ejus
2723 3625 3095 3697 rescripsisse
3126 3627 3449 3700 Cyprianus
3478 3627 3637 3684 dica-

1989 3722 2106 3771 tur.
2144 3715 2243 3769 Hic
2269 3730 2403 3769 vero
2448 3714 2532 3769 sic
2562 3713 2634 3769 ad
2702 3713 3053 3786 Cyprianum
3087 3717 3294 3772 1460
3334 3734 3364 3773 e
3406 3716 3639 3788 previn-

1990 3804 2080 3860 cia
2106 3819 2215 3860 sua
2241 3801 2497 3873 scripsit,
2527 3806 2592 3857 ut
2620 3801 2954 3874 exemplum
2986 3820 3220 3876 quoque
3257 3804 3436 3861 libelli
3474 3805 3644 3860 adde.

1990 3897 2078 3949 ret
2106 3892 2224 3948 sive
2254 3891 2441 3947 Roma
2468 3890 2710 3962 accepti,
2745 3891 2865 3947 sive
2894 3891 2955 3947 in
3001 3892 3197 3949 Africa
3242 3893 3464 3965 emissi,
3526 3909 3643 3965 quo

1991 3981 2053 4038 in
2096 3979 2293 4037 libello
2341 3978 2635 4035 sententia
2665 3980 2792 4051 ejus
2834 3980 3218 4038 refutabatur.
3254 3982 3643 4046 Quamobrem

1991 4069 2169 4128 officii
2214 4067 2307 4125 sui
2355 4067 2582 4140 putavit
2639 4084 2769 4124 esse
2815 4068 3156 4142 Cyprianus,
3208 4076 3275 4128 ut
3313 4072 3504 4128 fusius
3546 4072 3645 4129 Ju-

1994 4159 2200 4216 baiano
2234 4157 2581 4221 rescribens,
2596 4158 2853 4213 rationes
2872 4175 3105 4231 quoque
3116 4161 3643 4234 proferret,quibus

1992 4246 2460 4304 adversariorum
2531 4251 2880 4317 argumenta
2961 4248 3143 4304 refelli
3229 4250 3643 4307 arbitrabatur.

1992 4338 2132 4409 Ejus
2158 4335 2314 4392 enim
2346 4350 2694 4407 responsum
2718 4335 2777 4389 in
2801 4336 3065 4392 omnium
3098 4354 3311 4396 manus
3328 4345 3645 4398 venturum

1993 4425 2375 4498 intelligebat.
2408 4424 2521 4480 Sed
2578 4424 2635 4478 in
2667 4424 3007 4494 quastione,
3065 4444 3192 4498 qua
3241 4434 3367 4484 tum
3402 4430 3649 4486 subobs-

1996 4532 2137 4572 cura
2188 4517 2332 4585 erat,
2384 4514 2492 4569 hoc
2539 4513 2600 4569 in
2653 4513 2921 4585 Cypriani
2980 4515 3177 4573 animo
3226 4518 3542 4592 insederat,
3574 4520 3649 4577 ab

1995 4603 2301 4673 bareticis,
2335 4601 2474 4674 quia
2503 4601 2642 4658 mali
2698 4605 2913 4674 essent,
2947 4604 3095 4661 nihil
3148 4606 3287 4663 boni
3360 4608 3649 4681 proficisci

1998 4708 2202 4767 posse:
2238 4708 2342 4747 nec
2388 4692 2587 4747 minus
2617 4690 2735 4746 illis
2785 4697 3057 4763 negatum
3097 4710 3246 4763 esse,
3306 4705 3369 4754 ut
3397 4700 3652 4772 baptiza-

2000 4786 2148 4851 rent,
2182 4797 2360 4854 quam
2420 4784 2485 4835 ut
2542 4784 2777 4852 peccata
2834 4781 3186 4842 absolvendo
3237 4788 3651 4845 remitterent:

2000 4871 2117 4928 vim
2146 4887 2282 4927 vero
2329 4868 2522 4940 ipsam
2568 4868 2865 4940 baptismi,
2918 4887 3046 4943 qua
3097 4874 3243 4930 nihil
3285 4893 3318 4931 a
3377 4876 3650 4933 ministro

2003 4960 2299 5034 penderet,
2334 4959 2531 5015 minus
2552 4958 3020 5017 considebrabat.
3068 4967 3202 5020 Hac
3259 4967 3377 5022 fere
3421 4981 3655 5022 summa

2003 5054 2094 5107 est
2121 5048 2378 5122 epistola
2408 5049 2479 5105 ad
2508 5047 2883 5121 Jubaianum,
2917 5067 3095 5123 quam
3130 5058 3323 5110 tamen
3355 5054 3544 5129 ipsam
3573 5054 3656 5111 sic

2008 5138 2323 5209 concludit,
2355 5142 2421 5193 ut
2460 5155 2523 5194 se
2579 5137 2880 5208 disputare
2927 5141 3144 5213 potius,
3193 5148 3252 5200 et
3307 5145 3654 5201 sententiam

2009 5245 2177 5285 suam
2210 5228 2361 5283 tueri
2384 5226 2661 5294 voluisse,
2723 5243 2899 5299 quam
2933 5233 3308 5301 prascribere
3337 5233 3656 5305 quidquam

2012 5318 2337 5376 acdelinire
2368 5315 2732 5387 significet.«
2772 5317 2895 5372 Hac
2952 5320 3082 5390 tibi,
3141 5322 3358 5395 inquit,
3408 5324 3661 5380 breviter

246 5411 533 5476 Quintum
560 5411 618 5466 in
642 5405 1063 5465 Mauretaniam
1093 5421 1149 5463 et
1182 5408 1253 5464 ad
1286 5408 1589 5481 episcopos
1618 5404 1903 5463 Numidia
2012 5424 2117 5482 pro
2150 5410 2351 5463 nostra
2381 5402 2782 5460 mediocritate
2837 5409 3264 5481 rescripsimus,
3306 5413 3487 5471 frater
3523 5413 3661 5470 cha-

247 5499 500 5571 scriptas
517 5497 788 5571 superius
808 5496 1630 5570 indicavimus.«Baptismum
1651 5499 1901 5568 autem,-

2015 5495 2269 5567 rissime,
2300 5493 2521 5552 nemini
2563 5492 3005 5566 prascribentes
3041 5505 3144 5558 aut
3190 5504 3665 5576 prajudicantes,

251 5587 535 5669 inquiunt
588 5586 753 5664 (Ibid.
802 5588 973 5660 Epist.
1033 5585 1106 5645 ad
1158 5584 1416 5660 Stephan.
1446 5586 1466 5661 )
1498 5608 1528 5641 ι(
1584 5603 1702 5645 non
1757 5601 1907 5657 esse,
2018 5586 2337 5661 quominus
2387 5583 2805 5660 unusquisque
2851 5586 3260 5662 episcoporum
3299 5593 3460 5669 quod
3505 5594 3679 5671 putat
