4112 6174
530 259 686 319 1519

2030 256 2423 323 MORCELLI

3692 272 3806 333 1520

524 391 716 460 faciat,
779 390 1001 445 habens
1059 389 1282 446 arbitrii
1359 391 1452 448 sui
1498 389 1743 446 liberam
1791 393 2165 463 potestatem.
2196 394 2252 460 Α
2284 388 2615 461 Stephanus
2641 389 2929 463 (Cyprian.
2957 389 3015 445 in
3035 387 3202 461 epist.
3230 389 3316 446 74.
3375 395 3441 449 De
3472 392 3568 451 hoc
3604 400 3806 472 Stephari

519 480 658 547 Nos,
689 483 975 550 quantum
1000 478 1057 533 in
1101 478 1269 534 nobis
1300 482 1408 548 est,
1446 483 1679 552 propter
1706 478 2011 536 haereticos
2032 493 2167 535 cum

520 567 758 640 collegis
788 572 846 635 et
875 567 1235 640 coepiscopis
1295 569 1512 625 nostris
1569 585 1685 625 non
1733 568 2165 637 contendimus,

519 674 652 714 cum
684 656 899 728 quibus
931 657 1186 713 divinam
1217 656 1589 714 concordiam
1612 661 1670 713 et
1692 657 2049 713 dominicam
2073 673 2171 729 pa-

518 763 645 803 cem
676 750 965 803 tenemus.
992 769 1020 796 »
1043 746 1188 812 Quia
1242 748 1480 803 demum
1539 750 1904 818 cognoverat,
1950 744 2168 800 multos

521 852 649 894 esse
682 853 749 893 ex
777 836 1086 909 episcOpis,
1110 837 1210 909 qui
1242 852 1441 893 secum
1463 852 1577 893 non
1607 835 1909 904 sentirent,
1925 833 2166 905 multos,

524 926 625 998 qui
672 925 1071 981 adversarium
1123 925 1270 981 ferre
1322 942 1436 981 non
1489 928 1750 997 possent,
1792 924 1865 981 ob
1921 937 2171 995 eamque

523 1031 646 1071 rem
687 1014 1019 1071 animorum
1084 1012 1320 1085 aliquod
1380 1014 1597 1070 factum
1648 1028 1777 1069 esse
1833 1011 2167 1077 dissidium,

522 1104 660 1161 huic
689 1120 751 1160 se
774 1103 930 1159 mala
959 1104 1281 1160 remedium
1312 1102 1655 1175 opposuisse
1677 1106 1944 1158 testatur.
1978 1123 2006 1152 «
2038 1103 2168 1156 Ser-

521 1199 712 1263 vatur,
735 1194 948 1265 inquit,
981 1193 1203 1250 anobis
1230 1195 1516 1265 patienter
1560 1198 1617 1249 et
1662 1191 1870 1248 leniter
1913 1190 2169 1246 charitas

524 1282 726 1353 animi,
752 1282 978 1354 collegii
1010 1281 1216 1348 honor,
1247 1281 1545 1338 vinculum
1580 1280 1711 1336 fidei
1757 1283 1815 1336 et
1859 1278 2170 1336 concordia

523 1371 853 1428 sacerdotii.
912 1372 1152 1443 Propter
1200 1370 1309 1427 hoc
1356 1370 1530 1427 etiam
1589 1368 1855 1425 libellum
1908 1385 2064 1425 nunc
2102 1367 2168 1424 de

522 1464 668 1520 Bono
697 1461 996 1533 patientiae,
1027 1478 1049 1510 ι
1084 1463 1370 1533 quantum
1391 1458 1576 1517 valuit
1607 1463 1807 1516 nostra
1855 1457 2169 1514 mediocri-

519 1554 631 1623 tas,
657 1549 1025 1623 permittente
1055 1550 1301 1605 Domino
1330 1553 1388 1605 et
1442 1547 1767 1621 inspirante
1814 1545 2166 1620 conscripsi-

521 1656 677 1708 mus,
705 1655 878 1712 quem
935 1639 1005 1694 ad
1038 1643 1093 1694 te
1135 1653 1238 1710 pro
1290 1640 1494 1693 mutua
1540 1635 1849 1693 dilectione
1886 1634 2164 1692 transmi-

519 1730 727 1786 simus.
755 1750 783 1778 »
815 1728 1016 1784 Exstat
1068 1743 1199 1784 vero
1251 1726 1443 1783 adhuc
1487 1729 1544 1782 et
1591 1724 1897 1782 hominum
1955 1723 2169 1781 teritur

520 1817 793 1874 manibus
852 1816 1151 1889 egregium
1210 1814 1568 1873 sanctissimi
1622 1814 1730 1870 viri
1789 1812 2163 1888 opusculum,

517 1907 670 1980 quod
701 1906 785 1963 ita
816 1903 913 1962 ille
946 1905 1305 1977 perscripsit,
1352 1908 1418 1960 ut
1465 1903 1758 1960 neminem
1800 1902 2039 1959 omnino
2094 1918 2165 1958 ex

517 1994 866 2053 adversariis
903 1994 1029 2051 suis
1068 1992 1159 2048 vel
1198 1992 1497 2049 levissima
1548 1992 1971 2064 signiﬁcatione
2029 2007 2165 2064 per-

517 2084 849 2157 stringeret,
894 2088 953 2139 et
1000 2086 1287 2155 quantum
1342 2080 1401 2137 in
1454 2097 1522 2138 sa
1570 2081 1789 2137 virtute
1821 2079 1955 2137 boni
1986 2082 2163 2148 esset,

517 2174 790 2230 omnibus
811 2171 1275 2229 cumulatissime
1297 2171 1630 2244 explicaret.

938 2352 1125 2392 ANNUS
1156 2349 1537 2391 CHRISTIANUS
1568 2350 1729 2392 CCLV.

616 2442 994 2511 CYPRIANO,
1045 2442 1385 2498 EPISCOPO
1442 2439 2049 2498 CARTHAGINENSI.

582 2572 623 2627 Ι.
653 2570 909 2626 Rursum
931 2566 1272 2624 consulatus
1301 2582 1479 2639 penes
1511 2569 1807 2639 Augustos
1863 2564 1995 2637 fuit,
2020 2579 2158 2621 con-

507 2658 784 2729 sulesque
816 2671 1150 2729 processere
1176 2657 1363 2728 Impp.
1425 2654 1484 2710 P.
1517 2653 1778 2710 Licinius
1811 2653 2159 2711 Valerianus

506 2750 688 2804 llI.P.
749 2747 1007 2804 Licinius
1049 2746 1349 2803 Gallienus
1391 2746 1461 2801 ll.
1514 2748 1589 2799 At
1634 2761 1771 2801 vero
1826 2744 2159 2816 Stephanus

505 2837 770 2893 Pontifex
798 2837 1091 2892 maximus
1122 2835 1390 2907 Cypriani
1416 2839 1473 2890 et
1500 2834 1741 2889 Concilii
1770 2834 1899 2905 ejus
1931 2833 2158 2890 litteras

496 2928 625 2997 jam
657 2929 976 2997 acceperat,
1002 2925 1277 2995 idemque
1337 2939 1471 2980 cum
1508 2922 1855 2995 presbyteris
1914 2921 2059 2992 suis,
2100 2925 2161 2978 et

508 3016 608 3088 qui
657 3016 854 3071 Romae
902 3016 1046 3070 forte
1103 3016 1360 3079 aderant,
1428 3011 1717 3084 episcopis
1776 3010 2158 3080 deliberabat,

507 3122 622 3175 quo
654 3109 820 3175 pacto
855 3102 1217 3169 rescriberet,
1256 3104 1552 3171 totamque
1602 3100 1887 3173 synodum
1938 3100 2155 3155 Africa-
2187 3132 2230 3201 Ο

510 3209 645 3248 nam
679 3191 1025 3263 aproposito
1060 3191 1395 3246 deterreret.
1426 3188 1617 3245 Testis
1666 3188 1824 3244 enim
1871 3193 1995 3244 erat
2049 3191 2154 3244 Ec-

510 3279 689 3337 clesia
717 3284 999 3346 Romana,
1040 3280 1345 3351 antiquam
1399 3278 1510 3335 sibi
1559 3281 1616 3335 et
1644 3280 1986 3350 perpetuam
2024 3294 2158 3334 con-

509 3370 883 3425 suetudinem
916 3368 1124 3435 fuisse,
1148 3373 1213 3423 ut
1243 3384 1391 3440 quos
1419 3368 1491 3423 ab
1522 3366 1811 3423 haereticis
1844 3366 2156 3423 redeuntes

505 3458 811 3531 acciperet,
844 3458 916 3514 iis
938 3457 1285 3529 poenitentiae
1331 3473 1511 3512 causa
1567 3471 1778 3511 manus
1808 3453 2154 3526 imponeret,

504 3548 795 3620 baptismo
829 3546 1122 3602 neminem
1145 3546 1433 3602 abluendo
1472 3549 1722 3601 curaret.
1757 3566 1785 3595 «
1819 3548 1960 3599 Cum
1992 3560 2151 3617 ergo,

500 3633 697 3705 inquit
752 3633 1096 3689 Vincentius
1151 3630 1601 3705 Lirinensis(in
1658 3634 1937 3688 Common.
1972 3648 2040 3687 c.
2073 3632 2150 3704 9),

500 3722 762 3792 undique
794 3721 864 3776 ad
899 3720 1214 3783 novitatem
1230 3722 1307 3776 rei
1341 3721 1533 3775 cuncti
1564 3719 2152 3792 reclamarent,atque

499 3825 703 3865 omnes
734 3825 1195 3881 quaquaversum
1229 3809 1561 3864 sacerdotes
1607 3825 1708 3880 pro
1767 3825 1874 3864 suo
1904 3809 2152 3880 quisque

500 3898 696 3954 studio
719 3898 1151 3954 reniterentur:
1186 3898 1387 3953 1461
1424 3902 1565 3952 tunc
1618 3898 1795 3953 beatae
1854 3897 2149 3953 memoria

498 4004 672 4059 papa,
699 3987 1031 4058 Stephanus
1053 3985 1382 4057 apostolicae
1412 3985 1576 4042 Sedis
1597 3986 1845 4043 antistes
1872 4002 2007 4043 cum
2042 4002 2148 4043 caa-

498 4075 641 4132 teris
669 4075 907 4147 quidem
940 4075 1179 4146 collegis
1210 4075 1358 4141 suis,
1403 4075 1506 4130 sed
1540 4081 1739 4130 tamen
1778 4091 1892 4147 prae
1924 4076 2147 4131 caeteris

500 4164 755 4233 restitit;
787 4163 1054 4235 dignum,
1089 4168 1153 4219 ut
1182 4163 1408 4235 opinor,
1440 4162 1859 4228 existimans,ei
1892 4162 2147 4235 reliquos

499 4269 702 4309 omnes
721 4255 948 4307 tantum
999 4250 1133 4307 fidei
1183 4250 1488 4308 devotione
1532 4251 1809 4318 vinceret,
1859 4256 2148 4325 quantum

491 4340 607 4398 loci
627 4340 968 4399 auctoritate
998 4341 1335 4413 superabat.
1369 4340 1627 4412 Denique
1654 4341 1715 4396 in
1744 4340 2146 4413 epistola,quas

490 4433 634 4487 tunc
663 4432 724 4486 in
748 4430 1001 4487 Africam
1050 4429 1234 4486 missa
1272 4432 1379 4496 est,
1421 4428 1514 4484 his
1552 4428 1744 4486 verbis
1772 4429 1967 4486 sanxit
1998 4448 2013 4487 :
2044 4429 2143 4485 Ni-

2194 1769 2243 1835 B

2277 478 2508 535 decreto
2557 478 2681 551 lege
2718 479 3027 534 Miuorium
3065 480 3214 550 Disp.
3252 481 3365 536 crit.
3415 499 3459 552 p.
3488 482 3614 553 385),
3637 503 3666 542 ο,
3708 506 3808 561 qua.

2277 583 2507 639 cunque
2541 568 2747 624 haresi
2777 568 2997 624 venerit
3018 568 3089 623 ad
3120 584 3241 636 vos,
3277 569 3414 625 nihil
3436 571 3703 641 innovatur,
3724 579 3809 635 nisi

2277 656 2433 727 quod
2452 656 2729 712 traditum
2752 662 2860 727 est,
2887 661 2949 712 ut
2981 674 3193 712 manus
3214 656 3295 712 illi
3318 659 3614 732 imponatur
3645 664 3693 719 in
3726 683 3809 737 pm-

2279 744 2783 802 nitentiamzcum
2832 745 2945 819 ipsi
2996 745 3245 802 haeretici
3291 748 3499 820 preprie
3539 750 3809 811 alterutrum

2277 835 2348 890 ad
2380 852 2442 891 se
2472 836 2769 892 venientes
2822 851 2938 891 non
2986 835 3299 907 baptizent,
3351 838 3445 894 sed
3472 842 3817 900 communicent

2276 926 2568 981 tantum.»

2348 1033 2419 1089 lI.
2462 1033 2829 1104 Responsum
2863 1030 3143 1104 Stephani
3175 1073 3194 1103 ,
3234 1031 3282 1087 si
3326 1031 3432 1088 tale
3477 1033 3596 1103 fuit,
3627 1036 3811 1095 multum

2276 1122 2558 1195 Cypriane
2588 1120 2962 1193 displicuisse
3021 1120 3187 1177 facile
3247 1121 3515 1178 dederim.
3549 1124 3609 1178 At
3639 1126 3814 1197 Cypria-

2276 1228 2441 1279 num,
2470 1210 2683 1267 litteris
2711 1227 2746 1265 a
2769 1212 2927 1265 Petri
2960 1208 3231 1265 Cathedra
3259 1213 3411 1282 atque
3458 1211 3663 1267 Ecclesia
3700 1215 3812 1284 prin-

2273 1301 2471 1373 cipali,
2502 1301 2649 1357 unde
2694 1302 2880 1355 unitas
2916 1298 3277 1355 sacerdotalis
3302 1303 3482 1354 exorta
3528 1310 3596 1356 est
3637 1300 3732 1371 (ld.,
3774 1303 3814 1357 in

2276 1390 2445 1462 epist.
2469 1390 2585 1460 55),
2619 1388 2800 1446 semel
2833 1405 2947 1444 non
2966 1405 3037 1444 ex
3058 1387 3239 1443 animi
3288 1387 3375 1442 sui
3422 1389 3671 1445 sententia
3702 1407 3817 1446 acce-

2274 1480 2501 1552 ptis,ita
2520 1478 2922 1546 excanduisse,
2956 1481 3021 1532 ut
3048 1493 3117 1532 ea
3145 1477 3341 1532 omnia
3356 1482 3569 1548 repente
3590 1477 3814 1534 oblivisce~

2275 1574 2454 1636 retur,
2473 1583 2598 1639 quae
2627 1566 2859 1640 publice
2880 1566 3179 1639 professus
3210 1565 3419 1631 fuerat,
3447 1581 3619 1623 secum
3645 1566 3817 1639 collegis

2275 1657 2401 1713 suis
2428 1656 2647 1713 nemini
2671 1655 3009 1722 vimfacere,
3043 1653 3265 1710 nemini
3280 1653 3457 1727 legem
3482 1655 3617 1722 dare,
3636 1655 3818 1711 servari-

2276 1762 2389 1819 que
2408 1762 2440 1801 a
2470 1762 2531 1802 se
2552 1743 2896 1801 charitatem
2918 1742 3120 1814 animi,
3140 1742 3365 1816 collegii
3385 1743 3651 1814 honorem,
3676 1744 3819 1801 vincu-

2272 1834 2395 1891 lum
2430 1834 2562 1889 tidei
2583 1839 2640 1889 et
2667 1832 3037 1890 concordiam
3096 1831 3445 1899 sacerdotii;
3478 1832 3573 1887 hoc
3620 1848 3737 1901 vero,
3779 1837 3820 1886 ut

2272 1923 2528 1992 credam,
2561 1922 2771 1979 adduci
2802 1921 2972 1994 plane
3004 1937 3118 1977 non
3142 1937 3401 1991 possum.
3430 1920 3606 1993 Neque
3624 1920 3742 1976 enim
3765 1921 3819 1976 le-

2273 2012 2366 2068 via
2395 2016 2553 2082 sunt,
2581 2027 2709 2083 quae
2739 2009 2837 2066 ille
2885 2010 3168 2067 adversus
3205 2008 3550 2081 Stephanum
3591 2009 3822 2064 admisisse

2270 2099 2556 2172 arguitur,
2585 2100 2686 2156 sed
2722 2098 2863 2155 talia
2894 2099 3108 2171 potius,
3160 2115 3291 2170 quae
3347 2099 3403 2153 in
3449 2102 3650 2154 tantum
3688 2097 3821 2152 virum

2272 2191 2479 2245 cadere
2508 2190 2601 2244 vix
2622 2205 2793 2261 posse
2822 2188 3151 2244 videantur.
3184 2186 3333 2242 Nam
3352 2187 3399 2243 si
3420 2204 3538 2258 quas
3564 2188 3712 2240 fertur
3732 2186 3820 2256 epi-

2271 2279 2422 2337 stola
2450 2279 2522 2334 ad
2553 2279 2893 2350 Pompeium
2917 2277 3261 2349 episcopum
3283 2275 3653 2332 Sabratensem
3677 2274 3819 2338 missa,

2270 2366 2554 2442 Cypriano
2581 2366 2925 2423 ascribenda
2954 2368 3061 2436 est,
3113 2364 3242 2436 ipse
3285 2380 3395 2421 non
3422 2365 3581 2419 modo
3617 2363 3818 2434 Stephani

2259 2458 2487 2530 judicio
2509 2472 2626 2512 non
2658 2455 2965 2527 acquievit,
2990 2454 3090 2510 sed
3122 2452 3275 2509 alios
3322 2452 3488 2509 etiam
3544 2455 3708 2507 contra
3726 2466 3818 2506 eum

2267 2545 2582 2603 commovit
2617 2544 2926 2601 :eumdem
2958 2543 3030 2598 oh
3062 2542 3178 2597 tale
3205 2541 3545 2615 rescriptum
3572 2541 3742 2597 erroris
3756 2538 3818 2593 in-

2267 2634 2587 2703 simulavit,
2620 2632 2788 2706 quasi
2818 2633 3212 2691 haereticorum
3251 2647 3478 2687 causam
3523 2636 3681 2686 contra
3706 2626 3817 2682 Chri-

2264 2726 2473 2782 stianos
2499 2728 2551 2781 et
2578 2727 2768 2779 contra
2813 2722 3110 2778 Ecclesium
3159 2721 3260 2777 Dei
3298 2735 3526 2776 asserere
3568 2727 3820 2775 conaretur;

2266 2813 2485 2886 scripta
2514 2815 2585 2868 ab
2621 2829 2687 2869 eo
2712 2811 2895 2866 multa
2927 2809 3245 2865 affirmavit
3275 2810 3659 2882 imperiumque
3682 2809 3820 2876 impro-

2263 2903 2407 2971 vide,
2440 2906 2495 2957 et
2526 2917 2653 2974 qua
2684 2900 2771 2956 vel
2798 2901 3062 2970 superba,
3078 2898 3163 2954 vel
3194 2897 3268 2953 ad
3296 2914 3522 2954 remnon
3548 2896 3818 2968 pertinentia,

2264 2993 2348 3048 vel
2375 2992 2486 3047 sibi
2513 2993 2621 3061 ipsi
2649 2991 2931 3046 contraria
2957 2996 3151 3044 essent.
3186 2986 3464 3059 Stephani
3493 2986 3817 3041 obstinationem

2264 3080 2461 3135 duram
2481 3078 2812 3151 appellavit,
2846 3094 2973 3149 quae
3022 3076 3360 3132 constantia
3402 3076 3556 3143 foret,
3583 3077 3819 3142 auctet-que

2266 3169 2558 3240 episcopis
2594 3166 2795 3235 fuit,ut
2822 3164 3094 3237 Stephani
3117 3165 3443 3221 doctrinam
3472 3167 3815 3219 aversarentur:

2263 3258 2496 3329 Propter
2524 3254 2683 3328 quod,
2738 3254 2949 3328 inquit,
3010 3254 3205 3310 relicto
3234 3268 3423 3310 errore
3446 3266 3697 3324 sequamur
3726 3246 3820 3302 reri-

2265 3350 2453 3403 tatem.
2491 3347 2616 3401 Haec
2644 3360 2785 3400 sane
2817 3344 2917 3416 qui
2962 3343 3297 3415 perpendit,
3344 3356 3622 3413 nunquam
3662 3353 3713 3393 ex
3731 3337 3817 3403 ejus

2265 3452 2363 3490 ore
2393 3435 2680 3508 prodiisse
2712 3432 3021 3506 putaverit,
3053 3448 3228 3502 quem
3291 3447 3405 3487 non
3439 3429 3595 3486 modo
3621 3432 3723 3483 ante
3744 3424 3816 3477 hoc

2264 3528 2517 3597 tempus,
2547 3523 2647 3579 sed
2678 3521 2927 3579 subinde
2954 3520 3130 3577 etiam
3162 3521 3296 3576 vitae
3319 3520 3624 3581 sanctitate,
3650 3529 3817 3571 concor-

2262 3612 2368 3669 diis
2391 3612 2607 3683 studio,
2636 3610 2816 3668 animi
2863 3610 3165 3684 gravitate,
3226 3626 3421 3666 rerum
3469 3607 3734 3664 arduarum
3776 3613 3819 3654 ac

2261 3701 2589 3758 difﬁcilium
2620 3699 2949 3755 voluntaria
2996 3715 3063 3754 ac
3086 3697 3372 3755 diuturna
3401 3696 3725 3771 perpessione
3746 3688 3821 3744 cla-

2259 3790 2450 3846 ruisse
2480 3794 2741 3861 apparet.
2771 3788 2992 3844 Idcirco
3024 3787 3397 3859 Augustinus
3440 3799 3645 3857 quoque
3667 3778 3816 3852 episto-

2259 3878 2373 3935 lam
2405 3880 2609 3935 l-l62
2638 3877 2801 3933 illam
2836 3877 2947 3932 sibi
2971 3883 3314 3948 suspectam
3361 3892 3506 3939 esse,
3556 3889 3653 3929 non
3692 3864 3821 3924 semel

2259 3967 2609 4042 significavit
2642 3968 2849 4037 (contra
2886 3966 3129 4022 Crescon.
3184 3965 3290 4020 lib.
3343 3982 3407 4036 ιι,
3462 3980 3509 4019 c.
3561 3962 3638 4030 3t,
3677 3962 3759 4015 etc.
3795 3953 3821 4024 l,

2256 4058 2643 4129 eamdemque
2672 4054 2770 4112 alii
2798 4056 2871 4113 ob
2900 4072 3089 4111 causas
3112 4071 3234 4109 suae
3254 4051 3623 4127 patrocinium
3642 4066 3670 4104 a
3694 4047 3822 4103 Dona-

2256 4146 2416 4204 tistis
2447 4147 2757 4203 conﬁctam
2789 4144 3151 4201 crediderant
3182 4142 3709 4215 (V.Missor.Disput.
3730 4133 3816 4190 σα.

2255 4238 2318 4293 in
2347 4239 2505 4309 epist.
2550 4235 2713 4307 Cypr.
2744 4239 2801 4291 et
2831 4233 3070 4303 Firmil.,
3111 4234 3266 4306 264).

2328 4342 2429 4398 III.
2486 4344 2768 4397 Caeterum
2812 4340 3135 4413 Cyprianus
3182 4338 3247 4396 in
3295 4336 3568 4411 rescripto
3618 4323 3824 4404 Stephani

2255 4447 2372 4489 non
2404 4429 2589 4503 legem
2635 4428 2895 4501 aliquam
2936 4429 3049 4487 sibi
3092 4428 3458 4502 impositam,
3490 4426 3584 4484 sed
3604 4419 3822 4496 judicium

490 4517 575 4576 hil
603 4519 960 4589 novandum,
991 4517 1106 4575 nisi
1154 4518 1311 4592 quod
1361 4518 1644 4575 traditum
1698 4521 1810 4575 est.
1860 4517 2146 4589 Intellige-
2176 4500 2221 4565 Ῑ)
2254 4500 2751 4593 ρι’ἰνειὶίᾞοωὶηἰέ
2817 4516 3083 4574 oblatum
3143 4500 3512 4584 eaistimans,
3542 4511 3687 4569 tertio
3709 4519 3824 4577 expc“

487 4609 591 4665 bat
618 4608 835 4665 etenim
852 4608 937 4665 vir
964 4612 1206 4667 sanctus
1232 4613 1290 4665 et
1320 4608 1599 4680 prudens,
1616 4607 1761 4665 nihil
1789 4607 1949 4665 aliud
1971 4609 2143 4666 ratio-

487 4714 620 4753 nem
656 4697 889 4769 pietatis
910 4699 1237 4767 admittere,
1289 4698 1405 4755 nisi
1434 4703 1500 4753 ut
1546 4697 1762 4764 omnia,
1796 4713 1923 4768 quae
1954 4698 2067 4753 fide
2109 4714 2145 4753 a

486 4786 762 4843 Patribus
791 4792 1064 4859 suscepta
1088 4787 1507 4854 forent,eadem
1541 4786 1652 4841 fide
1675 4784 1810 4840 filiis
1831 4786 2140 4858 consigna-

488 4882 710 4944 rentur,
744 4892 968 4947 nosque
984 4875 1324 4947 religionem
1350 4892 1467 4932 non
1479 4873 1885 4946 quavellemus
1907 4875 2137 4944 ducere,

489 4966 592 5021 sed
624 4967 819 5038 potius
846 4982 959 5037 qua
989 4964 1091 5019 illa
1111 4964 1368 5033 duceret,
1416 4964 1581 5035 sequi
1615 4968 1880 5037 oportere
1914 4982 1928 5033 ;
1962 4963 2140 5036 idque

488 5070 617 5111 esse
660 5053 961 5126 proprium
984 5053 1323 5108 Christianae
1362 5053 1660 5107 modestiae
1681 5053 1982 5123 gravitatis
2022 5070 2136 5109 non

488 5160 600 5199 sua
630 5143 878 5214 posteris
903 5142 1259 5205 tradere,sed
1307 5157 1340 5195 a
1371 5141 1695 5211 majoribus
1728 5148 1964 5213 accepta
2016 5159 2136 5197 ser-

484 5249 638 5287 vare.
672 5253 698 5280 »
732 5236 1012 5286 Cmterum
1046 5228 1251 5285 litterae
1277 5228 1419 5300 ipsa:
1447 5229 1746 5301 Stephani,
1778 5228 2135 5301 qualescun-

486 5336 598 5392 que
620 5320 856 5386 fuerint,
889 5319 959 5374 ad
995 5334 1102 5374 nos
1144 5334 1261 5373 non
1293 5324 1718 5390 pervenerunt:
1750 5335 1850 5374 nec
1880 5318 2037 5374 aliud
2068 5338 2138 5377 ex

481 5408 556 5464 iis
599 5413 887 5481 superest,
929 5422 1104 5478 quam
1153 5406 1436 5478 particula
1473 5406 1731 5479 illa,quee
1782 5405 1843 5463 in
1891 5407 2138 5479 epistola

480 5495 985 5571 legiturCypriani
1014 5498 1086 5555 ad
1108 5498 1476 5573 Pompeium,
1508 5512 1870 5570 quaecunque
1892 5498 2132 5555 demum

477 5583 600 5644 haec
632 5600 864 5664 quoque
885 5601 1014 5644 esse
1041 5588 1304 5663 putanda
1333 5586 1431 5646 sit.
1458 5610 1487 5639 «
1518 5586 1579 5644 Si
1610 5586 1744 5661 quis
1776 5587 2135 5662 ergo,aiebat

2252 4609 2524 4667 riendum
2555 4608 2743 4676 duxit,
2767 4607 2911 4680 quid
2941 4606 3184 4663 ecclesia
3204 4607 3481 4663 Africana
3518 4605 3583 4660 de
3609 4597 3826 4657 haeretico-

2251 4713 2384 4754 rum
2425 4697 2718 4770 haptismo
2775 4696 3035 4753 sentiret.
3087 4695 3385 4751 Indictum
3442 4694 3608 4765 igitur
3648 4684 3822 4743 tertium

2249 4787 2562 4843 concilium
2586 4786 2645 4840 in
2662 4785 2948 4842 Kalendas
2966 4785 3350 4857 Septembres
3382 4789 3519 4839 utex
3542 4771 3826 4836 Mauretania

2250 4876 2428 4933 etiam
2459 4880 2515 4932 et
2544 4874 2788 4941 caeteris,
2812 4890 2938 4945 quas
2970 4872 3158 4946 magis
3171 4874 3477 4929 distabant
3498 4864 3823 4933 Ecclesiis,tre-

2250 4970 2495 5036 quentes
2525 4963 2784 5036 episcopi
2817 4962 3021 5019 adesse
3079 4967 3346 5034 possent.
3391 4965 3516 5016 Jam
3545 4963 3711 5014 autem
3728 4966 3822 5007 con-

2249 5054 2529 5109 troversia
2577 5052 2676 5108 illa
2729 5070 2888 5108 mare
2943 5056 3307 5125 trangressa,
3352 5050 3626 5106 Orientem
3653 5050 3823 5115 quoque

2246 5140 2926 5214 pervaserat,multisque
2958 5142 3015 5196 in
3048 5139 3318 5197 ecclesiis
3349 5139 3409 5195 in
3436 5144 3709 5206 utramque
3728 5143 3823 5184 sen-

2246 5232 2488 5288 tentiam
2514 5248 2625 5286 non
2651 5231 2757 5287 levi
2782 5230 3026 5286 dissidio
3044 5218 3821 5303 disputabaturLitterseetiaal

2246 5321 2318 5377 ad
2350 5319 2710 5392 Stephanum
2742 5318 2935 5375 missae
2969 5302 3222 5391 fuerant,
3253 5334 3385 5391 quae
3415 5314 3704 5373 multorum
3740 5302 3824 5377 epi-

2245 5426 2555 5481 scoporum
2583 5425 2711 5465 eam
2732 5408 2859 5480 jam
2875 5424 3003 5465 esse
3025 5408 3511 5465 consuetudinem
3533 5396 3819 5481 nuntiarent,

2246 5503 2309 5554 ut
2340 5479 2640 5554 haereticos
2670 5498 2741 5554 ad
2774 5496 3090 5554 Ecclesiam
3120 5496 3434 5553 redeuntes
3461 5494 3657 5550 iterum
3679 5479 3821 5557 baptic

2242 5603 2371 5645 emo
2401 5587 2713 5662 tingerent.
2738 5586 2901 5656 Quod
2939 5586 3234 5663 Stephano
3282 5585 3430 5643 adeo
3469 5596 3628 5659 grave
3652 5577 3755 5643 fuit,
3779 5574 3822 5625 ut
3861 5608 3867 5615 .
