4112 6174
268 322 419 387 1591

1324 320 1684 383 ANNALES
1733 318 2133 382 ECGLESle
2172 318 2618 382 AFRICANIE.

3520 322 3676 381 1522

268 456 472 514 multis
502 454 763 513 minatus
793 453 889 523 sit,
923 469 1006 523 se,
1026 454 1137 511 nisi
1170 453 1597 528 resipiscerent,
1622 452 1693 510 ab
1715 468 1918 511 eorum
1944 454 2002 523 Α
2031 452 2405 511 antichristos
2434 452 3028 528 appellatos,quando
3058 452 3130 509 ad
3161 451 3474 510 Ecclesiam
3497 467 3676 512 vene-

268 545 680 603 communione
728 562 1093 601 recessurum
1153 544 1409 617 (Euseb,
1444 545 1504 599 H.
1563 546 1634 599 E.
1668 542 1770 599 lib.
1812 559 1912 612 vn,

266 655 316 694 c.
343 635 423 707 5.)
456 637 566 692 Sed
604 634 896 706 Stephano
929 635 1133 690 datum
1170 651 1287 690 non
1331 638 1437 700 est,
1471 636 1535 688 ut
1564 632 1739 688 finem
1796 636 1918 687 ter-

266 726 378 781 rori
414 726 760 797 imponeret,
782 723 883 796 qui
907 740 1020 778 non
1045 723 1228 778 multo
1251 721 1539 796 postXisti
1564 719 1917 778 successoris

265 817 392 886 ejus
425 813 788 881 auctoritate,
821 817 877 867 et
905 811 1164 884 Dionysii
1184 810 1553 867 Alexandrini
1586 826 1761 881 opera
1782 808 1917 865 sub-

266 904 422 960 latus
453 909 559 959 est.
593 902 739 957 Nam
772 901 819 958 si
850 901 1098 957 Eusebio
1131 902 1437 955 credemus
1468 900 1562 971 (Η.
1596 900 1655 954 Ε.
1679 898 1779 953 lib.
1811 914 1914 968 vn,

264 1010 314 1049 c.
346 994 424 1063 5),
483 992 593 1047 hoc
651 1007 801 1046 anno
858 989 1192 1061 Stephanus
1244 988 1545 1044 biennium
1570 986 1913 1059 pontificatu

263 1084 497 1137 functus
555 1079 822 1145 decessit,
856 1096 913 1134 ιν
941 1079 1133 1134 Nonas
1177 1080 1495 1149 Augustas,
1544 1094 1659 1149 quo
1709 1076 1802 1131 die
1854 1075 1913 1131 in

261 1172 520 1242 antiquis
551 1168 978 1240 Martyrologiis
1008 1168 1289 1223 memoria
1315 1167 1443 1239 ejus
1473 1166 1803 1222 celebratur
1829 1164 1917 1221 ei-

262 1276 374 1332 que
403 1258 603 1314 Xistus
636 1257 939 1313 successit.

329 1383 424 1439 IV.
459 1382 867 1454 Carthaginem
899 1381 1086 1437 intera
1115 1380 1376 1452 undique
1404 1378 1665 1452 episcopi
1714 1379 1785 1435 ad
1817 1395 1909 1449 sy-

260 1475 478 1530 nodum
510 1475 899 1527 convenerant
928 1486 1172 1525 numero
1202 1470 1503 1541 octoginta
1533 1470 1815 1540 quinque,
1846 1484 1913 1524 ex

260 1562 448 1633 iisque
476 1559 698 1615 Natalis
728 1558 968 1615 Oeensis
999 1559 1278 1614 mandata
1304 1557 1582 1613 attulerat
1609 1557 1909 1628 episcopo-

260 1668 390 1707 rum
426 1648 676 1721 Pompeii
700 1648 1069 1703 Sabratensis
1086 1652 1144 1702 et
1168 1646 1358 1718 Diogaa
1384 1645 1911 1718 Leptimagnensis,

258 1740 358 1813 qui
391 1738 549 1795 domi
580 1742 954 1793 manserant:
991 1751 1240 1807 quorum
1272 1751 1450 1791 causa
1488 1734 1786 1807 octoginta
1820 1750 1911 1791 se-

2025 544 2165 614 rint,
2201 543 2373 599 unico
2403 544 2672 600 Ecclesiae
2700 544 2991 615 baptismo
3022 542 3403 615 baptizandos
3432 560 3580 610 esse,
3612 547 3679 599 ut

2024 633 2255 706 possint
2286 632 2408 688 fieri
2442 633 2511 688 de
2546 631 2894 689 adversariis
2912 631 3105 703 amici,
3128 636 3185 688 et
3214 632 3282 687 de
3314 632 3675 688 antichristis

2023 721 2360 778 Christiani.
2397 743 2424 772 ››
2456 726 2585 777 Haec
2615 738 2748 777 vero
2783 737 2852 777 ex
2877 725 3139 777 veterum
3171 721 3360 794 magis
3405 720 3677 793 opinione

2024 811 2242 885 scripta
2264 828 2439 885 quam
2472 816 2672 868 nostra
2702 815 2889 885 putes.

2094 935 2159 992 V.
2194 937 2337 1003 Quid
2359 940 2490 1008 post
2508 935 2631 992 haee
2651 953 2684 991 a
2714 936 2983 991 Patribus
3003 934 3390 990 constitutum
3412 938 3675 1006 gestum-

2021 1042 2089 1081 ve
2119 1025 2217 1098 sit,
2266 1025 2438 1097 plane
2461 1026 2821 1097 ignoramus.
2854 1024 2998 1079 Nam
3030 1022 3131 1095 qui
3162 1022 3385 1095 legatos
3429 1023 3673 1080 Romam

2022 1115 2095 1172 ad
2121 1114 2464 1170 Pontificem
2495 1114 2816 1169 maximum
2841 1113 3054 1169 missos
3086 1116 3315 1184 putant,
3350 1116 3415 1168 ut
3445 1129 3579 1168 eum
3603 1114 3674 1169 de

2021 1202 2227 1277 synodi
2268 1202 2516 1258 decretis
2559 1201 2862 1258 certiorem
2908 1202 3179 1271 facerent,
3221 1200 3446 1256 litteras
3490 1217 3560 1257 ea
3603 1203 3673 1256 de

2021 1309 2201 1347 causa
2229 1292 2477 1363 scriptas
2532 1291 2790 1362 proferre
2838 1289 3032 1345 nullas
3080 1293 3349 1361 possunt.
3380 1288 3488 1353 Qui
3539 1305 3672 1344 vero

2022 1381 2411 1453 Rogatianum
2454 1380 2768 1435 diaconum
2815 1378 2876 1434 in
2906 1377 3330 1450 Cappadociam
3381 1394 3568 1448 usque
3600 1378 3672 1433 ad

2022 1468 2425 1525 Firmilianum
2448 1467 2788 1540 episcopum
2813 1470 3080 1522 Caesareae
3114 1466 3368 1539 legatum
3390 1483 3424 1521 a
3442 1466 3674 1537 Cypria-

2020 1575 2097 1615 no
2128 1557 2353 1623 dicunt,
2377 1560 2444 1612 ut
2476 1572 2649 1627 quem
2680 1555 2741 1611 in
2772 1556 2977 1610 eadem
3005 1555 3297 1610 sententia
3324 1570 3451 1610 esse
3481 1560 3669 1619 norat,

2018 1647 2091 1703 de
2120 1645 2323 1718 synodi
2352 1645 2633 1701 Africanae
2653 1659 2940 1701 consensu
2972 1644 3272 1711 edoceret;
3300 1659 3407 1698 nec
3435 1642 3475 1697 ii
3511 1641 3671 1698 Grae-

2022 1751 2119 1791 cas
2151 1733 2472 1790 Firmiliani
2491 1733 2712 1790 litteras
2735 1732 2968 1799 habent,
2994 1740 3092 1787 aut
3126 1732 3357 1787 Latinas
3399 1731 3669 1802 Cypriani

259 1834 415 1901 ptem
446 1827 701 1900 episcopi
731 1825 887 1881 idem
913 1826 1129 1881 sentire
1161 1823 1517 1880 ferebantur.
1559 1824 1667 1890 Qui
1698 1824 1759 1878 in
1801 1822 1916 1879 alia
1942 1823 1990 1889 B
2020 1839 2169 1896 quas
2185 1823 2610 1891 ostendant;et
2625 1839 2772 1895 quas
2793 1819 3408 1877 cxhihentFirmiliani
3432 1820 3668 1875 Latinas

259 1916 545 1974 sententia
564 1916 959 1987 erant,pedem
980 1928 1011 1969 e
1033 1914 1249 1968 ﬁnibus
1271 1913 1397 1969 suis
1419 1928 1532 1969 non
1554 1911 1904 1968 extulerunt.

251 2008 490 2063 Exstant
518 2022 650 2061 vero
672 2008 802 2059 acta
819 2004 949 2073 ejus
974 2002 1203 2058 concilii
1232 2018 1359 2075 quas
1391 2016 1587 2057 rerum
1609 2004 1907 2073 gestarum

249 2096 511 2152 ordinem
536 2094 704 2149 nobis
725 2092 1021 2150 exhibent.
1046 2096 1127 2146 Ac
1148 2091 1401 2162 primum
1415 2089 1755 2146 convenisse
1777 2088 1906 2161 plu-

251 2185 381 2241 rimi
407 2184 662 2256 episcopi
716 2183 991 2237 dicuntur
1022 2179 1291 2236 Kalendis
1340 2176 1785 2250 Septembribus
1837 2193 1906 2233 ex

248 2273 542 2344 provincia
556 2271 769 2337 Africa,
794 2269 1095 2336 Numidia,
1125 2266 1485 2323 Mauretania
1515 2281 1649 2321 cum
1674 2264 1907 2338 presby-

246 2361 387 2417 teris
416 2365 475 2417 et
502 2360 870 2425 diaconibus,
901 2361 1183 2429 praesente
1212 2355 1389 2412 etiam
1425 2355 1612 2427 plebis
1649 2354 1905 2410 maxima

252 2455 432 2524 parte.
467 2454 670 2506 Coram
729 2449 820 2504 his
869 2447 1027 2502 lectae
1079 2450 1220 2502 sunt
1264 2445 1469 2500 litteras
1498 2442 1773 2500 Jubaiani
1828 2444 1899 2499 ad

250 2540 598 2612 Cyprianum
624 2542 681 2594 et
709 2554 858 2609 quas
878 2535 1200 2609 Cyprianus
1221 2536 1294 2590 ad
1322 2533 1679 2590 Jubaianum
1713 2532 1905 2590 misis-

251 2633 357 2695 set,
386 2634 443 2685 et
471 2644 619 2699 quas
648 2642 885 2682 rursum
917 2627 989 2680 ab
1019 2625 1221 2679 eodem
1236 2623 1582 2694 accepisset:
1607 2621 1665 2677 in
1690 2621 1904 2692 quibus

250 2717 597 2787 rescriptum
619 2729 852 2785 quoque
868 2711 1169 2784 Stephani,
1207 2714 1271 2765 ut
1290 2710 1541 2780 opinior,
1565 2710 1901 2765 contineba-

253 2810 367 2862 tur.
404 2808 541 2859 Post
582 2819 709 2873 quae
753 2801 1096 2874 Cyprianus,
1125 2821 1151 2848 ‹‹
1174 2797 1458 2863 Audiatis,
1491 2797 1706 2869 inquit,
1730 2796 1902 2852 colle-

252 2910 336 2965 gae
367 2891 759 2956 dilectissimi,
793 2888 934 2960 quid
966 2887 1110 2942 mihi
1139 2885 1466 2942 Jubaianus
1524 2884 1904 2957 coepiscopus

253 2986 449 3037 noster
479 2979 797 3051 scripserit,
830 2976 1139 3033 consulens
1161 2974 1617 3030 mediocritatem
1643 2978 1904 3030 nostram

251 3072 323 3126 de
375 3069 576 3124 illicito
625 3072 682 3123 et
729 3066 972 3139 profano
1017 3064 1421 3120 haereticorum
1482 3062 1792 3135 baptismo,
1849 3066 1907 3118 et

249 3159 389 3232 quid
420 3174 525 3230 ego
547 3157 598 3212 ei
632 3154 1053 3227 rescripserim,
1076 3168 1321 3208 eensens
1352 3150 1593 3220 scilicet,
1634 3152 1788 3223 quod
1814 3168 1903 3207 se-

252 3247 363 3302 mel
390 3251 566 3318 atque
587 3245 822 3313 iterum,
845 3248 903 3299 et
919 3258 1070 3315 saepe
1090 3240 1452 3310 censuimus,
1494 3240 1799 3297 hmreticos
1831 3241 1905 3297 ad

248 3334 565 3393 Ecclesiam
597 3333 893 3389 venientes
924 3329 1217 3402 baptismo
1248 3328 1529 3401 baptizari
1563 3332 1619 3386 et
1650 3329 1910 3386 sanctiﬁ-

247 3424 663 3496 carioportere.
688 3425 829 3477 item
860 3420 1021 3475 lectae
1040 3422 1181 3474 sunt
1200 3418 1364 3475 vobis
1395 3422 1453 3473 et
1483 3418 1608 3474 alia:
1634 3417 1909 3474 Jubaiani

245 3514 472 3580 litterae,
521 3511 738 3584 quibus
770 3526 872 3582 pro
923 3526 1030 3566 sua
1069 3508 1297 3564 sincera
1343 3510 1400 3563 et
1431 3506 1704 3579 religiosa
1741 3508 1911 3563 devo-

242 3604 397 3658 tione
419 3602 489 3658 ad
508 3599 821 3673 epistolam
849 3597 1178 3653 rescribens
1203 3600 1567 3651 nontantum
1592 3601 1908 3660 consensit,

245 3692 345 3746 sed
379 3690 553 3746 etiam
580 3689 935 3745 instructum
960 3702 1020 3742 se
1050 3701 1177 3741 esse
1199 3683 1505 3740 confessus
1529 3683 1748 3757 gratias
1770 3684 1907 3757 egit.

246 3780 524 3851 Superest
554 3782 617 3833 ut
642 3778 713 3833 de
745 3776 850 3831 hac
881 3774 1010 3848 ipsa
1034 3790 1092 3829 re
1123 3773 1341 3846 singuli
1374 3772 1514 3846 quid
1559 3773 1908 3831 sentiamus.

250 3868 654 3942 proferamus:
690 3863 1356 3933 neminemjudicantes,
1388 3865 1487 3918 aut
1530 3879 1563 3917 a
1588 3862 1721 3934 jure
1751 3879 1909 3919 com-

252 3956 667 4012 municationis
702 3954 978 4025 aliquem,
1020 3952 1069 4007 si
1102 3953 1397 4007 diversum
1436 3953 1706 4018 senserit,
1741 3969 1906 4007 amo-

249 4044 688 4115 ventes.Neque
717 4044 872 4098 enim
908 4040 1224 4113 quisquam
1246 4040 1455 4095 1463
1490 4043 1755 4095 nostrum
1785 4040 1906 4113 epi-

251 4150 496 4207 scopum
515 4149 576 4190 se
593 4148 720 4189 esse
738 4130 1143 4204 episcoporum
1162 4127 1592 4197 constituit,aut
1605 4129 1907 4201 tyrannico

247 4228 469 4281 terrore
501 4221 575 4278 ad
615 4218 975 4291 obsequendi
1032 4217 1439 4275 necessitatem
1485 4216 1738 4291 collegas
1768 4235 1908 4277 suos

246 4312 452 4384 adigit,
486 4310 720 4383 quando
752 4308 965 4364 habeat
992 4307 1183 4365 omnis
1211 4306 1523 4380 episcopus
1543 4324 1648 4380 pro
1672 4308 1910 4365 licentia

247 4400 537 4459 libertatis
579 4403 638 4455 et
684 4396 993 4470 potestatis
1049 4411 1169 4452 sum
1219 4395 1529 4452 arbitrium
1578 4397 1904 4470 proprium,

243 4496 485 4562 tamque
507 4486 763 4560 judicari
795 4486 871 4541 ab
906 4484 1039 4554 alio,
1074 4501 1189 4540 non
1212 4483 1419 4556 possit,
1439 4500 1615 4556 quam
1649 4502 1753 4542 nec
1780 4486 1908 4558 ipse

2015 1910 2242 1968 litteras
2272 1914 2442 1983 (inter
2469 1911 2632 1983 Cypr.
2686 1911 2859 1983 epist.
2913 1910 3026 1982 75),
3061 1925 3129 1966 ea
3158 1925 3349 1981 neque
3399 1908 3668 1980 Dionysio

2014 2000 2423 2068 Alexandrino,
2453 2015 2641 2072 neque
2672 1999 2941 2070 Eusebio,
2974 2014 3163 2070 neque
3189 1997 3516 2070 Augustino
3554 1996 3669 2069 ipsi

2015 2094 2162 2145 notae
2194 2089 2451 2145 fuerunt.
2483 2093 2633 2144 Sunt
2652 2092 2847 2145 autem
2870 2088 3186 2160 ejusmodi,
3221 2086 3425 2159 quales
3445 2102 3561 2141 non
3581 2086 3670 2141 vir

2014 2180 2255 2234 sanctus
2284 2181 2343 2233 et
2371 2194 2405 2233 a
2438 2176 2641 2233 multis
2701 2177 3167 2242 commendatus,
3199 2176 3299 2231 sed
3361 2174 3668 2231 haereticus

2013 2282 2263 2338 nequam
2294 2270 2353 2322 et
2381 2265 2619 2321 infamis
2668 2265 2919 2321 scribere
2948 2265 3204 2337 potuerit
3235 2280 3249 2319 :
3293 2265 3436 2320 adeo
3467 2267 3668 2319 contra

2012 2356 2166 2412 Petri
2180 2354 2427 2427 apostoli
2478 2370 2877 2412 successorem
2900 2354 3259 2425 Stephanum
3282 2352 3664 2408 contumelio-

2016 2461 2093 2501 sis
2150 2449 2325 2515 atque
2382 2444 2660 2515 improbae
2710 2448 2850 2498 sunt
2898 2443 2982 2511 (ν.
3014 2443 3247 2509 Missam,
3292 2442 3453 2510 ibid.,
3485 2456 3541 2513 p.
3580 2442 3668 2508 18,

2012 2537 2070 2588 et
2098 2537 2269 2588 notas
2299 2530 2585 2602 ejusdem,
2616 2547 2674 2602 p.
2708 2532 2851 2603 112).
2885 2532 2996 2586 Eas
3024 2530 3295 2602 equidem
3328 2530 3401 2585 ah
3458 2530 3662 2585 eodem

2010 2621 2300 2693 prodiisse
2329 2619 2613 2686 duxerim,
2648 2618 2748 2691 qui
2783 2618 3093 2689 epistolam
3125 2635 3359 2690 quoque
3393 2617 3661 2691 Cypriani

2010 2710 2081 2764 ad
2114 2708 2455 2781 Pompeium
2495 2707 2748 2763 confixit.
2796 2708 2942 2763 Nam
2992 2712 3219 2763 exstare
3265 2707 3446 2778 hujus
3502 2708 3661 2762 modi

2009 2796 2276 2869 exempla
2305 2796 2625 2868 plurimum
2669 2795 2991 2851 Donatistis
3021 2797 3297 2851 intererat
3326 2795 3427 2867 qui
3466 2795 3665 2851 Ponti-

2012 2885 2141 2941 ficis
2170 2884 2402 2941 maximi
2431 2884 2834 2941 auctoritatem
2865 2883 3107 2951 elevare,
3144 2900 3212 2940 ac
3235 2884 3526 2955 judicium
3572 2884 3667 2939 de-

2013 2977 2212 3047 fugere
2241 2975 2598 3030 nitebantur.
2630 2974 2945 3045 Scripsisse
2995 2981 3191 3029 tamen
3248 2974 3356 3029 hoc
3410 2982 3668 3045 tempore

2010 3064 2360 3137 Cyprianum
2391 3062 2694 3136 epistolam
2729 3064 2801 3118 ad
2832 3066 3128 3135 Magnum,
3155 3079 3283 3134 qua:
3301 3067 3512 3130 exstat,
3545 3078 3667 3118 cre-

2014 3153 2194 3210 dibile
2214 3157 2323 3217 est,
2355 3168 2488 3207 cum
2520 3151 2581 3207 in
2614 3168 2682 3207 ea
2710 3151 2996 3224 quidquid
3028 3151 3098 3207 de
3128 3151 3422 3223 baptismo
3441 3151 3667 3207 haereti-

2019 3258 2220 3299 corum
2257 3241 2625 3312 disputatum
2669 3256 2920 3312 usquam
2970 3240 3181 3305 fuerat,
3213 3239 3393 3296 simili
3444 3240 3668 3296 ratione

2019 3332 2270 3403 attingat
2322 3334 2498 3403 atque
2545 3328 2809 3401 explicet.
2855 3329 3178 3402 Rogaverat
3206 3345 3342 3386 eum
3399 3330 3664 3401 Magnus,

2018 3420 2373 3493 quicumque
2402 3419 2640 3475 demum
2671 3417 2723 3475 is
2751 3417 2945 3487 fuerit,
2961 3418 3080 3475 sive
3108 3419 3180 3475 de
3197 3418 3413 3492 populo
3434 3418 3665 3490 aliquis,

2019 3510 2139 3565 sive
2197 3507 2379 3565 sacris
2424 3507 2715 3577 initiatus,
2761 3523 2895 3563 nam
2935 3524 3067 3564 eum
3107 3508 3430 3581 Cyprianus
3488 3508 3669 3579 filium

2017 3597 2305 3670 appellat:
2358 3600 2676 3669 rogaverat,
2715 3596 2979 3669 inquam,
3022 3613 3164 3653 num
3206 3604 3263 3652 et
3293 3598 3455 3670 quia
3482 3598 3669 3653 Nova-

2018 3687 2177 3741 tiano
2208 3685 2487 3752 venirent,
2522 3685 2647 3758 pari
2688 3686 2860 3741 modo
2921 3686 3251 3758 baptizandi
3283 3687 3528 3743 essent?
3574 3686 3667 3741 cui

2019 3774 2361 3847 Cyprianus,
2396 3796 2419 3823 ι
2455 3775 2770 3843 Quantum,
2803 3773 2997 3846 inquit
3022 3775 3213 3848 (epist.
3247 3776 3359 3846 81),
3392 3773 3526 3831 fidei
3566 3791 3670 3830 no-

2021 3869 2151 3919 strae
2183 3863 2476 3935 capacitas
2498 3868 2606 3931 est,
2631 3866 2689 3918 et
2717 3862 3151 3935 Scripturarum
3174 3863 3505 3919 divinarum
3535 3880 3670 3919 san-

2021 3953 2191 4008 ctitas
2220 3968 2286 4007 ac
2313 3952 2528 4008 veritas
2564 3950 2843 4024 suggerit,
2877 3951 3130 4007 dicimus
3169 3966 3371 4007 omnes
3430 3953 3669 4007 omnino

2017 4041 2319 4099 hereticos
2376 4044 2432 4096 et
2460 4040 2867 4096 schismaticos
2918 4040 3064 4095 nihil
3095 4040 3308 4096 habere
3366 4040 3668 4112 potestatis

2016 4147 2081 4188 ac
2107 4130 2276 4203 juris.
2312 4132 2553 4202 Propter
2574 4129 2729 4201 quod
2760 4128 3118 4187 Novatianus
3144 4130 3353 4187 1464
3378 4145 3479 4185 nec
3500 4129 3668 4185 debet

2016 4237 2121 4277 nec
2180 4222 2370 4292 potest
2422 4218 2628 4291 excipi,
2671 4218 2990 4291 quominus
3046 4220 3171 4293 ipse
3210 4234 3444 4293 quoque
3508 4222 3671 4275 extra

2016 4308 2332 4367 Ecclesiam
2364 4307 2712 4380 consistens,
2735 4311 2793 4364 et
2822 4312 3023 4365 contra
3052 4323 3255 4381 pacem
3284 4326 3349 4366 ac
3404 4308 3667 4364 dilectio-

2016 4413 2149 4454 nem
2170 4395 2383 4453 Christi
2402 4396 2644 4466 faciens,
2662 4396 2814 4453 inter
2826 4397 3187 4455 adversarios
3207 4402 3264 4454 et
3287 4397 3481 4455 antich
3492 4398 3666 4454 ristos

2015 4490 2403 4559 computetur.
2438 4510 2465 4537 ››
2523 4485 2711 4543 Aliam
2768 4486 2942 4542 etiam
2998 4488 3361 4560 questionem
3420 4488 3667 4560 Magnus

246 4560 436 4653 potest
470 4578 719 4633 alterum
743 4576 1031 4645 judicare.
1062 4574 1173 4630 Sed
1206 4576 1611 4644 exspectemus
1650 4574 1906 4632 universi
1939 4560 1982 4626 D
2015 4580 2308 4649 posuerat,
2340 4576 2411 4632 de
2440 4575 2534 4647 iis,
2581 4576 2682 4648 qui
2722 4576 2832 4631 sub
2866 4582 3109 4633 mortem
3145 4576 3419 4650 baptizati
3448 4583 3664 4646 essent,

235 4668 537 4742 judicium
563 4664 791 4722 Domini
814 4663 997 4719 nostri
1019 4664 1155 4718 Jesu
1178 4661 1416 4729 Christi,
1440 4661 1541 4734 qui
1564 4680 1718 4719 unus
1740 4669 1795 4720 et
1817 4681 1910 4721 so-

249 4759 347 4815 lus
376 4756 555 4812 habet
584 4756 929 4828 potestatem
952 4755 1009 4807 et
1030 4749 1401 4825 preponendi
1425 4766 1531 4807 nos
1563 4751 1621 4806 in
1644 4752 1911 4809 Ecclesiae

252 4863 379 4903 suae
426 4843 870 4917 gubernatione,
904 4844 961 4897 et
997 4841 1067 4897 de
1105 4843 1240 4897 actu
1287 4842 1488 4897 nostro
1534 4840 1859 4911 judicandi.
1884 4864 1913 4894 π

253 4933 473 4989 Exinde
487 4933 558 4988 ad
586 4931 911 4988 sententias
931 4929 1210 4986 dicendas
1231 4930 1467 4985 ventum
1482 4935 1573 4985 est
1593 4946 1607 4985 :
1633 4947 1917 5005 suamque

255 5023 487 5095 primus
516 5020 781 5077 omnium
805 5018 1047 5091 protulit
1072 5016 1336 5073 Caecilius
1358 5034 1391 5072 a
1411 5016 1579 5087 Bilta,
1611 5035 1783 5092 quem
1808 5036 1916 5076 caa-

253 5112 388 5182 teri,
414 5117 478 5167 ut
508 5111 760 5182 quisque
790 5108 1086 5181 antiquior
1113 5110 1287 5176 esset,
1320 5109 1616 5164 consecuti
1667 5114 1823 5179 sunt,
1861 5113 1919 5166 et

260 5216 599 5274 quanquam
632 5198 729 5256 alii
770 5196 886 5255 alia
914 5197 1088 5254 verba
1127 5201 1508 5270 usurparunt,
1552 5213 1723 5254 nemo
1764 5215 1918 5256 unus

257 5309 291 5345 a
317 5289 585 5361 Cypriani
612 5288 866 5345 sentatia
887 5286 1185 5343 dissensit.
1206 5288 1405 5357 Itaque
1426 5286 1670 5342 ultimus
1685 5288 1917 5359 Cypria-

258 5395 374 5433 nus
399 5394 411 5432 :
447 5400 476 5427 «
500 5378 713 5444 Meam,
746 5376 965 5448 inquit,
994 5376 1343 5432 sententiam
1369 5375 1710 5447 plenissime
1734 5377 1921 5449 expri-

262 5465 374 5520 mit
403 5464 669 5536 epistola,
701 5481 826 5536 quae
861 5464 930 5521 ad
961 5464 1315 5521 Jubaianum
1340 5462 1621 5537 collegam
1647 5469 1916 5523 nostrum

258 5553 485 5625 scripta
534 5556 646 5622 est,
698 5552 1003 5612 haereticos
1060 5553 1384 5611 secundum
1431 5553 1831 5627 evangelicam
1862 5559 1920 5612 et

260 5640 645 5717 apostolicam
676 5643 1153 5702 eontestationem
1176 5645 1233 5700 et
1255 5641 1616 5700 adversarios
1634 5642 1847 5703 Christi
1864 5647 1924 5701 et

2018 4682 2194 4739 quam
2233 4664 2554 4737 Cyprianus
2587 4665 2672 4721 sic
2716 4663 2941 4720 dirimit
2971 4682 2984 4720 :
3018 4692 3046 4717 ιι
3080 4665 3344 4729 Quaesisti
3376 4667 3549 4723 etiam
3579 4667 3669 4721 in-

2022 4754 2168 4828 quit,
2190 4752 2271 4807 ﬁli
2294 4752 2658 4824 charissime,
2682 4753 2822 4826 quid
2849 4753 2993 4809 mihi
3021 4755 3091 4811 de
3120 4754 3236 4810 illis
3267 4755 3550 4821 videatur,
3569 4756 3669 4827 qui

2022 4845 2081 4899 in
2104 4841 2441 4898 infirmitate
2462 4846 2519 4898 et
2534 4841 2812 4916 languore
2825 4842 3073 4916 gratiam
3098 4843 3193 4900 Dei
3209 4846 3674 4916 consequuntur,

2023 4949 2095 4988 an
2127 4930 2381 4987 habendi
2411 4931 2530 4987 sint
2569 4929 2817 5003 legitimi
2875 4931 3210 4999 Christiani,
3244 4948 3309 4989 eo
3340 4933 3493 5004 quod
3525 4948 3679 5003 aqua

2025 5021 2271 5077 salutari
2303 5037 2418 5076 non
2450 5020 2553 5077 loti
2587 5021 2725 5090 sint,
2745 5021 2846 5077 sed
2882 5022 3130 5092 perfusi;
3163 5039 3278 5093 qua
3310 5022 3366 5075 in
3396 5026 3557 5093 parte
3578 5038 3677 5076 ne-

2028 5110 2172 5166 mini
2202 5111 2553 5167 verecundia
2569 5114 2627 5166 et
2656 5109 2943 5165 modestia
2964 5113 3159 5167 nostra
3177 5110 3517 5183 praejudicat
3534 5125 3681 5182 quo-

2028 5198 2225 5256 minus
2247 5199 2658 5271 unusquisque
2678 5197 2832 5271 quod
2852 5201 3019 5272 putat
3032 5199 3264 5268 sentiat,
3288 5203 3344 5255 et
3364 5201 3518 5274 quod
3551 5216 3680 5257 sen-

2028 5289 2169 5345 serit
2198 5287 2391 5345 faciat.
2426 5289 2563 5359 Nos,
2598 5292 2881 5357 quantum
2914 5288 3168 5360 concipit
3188 5288 3558 5345 mediocritas
3581 5305 3681 5344 no-

2028 5382 2169 5448 stra,
2186 5378 2552 5433 aestimamus
2570 5378 2625 5431 in
2643 5375 2803 5431 nullo
2821 5376 3079 5431 mutilari
3113 5382 3170 5432 et
3200 5377 3489 5432 debilitari
3514 5395 3684 5451 posse

2028 5466 2311 5523 beneficia
2336 5465 2553 5535 divina,
2592 5481 2695 5522 nec
2728 5465 2923 5521 minus
2955 5465 3176 5538 aliquid
3208 5466 3325 5522 illic
3355 5482 3525 5539 posse
3548 5485 3683 5523 con-

2029 5555 2252 5627 tingere
2282 5554 2381 5612 ubi
2412 5554 2585 5625 plena
2613 5557 2672 5612 et
2698 5557 2824 5610 tota
2852 5553 2967 5611 fide
2996 5558 3054 5612 et
3081 5556 3277 5612 dantis
3306 5561 3363 5611 et
3397 5558 3689 5611 sumentis

2027 5644 2311 5718 accipitur
2337 5644 2493 5719 quod
2526 5644 2599 5701 de
2630 5641 2841 5702 divinis
2871 5644 3213 5701 muneribus
3254 5645 3552 5701 hauritur.
3584 5644 3695 5699 Ex-
