4112 6174
525 336 552 390 Ι
566 330 684 389 523

522 466 711 519 trema
729 460 906 518 etiam
922 462 1183 535 epistola
1203 462 1380 521 verba
1403 467 1742 522 consuetam
1761 463 1921 520 illam
1938 461 2167 537 Cypria-
2199 462 2255 530 Α

522 551 583 608 ni
613 550 965 608 modestiam
995 556 1052 607 et
1081 552 1374 625 singulare
1416 554 1734 611 concordia
1765 553 2028 611 studium
2084 568 2172 608 re-

523 644 878 715 praesentant
899 657 913 697 :
938 665 965 692 ‹‹
998 641 1307 714 Rescripsi,
1336 643 1546 716 inquit,
1582 643 1665 698 fili
1706 643 2071 714 charissime,
2105 642 2175 698 ad

524 729 749 786 litteras
778 734 912 786 tuas
942 736 1226 802 quantum
1252 749 1430 804 parva
1450 736 1650 789 nostra
1681 732 2050 789 mediocritas
2079 749 2176 788 vo-

524 818 656 887 luit,
691 824 748 875 et
794 819 1045 888 ostendi,
1098 820 1237 891 quid
1294 839 1400 877 nos
1431 826 1717 893 quantum
1749 823 1809 877 in
1841 822 2010 877 nobis
2067 824 2177 892 est,

529 908 1113 976 sentiamus,nemini
1140 911 1603 980 praescribentes,
1627 911 1945 983 quominus
1962 914 2182 967 statuat

527 997 685 1069 quod
709 1002 884 1069 putat
912 998 1320 1071 unusquisque
1348 1000 1716 1073 praepositus,
1748 1005 1915 1057 actus
1955 999 2047 1055 sui
2086 1017 2177 1056 ra-

528 1085 748 1143 tionem
778 1076 1025 1144 Domino
1056 1089 1417 1145 redditurus.
1446 1111 1475 1141 »

947 1236 1142 1277 ANNUS
1179 1238 1552 1279 CHRISTIANUS
1591 1239 1770 1279 CCLVI.

675 1326 1030 1383 CYPRIANO
1068 1327 1398 1384 EPISCOPO
1438 1329 1948 1387 CARTHAGINEN
1951 1333 2035 1385 SI.

608 1443 647 1497 Ι.
674 1441 922 1514 Signant
947 1441 1105 1499 hunc
1134 1461 1356 1500 annum
1386 1445 1659 1502 consules
1682 1446 1759 1501 M.
1777 1446 2047 1502 Valerius
2062 1448 2179 1501 Ma-

531 1530 750 1600 ximus,
778 1534 932 1599 Man,
961 1531 1180 1589 Acilius
1220 1532 1492 1591 Glabrio:
1544 1551 1659 1607 quo
1708 1551 1861 1591 anno
1899 1535 2184 1606 Aspasius

536 1620 819 1676 Paternus
848 1623 1162 1693 proconsul
1186 1623 1392 1680 Africae
1420 1624 1764 1697 designatus
1807 1628 1913 1681 est.
1967 1625 2183 1681 Eodem

537 1725 691 1766 anno
711 1710 1048 1782 Xistus,qui
1077 1711 1137 1767 in
1158 1712 1436 1784 Stephani
1456 1712 1651 1770 locum
1665 1714 1947 1770 suffectus
1977 1714 2182 1781 fuerat,

538 1814 675 1899 cum
704 1798 831 1900 ipse
849 1800 1028 1900 etiam
1057 1799 1286 1857 litteras
1319 1803 1390 1858 de
1418 1802 1692 1875 baptismi
1742 1802 2133 1900 controversia
2153 1818 2187 1858 a
2219 1833 2267 1900 Β

542 1888 814 1960 Dionysio
846 1888 1117 1962 episcopo
1149 1890 1540 1949 Alexandrino
1579 1892 1900 1965 accepisset
1929 1892 2188 1966 (Euscb.,

542 1977 704 2045 H._E.
734 1976 836 2034 lib.
897 1994 999 2047 vn,
1029 1995 1155 2052 cap.
1201 1980 1281 2052 5),
1330 1979 1576 2037 dissidio
1629 1982 1882 2054 denique
1936 1982 2189 2050 sublato,

540 2066 800 2123 Africam
830 2070 889 2123 et
906 2066 1200 2126 Orientem
1219 2086 1460 2141 pacasse
1486 2071 2193 2144 videturdictusprcpter-

542 2171 613 2212 ea
650 2172 687 2211 a
723 2156 931 2212 Pontio
988 2157 1232 2214 diacono
1288 2160 1372 2230 (in
1437 2161 1557 2215 Vita
1596 2160 1786 2231 Cypr.,
1838 2178 1897 2215 n.
1940 2161 2028 2232 14)
2085 2161 2195 2216 Βο-

538 2261 646 2299 nus
673 2249 727 2301 et
756 2246 1015 2315 paciﬁcus
1041 2247 1311 2315 sacerdos,
1348 2248 1449 2320 qui
1497 2252 1694 2303 tamen
1723 2248 2004 2321 Stephani
2060 2265 2195 2304 sen-

540 2333 785 2390 tentiam
817 2339 1017 2391 sancto
1034 2336 1313 2403 defendit,
1337 2352 1585 2407 eamque
1605 2337 1872 2393 Ecclesiae
1892 2338 2194 2404 universae,

543 2426 610 2479 ut
638 2439 745 2494 par
771 2428 914 2492 erat,
950 2440 1324 2480 communem
1383 2424 1536 2482 fecit.
1572 2426 1847 2481 Eamdem
1897 2426 1957 2481 in
2006 2427 2198 2482 Africa

542 2511 721 2569 etiam
754 2528 899 2567 novo
930 2514 1163 2569 decreto
1195 2516 1486 2585 receptam
1518 2519 1573 2570 et
1604 2515 2010 2571 conﬁrmatam
2042 2515 2195 2572 indi-

543 2617 675 2657 care
705 2600 1091 2676 Hieronymus
1121 2602 1352 2658 videtur
1381 2620 1515 2659 cum
1549 2603 1630 2659 ait
1658 2604 1828 2676 (Dial.
1860 2604 1982 2660 adv.
2037 2607 2195 2661 Luci-

540 2690 676 2763 fer.,
708 2707 764 2746 n.
795 2692 928 2763 23):
961 2714 989 2743 «
1021 2695 1273 2747 Conatus
1306 2695 1394 2748 est
1433 2692 1636 2749 beatus
1681 2693 2004 2766 Cyprianus
2062 2710 2198 2750 con-

543 2779 712 2835 tritos
742 2779 904 2835 lacus
937 2780 1154 2853 fugere,
1197 2797 1299 2836 nec
1330 2779 1525 2837 bibere
1574 2782 1644 2837 de
1683 2798 1835 2853 aqua
1877 2781 2097 2851 aliena;
2141 2785 2198 2838 et

543 2868 760 2924 idcirco
783 2868 1183 2926 haereticorum
1209 2869 1503 2941 baptisma
1524 2870 1840 2942 reprobans
1864 2871 1933 2926 ad
1952 2872 2196 2944 Stepha-

544 2974 681 3014 num
712 2962 855 3013 tunc
885 2959 1158 3015 Romanae
1191 2959 1352 3014 urbis
1383 2958 1721 3031 episcopum
1753 2976 1931 3032 super
1984 2960 2093 3017 hac
2136 2976 2198 3016 re

542 3046 879 3103 Africanam
909 3049 1200 3119 synodum
1232 3047 1467 3104 direxit:
1503 3049 1603 3104 sed
1637 3053 1882 3105 conatus
1926 3050 2055 3122 ejus
2076 3051 2197 3105 fru-

544 3140 667 3192 stra
696 3135 836 3191 fuit:
860 3136 1114 3207 denique
1142 3135 1225 3190 illi
1258 3136 1371 3209 ipsi
1401 3137 1679 3211 episcopi,
1713 3138 1812 3208 qui
1840 3138 2199 3211 rebaptizan-

545 3226 652 3281 dos
680 3225 980 3281 hereticos
1011 3241 1143 3280 cum
1170 3242 1236 3282 eo
1267 3229 1615 3297 statuerant,
1634 3227 1703 3281 ad
1736 3227 2037 3299 antiquam
2062 3246 2198 3283 con-

545 3314 913 3371 suetudinem
974 3315 1216 3370 revoluti
1249 3332 1464 3371 novum
1521 3315 1767 3370 emisere
1818 3316 2202 3373 decretum.»

545 3403 761 3460 Eodem
809 3408 1079 3477 spectant
1124 3404 1410 3461 Vincentii
1478 3404 1795 3461 Lirinensis
1851 3406 2027 3463 verba
2073 3407 2197 3480 (2):

548 3514 576 3543 ‹‹
603 3492 752 3557 Quid
785 3497 1081 3565 postremo
1110 3492 1299 3565 ipsius
1340 3492 1598 3549 Africani
1657 3493 1891 3550 concilii
1922 3495 2042 3553 sive
2099 3497 2202 3551 de-

549 3581 690 3638 creti
720 3598 849 3654 qua:
878 3581 1032 3637 vires
1054 3582 1081 3637 ‘I
1116 3582 1371 3637 donante
1400 3585 1514 3638 Deo
1544 3580 1752 3638 nulla:
1788 3584 1889 3639 sed
1931 3584 2205 3641 universa

548 3672 832 3742 tanquam
855 3671 1105 3739 somnia,
1132 3674 1416 3743 tanquam
1440 3669 1670 3743 fabulae,
1692 3675 1973 3744 tanquam
2005 3690 2204 3745 super-

554 3759 691 3830 flua,
747 3759 985 3829 abolita,
1040 3759 1358 3832 antiquata,
1407 3759 1628 3817 calcata
1673 3765 1832 3818 sunt.
1874 3760 1997 3818 Nisi
2047 3763 2197 3835 quod

552 3852 719 3905 tanta
764 3864 857 3904 res
886 3849 1216 3921 Augustino
1268 3849 1467 3921 ignota
1497 3848 1629 3919 fuit,
1663 3849 1763 3922 qui
1793 3850 1864 3906 de
1920 3852 2203 3925 Cypriane

554 3938 754 3996 1465
808 3937 892 3993 sic
943 3938 1181 4010 scripsit
1236 3938 1351 4009 (3):
1419 3937 1725 3994 «Profecto
1764 3944 1823 3994 et
1851 3939 1953 3995 uni
1999 3957 2202 3997 verum

549 4025 763 4083 dicenti
793 4028 850 4082 et
878 4025 1308 4083 demonstranti
1337 4035 1534 4100 posset
1564 4026 1839 4083 facillime
1876 4031 2204 4086 consentire

547 4120 669 4172 tam
698 4120 901 4172 sancta
930 4116 1145 4185 anima,
1180 4121 1301 4173 tam
1334 4122 1569 4187 pacata:
1604 4121 1660 4171 et
1691 4118 1934 4174 fortasse
1984 4119 2201 4175 factum

546 4209 663 4261 est:
690 4207 790 4261 sed
823 4204 1141 4272 nescimus,
1173 4227 1199 4257 ιι
1236 4206 1329 4262 cui
1373 4210 1567 4263 tamen
1598 4207 1793 4279 ipsum
1828 4208 2095 4280 Cypriani
2120 4209 2202 4264 si-

548 4294 795 4352 lentium
826 4311 1116 4367 Opponere
1150 4294 1304 4367 licet,
1340 4294 1485 4350 nihil
1515 4299 1718 4367 postea
1762 4296 1834 4353 de
1883 4298 2205 4369 quaestione

2229 3186 2273 3256 C

547 4384 648 4439 illa
676 4383 1146 4457 interloquentis,
1184 4387 1284 4439 aut
1341 4383 1621 4456 epistolas
1660 4388 2201 4456 commemorantis,

547 4489 695 4545 quas
727 4491 959 4530 summo
991 4474 1187 4529 studio
1220 4473 1572 4547 perscriptas
1613 4478 1746 4531 ante
1776 4475 2128 4547 vulgaverat.

2049 328 2445 391 MORCELLI

3683 355 3798 422 1524

2284 466 2372 520 est
2400 466 2691 525 malorum
2723 470 3011 542 omnium,
3062 471 3189 528 fons
3234 471 3480 547 cladium,
3506 483 3795 550 seminarium

2285 554 2658 653 delictorum,
2688 561 2932 653 materia
2963 562 3279 653 culparum.
3309 566 3432 624 Inde
3456 570 3621 629 odium
3646 583 3783 653 surgit

2285 643 2629 703 animositas
2645 648 2778 704 inde
2790 651 3068 720 procedit.
3085 652 3383 710 Avaritiam
3399 629 3799 724 mlusinﬂammat:

2288 731 2429 788 dum
2453 734 2586 806 quis
2618 752 2723 792 suo
2756 753 2871 794 non
2903 744 3097 811 potest
3116 757 3239 797 esse
3260 748 3551 818 contentus,
3572 749 3729 810 videns
3742 758 3804 812 al-

2288 823 2477 877 terum
2510 823 2799 881 ditiorem.
2860 828 3251 885 Ambitionem
3294 831 3437 888 zelus
3477 838 3666 903 excitat,
3701 844 3799 900 dum

2288 912 2474 968 cernit
2502 913 2635 985 quis
2661 914 2840 972 alium
2872 917 2931 972 in
2955 916 3271 975 honoribus
3300 919 3547 978 altiorem.
3566 926 3802 986 Zeloexca-

2288 1006 2457 1057 cante
2487 1018 2697 1059 sensus
2730 1009 2984 1076 nostros,
3017 1010 3192 1078 atque
3218 1008 3274 1063 in
3305 1008 3530 1067 ditionen
3551 1030 3681 1071 suam
3694 1036 3803 1075 men-

2288 1088 2366 1145 tis
2396 1107 2610 1146 arcana
2639 1093 2936 1166 redigente
2970 1095 3068 1151 Dei
3098 1096 3271 1152 timor
3306 1100 3584 1169 spernitur,
3608 1108 3800 1178 magiste-

2290 1178 2442 1233 rium
2470 1180 2683 1236 Christi
2716 1182 3053 1256 negligitur.
3073 1185 3280 1256 judicii
3301 1186 3416 1243 dies
3436 1205 3533 1244 non
3552 1194 3805 1262 providetur.

2290 1266 2461 1322 Inflat
2490 1270 2785 1340 superbia,
2818 1273 3124 1328 exacerbat
3166 1273 3389 1331 saevitia.
3418 1278 3623 1348 perﬁdia
3658 1297 3806 1352 prava

2290 1356 2472 1411 ricatu
2482 1359 2904 1430 r,impatientia
2929 1362 3203 1434 concutit,
3222 1364 3351 1419 furit
3366 1364 3631 1436 discordia,
3644 1369 3708 1425 ira
3730 1372 3807 1427 ler-

2288 1446 2490 1515 vescit,
2524 1463 2629 1502 nec
2657 1463 2720 1503 se
2759 1448 2885 1520 jam
2919 1454 3109 1522 potest
3155 1451 3410 1508 cohibere
3436 1454 3511 1509 vel
3554 1472 3722 1529 regere,
3742 1465 3813 1531 qui

2292 1534 2481 1590 factus
2512 1539 2600 1591 est
2638 1537 2944 1609 potestatis
2987 1538 3210 1595 alienae.
3256 1539 3392 1596 Hinc
3419 1541 3679 1599 Dominicis
3707 1548 3813 1618 pacis

2289 1622 2589 1680 vinculum
2619 1626 2935 1699 rumpitur,
2959 1627 3096 1684 hinc
3128 1628 3372 1685 charitas
3394 1630 3613 1687 fraterna
3626 1633 3814 1703 violatur,

2293 1711 2429 1770 hinc
2468 1713 2835 1771 adulteratur
2879 1717 3113 1788 veritas,
3147 1718 3341 1775 unitas
3390 1720 3651 1793 scinditur,
3674 1723 3727 1777 ad
3742 1723 3816 1778 he-

2296 1818 2455 1858 reses
2487 1808 2664 1876 atque
2694 1807 2765 1861 ad
2797 1806 3118 1863 schismata
3146 1808 3453 1880 prosilitur,
3482 1810 3599 1864 dum
3623 1811 3819 1866 obtrecta-

2298 1895 2396 1947 tur
2412 1892 2835 1959 sacerdotibus,
2854 1895 2994 1950 dum
3013 1895 3301 1969 episcopis
3322 1897 3596 1969 invidetur,
3612 1898 3718 1954 dum
3732 1899 3819 1971 quis

2300 1985 2403 2037 aut
2426 1981 2691 2054 requitur
2707 2000 2821 2039 non
2854 2000 2915 2039 se
2944 1984 3139 2055 potius
3161 1986 3496 2054 ordinatum,
3521 1992 3604 2041 aut
3626 1987 3817 2059 dedigna-

2300 2075 2399 2127 tur
2452 2070 2701 2126 alterum
2734 2072 2883 2128 ferre
2937 2074 3333 2147 praepositum.
3368 2098 3395 2124 »
3439 2075 3553 2130 Haec
3578 2076 3820 2147 Cyprianus.

2302 2164 2584 2230 recentes,
2615 2160 2841 2233 Opinor,
2872 2161 3205 2219 animorum
3236 2164 3557 2220 acerbitates
3582 2164 3817 2235 designans,

2303 2265 2448 2319 quas
2478 2253 2537 2305 et
2564 2250 2782 2307 invitus
2811 2256 3133 2324 aspexerat,
3158 2257 3217 2309 et
3244 2252 3490 2310 sublatas
3530 2253 3726 2309 maxime
3762 2252 3820 2307 la-

2304 2339 2560 2394 tabatur.

2377 2426 2470 2483 III.
2507 2429 2663 2483 Inter
2682 2428 2824 2494 haec,
2849 2428 3112 2486 Caecilius
3133 2431 3437 2503 episcopus
3458 2428 3822 2501 Bittensinm,qui

2306 2532 2459 2572 anno
2518 2518 2817 2589 superiore
2856 2518 3101 2575 concilio
3155 2520 3507 2586 interfuerat,
3534 2520 3591 2574 ad
3618 2519 3822 2574 ecclesiam

2307 2622 2473 2660 suam
2507 2622 2793 2677 reversus,
2826 2608 3162 2679 opinionem
3200 2609 3524 2680 quamdam,
3552 2625 3650 2680 quae
3684 2607 3733 2660 ab
3758 2610 3822 2659 Bn-

2307 2694 2529 2751 cratitis
2558 2699 2684 2751 orta
2712 2695 2891 2751 videri
2918 2697 3107 2768 possit
3155 2698 3277 2753 vini
3310 2697 3602 2764 abstemiis,
3634 2693 3823 2768 paulatim

2307 2784 2748 2840 disseminatam
2771 2786 3088 2854 invenerat,
3105 2803 3322 2858 aquam
3339 2802 3527 2858 nempe
3547 2787 3593 2840 in
3606 2782 3825 2845 Sacriﬁcio,

2306 2891 2422 2930 non
2452 2874 2653 2929 vinum
2696 2874 2887 2930 offerri
2917 2892 2983 2931 ac
3013 2876 3339 2932 consecrari
3395 2881 3639 2948 oportere.
3664 2874 3827 2928 Tantam

2306 2962 2404 3019 ille
2434 2962 2748 3018 novitatem
2781 2969 3103 3033 aversatus,
3124 2980 3262 3021 cum
3282 2964 3469 3021 tollere
3497 2962 3689 3019 omnino
3707 2960 3828 3027 vellet,

2307 3051 2533 3107 felicius
2563 3067 2685 3107 rem
2720 3069 3125 3108 successuram
3159 3058 3250 3110 est
3280 3054 3589 3118 arbritatus,
3619 3052 3657 3106 si
3680 3048 3834 3122 Cypria-

2308 3158 2451 3196 num
2496 3140 2914 3213 consuluisset,
2972 3142 3493 3213 auctoritatemque
3535 3142 3639 3209 ejus
3663 3140 3831 3208 interpo-

2311 3246 2446 3285 nere
2481 3235 2693 3301 posset.
2726 3230 2927 3302 Itaque
2958 3232 3251 3286 accuratis
3276 3231 3344 3286 ad
3376 3229 3685 3286 eumlitteris
3700 3229 3835 3282 detoto

2310 3318 2541 3391 negotio
2574 3318 2797 3387 missis,
2831 3319 3063 3391 longam
3088 3336 3123 3375 a
3150 3321 3433 3393 Cypriano
3461 3316 3709 3391 epistolam
3730 3327 3835 3368 acoe-

2311 3407 2415 3479 pit,
2450 3423 2576 3479 quaa
2607 3407 2866 3480 opinioni
2898 3406 2978 3462 illi
3012 3408 3192 3465 finem
3223 3408 3450 3465 afferret
3468 3412 3521 3464 et
3545 3421 3703 3463 omnes
3724 3400 3839 3476 plane

2311 3496 2382 3550 ad
2432 3501 2681 3552 veterem
2729 3498 3221 3554 consuetudinem
3254 3501 3549 3554 revocaret.
3602 3489 3842 3550 Inscribitur

2310 3601 2378 3640 ea
2407 3584 2654 3656 epistola
2682 3585 2875 3657 (epist.
2907 3586 2998 3659 63)
3048 3609 3077 3637 «
3111 3587 3186 3643 de
3247 3588 3599 3643 Sacramento
3647 3574 3841 3639 Dominici

2311 3673 2538 3741 Calicis,
2577 3696 2604 3725 ››
2637 3675 2697 3729 in
2729 3690 2847 3747 qua
2875 3675 3202 3747 Cyprianus
3233 3676 3378 3731 illud
3412 3675 3632 3731 maxime
3652 3666 3841 3729 ostendit,

2313 3762 2383 3820 ab
2419 3762 2547 3836 ipso
2577 3763 2824 3820 Domino
2862 3768 3061 3821 nostro
3092 3764 3428 3822 institutum
3476 3768 3624 3835 atque
3660 3752 3845 3832 prescri-

2310 3858 2436 3908 tum
2469 3868 2618 3924 esse,
2676 3858 2741 3909 ut
2771 3854 2938 3927 panis
2968 3859 3025 3910 et
3054 3853 3261 3911 vinum
3310 3854 3369 3910 in
3401 3850 3651 3911 sacriﬁcio
3689 3846 3843 3903 oﬁ‘erre-

2312 3947 2435 3998 tur:
2489 3943 2988 4014 quemadmodum
3045 3945 3259 4001 1466
3310 3942 3501 3999 multis
3542 3952 3724 4012 quoque
3752 3929 3845 3988 divi-

2312 4048 2520 4086 narum
2556 4030 2898 4087 Litterarum
2931 4033 3226 4088 vaticiniis
3278 4034 3461 4088 fuerat
3489 4025 3843 4103 pronuntiatum.

2313 4121 2380 4175 Et
2413 4120 2771 4176 miscendam
2794 4126 2991 4177 tamen
3018 4139 3236 4193 aquam
3264 4124 3448 4187 docet,
3472 4122 3525 4174 in
3546 4134 3645 4188 qua
3660 4109 3841 4187 populum

2314 4210 2631 4280 signiﬁcari
2664 4215 2862 4266 censet
2885 4229 2897 4267 :
2934 4232 2962 4262 «
2995 4211 3162 4279 Nam,
3188 4211 3348 4283 quia,
3376 4209 3575 4282 inquit,
3602 4222 3689 4261 nos
3717 4211 3846 4257 omnes

2312 4299 2579 4370 portabat
2633 4300 2919 4367 Christus,
2951 4300 3049 4369 qui
3092 4304 3151 4356 et
3180 4304 3419 4372 peccata
3446 4300 3626 4353 nostra
3652 4286 3846 4366 portabat.

2310 4388 2577 4444 videmus
2601 4387 2660 4443 in
2692 4404 2844 4459 aqua
2866 4387 3147 4461 populum
3170 4388 3443 4461 intelligi,
3472 4387 3525 4441 in
3554 4385 3665 4439 vino
3682 4393 3777 4434 vero
3792 4390 3846 4429 οε·

2311 4477 2469 4532 tendi
2500 4477 2847 4550 sanguinem
2896 4477 3129 4533 Christi.
3182 4478 3427 4542 Quando
3474 4479 3644 4530 autem
3670 4470 3713 4524 in
3737 4462 3848 4520 calice

622 4567 693 4619 Il.
726 4564 797 4619 Et
825 4564 936 4620 alio
969 4581 1109 4620 sane
1140 4563 1503 4636 diligentiam
1536 4580 1704 4619 suam
1735 4564 2057 4637 Cyprianus
2098 4582 2200 4621 cu-
2233 4560 2279 4625 D
2310 4566 2441 4622 vino
2468 4583 2618 4638 aqua
2647 4566 2945 4638 miscetur,
2985 4566 3217 4622 Christo
3264 4563 3513 4638 populus
3558 4552 3852 4619 adunatur,el

550 4668 793 4724 remque
813 4658 1189 4722 converterat,
1224 4658 1288 4709 ut
1317 4668 1528 4723 nempe
1557 4652 1693 4708 cieri
1724 4653 2042 4726 populique
2102 4654 2194 4710 sui

548 4740 800 4811 animos,
831 4741 880 4797 si
911 4743 1044 4815 quis
1074 4744 1219 4799 forte
1248 4742 1306 4797 in
1336 4740 1437 4797 illa
1457 4741 1824 4797 dissensiOne
1858 4742 2017 4799 labes
2047 4743 2194 4798 invi-

545 4832 652 4887 dim
674 4830 1202 4903 aliquainfecisset,
1226 4831 1296 4887 ad
1318 4834 1565 4886 veterem
1586 4831 2077 4902 conjunctionem,
2106 4849 2196 4887 re-

544 4925 781 4977 vocatos
819 4919 1101 4977 excoleret
1138 4936 1205 4976 ac
1235 4920 1624 4977 confirmaret.
1672 4920 2061 4985 Quamobrem
2120 4920 2193 4976 li-

544 5008 763 5066 bellum
798 5008 963 5064 illum
997 5008 1458 5081 pulcherrimum
1490 5008 1872 5080 elucubravit,
1908 5026 2081 5080 quem
2129 5010 2195 5066 de

539 5099 667 5155 Zelo
695 5103 747 5154 et
788 5099 979 5154 Livor:
1000 5096 1571 5168 inscripsit,malain
1603 5095 1808 5168 primis
1832 5097 2191 5168 complexus,

547 5203 674 5259 quae
706 5203 773 5244 ex
805 5186 1027 5241 invidia
1057 5186 1116 5240 in
1149 5184 1451 5240 hominum
1471 5184 1649 5240 vitam
1682 5189 1919 5255 tamque
1949 5202 2018 5242 ex
2036 5187 2191 5243 fonte

542 5278 870 5333 manarent.
937 5296 965 5325 «
998 5274 1135 5330 Late
1184 5277 1364 5345 patet,
1397 5294 1423 5322 »
1476 5273 1669 5330 aiebat
1706 5274 1792 5343 (de
1833 5275 1947 5330 Zel.
1997 5284 2047 5331 ei
2089 5277 2186 5333 liv.

537 5382 596 5439 p.
626 5366 775 5437 597),
805 5384 828 5412 ι
859 5362 964 5419 zeli
992 5362 1297 5436 multiplex
1324 5365 1382 5419 et
1403 5362 1649 5419 fecunda
1673 5364 1979 5435 pernicies.
2008 5364 2191 5423 Radix

610 5525 690 5595 (2)
713 5524 775 5581 In
836 5523 1157 5579 Commonit.
1193 5541 1259 5596 n.
1305 5525 1389 5580 10.
1441 5523 1583 5596 Voy.
1644 5524 1857 5579 Bedan.
1921 5524 2022 5580 lib.
2063 5527 2182 5582 Var.

2306 4654 2666 4712 credentium
2696 4656 2860 4727 plebs
2888 4654 2960 4722 ei,
2993 4656 3051 4710 in
3074 4672 3250 4728 quem
3279 4653 3538 4718 credidit,
3567 4640 3849 4720 copulaturet

2304 4744 2701 4816 conjungitur.
2738 4766 2766 4794 »
2802 4743 3009 4815 Rejicit
3036 4743 3447 4799 difﬁcultatem
3482 4753 3676 4803 eorum,
3702 4730 3851 4822 qui

2305 4835 2600 4904 rebantur,
2632 4854 2654 4882 ι
2687 4849 2758 4889 ne
2779 4848 2885 4905 per
2915 4849 3180 4906 saporem
3208 4834 3334 4888 vini
3381 4829 3852 4906 redolerentsangulf

2306 4939 2439 4979 nem
2463 4922 2698 4979 Christi.
2733 4944 2760 4973 »
2781 4903 3044 4979 Litteras
3075 4922 3145 4978 ad
3165 4920 3421 4994 collegas
3444 4911 3791 4976 scribivultm
3813 4903 3851 4959 lli

2302 5012 2519 5084 ubique
2553 5012 2641 5068 lex
2669 5010 3015 5084 Evangelica
3043 5014 3101 5066 et
3131 5010 3373 5067 traditio
3410 5003 3683 5065 Dominica
3726 5005 3852 5053 δεῖτε·

2301 5105 2415 5169 tur,
2450 5103 2508 5155 et
2537 5099 2609 5154 ab
2639 5115 2727 5170 eo,
2760 5094 2909 5169 quod
2943 5096 3209 5152 Christus
3242 5100 3301 5152 et
3331 5092 3526 5152 docuit
3550 5099 3598 5148 et
3632 5085 3756 5152 fecit,
3782 5091 3849 5170 non

2301 5168 2625 5245 recedatur.
2647 5210 2674 5238 »
2702 5168 3022 5260 Epistolam
3043 5186 3297 5257 denique
3320 5179 3689 5241 concludithis
3706 5168 3847 5260 verbis

2304 5298 2331 5332 α
2362 5277 2648 5351 Religioni
2681 5256 2861 5349 igitur
2892 5280 3100 5333 nostrae
3133 5256 3407 5348 congruit
3426 5278 3479 5329 et.
3507 5264 3677 5326 timori
3701 5266 3745 5357 et
3779 5256 3847 5357 ἱρε¹

2299 5369 2442 5436 loco,
2478 5372 2652 5439 atque
2683 5366 2875 5423 ofﬁcio
2908 5363 3217 5445 sacerdotii
3252 5364 3459 5431 nostri,
3504 5360 3663 5416 frater
3702 5352 3851 5409 charis-

2368 5526 2444 5596 (3)
2500 5532 2574 5581 De
2625 5526 2909 5595 baptismo,
2959 5530 3155 5580 contra
3212 5521 3559 5596 ζωνία-Πὸ.
3613 5499 3848 5596 iurgii

539 5572 1394 5669 ςυὲέιῖῗῳῖεὲέὲῐῖὲὲξῖηᾟιιῖἆζ
1440 5572 2083 5668 Ᾱρὂὲι.”ῦτῖιὶὲᾳιιῐςῖιὶιὲ
2099 5572 2186 5653 7.;
2295 5572 3847 5669 ep‘iéiss,xiféo'ﬁéécniamsoﬁanﬁl11:19.9'118824-

536 5667 640 5728 suo
666 5684 828 5725 sensu
848 5667 1101 5725 abundet.
