4112 6174
192 234 329 296 1829

1227 238 1595 300 ANNALES
1638 237 2039 301 ECCLESIAE
2084 238 2526 325 AFRICANJE.

3425 232 3585 292 15.30

193 366 403 440 planata
426 365 496 422 ad
531 369 715 439 spata:
745 367 1010 439 modum,
1032 368 1216 425 ictum
1244 369 1430 426 solitas
1452 370 1817 427 animadver-
1848 373 2083 445 Apane
2137 371 2277 426 vivit
2336 371 2533 439 homo,
2595 369 2696 425 sed
2754 367 2814 422 in
2893 381 3163 422 sermone
3219 363 3340 421 Dei.
3394 362 3584 421 Vestis

195 455 353 515 sionis
384 455 671 523 imitatus,
705 458 860 529 quod
916 457 1142 514 volebat
1190 459 1460 531 intelligi,
1510 461 1582 516 ad
1637 460 1823 516 instar

193 544 375 617 liquidi
437 545 722 601 sermonis
780 547 1084 619 expressit.
1143 547 1407 603 Intellexi
1468 549 1820 605 sententiam

194 632 464 707 passionis
498 633 1009 708 futuram.Rogare
1038 638 1184 708 coepi
1215 640 1272 692 et
1300 642 1495 709 petere
1522 637 1820 704 continuo,

194 727 249 779 ut
273 722 466 779 dilatio
496 723 640 778 mihi
671 723 760 779 vel
796 724 970 780 unius
1016 725 1129 782 diei
1177 729 1607 798 prorogaretur,
1643 727 1824 782 donec

194 828 272 869 res
298 829 455 868 meas
488 812 752 885 legitima
781 814 1142 871 ordinatione
1171 815 1570 887 disponerem:
1606 820 1663 871 et
1689 831 1820 870 cum

192 918 372 974 preces
404 901 737 973 frequenter
766 902 1090 973 iterassem,
1126 920 1332 961 rursus
1378 905 1437 959 in
1482 905 1683 961 tabula
1713 921 1821 960 cce-

192 996 334 1063 perat
366 992 561 1046 nescio
588 990 727 1062 quid
763 993 1058 1049 adnotare.
1093 994 1260 1050 Sensi
1290 998 1485 1069 tamen
1518 994 1589 1050 de
1627 996 1825 1049 vultus

192 1080 491 1135 serenitate
529 1079 751 1150 judicia
802 1085 1058 1137 mentem
1122 1084 1287 1154 quasi
1338 1085 1504 1154 justa
1546 1083 1825 1152 petitione

191 1172 550 1223 commotam.
584 1168 692 1224 Sed
729 1172 786 1223 et
814 1168 1183 1240 illejuvenis,
1229 1171 1328 1243 qui
1363 1170 1720 1243 jamdudum
1755 1172 1826 1226 de

192 1256 465 1330 passionis
497 1256 732 1326 indicio,
765 1262 933 1330 gestu
973 1258 1167 1330 potius
1198 1277 1376 1332 quam
1408 1277 1675 1317 sermone
1696 1277 1827 1333 pro-

191 1346 420 1413 diderat,
486 1345 848 1402 clandestino
908 1347 1224 1405 identidem
1283 1354 1427 1405 nutu
1487 1366 1824 1406 concessam

191 1435 545 1507 dilationem,
579 1452 709 1508 quae
738 1436 796 1491 in
832 1438 1157 1494 crastinum
1190 1440 1512 1511 petebatur,
1547 1438 1828 1495 contortis

188 1533 306 1599 post
337 1527 585 1582 invicem
633 1528 833 1601 digitis
890 1529 1221 1603 signiﬁcare
1277 1531 1627 1604 properavit.
1687 1531 1824 1604 Ego,

192 1616 443 1687 quamvis
474 1633 589 1672 non
621 1622 776 1674 esset
821 1619 968 1675 lecta
1016 1620 1324 1686 sententia,
1360 1622 1468 1676 etsi
1511 1622 1582 1676 de
1613 1621 1826 1693 gaudio

1931 459 2265 532 algentibus
2296 460 2476 528 deest,
2510 459 2611 515 sed
2642 457 2741 528 qui
2765 456 3060 511 Christum
3083 454 3298 521 induit,
3331 457 3387 509 et
3417 454 3585 510 vesti-

1930 553 2027 605 tus
2058 550 2424 605 abundanter
2453 552 2508 603 et
2539 546 2728 602 cultus
2762 548 2868 601 est.
2905 543 3219 601 Semitonsi
3251 543 3457 615 capitis
3488 560 3581 598 ca-

1932 637 2108 710 pillus
2140 636 2549 706 horrescit,sed
2574 651 2705 690 cum
2732 634 2809 689 sit
2829 638 3006 706 caput
3025 633 3131 688 viri
3154 632 3590 704 Christus,quao

1933 726 2221 799 lecunque
2252 726 2395 782 illud
2430 729 2605 797 caput
2654 726 2854 780 deceat
2904 740 3142 780 necesse
3184 727 3289 790 est,
3327 723 3479 795 quod
3514 722 3586 778 ob

1936 817 2161 873 Domini
2191 832 2398 871 nomen
2435 814 2664 885 insigne
2695 811 3047 869 est.»Dolere
3078 815 3275 867 autem
3310 827 3408 867 eos
3431 811 3587 882 angi-

1934 922 2048 979 que
2077 906 2431 978 suspicatus,
2466 904 2617 976 quod
2652 903 2707 957 in
2759 901 3053 974 ergastulo
3086 900 3182 956 illo
3233 900 3416 956 sacris
3445 918 3586 973 ope-

1934 996 2050 1054 rari
2080 1012 2194 1052 non
2226 998 2619 1068 possent,eam
2635 1008 2865 1064 quoque
2889 991 3211 1047 molestiam
3236 989 3583 1061 luctumque

1935 1084 2246 1143 abstersit:
2282 1106 2310 1133 «
2342 1084 2449 1139 Sed
2479 1098 2603 1153 nec,
2636 1080 2850 1152 inquit,
2881 1079 2941 1135 in
2992 1079 3125 1146 alio,
3158 1081 3366 1135 fratres
3401 1079 3582 1135 dilec-

1932 1171 2384 1246 tissimi,aliqua
2414 1173 2605 1245 potest
2634 1174 2735 1226 aut
2764 1168 3064 1242 religionis
3084 1174 3185 1224 aut
3207 1169 3338 1224 fidei
3348 1169 3584 1239 jactura

1934 1263 2161 1334 sentiri,
2192 1263 2349 1335 quod
2376 1260 2497 1317 illic
2539 1277 2693 1316 nunc
2736 1259 3136 1315 sacerdotibus
3183 1258 3285 1314 Dei
3333 1258 3583 1315 facultas

1935 1371 2051 1409 non
2075 1353 2245 1408 detur
2271 1350 2551 1407 oﬁ‘erendi
2584 1354 2642 1405 et
2684 1347 3013 1405 celebrandi
3046 1346 3333 1403 sacrificia
3364 1346 3580 1403 divina.

1936 1440 2251 1500 Celebratis
2296 1440 2413 1496 imo
2463 1443 2638 1510 atque
2696 1438 2917 1493 offertis
2966 1435 3318 1492 sacrificium
3372 1440 3482 1491 Deo
3527 1439 3585 1491 et

1936 1530 2257 1604 pretiosum
2291 1529 2510 1601 pariter
2537 1531 2594 1583 et
2621 1525 2965 1599 gloriosum,
2990 1529 3045 1582 et
3074 1524 3395 1597 plurimum
3421 1523 3585 1580 vobis

1937 1622 2009 1678 ad
2042 1618 2482 1676 retributionem
2516 1616 2889 1691 praemiorum
2939 1614 3262 1671 caelestium
3295 1615 3585 1686 profectu-

190 1704 474 1761 dilationis
506 1712 750 1779 acceptae
781 1707 911 1763 laeto
944 1709 1261 1764 admodum
1286 1710 1455 1765 corde
1485 1712 1821 1783 gauderem.
1860 1746 1908 1812 Β
1939 1728 2091 1775 rum,
2128 1731 2156 1759 »
2190 1712 2248 1764 et
2279 1725 2405 1780 quze
2438 1706 2916 1779 deinceps.Porro
2946 1704 3142 1759 invicti
3176 1702 3255 1758 illi
3296 1703 3587 1759 confesso-

191 1798 339 1850 metu
368 1800 562 1851 tamen
597 1796 1097 1868 interpretationis
1120 1798 1352 1854 incertae
1370 1798 1454 1855 sic
1485 1799 1829 1868 tremebam,

194 1889 253 1938 ut
295 1884 549 1956 reliquias
600 1886 931 1941 formidinis
980 1903 1078 1942 cor
1137 1887 1437 1943 exsultans
1493 1887 1682 1944 adhuc
1715 1892 1834 1944 toto

192 1989 391 2043 pavore
422 1973 779 2046 pulsarent.»
813 1979 884 2030 At
914 1992 1046 2031 vero
1097 1981 1339 2032 eventus
1387 1976 1642 2033 ostendit
1680 1976 1833 2033 diem

190 2060 475 2133 illum,qui
509 2064 560 2119 ei
584 2063 757 2119 rebus
776 2063 1121 2120 ordinandis
1147 2065 1594 2133 concedebatur,
1613 2082 1834 2122 annum

191 2167 326 2217 esse,
350 2168 465 2224 quo
496 2157 694 2208 exacto
716 2152 1037 2226 Cyprianus
1055 2154 1401 2224 martyrium
1425 2172 1598 2211 suum
1630 2156 1834 2212 eodem

190 2240 295 2309 die,
320 2241 417 2312 qui
453 2241 563 2299 fuit
592 2258 737 2297 xvm
768 2241 893 2298 Kal.
914 2242 1213 2311 Octobres,
1250 2244 1698 2301 consummavit.
1724 2245 1836 2301 Res

190 2333 395 2399 autem,
428 2346 577 2401 quas
606 2330 703 2387 ille
734 2334 867 2388 ante
919 2331 1191 2388 ordinare
1236 2332 1525 2405 cupiebat,
1559 2335 1629 2389 ad
1666 2350 1836 2406 egen-

188 2416 323 2473 tium
357 2417 633 2475 solatium
666 2425 722 2476 et
773 2420 1175 2477 confessorum
1211 2438 1412 2478 curam
1467 2427 1525 2479 et
1565 2422 1837 2479 Ecclesiae

189 2523 476 2563 summam
508 2509 874 2580 pertinebant
901 2527 913 2565 :
947 2528 1094 2583 quas
1126 2511 1282 2567 idem
1315 2512 1527 2584 partim
1551 2529 1655 2585 per
1682 2512 1834 2583 epis-

187 2596 351 2666 tolas,
381 2598 593 2669 partim
626 2615 826 2654 eorum
862 2615 1058 2671 Opera,
1092 2600 1193 2671 qui
1228 2601 1299 2655 ad
1332 2618 1465 2657 eum
1506 2602 1838 2675 frequentes

188 2685 431 2755 itabant,
465 2686 720 2742 maximo
753 2688 1017 2743 omnium
1053 2688 1203 2744 bono
1234 2690 1544 2762 expedivit.

258 2810 346 2863 ιν.
375 2810 505 2865 Jam
540 2826 670 2865 vero
702 2811 844 2865 dum
875 2811 1094 2867 Curubi
1145 2812 1465 2884 Cyprianus
1508 2812 1833 2882 exsulabat,

186 2915 297 2955 non
325 2898 672 2971 Carthagine
702 2899 916 2969 solum,
945 2901 1048 2956 sed
1080 2900 1210 2957 aliis
1239 2902 1460 2973 passim
1491 2902 1549 2957 in
1592 2902 1838 2959 urbibus

186 2988 460 3061 episcopi,
494 2988 838 3061 presbyteri,
889 2988 1119 3045 diaconi
1176 2994 1234 3045 et
1278 2990 1597 3046 tribunalia
1648 2993 1835 3063 rapie-

187 3079 417 3145 bantur,
452 3094 601 3150 quos
640 3078 897 3148 judices,
932 3078 1108 3135 simul
1159 3087 1331 3150 atque
1376 3079 1737 3136 Christianos
1774 3096 1837 3136 se

185 3183 310 3224 esse
342 3166 587 3239 professi
618 3171 803 3233 erant,
838 3167 907 3223 ad
950 3166 1186 3225 metalla
1233 3169 1592 3225 damnabant
1621 3186 1746 3241 quae
1776 3168 1835 3224 id

184 3255 462 3328 temporis
493 3255 703 3311 fodinae
732 3256 1043 3312 marmoris
1075 3262 1261 3323 erant,
1281 3258 1452 3330 quale
1476 3258 1535 3313 in
1564 3258 1842 3313 Numidia

186 3346 557 3417 potissimum
574 3343 743 3400 effodi
762 3344 1266 3416 solebat,undetot
1283 3347 1474 3402 adhuc
1494 3346 1554 3402 in
1572 3348 1711 3402 urbe
1729 3348 1843 3402 Nu-

184 3433 411 3489 midicae
434 3432 636 3489 Colum
649 3451 730 3488 nae
759 3438 1074 3506 sunt,quas
1097 3435 1309 3507 hospes
1332 3436 1581 3491 miratur
1620 3435 1762 3505 (Vid.
1786 3435 1839 3492 J.

182 3522 501 3589 Castalion,
535 3523 594 3577 in
628 3526 825 3595 Lamp.
858 3528 1040 3591 Grat.,
1072 3524 1217 3593 t.IV,
1251 3542 1307 3596 p.
1340 3525 1413 3596 5).
1452 3522 1843 3581 Exstantvero

181 3629 313 3685 qua:
358 3628 488 3668 eam
541 3612 920 3668 acerbitatem
980 3618 1290 3682 testentur,
1324 3613 1531 3670 litteras
1574 3614 1844 3687 Cypriani

182 3701 419 3774 scriptas
469 3701 842 3767 Nemesiano,
906 3700 1103 3769 Felici,
1165 3703 1355 3769 Lucio,
1407 3703 1588 3759 altero
1648 3703 1841 3772 Felici,

180 3790 399 3859 Licteo,
432 3789 717 3855 Polliano,
769 3788 1012 3861 Victori,
1063 3790 1280 3858 Jaderi,
1316 3791 1512 3847 Dativo
1551 3792 1843 3864 coepisco-

178 3879 300 3952 pis,
330 3879 468 3933 item
502 3878 988 3950 compresbyteris
1017 3883 1077 3934 et
1108 3901 1136 3929 «
1163 3879 1510 3936 diaconibus
1539 3886 1597 3936 et
1624 3881 1844 3936 caeteris

177 3969 243 4025 in
276 3967 512 4024 metallo
544 3968 915 4024 constitutis:
960 3990 990 4017 ››
1022 3985 1273 4041 quorum
1324 3969 1501 4025 etiam
1550 3986 1843 4025 aerumnas

177 4059 269 4116 sic
300 4057 598 4126 describit,
628 4061 695 4113 ut
735 4057 1010 4129 proximae
1059 4057 1355 4114 felicitatis
1408 4059 1845 4131 comparatione

175 4147 409 4205 elevare
439 4154 698 4202 conetur.
731 4165 751 4193 ι
783 4151 828 4201 Ο
861 4148 1059 4219 pedes,
1102 4145 1296 4218 inquit
1352 4147 1548 4219 (epist.
1578 4148 1691 4220 77),
1726 4146 1846 4202 feli—

174 4236 333 4293 citer
362 4235 562 4303 vincti,
593 4234 695 4306 qui
727 4251 841 4290 non
865 4253 899 4291 a
945 4237 1126 4303 fabro,
1154 4237 1253 4292 sed
1304 4254 1339 4292 a
1368 4237 1616 4293 Domino
1672 4236 1847 4293 resol‘

170 4323 437 4381 vunturi
495 4324 540 4379 Ο
575 4323 750 4395 pedes
806 4324 1051 4380 feliciter
1105 4324 1306 4395 vincti,
1358 4328 1457 4398 qui
1516 4325 1577 4381 in
1638 4326 1845 4381 itinere

173 4412 432 4472 salutari
490 4413 561 4468 ad
616 4413 957 4485 paradisum
1016 4414 1385 4486 diriguntur!
1451 4414 1493 4471 Ο
1548 4415 1724 4486 pedes
1785 4415 1843 4469 in

1941 1816 2033 1855 res
2063 1798 2219 1872 apud
2252 1795 2551 1853 Metellum
2601 1795 2886 1868 Signense
2915 1791 3266 1849 commorari
3297 1809 3358 1847 se
3389 1793 3592 1848 dicunt

1942 1888 2160 1962 (epist.,
2190 1887 2281 1956 80,
2314 1888 2463 1942 inter
2510 1885 2723 1958 Cypra),
2775 1883 2832 1938 id
2865 1885 2954 1939 est
3000 1898 3181 1954 prope
3235 1881 3439 1953 Sigum
3469 1881 3588 1937 Nu-

1943 1977 2136 2034 midia:
2166 1976 2447 2049 oppidum
2493 1974 2645 2030 inter
2700 1972 3125 2029 Macomadiam
3176 1974 3232 2026 et
3271 1970 3506 2040 Cirtam,
3536 1978 3594 2027 et

1942 2067 2056 2140 ipsi
2083 2082 2222 2123 sane
2250 2065 2510 2138 episcopi
2540 2080 2743 2120 omnes
2769 2061 3063 2118 Numidici
3095 2064 3283 2130 erant,
3314 2064 3369 2117 et
3396 2062 3595 2116 conci-

1943 2156 2020 2213 lio
2050 2154 2491 2228 Carthaginensi
2521 2152 2757 2209 biennio
2789 2155 2921 2208 ante
2951 2150 3355 2222 interfuerant,
3387 2150 3594 2206 Neme-

1943 2246 2147 2303 sianus
2159 2241 2736 2312 Tubuniensis,Felix
2759 2239 3353 2313 Bagajensis,Tucius
3377 2239 3593 2295 Tehes-

1944 2332 2292 2402 tinus,Felix
2312 2330 3042 2402 Bamaccorensis,Licteus
3073 2327 3598 2400 Gimellensis,Pol-

1944 2425 2139 2481 lianus
2163 2421 2753 2487 Milevitanus,Victor
2776 2418 3316 2485 Octavensis,Jader
3331 2417 3598 2475 Midilen-

1946 2511 2304 2582 sis,Dativus
2322 2510 2647 2580 Badiensis,
2672 2526 2817 2581 quos
2837 2524 3041 2565 omnes
3063 2508 3120 2562 in
3154 2508 3598 2575 commentario,
3638 2549 3647 2553 ν

1945 2619 2118 2676 quem
2143 2598 2462 2656 Annalibus
2486 2597 3358 2671 praeposuimus,recognoscere
3380 2596 3596 2667 possis.

2016 2726 2089 2781 V.
2128 2724 2419 2780 Hactenus
2468 2722 2524 2776 in
2590 2720 2896 2793 episcopos
2944 2726 3001 2775 et
3057 2720 3276 2775 clerum
3325 2720 3596 2775 ethnicus

1946 2816 2107 2870 furor
2138 2817 2428 2883 eruperat.
2463 2814 2679 2866 Verum
2724 2810 2881 2863 brevi
2913 2810 2971 2863 in
3034 2808 3314 2879 populum
3364 2826 3597 2881 quoque

1946 2903 2115 2960 facile
2146 2899 2510 2957 redundavit.
2546 2899 2689 2954 Nam
2742 2897 2899 2969 quia,
2925 2902 2988 2952 ut
3035 2898 3317 2969 Aspasius
3350 2914 3596 2968 procon-

1944 2993 2033 3050 sul
2091 2990 2437 3062 Carthagine
2490 2988 2767 3053 edixerat,
2817 2986 3119 3042 sanctione
3176 3003 3286 3042 sua
3340 2984 3598 3059 Augusti

1946 3082 2238 3148 vetabant,
2272 3096 2343 3134 ne
2373 3077 2765 3134 conciliabula
2796 3077 3021 3141 ﬁerent,
3055 3092 3193 3131 neve
3222 3075 3356 3148 quis
3387 3093 3596 3132 cmme—

1947 3172 2094 3229 teria
2158 3169 2581 3240 ingrederetur,
2640 3165 2855 3222 multos
2907 3182 2973 3221 eo
3039 3166 3274 3221 nomine
3341 3166 3595 3221 accusati

1949 3275 2186 3317 necesse
2215 3258 2346 3321 fuit,
2378 3261 2435 3313 et
2490 3255 2705 3313 illustri
2752 3254 3117 3313 confessione
3172 3254 3479 3311 defunctos
3536 3256 3592 3309 in

1950 3348 2281 3407 custodiam
2313 3345 2599 3410 duci.Quo
2622 3345 2917 3415 pertinent
2945 3361 3069 3413 quas
3100 3344 3420 3416 Cyprianus
3450 3343 3597 3415 epis-

1950 3456 2132 3512 copus
2163 3434 2598 3493 confessoribus
2616 3435 2683 3489 ad
2712 3432 3013 3489 Metallum
3046 3434 3328 3505 Signense
3358 3433 3595 3489 scribit:

1955 3550 1984 3580 «
2013 3527 2272 3599 Denique
2299 3524 2652 3597 exemplum,
2687 3522 3167 3596 inquit(epist.77,
3205 3521 3493 3593 V.Boll.,t.
3523 3527 3597 3575 III

1951 3617 2095 3690 Sept.
2150 3633 2207 3688 p.
2268 3615 2413 3685 483),
2470 3618 2729 3669 vestrum
2789 3618 2991 3668 secuta
3047 3611 3353 3683 multiplex
3409 3611 3599 3685 plebis

1952 3706 2139 3780 portio
2179 3703 2446 3761 confessa
2491 3706 2582 3759 est
2637 3701 2939 3757 vobiscum
2990 3700 3226 3772 pariter,
3278 3705 3336 3756 et
3385 3701 3601 3772 pariter

1950 3801 2226 3853 coronata
2275 3796 2383 3859 est,
2444 3806 2699 3847 connexa
2754 3790 2919 3845 vobis
2975 3788 3205 3844 vinculo
3264 3788 3596 3843 fortissimae

1950 3881 2272 3949 charitatis,
2304 3884 2363 3937 et
2392 3896 2426 3935 a
2484 3878 2810 3951 praepositis
2861 3878 3003 3941 suis,
3057 3894 3162 3933 nec
3209 3893 3436 3933 carcere
3493 3893 3597 3933 nec

1952 3971 2204 4030 metallis
2235 3973 2529 4042 separata.
2568 3969 2746 4039 Cujus
2775 3984 3019 4024 numero
3068 3984 3173 4024 nec
3214 3968 3468 4041 virgines
3499 3967 3596 4023 de-

1950 4068 2111 4131 sunt,
2160 4060 2377 4133 quibus
2426 4058 2497 4115 ad
2545 4056 2985 4129 sexagenarium
3030 4057 3285 4113 fructum
3318 4060 3598 4113 centenus

1951 4151 2217 4217 accessit,
2251 4164 2558 4221 quousque
2607 4148 2680 4202 ad
2737 4146 3025 4203 caelestem
3084 4163 3357 4203 coronam
3416 4146 3601 4219 gloria

1952 4240 2186 4317 gemina
2218 4238 2497 4310 provexit.
2532 4238 2593 4292 In
2644 4235 2841 4308 pueris
2888 4252 3122 4308 quoque
3178 4235 3363 4291 virtus
3413 4237 3600 4304 major

1953 4333 2140 4397 aetate,
2171 4343 2355 4384 annos
2404 4343 2543 4381 suos
2592 4324 2974 4381 confessionis
3000 4323 3177 4380 laude
3214 4326 3596 4395 transcendit,

1955 4423 2016 4475 ut
2050 4417 2317 4490 martyrii
2348 4416 2521 4473 vestri
2547 4416 2783 4471 beatum
2810 4431 3043 4489 gregem
3076 4418 3132 4471 et
3182 4431 3356 4470 sexus
3378 4419 3431 4471 et
3462 4420 3601 4472 atas

173 4504 388 4561 1471
427 4500 638 4557 saeculo
668 4502 741 4556 ad
780 4518 1037 4573 praesens
1082 4501 1268 4573 ligati,
1321 4509 1387 4558 ut
1443 4504 1563 4559 sint
1611 4519 1844 4575 semper
1871 4491 1919 4556 Ι)
1950 4506 2143 4564 omnis
2191 4509 2443 4561 ornaret.
2482 4525 2510 4555 »
2544 4504 2675 4560 Haec
2716 4502 3039 4575 Cyprianus
3082 4503 3300 4560 Curubi
3350 4505 3422 4560 ad
3462 4521 3601 4561 con-

173 4593 344 4666 apud
377 4591 695 4647 Dominum
726 4589 894 4646 liberi
923 4592 933 4647 Ι
969 4588 1014 4646 Ο
1045 4591 1222 4662 pedes
1244 4591 1627 4664 compedibus
1656 4597 1713 4647 et
1731 4597 1847 4647 tra-

168 4680 460 4739 versariis
510 4678 744 4736 interim
805 4680 1221 4748 cunctabundi,
1283 4681 1384 4736 sed
1453 4680 1717 4738 celeriter
1770 4681 1843 4736 ad

169 4772 483 4830 Christum
517 4770 772 4844 glorioso
828 4770 1035 4827 itinere
1084 4771 1354 4828 cursuril
1388 4774 1684 4839 Quantum
1722 4770 1847 4829 vult

170 4861 282 4918 hic
313 4860 402 4918 vel
435 4860 633 4917 invida
676 4859 992 4917 crudelitas
1040 4860 1124 4917 vel
1176 4860 1434 4934 maligna
1472 4862 1715 4918 nexibus
1744 4878 1844 4918 vos

169 4952 317 5007 suis
346 4955 404 5006 et
433 4950 684 5005 vinculis
715 4952 930 5015 teneat,
964 4949 1076 5005 cito
1110 4967 1143 5005 a
1185 4949 1357 5006 terris
1401 4954 1458 5006 et
1498 4951 1683 5022 pcenis
1715 4951 1845 5007 istis

168 5041 254 5096 ad
293 5038 574 5095 ocelorum
606 5053 786 5108 regna
814 5037 1075 5093 venietis.
1108 5043 1232 5094 Non
1286 5040 1510 5095 fovetur
1546 5039 1603 5093 in
1637 5038 1846 5095 metal-

165 5129 254 5186 lis
283 5128 436 5185 lecto
464 5133 520 5183 et
550 5124 813 5182 culcitris
840 5128 1190 5198 corpus,sed
1223 5127 1522 5200 refrigerio
1553 5132 1610 5184 et
1638 5128 1846 5185 solatio

165 5218 408 5277 Ch'risti
442 5217 684 5274 fovetur.
737 5213 911 5270 Humi
955 5216 1149 5285 jacent
1190 5217 1344 5272 fessa
1398 5216 1697 5274 laboribus
1727 5218 1847 5273 vis-

167 5324 343 5373 cera,
379 5307 479 5361 sed
515 5321 686 5378 pmna
716 5320 831 5359 non
862 5309 951 5359 est
980 5321 1111 5359 cum
1147 5304 1373 5361 Christo
1396 5307 1613 5377 jacere.
1659 5308 1846 5379 Squa-

166 5397 315 5454 lent
348 5394 474 5450 sine
509 5394 733 5450 balneis
765 5393 1031 5450 membra
1061 5394 1175 5449 situ
1226 5398 1286 5451 et
1332 5396 1502 5452 sorde
1532 5396 1845 5463 difformia,

167 5485 295 5542 sed
329 5482 713 5555 spiritualiter
754 5482 916 5539 intus
961 5481 1242 5554 abluitur,
1277 5486 1430 5556 quod
1471 5485 1611 5541 foris
1641 5500 1844 5541 carna-

168 5575 330 5632 liter
361 5570 717 5629 sordidatur.
749 5571 923 5629 Panis
952 5570 1071 5628 illic
1103 5571 1372 5645 exiguus,
1404 5576 1464 5629 at
1493 5589 1610 5630 non
1639 5571 1700 5630 in
1724 5571 1848 5631 solo

1955 4597 2205 4653 fessores
2259 4594 2462 4650 1472
2546 4593 2879 4664 scripserat,
2957 4609 3087 4664 quae
3153 4593 3409 4649 maximo
3483 4593 3601 4650 illis

1955 4684 2163 4742 solatio
2195 4683 2371 4738 fuere.
2405 4685 2683 4737 Caeterum
2739 4698 2852 4736 non
2913 4680 3133 4736 litteras
3189 4681 3288 4737 ille
3345 4687 3598 4751 tantum,

1956 4774 2057 4829 sed
2089 4770 2395 4844 suppetias
2427 4770 2600 4825 etiam
2639 4768 2873 4825 ferendo
2922 4769 3176 4838 dederat,
3213 4786 3359 4841 quas
3391 4770 3430 4825 ii
3462 4787 3602 4825 sane

1954 4878 2018 4918 se
2048 4859 2356 4932 recepisse,
2389 4858 2636 4931 epistola
2666 4858 2739 4914 ad
2768 4857 3121 4931 Cyprianum
3174 4858 3359 4915 missa
3407 4859 3599 4931 (epist.

1952 4951 2043 5018 78,
2078 4952 2224 5006 inter
2271 4948 2468 5021 Cypr.)
2518 4951 2890 5020 peramanter
2937 4949 3305 5019 proﬁtentur.
3345 4968 3366 4996 «
3407 4954 3605 5020 Agunt

1954 5055 2112 5113 ergo,
2144 5038 2440 5109 inquiunt,
2472 5036 2578 5092 tibi
2633 5037 2941 5092 nobiscum
3000 5035 3260 5092 damnati
3319 5036 3604 5092 maximas

1956 5129 2111 5201 apud
2155 5129 2335 5184 Deum
2382 5125 2624 5199 gratias,
2672 5124 2952 5197 Cypriane
3013 5124 3413 5192 dilectissime,
3447 5126 3597 5196 quod

1956 5217 2164 5274 litteris
2197 5216 2313 5273 tuis
2351 5213 2680 5272 laborantia
2736 5219 2968 5286 pectora
3018 5214 3312 5280 recreasti,
3346 5213 3601 5270 fustibus

1954 5307 2261 5365 vulnerata
2291 5305 2555 5361 membra
2584 5304 2820 5371 curasti,
2846 5305 3226 5376 compedibus
3252 5305 3423 5373 pedes
3454 5303 3599 5376 liga-

1957 5402 2048 5453 tos
2078 5395 2386 5463 resolvisti,
2420 5393 2728 5451 semitonsi
2759 5393 2967 5464 capitis
3011 5393 3417 5465 capillaturam
3449 5394 3599 5448 adae-

1957 5483 2172 5557 quasti,
2206 5483 2477 5539 tenebras
2525 5480 2774 5537 carceris
2819 5480 3189 5551 illuminasti,
3226 5485 3451 5536 montes
3486 5497 3604 5535 me-

1959 5572 2086 5630 talli
2115 5571 2173 5628 in
2207 5569 2448 5644 planum
2480 5568 3046 5637 deduxisti,naribus
3076 5570 3253 5626 etiam
3282 5571 3613 5640 fragrantes
