4112 6174
561 362 711 422 1531

2063 360 2459 425 MORGELLI

3701 376 3809 440 lim

560 491 767 548 odores
788 489 1215 563 imposuisti;et
1232 494 1447 548 tetrum
1462 493 1700 550 odorem
1715 491 2200 550 fumiexclusisti.
2235 496 2287 561 Α
2317 509 2495 567 quam
2527 509 2698 567 opere
2726 491 3087 562 intermlsso,
3120 491 3342 550 domum
3369 495 3577 570 quisque
3600 517 3728 560 suam
3748 523 3807 564 re-

562 580 716 636 Fecit
748 585 943 636 autem
975 585 1032 635 et
1078 586 1448 654 persecutum
1501 582 1894 639 ministerium
1943 587 2109 638 tuum
2150 586 2208 637 et

565 669 791 738 Quirini
822 669 1188 725 dilectissimi
1221 671 1427 741 nostri,
1458 673 1608 743 quod
1642 689 1745 744 per
1772 674 2206 729 Herennianum

561 767 1027 840 hypodiaconum
1052 772 1108 823 et
1138 767 1460 824 Lucianum
1492 775 1550 825 et
1571 771 1888 826 Maximum
1920 776 1976 828 et
2004 774 2210 826 Aman-

561 859 709 914 tium
732 857 986 926 acolytos
1035 857 1504 914 distribuendum
1562 860 1800 926 misisti,
1848 875 2209 932 quascunque

563 946 1010 1002 necessitatibus
1043 963 1352 1018 corporum
1385 948 1695 1004 defuerant
1724 949 2042 1020 expediri.»
2069 948 2210 1012 Quis

562 1035 660 1091 ille
692 1035 970 1099 Quirinus
1002 1036 1194 1106 fuerit,
1237 1037 1336 1108 qui
1384 1038 1648 1092 studium
1695 1055 1874 1093 suum
1923 1055 2054 1093 cum
2104 1042 2208 1110 Cy-

565 1126 771 1196 priane
793 1125 1104 1196 jungebat,
1136 1129 1200 1180 ut
1229 1126 1661 1183 confessoribus
1692 1127 1914 1199 largius
1936 1127 2209 1183 subveni-

563 1217 744 1280 retur,
778 1214 975 1269 minus
1021 1214 1382 1286 exploratum
1431 1220 1553 1272 est:
1598 1216 1713 1272 nisi
1760 1215 1860 1272 ille
1901 1216 2210 1272 habendus

565 1312 663 1375 sit,
694 1311 787 1366 cui
829 1311 1147 1384 Cyprianus
1205 1312 1384 1368 libros
1443 1313 1889 1369 Testimoniorum
1927 1312 2212 1368 adversus

561 1401 794 1464 Iudaeos,
847 1401 1260 1471 inscripserat:
1322 1418 1494 1472 quem
1551 1403 1731 1458 civem
1790 1402 2206 1473 Carthaginen-

564 1505 687 1545 sem
721 1489 865 1544 satis
897 1489 1244 1561 locupletem
1297 1496 1352 1546 et
1373 1491 1639 1563 Cypriani
1670 1496 1920 1546 veterem
1953 1491 2207 1547 amicum

566 1577 748 1633 fuisse
778 1578 1148 1633 crediderim.
1176 1578 1322 1634 Illud
1343 1596 1576 1653 quoque
1605 1581 1921 1636 obscurum
1953 1585 2208 1650 est,qua-

565 1666 678 1722 lem
729 1667 1091 1722 confessores
1138 1667 1224 1722 illi
1269 1667 1486 1724 exitum
1548 1668 1880 1724 habuerint.
1933 1668 2207 1739 Majorem

564 1760 789 1828 partem
822 1755 878 1810 in
913 1757 1207 1828 ergastulo
1239 1758 1473 1825 obiisse,
1506 1759 1622 1814 veri
1656 1759 1794 1813 mihi
1829 1758 2020 1815 simile
2051 1758 2209 1814 vide-

2317 585 2441 640 dire
2463 584 2620 656 jussi
2651 589 2810 640 sunt.

2698 797 2889 836 ANNUS
2928 795 2997 835 CH
3007 794 3297 836 RISTIANUS
3333 796 3525 836 CCLVIII.

2463 897 2808 953 CYPRIANO
2847 895 3182 952 EPISGOPO
3212 897 3717 957 CARTHAGINENSI.

2392 1065 2431 1119 Ι.
2466 1065 2746 1122 Consules
2777 1066 2936 1122 fuere
2965 1069 3037 1120 M.
3070 1065 3329 1122 Aurelius
3355 1065 3622 1124 Memmius
3645 1070 3814 1142 Tuscus,

2318 1153 2675 1227 Pomponius
2710 1155 2922 1210 Bassus
2947 1173 2958 1210 :
2995 1171 3110 1226 quo
3140 1160 3386 1227 tempore
3410 1155 3692 1214 Valerianus
3712 1175 3818 1231 pera-

2319 1249 2484 1316 grato
2519 1242 2742 1315 Illyrico
2774 1243 3113 1315 Byzantium
3142 1248 3487 1312 pervenerat:
3512 1244 3666 1301 Romae
3689 1253 3815 1304 autem

2319 1333 2660 1405 praefectura
2672 1332 2834 1388 urbis
2859 1333 2917 1388 fu
2929 1333 3210 1405 ngebatur
3229 1332 3503 1390 Cornelius
3520 1335 3819 1391 saeuiat-iatn-

2317 1427 2474 1478 terea
2505 1422 2844 1494 Cyprianus,
2877 1420 3096 1476 Curubi
3126 1421 3296 1476 etiam
3324 1425 3440 1476 tum
3470 1422 3818 1495 exsulans,opta-

2316 1515 2442 1567 tum
2476 1510 2735 1583 martyrii
2768 1509 2858 1566 sui
2893 1509 3045 1565 diem
3098 1510 3304 1582 cupide
3343 1512 3672 1582 exspectabat,
3687 1517 3728 1568 et
3754 1515 3820 1568 Ec-

2319 1599 2505 1656 clesiae
2527 1598 3017 1671 simul,quantum
3040 1599 3125 1656 fas
3147 1604 3288 1666 erat,
3305 1604 3356 1655 et
3383 1599 3606 1655 omnium
3618 1601 3820 1672 egentium

2315 1693 2376 1745 et
2395 1687 2870 1744 calamitosorum
2894 1704 3094 1743 curam
3120 1687 3634 1761 gerebat.Enimvero
3651 1687 3752 1742 dum
3767 1705 3823 1742 res

2319 1776 2786 1835 Christianorum
2819 1776 3024 1832 mitius
3046 1791 3108 1831 se
3126 1776 3334 1831 habere
3353 1775 3654 1844 viderentur,
3667 1776 3824 1846 Aspasio

561 1845 831 1937 tur-Nam
863 1862 997 1902 cum
1029 1846 1352 1919 Cyprianus
1374 1847 1679 1937 pecuniam
1712 1865 1778 1903 θο
1809 1865 2046 1903 rursum
2077 1847 2210 1902 “Ub‘
2241 1865 2289 1930 B
2320 1870 2566 1922 Paterno
2611 1863 2941 1937 proconsuli
2988 1881 3291 1920 successor
3335 1865 3492 1919 datus
3540 1869 3613 1918 est
3649 1845 3826 1920 Galerius

566 1935 846 2003 misisset,
907 1940 1026 1990 tres
1111 1941 1341 1991 tantum
1426 1936 1682 2009 episcopi
1763 1937 2213 2009 responderunt,

567 2023 744 2090 Felix,
797 2024 994 2093 Jader,
1050 2024 1342 2080 Pollianus
1398 2025 1592 2098 (epist.
1650 2027 1738 2094 80,
1797 2029 1944 2083 inter
1997 2028 2212 2098 Cypr.),

567 2120 730 2178 nulla
759 2121 830 2177 de
861 2120 1034 2177 sociis
1066 2122 1356 2178 mentione
1391 2123 1559 2194 facta,
1595 2125 1750 2195 quod
1781 2129 1950 2179 antea
1975 2124 2045 2178 ad
2079 2139 2214 2179 eum

567 2212 639 2266 de
686 2210 922 2266 illorum
973 2215 1158 2266 morte
1216 2211 1459 2268 fortasse
1516 2213 1891 2284 scripserant.
1933 2215 2214 2267 Caeterum

569 2304 801 2356 exstant
844 2304 901 2354 et
940 2300 1100 2355 Lucii
1159 2301 1415 2373 episcopi
1473 2300 1678 2357 litteras
1735 2302 1806 2357 ad
1864 2302 2214 2373 Cyprianum

567 2390 786 2463 gratias
817 2394 876 2445 et
904 2405 1011 2445 suo
1041 2393 1098 2444 et
1146 2390 1390 2445 fratrum
1451 2391 1686 2446 nomine
1743 2390 1968 2464 agentis
2021 2390 2214 2462 (epist.

564 2479 654 2545 79,
689 2479 836 2532 inter
868 2477 1076 2549 Cypr.),
1109 2479 1261 2548 quod
1293 2478 1556 2535 muneris
1601 2478 1821 2551 aliquid
1855 2479 1926 2535 ad
1952 2496 2050 2536 eos
2081 2495 2217 2535 cum

568 2575 807 2640 Quirino
858 2576 1304 2632 transmisisset.
1356 2578 1543 2642 Quare
1600 2577 1889 2650 suspicari
1942 2577 2118 2634 etiam
2147 2577 2218 2633 li-

567 2669 676 2732 cet,
709 2665 1072 2721 confessores
1121 2683 1364 2722 numero
1417 2671 1620 2723 auctos
1649 2669 1708 2722 in
1759 2667 1927 2740 plura
1969 2667 2218 2724 subinde

567 2753 865 2826 ergastula
921 2753 1140 2810 divisos
1200 2770 1349 2821 esse,
1410 2771 1476 2810 ac
1530 2759 1840 2828 propterea
1893 2755 1951 2810 in
2018 2772 2216 2813 eorum

563 2842 791 2898 litteras
821 2842 1062 2896 nomina
1109 2841 1514 2915 episcoporum
1567 2843 1907 2914 desiderari,
1941 2845 2094 2916 quod
2129 2862 2219 2901 se-

567 2930 682 2986 mel
731 2930 986 3002 amplius
1043 2948 1159 2986 non
1216 2937 1432 2988 essent.
1473 2934 1542 2988 At
1588 2934 1924 3006 quicunque
1980 2934 2219 2989 demum

566 3023 863 3075 tantorum
913 3019 1310 3076 confessorum
1371 3021 1498 3076 vitae
1559 3022 1637 3076 sit
1695 3022 1830 3078 finis
1883 3022 2217 3094 impositus,

561 3119 688 3190 jam
721 3118 792 3173 ab
851 3118 1069 3174 Adonis
1125 3119 1488 3192 temporibus
1544 3119 1811 3176 Ecclesiae
1859 3120 2132 3176 Romanae
2166 3137 2221 3176 IV

570 3207 710 3262 ldus
767 3207 1135 3279 Septembres
1196 3210 1537 3264 memoriam
1592 3225 1790 3265 eorum
1852 3209 2117 3277 honorat,
2163 3212 2293 3300 etc

567 3295 818 3368 gloriosae
844 3297 1212 3367 confessionis
1243 3313 1471 3366 agonem
1516 3313 1919 3355 consummasse
1949 3301 2216 3355 testatur.

567 3395 653 3451 Ad
685 3394 806 3452 haec
830 3394 959 3466 ipsa
985 3401 1252 3467 tempora
1279 3396 1645 3452 referendum
1677 3401 1817 3469 puto
1845 3396 2221 3452 Timotheum

571 3484 906 3555 diaconum,
940 3483 1041 3556 qui
1073 3484 1133 3539 in
1165 3485 1515 3541 Mauritania
1555 3486 1654 3541 diu
1687 3486 1902 3542 carceri
1933 3485 2221 3552 inclusus,

574 3573 784 3628 deinde
842 3573 977 3645 igne
1029 3574 1364 3641 ambustus,
1427 3576 1772 3648 martyrium
1831 3575 1986 3631 fecit.
2023 3575 2222 3632 Multis

575 3677 732 3717 nunc
766 3661 1039 3718 laudibus
1070 3679 1184 3717 non
1222 3663 1410 3719 Latini
1441 3664 1634 3728 modo,
1667 3665 1768 3719 sed
1813 3664 1987 3720 etiam
2019 3665 2220 3736 Graeci,

573 3751 819 3808 efferunt
851 3752 909 3806 in
943 3751 1110 3809 fastis
1141 3752 1263 3808 suis
1295 3770 1389 3807 xlv
1420 3753 1545 3810 Kal.
1576 3755 1909 3811 Januarias.

643 3879 733 3936 VI.
768 3879 928 3944 Quod
959 3877 1250 3950 reliquum
1285 3882 1396 3946 est,
1427 3879 1485 3934 in
1519 3883 1680 3935 tanto
1732 3880 1934 3936 Africae
1964 3879 2222 3937 tumultu

573 3967 884 4026 stationem
918 3985 1086 4024 suam
1137 3968 1462 4041 Cyprianus
1508 3969 1722 4024 Curubi
1774 3969 1858 4025 sic
1904 3970 2128 4041 agebat,
2161 3973 2226 4025 ut

573 4059 791 4123 animo,
824 4057 1194 4130 cogitatione,
1228 4057 1650 4130 ofﬁciis,opera
1679 4059 1884 4114 adesse
1909 4059 2223 4129 videretur,

577 4157 913 4227 ubicunque
943 4155 1304 4211 Christianos
1358 4156 1664 4212 calamitas
1695 4161 2002 4228 premeret,
2035 4162 2094 4214 et
2125 4159 2226 4214 ad-

573 4245 968 4303 versariorum
1000 4244 1132 4300 odia
1162 4244 1221 4300 in
1253 4243 1566 4301 discrimen
1597 4246 2047 4302 adducerent.Et
2076 4247 2228 4319 epis-

578 4335 730 4392 tolas
761 4335 995 4406 quidem
1029 4334 1156 4405 ejus
1206 4350 1528 4406 perpaucas
1577 4333 1884 4403 habemus,
1914 4336 2012 4391 sed
2059 4337 2131 4391 ab
2163 4352 2228 4392 eo

579 4424 906 4498 permultas
959 4439 1062 4495 per
1099 4423 1356 4478 Africam
1415 4423 1748 4479 universam
1806 4424 2054 4496 scriptas
2102 4441 2230 4481 esse

581 4514 883 4570 fatendum
917 4517 1026 4582 est,
1058 4529 1193 4568 cum
1248 4511 1472 4568 litteras
1523 4512 1595 4567 ab
1651 4512 1851 4567 eodem
1909 4513 1969 4568 in
2002 4511 2229 4568 Italiam

2321 1956 2628 2012 Maximus.
2681 1954 2784 2009 Hic
2828 1959 2894 2010 ut
2941 1953 3342 2026 Carthaginem
3396 1953 3555 2017 venit,
3581 1952 3824 2025 Cyprianum

2322 2045 2541 2103 Curubi
2571 2043 2876 2112 revocavit,
2911 2047 2968 2098 et
2998 2043 3058 2098 in
3090 2043 3289 2100 hortos
3319 2042 3440 2098 urbi
3468 2041 3718 2114 proximos,
3733 2056 3827 2096 sece-

2324 2135 2459 2191 dere
2479 2133 2681 2205 jussit,
2723 2150 2869 2205 quos
2917 2131 3014 2188 ille
3070 2132 3306 2205 quidem
3361 2130 3674 2187 Christianus
3710 2130 3829 2185 lactus

2321 2225 2679 2291 vendiderat,
2714 2227 2780 2279 ut
2822 2222 3117 2278 redactam
3170 2221 3465 2293 pecuniam
3509 2219 3667 2290 egenis
3701 2217 3828 2273 distri-

2325 2315 2550 2377 bueret,
2583 2315 2641 2368 at
2691 2317 2892 2384 postea
2939 2311 3010 2366 ab
3069 2327 3161 2380 eo,
3210 2309 3427 2382 opinor,
3458 2309 3546 2380 qui
3587 2312 3762 2368 emerat,
3782 2305 3830 2360 sic

2323 2405 2675 2458 testamento
2706 2401 2940 2456 relictos
2963 2401 3087 2471 jam
3114 2402 3418 2471 receperat.
3450 2396 3557 2452 Illic
3581 2401 3780 2466 tanquam
3796 2394 3829 2447 in

2326 2491 2593 2549 custodia
2641 2490 2826 2546 libera
2867 2489 2951 2546 sic
3011 2489 3304 2556 manebat,
3333 2492 3397 2543 ut
3439 2487 3501 2542 de
3539 2484 3831 2540 Ecclesiesus

2327 2585 2486 2637 statu
2516 2579 2726 2636 certior
2756 2577 3016 2652 quotidie
3039 2578 3222 2644 ﬁeret,
3244 2576 3571 2646 haberetque
3595 2574 3649 2628 de
3671 2570 3830 2626 familia-

2326 2667 2490 2724 ribus
2524 2667 2803 2739 obsequio
2833 2670 3089 2739 paratos,
3115 2665 3219 2738 qui
3241 2664 3310 2720 ad
3333 2664 3452 2736 ejus
3477 2670 3649 2718 nutum
3673 2675 3754 2730 quo
3768 2656 3832 2712 vel

2327 2758 2408 2814 let
2438 2757 2966 2830 proficiscerentur.
3005 2755 3210 2827 Itaque
3256 2770 3386 2809 cum
3412 2752 3543 2809 scire
3569 2749 3756 2805 maxime
3775 2762 3829 2800 ευρ

2327 2852 2506 2920 peret,
2541 2847 2682 2918 quid
2714 2845 2909 2900 Romae
2937 2847 3232 2918 ageretur,
3267 2841 3613 2912 Ecclesiaeque
3630 2837 3832 2906 illiusque

2325 2936 2481 2992 vices
2512 2939 2731 3001 essent,
2766 2933 2934 2990 facile
2982 2932 3226 3004 invenit,
3259 2933 3359 3004 qui
3403 2931 3616 2986 Romam
3643 2925 3756 2981 illico
3775 2939 3834 2977 ns-

2326 3026 2613 3099 vigarent,
2647 3041 2713 3081 ac
2761 3023 2917 3080 brevi
2965 3026 3124 3079 certa
3170 3022 3460 3078 referrent.
3507 3018 3618 3083 Quae
3642 3015 3753 3070 idem
3778 3025 3835 3066 su-

2328 3098 2503 3172 binde
2533 3130 2666 3170 cum
2699 3113 2816 3184 iam
2849 3112 2908 3168 in
2943 3111 3136 3167 Africa
3186 3127 3414 3183 quoque
3453 3107 3617 3164 clerici
3641 3098 3836 3175 inprimis

2329 3206 2429 3260 sub
2458 3205 2571 3258 ictu
2599 3203 2810 3274 agonis,
2839 3205 2906 3257 ut
2958 3201 3084 3272 ipse
3131 3197 3432 3256 constituti
3481 3197 3662 3263 essent,
3683 3191 3734 3246 ad
3755 3189 3840 3244 Suo-

2331 3307 2562 3348 cessum
2589 3291 2930 3362 episcopum
2960 3288 3141 3344 Abbir
3163 3285 3590 3344 Germaniciano:
3608 3282 3673 3337 sic
3694 3276 3841 3349 scripsit

2331 3381 2526 3455 (epist.
2559 3381 2690 3449 82):
2724 3404 2752 3429 «ι
2791 3378 3003 3434 Sciatis
3051 3381 3252 3433 autem
3311 3393 3406 3432 eos
3449 3373 3642 3430 venisse
3679 3381 3778 3440 quos
3797 3362 3842 3418 ad

2331 3470 2544 3527 Urbem
2573 3473 2811 3540 propter
2858 3467 2968 3523 hoc
3017 3466 3319 3532 miseram,
3352 3470 3414 3520 ut
3454 3461 3844 3535 quomodocunque

2333 3560 2404 3615 de
2434 3558 2602 3614 nobis
2631 3557 2982 3627 rescriptum
3015 3553 3583 3624 fuisset,exploratam
3609 3546 3693 3603 sibi
3714 3543 3843 3598 verita-

2330 3652 2449 3704 tem
2483 3647 2552 3702 ad
2586 3663 2693 3701 nos
2724 3645 3066 3718 perferrent.
3099 3643 3293 3699 Multa
3321 3643 3469 3698 enim
3497 3633 3845 3694 vat-iactian

2333 3735 2710 3809 opinionibus
2739 3732 3136 3799 ventilantur;
3179 3749 3307 3805 qua:
3345 3735 3525 3786 autem
3554 3729 3666 3781 sunt
3687 3723 3729 3778 in
3751 3732 3842 3783 rem,

2332 3825 2416 3881 ita
2445 3842 2507 3880 se
2529 3825 2744 3881 habent
2759 3822 3178 3893 :Rescripsisse
3195 3820 3553 3878 Valerianum
3572 3817 3630 3873 ad
3655 3814 3844 3901 senatum3

2335 3919 2402 3971 ut
2424 3912 2681 3985 episcopi
2713 3917 2771 3968 et
2819 3910 3142 3983 presbyteri
3175 3915 3236 3966 et
3278 3911 3534 3965 diacones
3561 3906 3611 3960 in
3636 3899 3844 3985 continenti

2335 3983 2896 4059 animadvertuntur.
2929 4000 3244 4056 Senatores
3281 4015 3414 4054 vero
3441 4001 3497 4054 et
3536 3990 3710 4067 egregii
3730 3983 3847 4041 viriet

2335 4093 2562 4165 equites
2594 4090 2842 4156 romani,
2875 4089 3156 4160 dignitate
3181 4090 3420 4155 amissa,
3449 4086 3605 4142 etiam
3632 4077 3849 4141 bonisspo-

2335 4164 2571 4246 lientur,
2603 4184 2680 4250 et,
2712 4179 2762 4235 si
2793 4178 3084 4250 ademptis
3115 4176 3488 4234 facultatibus
3515 4164 3848 4230 Christianissse

2337 4269 2779 4344 perseverarint,
2799 4268 2990 4340 capite
3017 4283 3254 4338 quoque
3285 4265 3649 4323 mulcteutur;
3673 4258 3849 4344 metm!

2337 4343 2472 4415 vero
2505 4357 2794 4428 ademptis
2824 4356 2995 4412 bonis
3025 4355 3086 4410 in
3117 4355 3393 4411 exsilium
3425 4343 3849 4424 relegantur;089'

2338 4447 2485 4503 riani
2519 4451 2732 4514 autem,
2766 4445 3102 4517 quicunque
3131 4444 3221 4502 vel
3265 4445 3427 4517 prius
3457 4436 3670 4497 confessi
3694 4428 3848 4523 fuerant.

2343 4535 2430 4593 vel
2462 4550 2617 4591 nunc
2649 4532 2899 4590 confessi
2923 4532 3163 4599 fuerint,
3195 4531 3594 4594 conﬁscentur,
3618 4528 3663 4580 et
3681 4518 3803 4574 vincti
3817 4518 3851 4564 in

579 4617 809 4673 quoque
839 4601 1052 4656 missas
1101 4605 1326 4656 conatet
1374 4600 1455 4673 (ίο
1516 4609 1620 4657 ασί-
1657 4600 1770 4656 ΜΜ·
1819 4601 2017 4668 omn"
2050 4618 2105 4674 Ρ·
2139 4601 2230 4674 53)
2263 4602 2309 4668 Ῐ)
2339 4624 2699 4681 Cesarianas
2712 4623 3114 4694 possessiones
3128 4619 3407 4691 descripti
3428 4617 3726 4674 mittantur.»
3740 4608 3852 4694 Αίίῖιῖθ

581 4700 653 4755 ad
683 4700 1078 4771 Augustinum
1109 4703 1167 4755 et
1185 4697 1674 4769 Felicitatem,qui
1697 4698 1904 4771 Capuae
1928 4699 1984 4753 id
2013 4704 2233 4771 tempo-

581 4787 664 4843 ris
694 4785 954 4842 defuncti
987 4789 1144 4842 sunt.
1180 4786 1338 4842 Idem
1371 4790 1428 4842 et
1465 4784 1816 4858 opusculum
1849 4787 1919 4844 ad
1947 4792 2232 4859 martyres

581 4877 850 4933 emisisse
881 4879 1138 4948 putatur,
1163 4875 1322 4930 aliud
1359 4875 1432 4930 ab
1464 4891 1552 4941 eo,
1586 4875 1741 4947 quod
1773 4875 2043 4946 superius
2073 4891 2230 4931 com-

581 4964 1060 5033 memoravimus,
1086 4964 1294 5020 1473
1316 4964 1383 5020 de
1412 4964 1802 5021 Exhortatione
1841 4965 2095 5035 Martyrzi
2125 4980 2232 5034 ap-

580 5055 886 5130 pellatum.
922 5055 1068 5113 Nam
1100 5053 1361 5121 Pontius,
1391 5053 1492 5125 qui
1534 5055 1604 5109 de
1634 5071 1700 5109 eo
1759 5053 2047 5122 meminit,
2073 5053 2232 5108 aliud

580 5146 842 5202 indicare
872 5159 935 5199 se
965 5142 1242 5213 ostendit,
1276 5159 1410 5198 cum
1472 5143 1633 5198 addit
1688 5143 1772 5213 (in
1827 5144 1952 5200 Vita
1994 5143 2230 5215 Cypr.):

581 5244 722 5310 Quis
753 5241 1006 5314 denique
1034 5244 1122 5296 tot
1169 5240 1531 5297 confessores
1580 5241 1857 5296 frontium
1901 5243 2232 5296 notatarum

582 5333 843 5390 secunda
894 5329 1275 5403 inscriptione
1333 5329 1632 5402 signatos;
1665 5335 1722 5386 et
1778 5330 1848 5385 ad
1903 5329 2233 5401 exemplum

583 5420 849 5494 martyrii
905 5419 1250 5491 superstites
1299 5424 1640 5486 reservatos,
1720 5419 2007 5475 incentivo
2082 5418 2234 5474 tubas

586 5509 833 5568 ccelcstis
863 5509 1258 5565 animaret?»
1315 5513 1475 5564 Certe
1525 5507 1583 5563 in
1636 5507 1900 5580 epistolis
1940 5506 2232 5578 Cypriani,

586 5625 716 5683 quae
774 5611 1024 5674 exstant,
1076 5606 1395 5681 stigmatici
1455 5622 1568 5662 non
1627 5609 2064 5662 memorantur:
2109 5620 2234 5675 quas

582 5701 831 5759 fortasse
862 5701 1000 5754 nota
1028 5695 1468 5753 confessoribus
1500 5694 1690 5752 serius
1719 5693 1917 5751 inusta
1946 5695 2235 5764 est,post—

2340 4714 2462 4770 hinc
2494 4712 2734 4786 quidem
2766 4712 2837 4767 ad
2867 4711 3080 4767 Urbem
3112 4710 3489 4782 potissimum
3517 4696 3851 4786 pertinebantu

2340 4819 2458 4875 qua
2513 4782 2683 4858 sane
2765 4804 2900 4856 ante
2957 4800 3103 4856 alios
3163 4801 3382 4872 Xystus
3429 4797 3679 4851 mactatus
3725 4782 3850 4838 ἷιιοηί

2341 4914 2371 4944 ‹‹
2403 4891 2650 4965 Xystum
2681 4889 3128 4960 autem,inquit,
3155 4885 3484 4944 cosmeterio
3512 4875 3851 4938 animadversum

2339 4979 2541 5037 sciatis
2563 4983 2764 5035 octavo
2815 4978 3023 5035 Iduum
3071 4979 3470 5048 Augustarum
3524 4971 3620 5034 die,
3644 4970 3691 5060 et
3711 4969 3855 5060 cuiusD

2341 5071 2614 5126 diacones
2657 5072 2927 5141 quatuor.
2961 5067 3072 5123 Sed
3105 5071 3162 5121 et
3214 5065 3355 5120 huic
3413 5055 3742 5141 persecutioni

2340 5158 2482 5215 tidie
2513 5132 2798 5214 insistunt
2817 5155 3069 5230 praefecti
3093 5155 3151 5210 in
3181 5156 3334 5210 urbe
3354 5171 3369 5220 ;
3389 5132 3452 5208 ut
3469 5151 3513 5206 si
3544 5146 3629 5220 qui
3655 5140 3738 5198 sibi
3752 5132 3856 5192 oblati

2342 5248 2579 5313 fuerint,
2631 5246 3188 5310 animadvertantur,
3251 5243 3459 5298 1414
3498 5242 3551 5293 et
3587 5236 3708 5290 bona
3737 5230 3854 5281 ωτυω

2342 5336 2482 5392 ﬁsco
2513 5335 2901 5391 vindicentur.
2938 5356 2964 5384 »
2997 5334 3108 5390 Sed
3139 5333 3311 5405 paria
3341 5329 3597 5386 mandata
3628 5313 3856 5405 νειαῴξιιιε

2344 5425 2414 5481 ad
2448 5424 2722 5496 praesides
2752 5399 3183 5496 provinciarum
3209 5422 3340 5493 jam
3385 5417 3621 5477 dederat,
3648 5409 3705 5463 de
3726 5399 3854 5496 quibat

2342 5515 2415 5570 ad
2447 5494 2716 5570 senatum
2756 5494 2970 5567 eodem
3016 5516 3277 5580 tempore
3326 5506 3637 5578 scripserat,
3666 5509 3756 5586 sine
3782 5494 3856 5586 iuni

2343 5607 2447 5659 aut
2484 5602 2928 5675 perferebantur
2985 5598 3417 5672 Carthaginem,
3449 5597 3549 5682 aut
3588 5585 3760 5682 perlata

2343 5674 2533 5749 erant.
2571 5709 2595 5742 α
2626 5689 2887 5762 Subjecit
2905 5688 3100 5759 etiam,
3131 5686 3352 5759 inquit,
3373 5680 3684 5741 Valerianus
3699 5674 3855 5739 imp“
