2056 3087
131 150 211 182 1833

655 150 840 181 ANNALES
863 149 1062 180 ECCLESIJE
1084 150 1306 182 AFRICANE.

1757 149 1835 179 1534

131 218 188 251 tor,
207 215 332 245 orationi
354 224 413 244 suis
436 216 602 253 exemplum
629 216 804 251 litterarum,
828 224 901 252 quas
916 216 953 243 ad
967 215 996 249 Α
1011 218 1085 250 ctus,
1101 218 1298 245 marcescente
1308 216 1423 252 jugulo,
1439 215 1594 244 termulam
1611 215 1750 244 cervicem
1762 215 1833 244 sub-

133 261 272 298 prmsides
287 261 502 297 provinciarum
519 261 555 289 de
570 262 653 289 nobis
670 261 746 295 fecit,
758 260 954 298 quaslitteras

133 305 262 343 quotidie
276 313 430 341 speramus
445 306 552 341 venire,
569 308 679 334 stantes
705 305 868 334 secundum
887 305 956 333 fidei

135 350 303 379 ﬁrmitatem
332 350 368 377 ad
398 350 544 386 passionis
572 350 768 384 tolerantiam,
797 351 826 378 et
853 358 954 386 exspe-

134 397 247 423 ctantes
263 395 297 423 de
312 403 366 431 ope
381 397 410 423 et
424 395 610 432 indulgentia
635 395 748 423 Domini
763 395 828 423 vita
843 397 953 423 aeterna!

132 448 282 469 coronam.
299 450 314 465 η

170 493 205 520 ιι.
223 492 288 520 Hec
303 492 468 528 Cyprianus
482 500 517 519 ex
531 492 625 520 hortis
649 492 762 520 suis'ad
778 492 954 520 Successum

133 537 302 573 scripserat,
319 545 383 573 qua:
398 536 447 565 ille
462 537 573 565 caeteris
584 537 703 573 collegis
714 539 742 565 et
751 537 889 565 omnibus
901 538 951 564 Ec-

133 581 231 610 clesiis
267 581 498 616 transmitteret;
528 590 595 609 cum
632 581 764 609 Galerius
799 581 954 617 proconsul

134 625 247 653 Uticam
263 633 294 654 se
308 626 442 658 contulit,
465 626 583 654 initium
597 625 658 654 illic
678 626 764 654 caedis
780 628 808 654 et
823 626 954 654 animad-

133 670 276 698 versionis
291 670 321 697 in
335 670 517 698 Christianos
532 671 672 699 facturus.
692 671 721 698 ld
735 673 767 699 ut
778 670 893 698 rescivit
903 672 954 707 Cy-

134 715 266 750 prianus,
280 714 330 750 qui
345 714 401 742 hoc
413 714 539 742 habebat
552 714 582 742 in
598 715 682 748 votis,
699 717 732 743 ut.
747 715 776 743 in
794 715 889 743 media
904 715 955 743 Ee-

134 758 223 786 clesla
239 767 304 792 sua,
320 761 349 786 et
373 758 410 786 iis
431 767 540 795 coram,
557 768 631 795 quos
652 759 715 795 ipse
730 760 763 787 ad
782 760 955 796 martyrium

134 802 312 838 instituerat,
320 803 399 838 prior
407 803 497 831 vitam
506 804 703 840 profunderet,
713 812 788 840 aegre
794 805 829 832 ad
835 805 955 832 modum

135 847 242 883 ferens,
258 847 330 883 eripi
345 847 412 881 sibi,
428 851 461 875 ut
474 850 636 876 extremum
660 848 733 876 illud
750 848 881 877 Ecclesia!
896 858 955 877 sure

133 891 298 928 exemplum
316 891 503 929 relinqueret,
515 892 672 921 consilium
688 893 841 921 secedendi
858 894 954 931 cmpit,

133 936 274 972 quamdiu
291 936 446 972 proconsul
460 937 633 973 Carthagine
649 938 774 972 abesset,
791 938 885 974 deque
899 938 954 967 hoc

132 981 196 1018 ipso
211 982 342 1018 consilio,
359 991 374 1010 e
382 982 504 1011 latebris
514 991 587 1018 quas
598 983 730 1019 petierat,
743 986 907 1020 postremas
918 985 955 1012 ad

132 1026 288 1054 Ecclesiam
305 1035 390 1055 suam
407 1027 519 1055 litteras
536 1028 667 1063 mittens,
684 1028 826 1057 rationem
841 1028 882 1057 sic
894 1030 956 1057 red-

130 1070 205 1098 didit
224 1071 321 1107 (epist.
349 1072 396 1107 83)
415 1080 421 1100 :
439 1072 511 1100 Cum
536 1072 691 1109 perlatum,
716 1073 821 1109 inquit,
847 1074 884 1101 ad
900 1082 954 1102 nos

133 1115 246 1148 fuisset,
265 1116 368 1144 fratres
383 1116 561 1151 charissimi,
577 1118 802 1146 commentarios
811 1126 875 1146 esse
886 1118 954 1146 mis-

135 1168 193 1194 sos,
210 1159 259 1196 qui
277 1168 323 1188 me
338 1160 450 1189 Uticam
475 1162 675 1197 perducerent,
702 1164 730 1190 et
745 1162 867 1191 consilio
882 1162 953 1191 cha-

132 1204 318 1232 rissimorum
343 1213 516 1241 persuasum
539 1208 616 1234 esset
641 1209 672 1234 ut
686 1207 722 1235 de
736 1207 830 1235 hortis
845 1207 953 1236 nostris

132 1249 249 1277 interim
281 1250 494 1285 accederemus,
519 1251 603 1286 justa
632 1251 841 1280 interveniente
864 1261 955 1280 causa

133 1293 280 1329 consensi,
287 1302 320 1322 eo
331 1295 408 1330 quod
417 1297 568 1331 congruat,
579 1295 748 1332 episcopum
758 1296 787 1324 in
796 1305 830 1324 ea
838 1297 954 1325 civitate

132 1337 162 1365 in
179 1346 238 1373 qua
251 1338 387 1365 Ecclesiae
403 1339 558 1367 Dominicas
583 1343 697 1375 praeest,
722 1340 781 1368 illic
796 1342 953 1369 Dominum

132 1381 274 1415 confiteri,
285 1384 314 1410 et
325 1382 439 1418 plebem
452 1383 618 1411 universam
638 1385 785 1420 praepositi
796 1388 954 1420 praesentes

132 1425 313 1454 confessione
328 1426 491 1455 clarilicari.
517 1428 727 1463 Quodcumque
743 1429 820 1457 enim
835 1429 888 1457 sub
904 1430 954 1458 illo

133 1470 327 1499 confessionis
334 1474 484 1500 momento
490 1472 640 1500 confessor
650 1473 803 1509 episcopus
811 1473 953 1510 loquitur,

133 1515 284 1551 aspir-ante
299 1515 357 1543 Deo
373 1524 422 1544 ore
436 1516 568 1545 omnium
580 1516 720 1553 loquitur.
732 1519 870 1546 Caeterum
887 1527 953 1547 mu-

132 1559 266 1587 tilabitur
291 1560 384 1588 honor
407 1560 539 1589 Ecclesiae
564 1563 669 1589 nostra;
692 1564 752 1590 tam
769 1563 910 1599 gloriosas,
927 1564 952 1592 si

1010 261 1117 289 traxit:
1142 269 1199 289 non
1222 270 1296 290 anus
1321 270 1403 296 sexu,
1427 263 1509 288 aetate
1533 261 1676 294 confecta,
1700 261 1832 289 dextram

1010 306 1121 334 cruenti
1137 306 1318 342 percussoris
1342 305 1462 342 effugit:
1479 313 1536 333 non
1553 306 1675 341 juvenes
1695 315 1711 333 a
1726 314 1834 334 corona

1009 351 1072 378 vitae
1088 351 1177 387 hujus
1202 351 1324 379 dulcedo
1351 351 1503 380 revocavit.
1528 351 1592 379 Non
1617 351 1832 387 exspirantium

1009 396 1142 424 membra
1163 396 1368 432 palpitantium
1393 396 1580 432 parvulorum
1604 397 1743 423 cruentus
1767 404 1832 431 per-

1008 448 1111 468 cussor
1125 441 1310 477 perhorruit:
1338 441 1387 468 sed
1414 440 1438 469 si
1462 440 1514 476 qui
1538 440 1658 468 forsitan
1686 440 1831 468 infantum

1010 485 1150 513 maternis
1165 486 1305 513 uberibus
1315 485 1464 513 inhiantes
1477 485 1583 513 ferrum
1597 487 1754 521 potuerunt
1765 493 1832 521 per-

1009 529 1159 566 sequentis
1174 530 1305 563 evadere,
1331 529 1463 566 oppressi
1479 529 1565 557 ruina
1580 530 1752 557 cadaverum
1770 539 1832 558 ma-

1009 577 1107 602 ternos
1121 574 1198 602 inter
1212 574 1312 603 dulces
1336 574 1434 602 obiere
1461 574 1640 610 complexus.
1658 585 1673 599 »
1689 574 1744 602 Sed
1760 575 1831 602 Pru-

1010 619 1127 647 dentius
1150 619 1225 647 fama
1251 627 1282 647 se
1306 619 1452 655 accepisse
1477 619 1517 646 ait
1540 619 1631 654 (ibid.,
1651 627 1675 646 ν.
1692 619 1738 654 76)
1754 628 1831 647 mar-

1008 665 1087 700 tyres
1101 663 1178 699 illos,
1194 672 1261 691 cum
1276 672 1324 692 ara
1340 664 1408 691 hinc
1423 663 1528 700 posita,
1540 663 1608 691 inde
1620 663 1697 691 fossa
1709 663 1833 692 calcaria

1010 708 1151 742 fumante,
1168 710 1219 736 aut
1233 708 1397 736 sacrificare
1419 708 1488 741 diis,
1508 710 1559 736 aut
1572 716 1603 736 se
1617 707 1709 735 vivam
1726 708 1755 735 in
1772 708 1833 735 cal-

1009 761 1072 781 cem
1088 753 1204 781 mittere
1210 753 1395 789 juberentur,
1408 752 1517 781 alacres
1529 753 1630 788 rapido
1641 761 1728 780 cursu
1742 753 1831 780 simul

1009 799 1154 825 trecentos
1170 797 1351 834 prosiluisse,
1372 800 1400 826 et
1425 797 1502 825 calce
1524 805 1626 825 omnes
1650 800 1831 834 assumptos,

1012 853 1026 868 «
1034 844 1160 871 Massam
1172 842 1329 870 candidam
1342 853 1355 867 »
1366 842 1470 870 exinde
1481 850 1545 870 esse
1556 841 1734 878 appellatos:
1745 842 1832 878 idque

1013 887 1075 914 Ade
1086 887 1174 914 etiam
1185 886 1302 923 recepit,
1315 888 1343 915 et
1351 886 1382 914 in
1392 886 1628 923 Martyrologium
1640 893 1728 914 suum
1739 888 1832 914 trans-

1010 930 1079 959 tulit
1092 931 1152 967 (VIII
1167 930 1228 958 Kal.
1254 932 1356 967 Sept.).
1381 932 1523 960 Caeterum
1547 931 1729 967 Augustinus
1752 931 1832 958 hunc

1010 984 1111 1004 eorum
1126 975 1236 1003 exitum
1253 976 1405 1012 ignoravit,
1420 977 1448 1004 et
1464 976 1494 1003 in
1516 984 1660 1007 sermone,
1677 983 1763 1011 quem
1778 976 1830 1003 ha-

1010 1019 1074 1048 buit
1087 1020 1187 1056 (serm.
1201 1020 1265 1054 306,
1281 1029 1306 1048 c.
1321 1022 1349 1054 2,
1370 1020 1410 1048 id.
1427 1020 1510 1054 Coll.,
1526 1022 1547 1048 t.
1565 1028 1593 1048 ιν
1606 1021 1687 1055 Aug.,
1702 1029 1730 1057 p.
1746 1021 1809 1057 263)
1823 1029 1829 1048 :

1008 1066 1040 1093 In
1063 1065 1156 1093 Natali
1176 1069 1333 1101 martyrum
1356 1065 1450 1094 Massa?
1472 1064 1613 1101 candidae,
1636 1065 1714 1095 hanc
1732 1066 1830 1102 appel-

1007 1109 1127 1137 lationis
1139 1109 1285 1145 ejusmodi
1301 1118 1419 1138 causam
1437 1109 1552 1138 attulit:
1572 1120 1585 1136 ι
1599 1109 1707 1145 Massa,
1723 1109 1829 1146 inquit,

1007 1154 1085 1182 dicta
1094 1156 1140 1182 est
1150 1154 1185 1182 de
1200 1154 1314 1182 numeri
1334 1154 1534 1187 multitudine,
1556 1154 1680 1182 candida
1691 1155 1726 1182 de
1737 1163 1830 1182 causae

1008 1198 1131 1235 fulgore.
1148 1209 1163 1224 »
1178 1198 1243 1227 Veri
1260 1201 1359 1227 autem
1374 1199 1446 1227 mihi
1462 1198 1558 1227 simile
1571 1199 1697 1232 videtur,
1709 1199 1829 1231 famam,

1008 1252 1072 1279 quis
1088 1243 1124 1272 ad
1141 1252 1226 1271 aures
1239 1244 1387 1271 Prudentii
1402 1246 1529 1276 venerat,
1546 1244 1614 1272 inde
1628 1246 1734 1279 ortam,
1752 1244 1828 1279 quod

1008 1289 1149 1316 cadavera
1159 1290 1319 1324 martyrum
1332 1288 1361 1316 in
1379 1289 1486 1316 fossam
1498 1288 1578 1316 illam
1595 1289 1750 1317 calcariam
1762 1297 1830 1317 con-

1004 1333 1083 1368 jecta
1093 1334 1200 1365 essent,
1213 1340 1271 1368 quo
1284 1332 1371 1360 citius
1391 1333 1627 1360 absumerentur.
1640 1334 1676 1360 At
1686 1333 1734 1360 diu
1748 1342 1831 1360 man-

1008 1376 1056 1411 sit,
1073 1376 1149 1412 apud
1165 1376 1408 1413 Carthaginensee
1423 1377 1453 1404 in
1467 1376 1582 1412 primis,
1603 1385 1703 1405 eorum
1720 1385 1830 1405 memo-

1008 1421 1063 1454 ria,
1080 1429 1180 1457 quam,
1197 1423 1229 1448 ut
1243 1429 1277 1448 ex
1292 1420 1454 1449 calendario
1465 1421 1598 1449 Ecclesia:
1608 1421 1688 1449 illius
1699 1424 1828 1457 apparet,

1008 1468 1074 1502 post
1085 1465 1151 1493 idus
1163 1467 1305 1502 augustas
1323 1464 1528 1493 celebrabant:
1550 1468 1647 1493 manet
1660 1466 1688 1493 in
1703 1465 1829 1493 Ecclesia

1009 1510 1149 1544 Romana,
1166 1519 1230 1546 quae
1243 1511 1305 1545 jam
1321 1510 1371 1538 diu
1387 1519 1416 1538 1x
1430 1510 1488 1537 kal.
1500 1511 1680 1547 septembres
1693 1511 1825 1539 honorat.

1007 1554 1078 1584 olim
1091 1563 1128 1583 xv
1143 1554 1205 1583 Kal.
1223 1555 1341 1582 eosdem
1357 1554 1510 1583 recolebat.

137 1611 189 1640 ego
200 1604 353 1641 episcopus
364 1605 486 1633 alterius
498 1605 630 1633 Ecclesiae
640 1595 824 1643 praepositus,
836 1595 952 1645 accepta

1046 1617 1092 1645 ιν.
1105 1616 1217 1645 Uticam
1228 1617 1347 1644 demum
1360 1619 1403 1644 tot
1414 1617 1542 1645 caedibus
1555 1617 1699 1645 funestam
1712 1617 1831 1654 reliquit

136 1649 213 1685 apud
230 1648 339 1677 Uticam
364 1658 453 1686 super
468 1650 650 1679 confessione
673 1652 825 1688 sententia,
850 1653 954 1681 exinde

133 1695 244 1730 martyr
258 1694 293 1721 ad
318 1694 477 1723 Dominum
503 1695 689 1731 proficiscar:
715 1697 953 1733 quandoquidem

133 1745 185 1773 ego
201 1740 229 1765 et
253 1747 304 1774 pro
328 1747 376 1766 me
400 1741 429 1766 et
451 1747 502 1775 pro
525 1740 607 1768 vobis
622 1741 699 1776 apud
715 1749 766 1769 vos
781 1742 910 1771 confiteri
926 1744 955 1770 et

134 1782 173 1809 ibi
185 1782 242 1817 pati
254 1784 282 1810 et
296 1782 398 1811 exinde
419 1783 455 1811 ad
475 1784 632 1813 Dominum
646 1786 802 1821 proﬁcisci,
815 1787 952 1815 orationi-

136 1826 190 1854 bus
204 1826 350 1855 continuis
366 1828 512 1864 deprecer,
537 1831 566 1857 et
579 1829 655 1857 votis
668 1830 806 1859 omnibus
821 1834 953 1867 exoptem

134 1873 163 1899 et
175 1871 306 1899 debeam.
324 1872 531 1907 Exspectamus
545 1881 613 1909 ergo
627 1874 674 1902 hic
684 1874 713 1901 in
727 1882 844 1903 secessu
855 1876 954 1904 abdito

134 1916 284 1943 constituti
300 1917 456 1944 adventum
482 1918 666 1953 proconsulis
687 1919 890 1956 Carthaginem
907 1928 954 1948 re-

133 1959 262 1994 deuntis,
284 1961 413 1989 audituri
438 1962 475 1989 ab
498 1970 541 1996 eo,
568 1962 638 1998 quid
661 1963 851 2000 imperatores
865 1973 955 2000 super

133 2004 364 2033 Christianorum
390 2006 531 2034 laicorum
556 2009 585 2034 et
607 2007 810 2044 episcoporum
835 2010 953 2038 nomine

135 2049 349 2084 mandaverint,
363 2051 391 2078 et
413 2050 520 2079 dicturi
542 2052 618 2087 quod
643 2052 680 2080 ad
697 2052 797 2080 horam
812 2053 952 2082 Dominus

132 2092 202 2121 dicit
216 2093 350 2122 voluerit.
370 2105 380 2119 ι
408 2096 554 2124 Hactenus
578 2096 750 2133 Cyprianus,
772 2098 823 2134 qui
838 2101 867 2126 et
882 2107 952 2127 suos

132 2137 242 2166 hortari
254 2141 437 2174 postremum
447 2148 503 2168 non
514 2141 636 2176 destitit,
647 2144 787 2170 uteorum
795 2151 950 2179 memores,

134 2190 198 2218 quae
212 2191 288 2220 saepe
301 2183 337 2211 ab
353 2184 416 2220 ipso
432 2185 595 2218 audierant,
612 2186 739 2222 quietem
764 2189 792 2215 et
807 2188 951 2224 tranquil-

128 2226 240 2255 litatem
262 2230 405 2262 tenerent,
430 2232 621 2266 caverentque
649 2238 685 2258 ne
714 2231 761 2259 cui
786 2232 950 2268 periculum

1008 1663 1176 1699 proconsul,
1192 1671 1225 1690 ac
1238 1670 1268 1690 se
1283 1662 1458 1691 valetudinis
1479 1671 1568 1691 causa
1582 1662 1612 1690 in
1627 1663 1829 1691 suburbanum

1008 1707 1193 1744 Carthaginis
1207 1707 1340 1742 contulit,
1358 1715 1445 1743 quem
1462 1707 1558 1735 locum
1569 1707 1688 1735 Sextum
1700 1708 1829 1744 appella-

1008 1752 1089 1780 bant.
1105 1752 1163 1779 Nec
1179 1752 1296 1788 segnior
1310 1752 1472 1788 Cyprianus
1487 1760 1502 1779 e
1518 1751 1638 1779 latebris
1654 1752 1716 1780 suis
1726 1752 1755 1779 in
1768 1753 1832 1780 bor-

1008 1799 1054 1826 tos
1070 1796 1174 1825 rediit:
1194 1808 1207 1822 ‹‹
1224 1796 1440 1825 Conveniebaut
1456 1796 1585 1831 interim,
1601 1796 1698 1833 inquit
1710 1796 1830 1825 Pontius

1009 1841 1050 1878 (in
1066 1841 1127 1870 Vita
1150 1841 1245 1878 Cypr.,
1270 1850 1290 1869 ιι
1315 1842 1370 1877 14),
1386 1841 1485 1877 plures
1506 1841 1614 1878 egregii
1630 1844 1658 1869 et
1673 1841 1829 1870 clarissimi

1008 1886 1120 1914 ordinis
1131 1888 1159 1914 et
1171 1885 1334 1922 sanguinis,
1347 1886 1397 1914 sed
1413 1888 1442 1913 et
1462 1885 1560 1914 saeculi
1581 1885 1732 1914 nobilitate
1747 1895 1830 1922 gene-

1008 1931 1078 1964 rosi,
1094 1931 1144 1967 qui
1161 1933 1279 1967 propter
1304 1930 1462 1959 amicitiam
1486 1931 1550 1965 ejus
1565 1931 1717 1966 antiquam
1733 1940 1828 1959 seces-

1008 1984 1075 2004 sum
1092 1975 1218 2003 subinde
1233 1976 1409 2008 suaderent;
1427 1977 1456 2003 et
1470 1983 1506 2002 ne
1530 1984 1634 2012 parum
1660 1977 1737 2003 esset
1753 1977 1831 2003 nuda

1008 2020 1139 2054 suadela.
1156 2020 1243 2048 etiam
1262 2019 1335 2055 loca,
1351 2020 1381 2047 in
1396 2028 1460 2056 quzs
1485 2020 1642 2054 secederet,
1658 2020 1828 2049 offerebant.

1007 2064 1059 2093 Ille
1074 2073 1139 2093 vero
1150 2065 1214 2101 jam
1230 2065 1386 2098 mundum,
1399 2072 1544 2100 suspensa
1555 2065 1591 2092 ad
1603 2064 1708 2092 cmlum
1721 2067 1827 2093 mente.

1005 2110 1183 2146 neglexerat,
1198 2118 1252 2137 nec
1267 2108 1395 2137 suadelis
1409 2108 1630 2138 blandientibus
1641 2110 1798 2138 annuebat.
1815 2122 1828 2134 η

1005 2157 1084 2182 Inter
1099 2154 1170 2189 haec,
1196 2163 1262 2182 eum
1288 2154 1329 2182 nil
1349 2154 1413 2189 jam
1437 2154 1529 2185 aliud.
1555 2162 1643 2189 quam
1658 2157 1826 2190 exoptatum

1005 2198 1069 2226 vita
1094 2199 1182 2227 finem
1209 2199 1360 2235 cogitaret,
1385 2201 1413 2226 et
1435 2198 1577 2234 religandi
1594 2201 1711 2235 tempus
1725 2200 1828 2227 adesse

1005 2244 1154 2279 gauderet,
1171 2245 1204 2271 ut
1218 2243 1292 2271 liber
1306 2244 1366 2280 jam
1388 2252 1421 2271 ac
1445 2243 1548 2271 beatus
1571 2243 1715 2272 caelestem
1731 2244 1760 2271 in
1777 2252 1826 2280 pa-

129 2275 259 2325 ςΐθθῇθῐιῑ
271 2281 370 2325 ille“.
385 2274 531 2310 (ιυίβρίδω
557 2275 593 2302 αδ
617 2275 746 2304 tribunal
766 2277 949 2306 ethnicorum
965 2281 989 2313 D
1005 2274 1521 2324 triamper'veniretwltepenle,utin
1531 2287 1603 2315 actis
1614 2288 1678 2324 ejus
1689 2274 1826 2325 legimus,

129 2324 160 2345 se
173 2317 249 2345 ultro
259 2318 385 2346 offerret.

165 2371 213 2399 IlI.
237 2373 275 2399 At
296 2379 363 2399 vero
392 2371 478 2401 Uticae
506 2373 672 2411 proconsul,
697 2382 764 2403 cum
790 2376 951 2412 Cyprianus

133 2423 192 2442 non
210 2415 400 2454 inveniretur,
418 2417 474 2444 sud
491 2417 540 2445 diu
557 2426 674 2447 secures
689 2420 796 2448 otiosas
810 2428 874 2448 esse
885 2429 952 2456 pas-

129 2467 181 2488 sus
198 2462 251 2488 est.
266 2460 356 2489 Erant
370 2460 459 2490 Utica:
473 2461 502 2490 in
518 2462 642 2491 vinculis
657 2463 813 2493 Christiani
829 2473 951 2494 numero

127 2504 266 2538 trecenti,
291 2505 420 2533 indidem
447 2506 532 2535 multi
558 2509 609 2535 aut
633 2516 667 2536 ex
690 2508 793 2537 vicinis
816 2509 950 2546 urbibus,

130 2549 216 2577 multi
231 2550 318 2577 etiam
339 2550 603 2586 Carthagineuses;
628 2561 696 2580 nam
712 2561 761 2581 eos
777 2553 951 2583 Prudentius

131 2593 268 2630 Cypriani
285 2594 446 2630 discipulos
471 2595 597 2631 appellat
620 2596 745 2632 (Perist,,
772 2600 874 2634 Hymn.
890 2608 951 2633 xm,

126 2646 154 2665 v.
171 2639 227 2673 88).
244 2639 284 2667 Ex
311 2641 434 2675 utroque
457 2648 526 2668 sexu
552 2643 580 2668 et
606 2649 639 2669 ex
654 2642 733 2669 omni
752 2645 834 2671 estate
849 2643 950 2678 fuisse,

126 2681 253 2718 legimus
269 2683 298 2711 in
311 2684 399 2712 veteri
416 2692 559 2718 sermone,
577 2686 626 2721 qui
643 2685 693 2714 diu
709 2687 865 2722 Augustini
877 2696 948 2723 pras-

126 2726 197 2754 tulit
213 2734 330 2755 nomen.
354 2729 455 2757 1415
481 2729 568 2757 Porro
591 2732 692 2758 auctor
710 2731 787 2758 idem
803 2733 832 2759 et
846 2732 949 2760 mortis

129 2778 226 2808 genus
257 2771 413 2800 describit:
442 2773 504 2801 Non
529 2782 627 2808 senex,
652 2775 749 2811 inquit
769 2775 872 2811 (Serm.
887 2777 950 2813 317,

130 2815 160 2844 in
176 2815 298 2852 Append.
314 2815 366 2852 0p.
381 2816 467 2854 Aug.)
485 2829 498 2843 ››
514 2818 599 2847 annis
612 2819 674 2855 jam
690 2819 876 2856 vergentibus
892 2821 948 2850 fra-

1006 2332 1106 2360 ldibus
1122 2332 1302 2369 Septembris
1318 2333 1413 2361 Tusco
1433 2335 1462 2360 et
1480 2332 1571 2360 Basso
1594 2340 1670 2360 coss.
1687 2335 1828 2361 venerunt

1005 2376 1040 2404 ad
1057 2384 1122 2404 eum
1140 2377 1287 2413 principes
1300 2377 1369 2409 duo,
1393 2384 1471 2404 unus
1495 2378 1604 2404 strator
1618 2376 1705 2405 ofﬁcii
1721 2377 1827 2405 Galerii

1006 2420 1124 2449 Maximi
1138 2420 1331 2458 proconsulis,
1347 2423 1376 2449 et
1386 2420 1462 2448 alius
1473 2421 1649 2457 equistrator
1658 2429 1675 2448 a
1686 2422 1826 2449 custodiis

1005 2466 1137 2501 ejusdem
1148 2465 1317 2502 officii:qui
1336 2466 1365 2494 et
1383 2465 1413 2493 in
1433 2464 1612 2493 curriculum
1632 2473 1700 2494 eum
1715 2466 1825 2494 levave-

1005 2513 1084 2543 runt,
1098 2510 1126 2538 in
1149 2510 1303 2546 medioque
1322 2512 1495 2546 posuerunt,
1516 2511 1544 2538 et
1559 2510 1589 2538 in
1599 2511 1675 2538 Sexti
1687 2511 1827 2547 perduxe-

1006 2557 1084 2583 runt.
1102 2567 1116 2580 »
1132 2555 1189 2583 Nec
1204 2558 1301 2583 tamen
1319 2563 1351 2583 eo
1368 2555 1414 2582 die
1424 2555 1581 2590 proconsul
1592 2555 1767 2591 Cyprianum
1779 2564 1826 2584 co-

1005 2608 1068 2627 ram
1082 2600 1202 2636 produci
1226 2599 1328 2633 voluit,
1354 2599 1403 2627 sed
1420 2600 1449 2627 in
1474 2600 1634 2627 crastinum
1650 2600 1758 2636 rejecit,
1776 2602 1825 2637 qui

1005 2645 1061 2673 diei
1072 2645 1151 2672 illius
1163 2644 1381 2672 anniversarias
1392 2646 1464 2678 erat,
1478 2652 1536 2680 quo
1547 2644 1656 2673 Curubi
1669 2652 1720 2681 per
1728 2646 1823 2673 visum

1004 2690 1040 2718 de
1064 2689 1202 2725 martyrio
1227 2697 1280 2717 suo
1304 2691 1384 2717 certa
1406 2689 1622 2725 signiﬁcatione
1641 2693 1823 2726 cognoverat.

1003 2734 1152 2762 Deductus
1174 2736 1272 2761 autem
1297 2735 1343 2761 est
1366 2733 1401 2761 ad
1427 2734 1584 2762 Stratorem
1610 2734 1639 2761 in
1661 2734 1824 2770 proximum

1003 2778 1112 2812 vicum,
1139 2778 1188 2814 qui
1213 2778 1332 2806 Saturni
1356 2778 1516 2812 dicebatur,
1540 2778 1616 2806 inter
1634 2790 1647 2803 (ι
1664 2781 1828 2806 Veneream

1007 2822 1112 2851 1476
1126 2824 1154 2851 et
1169 2822 1360 2859 Salutariam,
1377 2834 1390 2848 »
1408 2831 1481 2858 quas
1495 2822 1621 2851 celebres
1637 2824 1702 2859 ejus
1718 2825 1833 2851 tractus
