4112 6174
547 354 700 415 1535

542 486 664 540 vias
697 485 876 540 fuisse
906 485 1276 554 crediderim,
1297 490 1355 544 et
1381 488 1535 561 apud
1559 503 1694 545 eum
1718 488 2052 562 hospitatus
2071 493 2179 545 est.
2212 490 2267 558 Α

547 574 678 631 Haec
725 579 790 630 ut
835 574 1126 648 Cartagini
1175 575 1405 650 vulgata
1445 578 1759 634 Christiani
1791 579 2090 648 rescivere,
2121 596 2187 634 eo

545 679 724 736 prope
756 681 983 732 omnes,
1011 665 1070 720 in
1112 667 1368 737 parentis
1417 667 1636 739 publici
1667 667 2002 724 discrimine
2033 667 2187 723 anxii

544 752 913 825 sollicitique,
947 754 1326 810 convolarunt
1353 773 1365 812 :
1417 772 1669 827 quorum
1713 757 1773 812 in
1804 773 1869 812 eo
1899 758 2023 811 vico
2055 763 2189 811 ante

545 842 820 898 stratoris
850 843 1003 898 aedes
1032 847 1196 899 tanta
1226 849 1350 900 erat
1394 846 1737 917 frequentia,
1771 851 1836 901 ut
1865 846 2188 918 Cyprianus

544 929 788 1004 puellas,
821 947 949 1003 quae
981 931 1160 988 simul
1193 934 1567 1002 advenerant,
1602 951 1704 1006 pro
1737 935 1958 990 foribus
1990 951 2190 1006 perno-

547 1023 772 1076 ctantes
802 1037 835 1075 a
865 1021 1036 1076 certis
1068 1021 1206 1077 viris
1251 1022 1530 1078 custodiri
1566 1023 1919 1095 praeceperit.
1956 1023 2188 1079 Postero

547 1109 661 1175 die,
679 1126 790 1180 quo
805 1109 1072 1166 Galerius
1093 1112 1649 1168 commentarienses
1672 1129 1810 1169 suos
1827 1117 1884 1168 et
1901 1112 2185 1185 reliquam

552 1197 952 1270 apparitorum
980 1197 1368 1271 lictorumque
1391 1202 1622 1256 turbam
1641 1202 1713 1257 ad
1735 1202 1965 1257 Sextum
1985 1203 2190 1256 adesse

541 1288 824 1359 jusserat,
873 1289 1193 1360 Cyprianus
1226 1290 1463 1344 demum
1496 1307 1688 1345 coram
1721 1307 1786 1346 eo
1817 1290 2046 1345 oblatus
2077 1295 2187 1346 est.

553 1377 799 1431 Sedebat
829 1377 1138 1447 proconsul
1171 1394 1274 1450 pro
1323 1379 1600 1433 tribunali
1635 1379 1693 1434 in
1724 1379 1872 1434 atrio
1900 1379 2187 1446 Sauciolo,

553 1463 638 1520 sic
669 1463 824 1520 enim
858 1483 890 1518 a
918 1466 1172 1520 sontium
1201 1466 1488 1537 supplicio
1519 1467 1890 1538 appellabant
1911 1468 1990 1539 (V.
2015 1472 2187 1523 Cone.

551 1553 777 1608 Matisc.
809 1571 886 1621 xi,
919 1570 974 1611 c.
1018 1555 1104 1626 19)
1135 1573 1147 1622 ;
1182 1555 1374 1610 stabat
1404 1573 1434 1610 e
1466 1559 1696 1628 regione
1743 1557 2087 1628 Cyprianus,
2129 1556 2188 1612 in

549 1659 725 1716 quem
757 1645 1022 1700 omnium
1054 1663 1156 1700 ora
1185 1662 1463 1702 conversa
1499 1651 1683 1702 erant.
1719 1647 2025 1702 Enimvero
2056 1663 2188 1718 pro-

546 1732 772 1802 consul,
823 1735 1100 1804 conjectis
1149 1735 1207 1788 in
1259 1751 1392 1790 eum
1435 1735 1658 1790 oculis:
1691 1759 1718 1785 ‹‹
1751 1741 1827 1790 Tu
1859 1753 1942 1804 es,
1976 1735 2185 1806 inquit,

541 1822 830 1918 Tha-scius
859 1822 1184 1894 Cyprianus
1207 1823 1235 1878 ?
1269 1846 1296 1873 »
1324 1824 1562 1918 (In—lict.
1598 1826 1834 1918 Procul.
1871 1842 1928 1880 n.
1962 1826 2080 1918 3_et
2109 1825 2187 1897 4.)
2221 1853 2264 1918 Β

545 1909 710 1966 Unde
743 1927 947 1982 nempe
976 1928 1107 1967 cum
1142 1927 1171 1966 e
1200 1917 1374 1984 gente
1401 1912 1649 1969 Thascia
1682 1913 1863 1970 fuisse
1893 1915 2181 1970 novimus.

547 1999 650 2055 Cui
681 1999 1005 2072 Cyprianus
1035 2017 1167 2056 cum
1202 2003 1638 2074 respondisset:
1665 2026 1692 2052 «
1719 2005 1832 2075 Ego
1855 2020 2012 2071 sum,
2034 2025 2062 2054 »
2092 2003 2188 2058 ille

547 2089 808 2144 addidit:
843 2111 871 2140 ‹‹
900 2090 985 2145 Tu
1021 2107 1228 2162 papam
1271 2095 1328 2145 te
1361 2091 1654 2164 sacrilegas
1689 2092 1901 2147 mentis
1933 2091 2187 2147 homini-

547 2177 658 2233 bus
718 2177 1065 2249 praebuisti?
1113 2200 1143 2229 »
1204 2179 1287 2234 Ad
1352 2181 1471 2236 haec
1531 2198 1766 2238 rursum
1823 2181 2183 2254 Cyprianus:

547 2288 575 2316 «
610 2265 744 2339 Ego,
773 2288 802 2318 »
836 2268 1048 2339 inquit.
1079 2270 1154 2324 At
1183 2269 1495 2340 proconsul
1526 2270 1777 2339 adjecit:
1814 2291 1842 2319 «
1872 2270 2190 2326 Jusserunt

539 2358 602 2411 te
630 2356 1017 2412 sacratissimi
1050 2357 1432 2429 imperatores
1463 2359 1882 2414 cmremoniari.
1907 2380 1936 2409 ››
1960 2359 2189 2431 Cypria-

545 2459 686 2500 nus:
713 2469 733 2492 ι
754 2449 986 2513 Contra,
1007 2461 1122 2500 non
1146 2446 1314 2501 facio.
1341 2469 1368 2494 ››
1398 2446 1498 2503 Ille
1519 2464 1650 2504 vero
1675 2463 1688 2503 :
1710 2471 1736 2498 «
1758 2447 2006 2504 Consule
2022 2447 2186 2515 tibi,»

545 2533 648 2588 ait.
671 2533 776 2588 Cui
798 2532 1122 2606 Cyprianus
1144 2551 1162 2588 :
1187 2555 1216 2584 α
1239 2535 1349 2591 Fac
1371 2537 1526 2606 quod
1553 2536 1658 2592 tibi
1690 2541 2044 2609 praceptum
2077 2541 2187 2603 est,

546 2621 606 2676 in
638 2637 700 2676 re
728 2625 850 2678 tam
875 2623 1040 2694 justa
1077 2622 1241 2680 nulla
1261 2628 1369 2694 est,
1403 2624 1774 2681 consultatio.
1813 2648 1840 2675 »
1871 2627 2019 2682 Tum
2054 2642 2187 2698 pro-

546 2709 774 2766 consul.
808 2712 879 2766 de
909 2725 1070 2768 more
1094 2729 1420 2770 assessores
1441 2731 1580 2770 suos
1601 2715 1661 2770 in
1683 2715 1995 2772 consilium
2018 2716 2185 2771 adhi-

546 2798 694 2868 buit,
717 2803 774 2856 et
795 2816 927 2855 cum
954 2801 1024 2856 de
1046 2802 1420 2858 damnatione
1441 2802 1710 2875 Cypriani
1746 2805 1898 2860 inter
1924 2821 2024 2860 eos
2049 2821 2185 2861 con-

543 2889 820 2958 venisset,
855 2905 988 2945 mox
1033 2889 1210 2960 idem,
1256 2899 1568 2964 antequam
1619 2895 1968 2950 sententiam
2003 2911 2071 2949 ex
2100 2901 2186 2950 ta-

543 2976 698 3033 bella
736 2978 1025 3049 recitaret,
1074 2979 1470 3051 prmfationem
1525 2981 1669 3037 dixit
1715 2983 2026 3054 ejusmodi,
2060 2999 2186 3055 quin

546 3072 831 3138 quantum
883 3068 1308 3124 contumeliosa
1353 3074 1496 3135 erat,
1546 3075 1774 3128 tantum
1827 3071 2185 3128 sanctissimi

546 3155 804 3228 episcopi
831 3161 1141 3229 perpetuos
1170 3157 1398 3214 labores
1434 3164 1491 3214 et
1518 3166 1881 3218 constantem
1913 3162 2185 3219 virtutem

549 3243 881 3301 extollebat.
916 3267 947 3294 ‹‹
981 3245 1110 3310 Diu,
1134 3246 1345 3317 inquit,
1370 3247 1654 3321 sacrilega
1674 3254 1870 3306 mente
1898 3250 2113 3318 vixisti,
2135 3257 2192 3308 et

554 3332 842 3406 plurimos
872 3333 1104 3390 nefarias
1154 3334 1260 3392 tibi
1303 3337 1754 3408 conspirationis
1797 3339 2065 3397 homines
2096 3358 2196 3414 ag-

556 3423 830 3496 gregasti.
865 3427 922 3478 et
949 3422 1256 3480 inimicum
1290 3430 1345 3480 te
1375 3425 1490 3480 diis
1523 3427 1797 3484 Romanis
1827 3434 1881 3483 et
1910 3431 2092 3485 sacris
2123 3430 2200 3485 le-

555 3511 726 3584 gibus
757 3512 1136 3580 constituisti,
1171 3529 1273 3568 nec
1324 3519 1378 3568 te
1427 3514 1505 3586 pii
1536 3520 1592 3571 et
1622 3517 2006 3573 sacratissimi
2039 3519 2196 3590 prin-

555 3601 714 3673 cipes
760 3600 1103 3658 Valerianus
1125 3609 1180 3656 et
1202 3601 1500 3659 Gallienus
1512 3605 1775 3676 Augusti,
1791 3605 2198 3664 etValerianus

553 3691 744 3748 Casar
777 3691 846 3745 ad
879 3694 1097 3746 sectam
1130 3693 1608 3748 caeremoniarum
1659 3711 1899 3751 suarum
1933 3714 2200 3754 revocare

556 3783 894 3852 potuerunt.
929 3780 997 3834 Et
1028 3780 1158 3835 ideo
1185 3797 1315 3835 cum
1347 3781 1431 3837 sis
1477 3783 1972 3854 nequissimorum
2005 3787 2200 3844 crimi-

559 3885 701 3924 num
723 3873 928 3924 auctor
947 3873 1004 3923 et
1025 3867 1270 3941 signifer
1292 3869 1714 3942 deprehensus,
1737 3874 1852 3931 eris
1880 3875 2001 3946 ipse
2023 3878 2198 3934 docu-

558 3961 754 4014 mento
806 3957 921 4030 his,
973 3974 1122 4030 quos
1171 3957 1388 4015 scelere
1437 3963 1538 4016 tuo
1585 3966 1779 4019 tecum
1830 3969 2200 4040 aggregasti:

564 4046 851 4120 sanguine
898 4051 998 4104 tuo
1048 4048 1344 4104 sancietur
1390 4048 1721 4122 disciplina.
1768 4074 1796 4104 ››
1846 4060 2038 4127 Atque
2083 4058 2204 4116 haec

563 4137 861 4209 praefatus,
895 4137 1192 4193 decretum
1225 4137 1307 4194 sic
1357 4140 1796 4210 pronuntiavit:
1835 4166 1854 4192 α
1887 4144 2203 4204 Thascium

565 4226 918 4299 Cyprianum
971 4225 1168 4297 gladio
1217 4225 1600 4284 animadverti
1647 4229 1852 4302 placet.
1906 4253 1933 4285 ιι
1988 4235 2205 4294 Ultima

563 4331 697 4372 vero
727 4315 1000 4388 Cypriani
1031 4331 1139 4370 vox
1175 4314 1280 4371 luit
1309 4333 1322 4372 :
1358 4338 1385 4366 ‹‹
1423 4321 1534 4373 Deo
1563 4320 1802 4392 gratias.
1837 4344 1864 4373 ››

631 4405 700 4459 ν.
729 4405 828 4460 Hic
851 4409 973 4460 tota
995 4402 1457 4460 Christianorum
1492 4407 1806 4466 multitudo
1837 4412 2090 4484 graviter
2116 4414 2206 4473 in-

563 4493 807 4566 gemuit,
841 4491 1141 4564 auditique
1171 4493 1270 4565 qui
1302 4493 1596 4550 dicerent:
1633 4519 1661 4547 «
1692 4498 1758 4554 Et
1788 4517 1893 4556 nos
1924 4518 2058 4558 cum
2079 4503 2207 4574 ipso

565 4581 937 4638 decollemur.
973 4603 1001 4631 »
1033 4585 1106 4637 Ut
1137 4587 1329 4637 autem
1364 4583 1688 4656 Cyprianus
1731 4587 1871 4644 foris
1903 4592 1972 4646 ad
2005 4598 2206 4664 paten-
2239 4591 2286 4658 D

565 4675 684 4728 tem
715 4686 909 4726 aream
942 4669 1074 4726 duci
1105 4672 1298 4744 coepit,
1333 4689 1546 4745 magno
1565 4691 1698 4730 eum
1722 4678 1980 4734 tumultu
2003 4697 2207 4738 omnes

568 4759 857 4835 prosecuti
907 4763 1067 4833 sunt,
1113 4765 1176 4816 ut
1213 4762 1434 4818 exitum
1485 4764 1751 4822 cominus
1784 4774 2045 4839 spectare
2074 4789 2206 4843 pos-

568 4858 736 4921 sent;
761 4856 822 4908 at
841 4850 996 4909 latus
1017 4854 1146 4924 ejus
1182 4855 1552 4912 centuriones
1587 4860 1644 4910 et
1670 4858 1891 4914 tribuni
1914 4862 2206 4933 tegebant,

568 4946 625 4997 et
667 4941 920 4996 militum
972 4957 1188 4996 corona
1237 4942 1493 5015 stipabat
1539 4945 1825 5016 (Pontius,
1874 4949 1989 5005 Vita
2020 4949 2207 5023 Cypr.,

565 5049 621 5088 ιι.
650 5031 760 5093 18).
785 5030 1056 5086 Nondum
1082 5031 1152 5085 ad
1178 5032 1442 5104 martyrii
1476 5032 1668 5090 locum
1706 5041 1942 5093 ventum
1980 5045 2122 5109 erat,
2155 5045 2212 5096 et

565 5119 736 5176 multi
773 5121 900 5190 jam
949 5117 1010 5173 in
1058 5119 1295 5173 arbores
1344 5122 1751 5189 ascenderant,
1803 5130 2009 5180 caetera
2037 5129 2212 5184 turba

566 5211 718 5266 circa
751 5223 942 5264 aream
997 5207 1250 5263 astabat.
1297 5208 1446 5263 Tum
1498 5210 1821 5282 Cyprianus
1864 5214 1922 5269 in
1956 5216 2210 5272 mediam

565 5313 911 5372 progressus
957 5295 1094 5367 (Act.
1145 5297 1386 5365 Procos.,
1429 5315 1486 5353 n.
1534 5300 1615 5371 5),
1664 5301 1876 5372 rufam,
1905 5319 2081 5375 quam
2113 5321 2210 5377 ge-

567 5388 749 5455 rebat,
773 5386 1066 5442 lacernam
1096 5386 1385 5458 deposuit,
1430 5404 1495 5442 ac
1534 5388 1696 5444 flexis
1736 5391 2007 5462 genibus,
2039 5398 2096 5448 et
2127 5411 2214 5450 ca-

567 5477 684 5551 pite
738 5473 1039 5543 inclinato,
1087 5493 1286 5549 preces
1339 5481 1450 5532 Deo
1500 5479 1713 5534 tacitus
1762 5479 1929 5536 fudit.
1981 5482 2110 5538 Mox
2158 5487 2214 5540 et

569 5564 948 5624 dalmaticam
973 5565 1150 5636 exuit,
1175 5583 1241 5622 ac
1263 5566 1524 5623 diaconis
1549 5568 1806 5640 tradidit,
1833 5570 1956 5643 ipse
1978 5571 2036 5627 in
2057 5572 2213 5629 linea

1834 354 2229 419 MORCELLI
2276 345 2376 417 AN
2387 357 2664 420 NALES.

3694 366 3804 430 1536

2295 493 2457 546 veste
2477 489 2890 561 spiculatorem
2914 486 3246 561 opperiens:
3277 487 3366 560 qui
3385 492 3444 546 ut
3461 491 3691 566 adfuit,ad
3705 511 3804 556 suos

2297 594 2614 634 conversus
2637 578 2957 652 Cyprianus
2979 578 3125 633 147
3142 579 3177 632 τ
3205 593 3394 633 aureos
3411 577 3484 634 illi
3503 581 3670 654 viginti
3686 587 3807 656 quin.

2297 681 2413 738 que
2459 667 2584 722 dari
2624 667 2849 737 jussit:
2895 667 3140 737 jamque
3179 665 3316 720 vitta
3357 665 3458 721 sibi
3499 668 3660 726 oculos
3691 675 3804 741 texit,

2297 770 2476 825 quam
2511 755 2768 828 obligare
2803 756 2927 827 ipse
2958 771 3091 810 cum
3130 769 3239 809 non
3263 759 3459 824 posset,
3481 756 3696 814 lulianus
3719 778 3806 831 pra-

2297 844 2495 915 sbyter
2531 850 2589 900 et
2630 844 2902 899 Julianus
2953 843 3372 916 hypodiaconus
3415 860 3567 899 manu
3604 846 3692 917 ipsi
3712 865 3807 904 cou-

2298 938 2684 1004 strinxerunt,
2713 933 3178 1005 supponentibus
3205 931 3412 987 interea
3429 932 3542 987 aliis
3557 932 3810 992 linteamina

2297 1025 2354 1076 et
2385 1022 2644 1088 sudaria,
2695 1023 2911 1094 quibus
2962 1019 3232 1092 martyris
3276 1035 3516 1076 cruorem
3552 1023 3807 1093 exciperent.

2299 1110 2384 1166 lta
2415 1127 2645 1166 sacrum
2679 1111 2822 1166 illud
2855 1115 3032 1181 caput
3053 1112 3406 1180 amputatum
3430 1114 3524 1174 est,
3545 1112 3670 1181 quod
3687 1112 3813 1169 Eccle-

2299 1200 2400 1254 siae
2431 1199 2911 1272 Carthaginensis
2958 1199 3277 1254 maximum
3323 1198 3486 1252 decus
3527 1203 3576 1254 et
3599 1216 3811 1256 summum

2300 1289 2636 1360 praesidium
2669 1290 2876 1344 fuerat.
2897 1288 3090 1343 Jacuit
3113 1288 3169 1342 in
3191 1285 3413 1358 publico
3433 1286 3655 1342 exanime
3667 1304 3814 1360 corpus

2299 1377 2370 1431 ad
2398 1383 2626 1433 noctem
2652 1393 2861 1448 usque,
2887 1376 3140 1432 ethnicis
3163 1375 3305 1447 ipsis
3325 1375 3390 1430 ad
3410 1374 3816 1446 'contemplandum

2301 1465 2561 1536 undique
2592 1466 3043 1522 confluentibus.
3077 1465 3217 1520 Inde
3247 1479 3344 1536 per
3371 1469 3572 1518 noctem
3601 1463 3816 1518 sublatum

2298 1553 2614 1610 Christiani
2645 1570 2862 1626 magna
2898 1570 3112 1626 pompa
3157 1551 3217 1608 in
3263 1551 3524 1623 triumphi
3550 1568 3819 1621 morem,oe-

2299 1642 2412 1697 reis
2443 1647 2500 1698 et
2545 1643 2770 1698 facibus
2818 1642 3290 1715 praelucentibus,
3339 1642 3404 1695 ad
3452 1657 3595 1696 areas
3629 1640 3816 1695 Macrobii

2297 1729 2643 1788 Gandidiani
2676 1730 3066 1804 procuratoris
3097 1730 3475 1794 deduxerunt,
3512 1745 3617 1799 qua
3641 1734 3763 1784 erant
3782 1727 3819 1780 in

2295 1824 2387 1878 via
2419 1820 2800 1892 Mappaliensi
2829 1822 2996 1890 juxta
3045 1817 3322 1890 piscinas.
3366 1818 3426 1872 In
3461 1832 3521 1872 eo
3553 1816 3719 1870 deinde
3739 1815 3820 1869 loco

2295 1911 2547 1984 insignis
2571 1909 2777 1966 honori
2799 1911 2927 1980 ejus
2948 1909 3102 1964 aedes
3133 1908 3289 1962 dicta
3319 1912 3440 1972 est;
3473 1921 3566 1961 nec
3590 1905 3742 1959 minus
3761 1920 3821 1958 ca-

2294 2001 2475 2057 lebris
2496 1999 2609 2056 alia
2629 1999 2864 2055 condita
2883 1999 2954 2054 ad
2978 1998 3167 2068 ipsam
3205 2012 3416 2059 aream,
3449 1994 3538 2049 ubi
3569 1992 3820 2064 martyrium

2296 2092 2825 2153 consummaverat,
2858 2089 2930 2143 de
2977 2087 3196 2159 quibus
3229 2084 3362 2140 alibi
3401 2085 3474 2155 (in
3508 2084 3714 2154 episcop.
3736 2081 3821 2135 Car-

2296 2181 2484 2251 thag.)
2509 2196 2543 2233 a
2573 2178 2742 2234 nobis
2779 2176 3000 2232 dictum
3031 2180 3139 2232 est.
3168 2196 3197 2225 «
3228 2173 3321 2230 Sic
3350 2173 3568 2228 demum
3594 2170 3821 2242 perfectum

2297 2295 2448 2348 esse,
2479 2278 2561 2332 ait
2609 2275 2849 2332 Pontius
2898 2275 2982 2346 (in
3038 2275 3158 2330 Vita
3201 2273 3389 2345 Cypr.,
3429 2287 3483 2324 n.
3525 2269 3620 2339 19),
3647 2288 3672 2317 «
3692 2271 3740 2322 ut
3759 2265 3823 2338 Cy-

2299 2368 2539 2441 prianus
2571 2367 2631 2421 in
2679 2365 2910 2420 civitate
2956 2364 3104 2435 ipsa,
3159 2363 3220 2417 in
3252 2377 3369 2433 qua
3391 2358 3571 2416 taliter
3593 2358 3770 2419 vixerat,
3789 2361 3826 2410 et

2296 2453 2356 2510 in
2389 2471 2508 2526 qua
2553 2453 2713 2524 prior
2764 2451 2977 2507 fecerat
3023 2449 3214 2505 multa
3253 2447 3535 2521 praeclara,
3562 2444 3688 2517 prior
3707 2443 3823 2498 etiam

2298 2542 2603 2601 sacerdotii
2655 2540 2906 2596 caalestis
2951 2539 3209 2612 insignia
3254 2537 3499 2610 glorioso
3527 2550 3692 2590 cruore
3713 2533 3824 2586 deco-

2297 2639 2468 2690 rarel.
2502 2653 2530 2681 ››
2564 2631 2644 2686 De
2673 2629 2858 2703 gloria
2883 2630 3013 2698 ejus
3043 2628 3201 2700 apud
3236 2631 3492 2699 posteros
3521 2622 3637 2695 quid
3661 2637 3727 2675 me
3743 2619 3827 2673 atti-

2297 2727 2396 2778 net
2427 2721 2640 2790 dicere,
2683 2735 2816 2774 cum
2867 2717 3068 2773 orbem
3122 2717 3462 2772 universum
3500 2717 3747 2785 peragrata
3765 2708 3826 2772 sit,

2296 2826 2403 2867 nec
2425 2809 2594 2884 plaga
2613 2807 2734 2864 ulla
2753 2807 3000 2862 inveniri
3038 2807 3249 2878 possit,
3289 2805 3360 2860 ad
3383 2819 3547 2875 quam
3575 2813 3740 2855 nomen
3761 2795 3826 2866 Cy-

2298 2900 2485 2974 priani
2515 2915 2626 2954 non
2655 2895 3025 2969 pervenerit?
3053 2895 3230 2950 Juvat
3260 2898 3453 2950 tamen
3483 2909 3545 2946 ex
3561 2890 3828 2981 heptametro

2295 2987 2593 3046 Prudentii
2621 2986 2881 3042 carmine
2913 2990 3245 3056 postremos
3292 2999 3489 3038 versus
3516 2977 3686 3034 1418
3709 2977 3829 3029 ascri-

2295 3081 2452 3148 bere,
2485 3077 2584 3149 qui
2616 3091 2744 3132 eam
2776 3075 2945 3129 nobis
2986 3073 3234 3146 gloriam
3276 3070 3652 3144 perantiquam
3679 3067 3833 3132 lateque

2301 3169 2576 3224 diffusam
2631 3167 3050 3236 repraesentant
3096 3163 3326 3234 (Hymn.
3376 3175 3495 3226 xm,
3535 3175 3581 3212 v.
3621 3156 3694 3218 96,
3716 3152 3832 3209 etiam

2306 3259 2589 3314 Buonarr.
2623 3254 2910 3312 Osservaz.
2943 3253 3032 3307 sui
3061 3252 3224 3320 vari,
3253 3267 3312 3323 p.
3349 3248 3504 3319 142):

2304 3389 2472 3442 Flevit
2499 3389 2648 3438 obire
2677 3387 2853 3436 virum
2884 3388 3078 3435 maesta
3109 3383 3308 3442 Africa,
3342 3396 3448 3446 quo
3477 3374 3845 3430 docentefactaest

2305 3453 2524 3510 Cultior,
2551 3451 2765 3513 eloquio
2799 3449 2954 3512 cujus
2983 3447 3082 3496 sibi
3115 3447 3278 3513 docta
3306 3445 3569 3513 gloriatur.
3789 3497 3818 3513 4:

2309 3500 2425 3566 ita:
2450 3500 2714 3564 tumulum
2733 3500 3035 3574 lacrimans
3046 3511 3266 3567 struxit,
3286 3500 3845 3574 ci'neresqueoonsecravit.

2309 3563 2501 3628 ﬁesine
2531 3577 2659 3639 ﬂere
2689 3563 2888 3639 bonum
2919 3576 3130 3639 tantum
3162 3587 3174 3620 :
3207 3563 3362 3639 tenet
3391 3570 3474 3620 ille
3504 3563 3647 3639 regna
3669 3563 3766 3639 cali.

2308 3643 2415 3691 Nec
2445 3640 2622 3688 minus
2650 3636 2899 3686 involitat
2925 3636 3101 3693 terris,
3125 3648 3228 3684 nec
3258 3636 3327 3684 ab
3345 3634 3446 3682 hoc
3479 3628 3788 3693 reciditorbe:

2307 3690 2543 3758 Disserit,
2575 3701 2860 3762 eloquitur,
2885 3690 3094 3752 tractat,
3123 3697 3304 3757 docet,
3331 3697 3555 3762 instruit,
3582 3690 3810 3762 prophetat.

2308 3768 2415 3815 Nec
2446 3753 2620 3828 Libya;
2649 3753 2877 3828 populos
2905 3765 3120 3828 tantum.
3161 3753 3318 3828 regit,
3361 3759 3468 3828 exit
3498 3753 3847 3828 usqueﬁin‘ortaltl

2309 3828 2445 3878 Solis
2474 3831 2526 3876 et
2541 3816 2734 3888 'usque'
2755 3825 2979 3888 obitum.
3010 3821 3188 3888 Gallos
3223 3816 3423 3888 fovet,_
3444 3816 3620 3888 imbuit
3641 3816 3846 3888 Britanna.

2311 3878 2877 3956 Praesidet‘ﬂesperiaz,
2895 3886 3178 3956 Christum
3210 3886 3342 3934 serit
3372 3878 3564 3956 ultimis
3589 3878 3847 3956 ιικτιξῌεη

2310 3954 2548 4015 Denique
2561 3945 2906 4015 doctorhumi
2920 3947 3170 4015 est,_idem
3185 3945 3656 4015 quoquemartyrin
3666 3945 3848 4015 superum

2311 4009 2532 4066 Instruit
2560 4013 2644 4062 hic
2671 4013 2934 4069 homines,
2971 4011 3121 4061 illinc
3150 4009 3240 4074 pia
3270 4009 3416 4060 dena
3443 4009 3529 4057 dat
3553 4010 3773 4070 patronus.

2311 4148 2582 4222 Martyris
2598 4145 2955 4205 sanctissimi
2971 4144 3257 4217 reliquias
3275 4143 3520 4200 servavit
3533 4140 3698 4198 Africa
3712 4135 3764 4193 ad
3783 4147 3850 4222 au-

2314 4220 2614 4304 ωιτη-806,
2645 4253 2762 4310 quo
2792 4251 2891 4292 eas
2919 4234 3094 4308 legati
3135 4235 3282 4306 imp.
3335 4231 3521 4289 Caroli
3560 4234 3684 4302 Aug.
3709 4227 3753 4282 in
3771 4220 3853 4279 Gal-

2311 4328 2424 4384 lias
2451 4325 2880 4382 transtulerunt
2921 4324 3094 4396 (Ado,
3144 4322 3203 4379 in
3244 4323 3480 4397 Martyr.
3511 4319 3598 4375 die
3625 4317 3679 4372 14
3701 4316 3812 4384 Sept.
3833 4327 3850 4358 I

2315 4418 2473 4488 etc.).

2385 4506 2480 4561 VI.
2511 4510 2556 4559 A
2589 4503 2859 4577 Cypriani
2911 4506 3097 4558 morte
3145 4501 3371 4574 quietis
3401 4514 3597 4573 parum
3631 4491 3858 4552 admodum

2318 4594 2665 4667 Carthagine
2698 4591 2826 4659 fuit,
2860 4591 3078 4664 quippe
3127 4591 3285 4646 haud
3324 4590 3510 4664 multo
3539 4593 3654 4661 post
3679 4578 3861 4640 Galerius

2317 4685 2606 4741 Maximus
2629 4680 2937 4755 proconsul
2962 4681 3115 4736 diem
3143 4680 3293 4736 obiit
3315 4675 3764 4752 supremum(AcI.
3780 4669 3860 4761 Pni-

2315 4790 2446 4836 cos..
2477 4773 2670 4844 Cypr.,
2704 4788 2762 4826 n.
2793 4771 2871 4839 5),
2903 4774 2959 4825 et
3007 4769 3128 4824 vice
3177 4771 3313 4839 ejus
3357 4771 3674 4841 procurator
3696 4761 3862 4844 Casam:

2319 4862 2480 4934 fungi
2513 4842 2688 4932 cmpit
2731 4863 2832 4927 (et.
2882 4859 3034 4914 Pass.
3088 4857 3184 4914 ss.
3238 4858 3489 4913 Montani
3530 4842 3860 4912 unciam-‘3

2319 4955 2374 5008 et
2393 4952 2468 5022 6),
2493 4950 2592 5022 qui
2616 4947 2961 5004 Christianis
2982 4947 3250 5003 infensus
3275 4947 3480 5003 omnia
3513 4957 3694 5000 rursus
3720 4943 3864 5022 terrore

2321 5019 2604 5112 implevit,
2627 5043 2685 5094 et
2712 5037 3010 5110 pepularis
3031 5052 3268 5108 quoque
3287 5034 3575 5091 tumultus
3590 5034 3769 5091 auctor,
3782 5019 3864 5076 inde

2320 5129 2784 5186 Christianorum
2809 5126 3200 5181 vexandorum
3226 5141 3444 5181 causas
3465 5120 3716 5195 quesivit.
3737 5116 3868 5180 “aqua

2321 5219 2390 5272 de
2418 5233 2754 5272 successore
2792 5214 3063 5287 Cypriani
3098 5212 3469 5285 designanda
3503 5209 3650 5266 nulla
3668 5208 3786 5260 intra
3806 5213 3867 5251 an-

2322 5324 2462 5362 num
2497 5305 2860 5371 deliberatio,
2913 5303 3234 5374 nullusque
3287 5305 3604 5358 conventus
3630 5290 3789 5352 haberi

2321 5395 2452 5451 tuit.
2473 5395 2631 5459 Quod
2657 5398 2713 5448 et
2735 5393 2931 5449 Romae
2954 5392 3078 5464 pari
3099 5391 3327 5447 ratione
3349 5389 3616 5461 contigit:
3640 5398 3752 5473 nam

2321 5485 2467 5550 loco,
2502 5483 2600 5554 qui
2635 5487 2857 5552 martyr
2886 5481 2994 5537 hoc
3027 5497 3178 5536 anno
3210 5481 3566 5541 decesserat,
3590 5490 3690 5532 non
3711 5465 3796 5525 nisi
3821 5465 3870 5516 in-

2321 5579 2552 5646 tegrum
2580 5573 2697 5628 fere
2726 5576 2855 5644 post
2883 5587 3103 5626 annum
3128 5569 3446 5642 Dionysius
3465 5563 3788 5623 renuntiatus
3801 5557 3866 5608 osi-
