4106 6190
440 270 595 331 1539

1772 273 1839 334 8.
1884 272 2149 337 PONTII
2192 276 2512 341 DIACONI

3688 298 3852 361 1540

435 401 641 458 saltem
669 401 901 496 nomine
934 400 1939 496 plurimiducendusvideatur,quod
1956 407 2082 477 ejus
2113 409 2169 475 Α
2196 413 2253 464 et
2283 410 2407 482 ipse
2436 414 2622 470 sancti
2645 418 3158 490 Augustinisermo
3173 423 3243 478 de
3258 425 3542 496 Cypriano
3562 444 3852 486 veneran-

436 496 639 546 auctor
680 492 847 546 testis
890 486 1161 559 αὐτόπτης
1192 492 1385 557 fuerit,
1436 492 1570 549 licet
1608 494 1666 549 in
1702 495 1879 551 rebus
1915 512 2082 551 enar-

431 580 634 636 randis
665 580 815 653 stylo
845 580 1093 636 fortasse
1117 581 1421 652 comptiori
1451 600 1613 650 usus,
1666 600 1842 655 quam
1879 588 1941 639 ut
1961 583 2081 640 bis-

430 669 677 726 toricum
702 669 920 727 deceat.

504 760 598 816 IV.
627 765 814 832 Atque
844 760 924 815 ita
944 757 1332 832 quidemjure
1364 765 1720 817 censuerunt
1771 762 1842 817 de
1890 760 2080 818 sancti

432 849 611 921 hujus
659 848 887 905 diaconi
940 848 1220 921 opusculo
1268 848 1375 905 viri
1416 849 1762 921 doctissimi,
1797 850 2080 906 Baronius

430 939 489 995 in
525 938 754 1012 primis,
785 938 868 995 sic
890 938 1164 1010 inquiens
1184 938 1300 1007 (15)
1333 955 1346 993 :
1382 960 1410 989 ‹‹
1439 938 1653 995 Eadem
1688 944 1817 995 acta
1846 955 1880 994 a
1909 939 2078 996 nobis

427 1028 700 1101 superius
730 1043 883 1101 sape
913 1026 1171 1095 recitata,
1195 1030 1371 1099 atque
1400 1025 1725 1083 fulciuntur
1743 1028 2077 1085 testimonio

425 1118 739 1191 Augustini
770 1118 973 1174 eadem
1004 1117 1064 1172 in
1087 1134 1197 1173 sua
1236 1116 1576 1174 tractatione
1605 1115 1664 1172 in
1697 1117 1875 1173 natali
1898 1116 1991 1173 die
2019 1118 2073 1173 S.

426 1207 696 1280 Cypriani
725 1208 1054 1279 attexentis,
1088 1223 1215 1278 quis
1258 1206 1459 1262 itidem
1516 1207 1805 1263 recensuit
1834 1207 2076 1263 Pontius

427 1297 728 1353 diaconus.
754 1296 865 1353 Sed
887 1296 995 1352 etsi
1020 1294 1183 1351 nulla
1229 1295 1301 1351 ab
1350 1294 1481 1351 aliis
1527 1301 1905 1369 suppeterent
1958 1299 2075 1352 tes-

426 1385 695 1455 timonia,
728 1386 859 1458 ipsa
887 1385 1000 1441 sibi
1022 1388 1240 1440 certam
1273 1391 1446 1455 atque
1476 1383 1765 1441 sinceram
1804 1385 1864 1441 in
1893 1383 2076 1440 omni-

428 1475 540 1530 bus
572 1491 679 1530 suo
707 1474 955 1530 candore
986 1473 1159 1528 ﬁdem
1190 1472 1507 1529 vindicant.
1561 1496 1590 1524 ››
1622 1478 1754 1531 Hec
1782 1474 2075 1531 maximus

425 1563 728 1620 annalium
758 1561 1023 1621 Ecclesia
1062 1561 1500 1636 parens.Neque
1512 1562 1679 1620 aliter
1708 1563 2075 1620 Bollandiani

422 1654 555 1725 (16).
598 1652 805 1709 1480
861 1654 936 1709 At
989 1650 1281 1725 Rigaltius
1329 1650 1440 1708 levi
1495 1653 1813 1709 admodum
1864 1653 2073 1710 funda-

422 1746 618 1799 mento
650 1759 766 1799 non
789 1739 980 1797 solum
1013 1740 1397 1798 subdubitare
1448 1741 1519 1799 de
1548 1741 1843 1797 Pontianas
1897 1742 2074 1799 histo-

421 1832 517 1887 riae
540 1833 673 1903 fide,
705 1830 808 1887 sed
834 1847 963 1886 eam
994 1830 1171 1886 etiam
1222 1829 1445 1886 elevare
1493 1830 1655 1886 visus
1695 1837 1802 1885 est.
1854 1830 2070 1888 Scribit

419 1922 574 1979 enim
625 1920 738 1993 (1'7)
797 1920 1069 1975 Pontium
1133 1919 1430 1975 rhetorica:
1490 1919 1763 1975 dictionis
1819 1921 2070 1991 gratiam

418 2011 811 2083 magis,quam
827 2007 1175 2064 narrationis
1194 2007 1486 2063 historicas
1504 2008 1868 2081 diligentiam
1890 2010 2071 2067 fuisse

417 2106 810 2157 consectatum
847 2115 859 2155 :
894 2100 1169 2171 praeterea
1197 2097 1394 2169 ipsum
1453 2098 1524 2153 de
1578 2100 1760 2170 gestis
1816 2100 2070 2156 sanctis-

417 2190 552 2247 simi
587 2189 716 2255 viri,
759 2205 883 2259 quas
938 2193 1077 2243 sunt
1134 2186 1263 2256 ejus
1320 2185 1583 2258 epistolis
1625 2187 2066 2259 comprehensa,

417 2279 564 2335 nihil
589 2278 855 2351 attigisse
889 2294 901 2333 :
938 2281 1113 2348 atque
1145 2274 1292 2330 illud
1352 2275 1641 2347 pracipue
1673 2276 1959 2348 queritur,
1994 2277 2066 2333 ab

416 2386 481 2424 eo
516 2369 696 2422 fuisse
726 2366 1038 2433 omissum,
1073 2364 1228 2435 quod
1261 2364 1331 2418 de
1381 2379 1443 2418 se
1473 2364 1600 2435 ipso
1632 2364 1835 2420 scribit
1855 2365 1913 2420 S.
1958 2368 2066 2438 Cy-

416 2457 791 2530 prianus(18)
827 2481 841 2521 ;
874 2454 1153 2509 nimirum
1212 2456 1484 2507 sanctum
1538 2457 1875 2525 martyrem,
1930 2472 2064 2512 cum

416 2546 687 2601 rescisset
699 2560 759 2599 se
775 2561 808 2598 a
822 2540 1219 2598 frumentariis
1239 2541 1478 2613 requiri,
1496 2541 1783 2614 tantisper
1798 2542 2062 2601 latuisse.

414 2635 561 2701 Quin
596 2650 661 2690 eo
678 2629 2065 2705 processitvircriticus,utistiusmodijudicium

414 2726 670 2797 proferre
701 2740 816 2777 non
858 2718 1139 2777 dubitarit
1168 2719 1315 2791 (19):
1350 2742 1380 2769 «
1413 2723 1593 2791 Hanc,
1628 2742 1656 2771 »
1685 2720 1897 2793 inquit,
1932 2744 1960 2773 «
1995 2722 2065 2778 de

412 2813 679 2886 Cypriani
711 2809 984 2883 martyrio
1030 2809 1449 2879 narrationem,
1482 2814 1549 2863 ut
1578 2813 1667 2865 est
1696 2810 2061 2879 brevissima,

414 2904 498 2959 sic
528 2903 702 2959 etiam
732 2914 861 2956 esse
892 2898 1371 2970 antiquissimam
1404 2897 1777 2954 arbitramur.
1803 2898 2065 2955 Plurima

409 2993 650 3049 Pontius
679 2991 771 3061 pio
803 3006 939 3060 erga
969 3004 1143 3043 suum
1174 2987 1514 3059 episcopum
1537 2987 2064 3056 aﬂ'ectu,rhetorica

2102 1780 2151 1848 B

2193 499 2277 553 die
2312 503 2679 574 antiquitatis
2718 508 2998 564 eximium
3054 509 3378 584 χειμήλιον.
3411 515 3709 573 Hactenus
3759 520 3849 575 vir

2191 591 2430 737 gogtu:
2450 598 2585 661 Quae
2617 596 2793 652 latius
2849 598 3047 655 videas
3078 602 3233 674 apud
3280 602 3699 664 Bollandianos
3729 609 3847 681 (22)

2233 695 2250 733 ι
2299 696 2367 737 uc
2436 723 2450 737 .

2233 695 2450 737 iuncta.

2753 828 3161 889 ARTICULUS
3187 833 3284 890 ΙΙΙ.

2187 948 2263 1003 De
2281 951 2426 1033 Artis
2447 951 2739 1033 Pontiam?
2766 954 3018 1033 historiae
3043 957 3320 1033 subiectis,
3355 968 3409 1016 et
3434 963 3572 1033 quid
3600 979 3747 1019 cura
3776 968 3841 1021 in

2256 1024 2506 1093 utrisque
2547 1024 2763 1082 edendi:
2784 1027 3103 1085 adhibitum
3143 1024 3321 1102 fuerit
3346 1050 3380 1088 a
3400 1024 3539 1090 viri:
3575 1035 3764 1092 doctis.

2255 1200 2287 1258 J
2294 1219 2387 1260 am
2419 1219 2550 1259 vero
2564 1204 2633 1260 de
2656 1205 2812 1263 Actis
2834 1206 3101 1279 illis,qua
3115 1209 3305 1267 Pontii
3317 1211 3598 1285 opusculo
3612 1216 3839 1287 passim

2186 1291 2557 1365 adtexuntur,
2591 1295 2785 1366 accipe
2811 1295 2896 1354 Cl.
2951 1294 3241 1356 Ruinartii
3282 1301 3598 1372 judicium,
3640 1304 3842 1377 inquit

2185 1379 2527 1437 Gallandius
2558 1382 2671 1453 (23)
2700 1384 2870 1456 cujus
2901 1385 3213 1444 editionem
3245 1390 3401 1463 typis
3430 1393 3836 1452 excudendam

2184 1468 2518 1526 curavimus
2548 1472 2682 1543 (24).
2715 1495 2743 1522 «
2770 1476 2903 1529 Acta
2925 1476 3217 1547 passionis
3235 1476 3294 1534 S.
3318 1480 3589 1552 Cypriani
3618 1482 3831 1539 1481

2183 1562 2357 1633 prout
2385 1576 2451 1616 ea
2499 1577 2656 1617 nunc
2700 1561 3008 1631 habemus,
3059 1566 3354 1638 duplicem
3398 1568 3587 1640 ipsius
3631 1587 3839 1631 coram

2183 1648 2530 1721 proconsule
2559 1650 2983 1708 confessionem
3032 1655 3352 1725 continent,
3401 1674 3471 1713 ex
3498 1658 3643 1730 ipsis
3672 1661 3841 1719 Actis

2185 1737 2436 1810 publicis
2464 1745 2754 1811 excerpta,
2789 1756 2916 1812 qua:
2948 1758 2982 1797 a
3011 1741 3071 1798 S.
3101 1744 3433 1816 Augustino
3479 1746 3605 1805 visa
3649 1747 3837 1805 lecta-

2179 1845 2292 1899 que
2316 1827 2495 1884 fuisse
2525 1832 2755 1884 constat
2781 1845 2851 1885 ex
2871 1831 2998 1899 ejus
3028 1847 3299 1889 sermone
3348 1834 3455 1889 309
3500 1837 3837 1893 novissima

2177 1916 2472 1983 editionis,
2505 1933 2635 1973 cum
2684 1916 2737 1972 is
2784 1918 2900 1973 fere
2954 1923 3113 1976 totus
3161 1936 3230 1977 ex
3287 1921 3498 1979 horum
3558 1927 3837 1983 Actorum

2178 2006 2370 2062 verbis
2392 2010 2695 2063 contextus
2718 2007 2810 2063 sit.
2844 2007 3057 2071 Quanti
3098 2025 3230 2065 vero
3261 2012 3551 2081 ejusmodi
3590 2016 3736 2071 Acta
3794 2034 3833 2073 a

2178 2096 2450 2151 fidelibus
2484 2096 2631 2151 facta
2664 2097 2898 2162 fuerint,
2932 2095 3072 2152 illud
3100 2107 3445 2171 argumento
3488 2108 3598 2171 est,
3650 2107 3836 2176 quod,

2178 2185 2461 2257 Cypriano
2492 2184 2664 2240 etiam
2693 2186 3027 2256 superstite,
3082 2188 3208 2258 jam
3250 2190 3451 2260 prima:
3500 2192 3627 2263 ejus
3688 2210 3835 2249 con-

2178 2274 2447 2330 fessionis
2476 2276 2617 2329 Acta
2648 2275 2705 2329 in
2729 2276 2991 2331 omnium
3023 2276 3295 2334 manibus
3330 2278 3710 2337 haberentur.
3743 2284 3830 2357 Id,

2176 2368 2381 2436 praeter
2410 2364 2702 2430 Pontium,
2742 2362 3150 2431 Nemesianus,
3192 2365 3408 2439 aliique
3440 2373 3725 2442 martyres
3765 2371 3830 2429 in

2177 2453 2410 2510 metallo
2441 2453 2765 2523 constituti,
2814 2460 3089 2510 asserunt
3142 2454 3202 2510 in
3239 2456 3504 2529 epistola,
3539 2476 3663 2531 qua
3736 2467 3831 2519 est

2175 2543 2326 2597 inter
2380 2541 2753 2615 Cyprianicas
2804 2559 2961 2598 novae
3001 2542 3274 2600 editionis
3323 2563 3530 2617 Luvu,
3574 2549 3821 2608 Pamelli

2174 2649 2360 2695 Lmu,
2387 2631 2557 2699 Quasi
2588 2631 2781 2698 bonus,
2826 2630 3124 2703 inquiunt,
3179 2637 3229 2689 et
3260 2650 3417 2690 verus
3444 2635 3652 2706 doctor,
3689 2640 3827 2711 quid

2170 2736 2268 2776 nos
2291 2721 2561 2793 discipuli
2587 2722 2761 2776 seculi
2803 2720 2956 2791 apud
2998 2721 3286 2792 prasidcm
3331 2722 3510 2780 dicere
3545 2726 3824 2797 debemus,

2168 2812 2324 2882 prior
2369 2811 2524 2882 apud
2568 2810 2696 2864 Acta
2741 2810 3085 2878 proconsulis
3145 2814 3547 2883 pronuntiasti,
3590 2824 3644 2872 et
3692 2818 3824 2873 tuba

2169 2916 2370 2955 canens
2424 2898 2525 2955 Dei
2579 2899 2783 2954 milites
2836 2899 3150 2955 civitatibus
3204 2903 3378 2957 armis
3406 2903 3709 2961 instructos
3751 2906 3824 2962 ad

2168 2989 2566 3058 congressionis
2580 2988 2841 3059 praelium
2871 2989 3145 3044 excitasli.
3181 2987 3311 3045 Haec
3332 3006 3503 3062 porro
3534 2993 3698 3049 Actis
3747 2994 3821 3053 iis

408 3081 674 3137 libertate
698 3078 999 3151 ingeniose
1030 3079 1521 3131 commentusest.
1548 3076 1732 3131 Multa
1762 3078 1934 3132 etiam
1961 3075 2061 3133 alii
2096 3154 2122 3157 Δί
2171 3079 2483 3150 adjunctis,
2528 3093 2654 3148 quas
2714 3076 2771 3132 in
2836 3080 3097 3133 extrema
3161 3079 3545 3146 confessione,
3577 3086 3634 3138 et
3690 3084 3821 3157 ipsa

405 3187 508 3241 pro
540 3173 711 3241 captu
740 3167 989 3239 quisque
1020 3181 1126 3220 suo
1176 3164 1513 3235 adjecerunt
1568 3164 1759 3219 aliena
1814 3167 2046 3235 saeculo,
2081 3154 2124 3220 C
2160 3173 2348 3221 morte
2376 3166 2762 3237 contigerant,
2784 3164 2841 3220 in
2886 3182 3071 3220 unum
3102 3166 3447 3223 fasciculum
3479 3187 3513 3225 a
3541 3154 3817 3229 ﬁdelibus

405 3257 593 3314 aliena
615 3256 901 3330 personis,
936 3254 1202 3326 quaedam
1259 3252 1436 3309 etiam
1478 3253 1856 3309 detraxerunt
1887 3255 2050 3311 valde

402 3349 553 3404 bona
587 3366 600 3415 ;
634 3351 701 3402 ut
725 3348 849 3417 jam
883 3360 1066 3417 pauca
1104 3342 1424 3415 supersint,
1460 3359 1585 3414 quae
1618 3350 1890 3414 praestare
1923 3361 2049 3415 pos-

400 3438 589 3493 simus
620 3436 847 3491 sincera
877 3434 1010 3506 (20).
1046 3455 1074 3483 »
1131 3432 1262 3488 Haac
1319 3430 1437 3502 ille,
1480 3431 1670 3487 verbis
1720 3437 1853 3487 utor
1903 3434 2047 3488 Lab-

402 3527 492 3582 bei
526 3525 659 3599 (21),
681 3528 1030 3598 praepostero
1043 3520 1316 3578 novitatis
1347 3519 1612 3576 studioin
1627 3521 2046 3579 detrimentum

398 3614 697 3671 catholicas
755 3613 1017 3669 veritatis
1077 3629 1091 3680 ;
1144 3627 1272 3683 quas
1328 3608 1642 3666 falsissima
1688 3610 1958 3680 arbitror,
1992 3616 2050 3667 et

398 3703 588 3761 sancti
647 3702 999 3774 Hieronymi,
1061 3700 1160 3772 qui
1217 3701 1496 3771 egregium
1548 3701 1819 3769 volumen,
1876 3700 2049 3774 quale

397 3794 569 3849 modo
588 3808 790 3848 omnes
812 3788 1091 3847 Catholici
1122 3788 1445 3844 eruditione
1476 3794 1819 3861 praestantes
1837 3806 2046 3861 agnos-

397 3886 558 3951 cunt,
589 3882 653 3938 de
688 3886 807 3939 Vita
836 3884 885 3936 el
931 3880 1192 3937 Passione
1240 3877 1511 3949 Cypriani
1567 3879 1638 3933 ab
1669 3893 1736 3934 eo
1776 3877 2044 3935 relictum

392 3976 647 4027 testatus
684 3974 793 4038 est,
827 3967 1160 4026 auctoritati
1193 3966 1552 4034 certissimae,
1578 3971 1748 4037 atque
1778 3967 2043 4024 omnium

393 4060 683 4117 bonorum
713 4060 784 4116 de
806 4056 995 4115 Pontii
1025 4055 1337 4112 sanctitate
1372 4072 1439 4111 ac
1496 4055 1611 4111 ﬁde
1642 4057 1900 4127 opinioni
1929 4056 2043 4112 im-

393 4149 756 4221 placabiliter
806 4146 1148 4221 pugnantia.
1211 4146 1311 4201 Est
1365 4144 1523 4200 enim
1576 4146 2041 4202 sincerissimum

390 4237 536 4295 illud
565 4236 941 4311 opusculum,
976 4252 1041 4291 ac
1092 4234 1295 4307 prima:
1330 4235 1482 4289 inter
1510 4235 1753 4306 antiqua
1780 4240 2042 4291 veterum

391 4332 717 4400 martyrum
734 4330 884 4389 acta,
917 4326 1036 4381 sive
1062 4325 1211 4380 vitas
1242 4327 1415 4395 atque
1446 4322 1634 4396 elogia
1664 4324 2038 4396 dignationis.

390 4417 552 4483 Quod
586 4416 633 4471 si
667 4416 790 4471 haec
820 4416 939 4470 vita
968 4412 1223 4486 cuipiam
1274 4412 1508 4467 cordato
1554 4413 1612 4467 in
1644 4412 2042 4484 suspicionem

388 4506 602 4575 veniat,
634 4508 910 4577 suspecta
938 4502 1155 4575 pariter
1208 4504 1380 4557 erunt
1432 4506 1490 4557 et
1521 4500 1635 4557 alia
1665 4507 1794 4557 acta
1823 4503 2043 4574 quasvis

488 4646 573 4712 15)
604 4646 813 4702 Baron.
846 4645 917 4700 ad
945 4661 1081 4699 ann.
1112 4643 1240 4713 261,
1274 4641 1416 4707 §39.

488 4646 573 4712 15)
604 4646 813 4702 Baron.
846 4646 917 4700 ad
945 4661 1081 4699 ann.
1112 4646 1240 4713 261,
1274 4646 1416 4707 §39.

460 4646 574 4787 E16)
602 4717 861 4773 Bolland.
893 4717 1007 4773 Act.
1040 4714 1137 4771 SS.
1164 4714 1283 4771 MM.
1318 4717 1462 4785 tom,
1496 4711 1539 4769 Ι.
1600 4714 1769 4771 Mart.
1821 4731 1879 4787 p.
1910 4715 2038 4785 750,

388 4789 814 4987 nolitizlfﬁigau.
848 4858 918 4915 ad
976 4857 1239 4929 Cyprium
1300 4854 1472 4927 θρίει-
1524 4855 1615 4925 8⁵ι
1675 4861 1732 4913 θι
1784 4856 1846 4913 in
1895 4858 2036 4914 θδίίο

438 4950 491 4986 X.
602 4974 613 4986 ο

438 4950 588 5086 ἷξέἰ
602 4974 873 5086 ἒγρνξςω.
907 5000 1078 5086 epist.
1112 4999 1301 5086 8?,‘ed.

460 5067 576 5147 (19)
608 5067 819 5146 Rigalt.
854 5067 987 5147 post
1016 5072 1243 5147 Prmfat.
1278 5071 1339 5125 in
1367 5076 1480 5147 not,
1529 5067 1756 5147 ad_Acta
1781 5071 2032 5144 Marlyr,,

383 5140 509 5217 quae
543 5140 873 5217 incipiunt?
897 5145 1029 5200 Cum
1061 5142 1117 5217 S_.
1150 5143 1376 5217 Martyr.
1428 5140 1773 5217 gyprianus,
1814 5148 1923 5217 etc.

454 5219 568 5290 (20)
605 5211 956 5289 Interpolata
974 5286 982 5290 _
1000 5211 1389 5290 eadem_mala
1428 5211 1818 5290 librariorum
1835 5216 2033 5290 admo;

383 5283 831 5345 du'm'recentis
885 5286 987 5343 aevi
1042 5284 1349 5342 sedulitate
1388 5283 1563 5338 etiam
1621 5285 1869 5351 censuit,
1928 5286 2029 5341 sed

384 5360 547 5417 nullo
591 5360 816 5435 prolato
866 5358 1037 5415 solito
1092 5358 1439 5430 argumento
1469 5359 1663 5412 Ernst.
1714 5356 1865 5414 Salo.
1923 5357 2030 5431 Cy-

726 5002 873 5057 rian.
907 5000 1078 5072 epist.
1112 5000 1201 5065 83,
1235 4999 1328 5072 ed.
1362 4996 1462 5052 Ox.
1495 4997 1585 5052 81.

2160 3255 2367 3311 1482
2399 3254 2982 3322 redacta,simulcum
3002 3254 3189 3311 Pontii
3209 3254 3403 3312 libello
3434 3258 3506 3314 de
3538 3257 3814 3332 Cypriani

2158 3344 2287 3399 Vita
2319 3345 2388 3399 ad
2414 3361 2516 3399 nos
2538 3359 2723 3415 usque
2747 3348 3134 3415 pervenerunt
3166 3362 3180 3413 ;
3207 3359 3390 3417 eaque
3412 3347 3813 3421 omniaipsius

2159 3434 2343 3490 sancti
2368 3432 2635 3506 Cypriani
2676 3433 2948 3505 operibus
2998 3433 3231 3504 praeﬁxa
3260 3440 3399 3491 sunt
3445 3436 3507 3492 in
3558 3438 3812 3495 editione

2158 3524 2467 3580 Oxoniensi
2498 3522 2629 3594 (25).

2227 3635 2255 3663 «
2290 3612 2543 3684 Utraque
2573 3615 2766 3667 autem
2800 3611 2871 3666 ad
2932 3612 3246 3669 nonnullos
3296 3615 3465 3670 codd.
3500 3633 3644 3673 mss.
3680 3634 3811 3673 rur-

2155 3718 2257 3756 sus
2288 3705 2487 3756 exacta
2519 3700 2612 3754 hic
2642 3701 2833 3755 denuo
2856 3700 3235 3771 exhibemus;
3270 3704 3448 3758 vitam
3482 3706 3721 3777 quidem
3738 3707 3809 3763 ad

2156 3791 2303 3846 duos
2334 3790 2567 3862 optimae
2590 3793 2761 3858 notis,
2784 3794 2841 3846 et
2871 3790 3238 3861 antiquitatis
3272 3794 3615 3849 venerande
3638 3796 3809 3851 codd.

2155 3878 2449 3947 collatam,
2490 3894 2741 3949 quorum
2800 3895 2956 3934 unus
3006 3880 3195 3936 sancti
3242 3880 3392 3938 Petri
3443 3882 3812 3941 Fossatensis

2155 3984 2340 4022 annos
2368 3968 2474 4021 800
2500 3970 2759 4038 superat,
2800 3967 2949 4022 alter
2969 3984 3101 4024 vero
3143 3986 3211 4025 ex
3249 3969 3632 4028 Floriacensis
3682 3990 3810 4029 mo-

2154 4055 2395 4112 nasterii
2425 4055 2670 4111 celebris
2702 4053 2842 4110 olim
2894 4054 3253 4114 Bibliotheca
3282 4076 3469 4116 annos
3491 4061 3621 4131 600,
3649 4063 3810 4119 vide-

2151 4147 2249 4199 tur
2269 4143 2539 4215 praeferre
2572 4158 2584 4196 :
2627 4145 2771 4197 Acta
2809 4160 2937 4199 vero
2971 4145 3409 4216 proconsularia
3439 4148 3498 4203 in
3539 4148 3806 4219 plurimis

2152 4233 2387 4303 quidem
2420 4231 2719 4287 codicibus
2765 4231 2938 4287 etiam
2964 4232 3397 4306 antiquissimis
3428 4243 3683 4311 reperta,
3705 4240 3806 4296 sed

2152 4322 2213 4377 in
2244 4320 2447 4393 paucis
2469 4337 2616 4393 pura
2647 4326 2704 4376 et
2730 4322 2968 4377 omnino
2994 4322 3256 4392 sincera;
3284 4341 3540 4397 quorum
3566 4329 3811 4385 varieta-

2151 4414 2240 4467 tes
2270 4410 2319 4466 si
2352 4427 2468 4482 qua
2512 4409 2915 4466 observatione
2973 4411 3152 4484 digna
3194 4420 3521 4488 occurrent,
3558 4416 3615 4472 in
3652 4418 3809 4475 notis

2074 4525 2120 4590 Β
2151 4516 2534 4572 apponemus.
2568 4522 2597 4549 »
2629 4499 2919 4556 Hactenus
2950 4500 3070 4556 Vir.
3105 4501 3188 4558 Cl.
3220 4504 3585 4563 Ruinartius.

2152 4642 2394 4715 prianus
2416 4641 2488 4697 ad
2514 4641 2929 4715 Hieronymum
2961 4642 3174 4700 docuit.

2221 4715 2559 4823 (21))isgbbq
2609 4714 2835 4769 Disserl.
2898 4714 3025 4770 hisl.
3058 4716 3129 4772 de
3166 4716 3365 4789 Scripl.
3425 4719 3559 4776 εδει.
3592 4763 3609 4790 ,
3661 4725 3809 4779 tom.

2149 4784 2218 4853 ΙΙ,
2285 4786 2446 4839 .232.

2218 4804 2330 4929 (ἕΖ)
2362 4856 2623 4929 Bolland.
2649 4857 2756 4913 loc.
2792 4857 2891 4914 cit.

2216 4927 2330 5001 (23)
2363 4927 2631 4984 Galland.
2659 4931 2759 4985 vet.
2790 4931 2945 4985 Patr.
2980 4930 3240 4986 Bibliolh.
3267 4934 3412 4987 tom.
3444 4932 3543 5001 III,
3586 4932 3653 4989 in
3675 4935 3813 4993 Pro-

2144 4999 2355 5073 legom.
2389 5016 2512 5073 cap.
2543 5000 2626 5067 10,
2661 5017 2791 5073 pag.
2817 5003 2905 5058 30.

2215 5072 2333 5159 (2/1)
2384 5072 2651 5126 Ruinart.
2706 5072 2826 5128 Ᾱσι.
2903 5076 3139 5145 Martyr.
3185 5072 3358 5143 Sinc.,
3412 5091 3545 5147 pag.
3581 5076 3713 5143 171,
3758 5085 3811 5135 ei

2449 5212 2509 5298 .in
2532 5213 2789 5298 editione
2814 5231 3047 5297 quoque
3077 5214 3343 5298 Parisina
3368 5217 3805 5298 Maurinorum,

2145 5287 2279 5340 Vita
2299 5285 2505 5341 etActa
2566 5286 2895 5341 consularia
2953 5285 3274 5346 praemissa
3322 5293 3463 5343 sunt
3530 5292 3802 5346 eiusdem

2145 5303 2279 5340 rua
2299 5303 2353 5340 et
2371 5303 2505 5341 acra
2566 5303 2895 5341 consularia
3011 5303 3274 5343 resmnssa
3322 5303 3463 5343 sunt.
3530 5307 3561 5344 e
3591 5303 3697 5345 usa

2139 5356 2416 5429 operibus
2447 5374 2482 5412 a
2512 5373 2648 5429 pag.
2675 5358 2781 5413 129
2811 5357 2884 5413 ad
2920 5303 3041 5427 1238,
3066 5358 3124 5413 in
3145 5360 3237 5416 ed.
3273 5359 3493 5417 Veneta
3526 5306 3697 5419 12148.
