4112 6174
190 211 336 271 1541

1515 206 1699 267 VITA
1746 207 1814 267 S.
1857 202 2256 268 CYPRIANI.

3436 203 3460 258 1
3471 200 3591 260 542

189 332 3590 364 W

1365 501 1656 595 VITA
1732 499 1887 594 ET
1969 498 2407 594 PASSIO

599 720 782 927 Si
942 756 1888 926 C/ECILII
2049 755 3185 924 CYPRIANI

1034 1051 1391 1114 EPISCOPI
1436 1048 2121 1112 CARTHAGINENSIS
2168 1049 2271 1109 ET
2314 1048 2748 1121 MARTYRIS,

853 1239 1029 1302 PER
1087 1236 1482 1302 PONTIUM
1543 1235 1990 1300 DIACONUM
2052 1233 2915 1300 CARTHAGINIENSEM.

724 1552 950 1611 CAPUT
981 1551 1288 1608 PRIMUM.

193 1647 385 1702 Auctor
440 1644 678 1699 rationes
719 1641 994 1698 scribendi
1043 1642 1289 1712 exponit.
1342 1641 1483 1697 Acta
1528 1640 1836 1712 Martyrum

255 1717 386 1773 olim
415 1715 712 1784 diligenter
731 1715 932 1770 litteris
957 1715 1131 1785 fuisse
1157 1713 1490 1785 consignata
1509 1713 1774 1785 perhibet.

265 1822 609 1896 Cyprianus,
642 1820 951 1893 religiosus
981 1819 1226 1876 antistes
1255 1836 1322 1875 ac
1352 1819 1521 1875 testis
1567 1818 1663 1873 Dei
1715 1816 1838 1890 glo-

197 1912 407 1978 riosus,
439 1910 676 1966 tametsi
708 1909 896 1965 multa
924 1908 1292 1980 conscripsit,
1325 1925 1429 1980 per
1457 1925 1583 1981 quas
1617 1923 1838 1964 memo-

197 2002 283 2056 ria
310 1997 466 2069 digni
498 1998 754 2054 nominis
786 1997 1155 2069 supervivat;
1189 2002 1246 2052 et
1276 1997 1323 2052 si
1347 1997 1692 2068 eloquentiae
1711 1996 1839 2066 ejus

198 2106 262 2145 ac
294 2089 394 2144 Dei
424 2089 620 2160 gratiae
653 2087 814 2159 larga
843 2085 1175 2140 fecunditas
1207 2086 1287 2140 ita
1317 2102 1380 2141 se
1410 2085 1580 2158 copia
1595 2092 1652 2141 et
1675 2087 1842 2139 uber-

199 2183 313 2234 tate
343 2177 633 2234 sermonis
663 2175 940 2245 extendit,
976 2179 1041 2228 ut
1071 2190 1260 2246 usque
1290 2175 1350 2229 in
1405 2174 1582 2230 ﬁnem
1634 2172 1842 2229 mundi

196 2269 441 2323 fortasse
470 2282 586 2321 non
616 2269 842 2320 taceat:
876 2267 1093 2331 tamen,
1123 2263 1264 2334 quia
1294 2263 1567 2336 operibus
1599 2264 1724 2334 ejus
1775 2279 1843 2318 ac

199 2356 420 2412 meritis
455 2354 632 2410 etiam
661 2354 782 2408 haec
818 2352 1202 2425 prmogativa
1228 2351 1495 2420 debetur,
1517 2352 1534 2387 ι
1561 2355 1626 2407 ut
1650 2367 1844 2408 exem-

199 2445 359 2518 plum
379 2459 553 2500 suum
576 2443 634 2498 in
661 2441 886 2499 litteras
908 2441 1226 2515 digeratur,
1249 2440 1470 2514 placuit
1499 2441 1844 2497 summatim

198 2550 382 2606 pauca
406 2532 810 2589 conscribere:
845 2548 959 2587 non
997 2532 1149 2603 quod
1181 2529 1478 2602 aliquem’
1525 2529 1614 2585 vel
1664 2529 1848 2602 genti-

201 2621 347 2677 lium
380 2623 456 2694 (l)
492 2623 713 2677 lateant
741 2621 889 2676 tanti
920 2619 1028 2675 viri
1064 2619 1203 2686 vita,
1238 2620 1339 2675 sed
1370 2623 1436 2674 ut
1462 2620 1534 2674 ad
1583 2624 1846 2690 posteros

202 2725 435 2784 quoque
467 2715 700 2766 nostros
729 2707 1188 2781 incomparabile
1219 2714 1276 2763 et
1295 2709 1515 2780 grande
1535 2708 1854 2763 documen-

200 2805 327 2855 tum
358 2798 417 2852 in
466 2797 861 2853 immortalem
889 2795 1235 2851 memoriam
1284 2795 1638 2867 porrigatur.
1683 2795 1850 2851 Certe

201 2889 418 2944 durum
455 2890 602 2956 erat,
629 2890 714 2957 ut,
746 2901 878 2940 cum
914 2885 1164 2956 majores
1195 2883 1380 2938 nostri
1411 2885 1488 2955 (2)
1521 2883 1763 2955 plebeiis
1793 2887 1851 2939 et

203 2975 664 3042 catechumenis,
699 2973 1047 3046 martyrium
1070 2971 1400 3029 consecutis
1419 2976 1648 3028 tantum
1672 2973 1851 3029 hono-

206 3066 309 3137 ris,
337 3081 441 3137 pro
471 3063 738 3136 martyrii
768 3063 956 3134 ipsius
987 3061 1380 3132 veneratione,
1415 3062 1734 3134 dederint3,
1786 3069 1850 3118 ut

210 3155 282 3210 de
310 3153 687 3226 passionibus
717 3167 919 3208 eorum
951 3150 1155 3222 multa,
1189 3155 1311 3224 aut,
1352 3167 1532 3225 prope
1581 3151 1848 3224 dixerim,

211 3259 358 3318 pene
414 3247 626 3298 cuncta
683 3240 1136 3314 conscripserint
1202 3240 1301 3312 (3),
1355 3246 1419 3296 ut
1464 3241 1534 3296 ad
1587 3245 1849 3297 nostram

213 3349 446 3405 quoque
477 3331 742 3387 notitiam
775 3330 871 3402 qui
905 3330 1166 3386 nondum
1194 3331 1312 3386 nati
1345 3329 1568 3386 fuimus
1589 3331 1851 3403 perveni-

215 3429 364 3489 rent,
393 3419 663 3493 Cypriani
712 3419 858 3474 tanti
906 3417 1226 3474 sacerdotis
1274 3423 1331 3474 et
1375 3419 1522 3473 tanti
1579 3419 1854 3491 martyris

209 3510 404 3582 passio
441 3507 851 3581 praeteriretur,
884 3507 982 3578 qui
1040 3511 1097 3562 et
1146 3506 1273 3561 sine
1322 3507 1600 3579 martyrio
1649 3507 1857 3563 habuit

212 3616 338 3671 quae
369 3598 619 3668 doceret,
652 3599 708 3652 et
736 3596 758 3629 ‘
783 3611 911 3667 quae
942 3595 1082 3650 dum
1115 3595 1256 3651 vixit
1284 3595 1552 3668 gesserit,
1585 3613 1701 3652 non
1751 3613 1856 3668 pa-

209 3691 401 3744 terent
427 3687 526 3758 (4).
560 3685 694 3750 Qua
726 3685 962 3757 quidem
995 3688 1160 3740 tanta
1188 3688 1363 3756 atque
1393 3688 1513 3740 tam
1558 3700 1774 3758 magna
1804 3688 1861 3741 et

210 3776 358 3830 mira
387 3778 549 3844 sunt,
583 3778 646 3829 ut
675 3773 1102 3845 magnitudinis
1132 3773 1621 3844 contemplatione
1649 3774 1858 3830 1483

205 3863 521 3931 deterrear,
558 3879 623 3918 ac
653 3861 936 3934 imparem
975 3877 1066 3916 me
1097 3877 1225 3917 esse
1257 3861 1536 3918 conﬁtear
1567 3863 1635 3919 ad
1669 3864 1860 3936 profe-

1865 1553 1921 1620 Α
1949 1549 2198 1608 rendum
2229 1549 2405 1623 digne
2435 1565 2538 1623 pro
2578 1549 2922 1606 meritorum
2972 1551 3190 1609 honore
3235 1569 3588 1627 sermonem,

1948 1657 2052 1696 nec
2082 1655 2254 1712 posse
2282 1639 2367 1697 sic
2397 1639 2674 1713 prosequi
2696 1639 2848 1696 facta
2861 1643 2983 1696 tam
3009 1642 3353 1714 grandia,ut
3371 1647 3594 1715 quanta

1948 1734 2107 1796 sunt,
2136 1732 2300 1785 tanta
2329 1728 2669 1784 videantur:
2705 1729 2817 1786 nisi
2849 1731 3004 1802 quod
3037 1732 3434 1790 numerositas
3464 1732 3593 1806 glo-

1945 1817 2169 1873 riarum
2200 1817 2221 1852 ³
2277 1817 2513 1874 sibimet
2542 1818 2672 1890 ipsa
2702 1819 3022 1891 sufﬁciens,
3059 1819 3245 1877 alieno
3303 1823 3595 1895 praeconio

1947 1923 2062 1961 non
2097 1909 2244 1978 eget.
2274 1906 2512 1962 Accedit
2538 1907 2609 1962 ad
2641 1906 2969 1976 cumulum,
3001 1910 3158 1980 quod
3189 1914 3247 1966 et
3273 1927 3376 1968 vos
3407 1913 3478 1969 de
3527 1929 3594 1970 eo

1948 1995 2219 2062 multum,
2251 1999 2353 2050 aut
2382 1995 2430 2051 si
2464 1993 2587 2050 ﬁeri
2618 2000 2826 2066 potest,
2859 2001 3049 2054 totum
3096 1999 3441 2058 desideratis
3491 2019 3594 2058 au-

1949 2083 2094 2152 dire,
2127 2083 2603 2154 concupiscentes
2632 2085 2838 2140 ardore
2868 2085 3137 2158 ﬂagranti
3169 2088 3258 2144 vel
3287 2091 3438 2147 facta
3467 2094 3596 2164 ejus

1951 2187 2320 2244 cognoscere,
2350 2172 2460 2228 etsi
2491 2172 2724 2229 interim
2753 2175 2882 2230 viva
2939 2176 3114 2232 verba
3159 2181 3491 2242 tacuerunt.
3535 2184 3596 2239 In

1952 2278 2070 2332 qua
2101 2267 2260 2332 parte
2291 2261 2342 2315 si
2371 2260 2568 2316 dixero
2612 2278 2720 2317 nos
2771 2264 2983 2334 opibus
3027 2266 3311 2323 facundia;
3342 2270 3363 2305 ⁶
3407 2271 3595 2345 deﬁci,

1953 2351 2151 2406 minus
2181 2349 2329 2404 dico.
2365 2349 2658 2406 Facundia
2687 2351 2843 2407 enim
2874 2352 3004 2423 ipsa
3033 2354 3230 2412 deﬁcit
3250 2358 3269 2391 ⁷
3302 2358 3478 2431 digna
3513 2361 3596 2417 fa-

1953 2437 2188 2504 cultate,
2222 2454 2350 2510 quae
2376 2438 2734 2495 desiderium
2764 2446 3024 2498 vestrum
3056 2443 3226 2514 pleno
3261 2448 3473 2518 spiritu
3506 2467 3601 2507 sa-

1953 2527 2078 2582 tiet.
2113 2530 2196 2582 lta
2242 2526 2540 2597 utrimque
2567 2527 2587 2562 ⁸
2636 2529 2888 2599 graviter
2930 2547 3249 2602 urgemur:
3304 2535 3599 2608 siquidem

1955 2615 2053 2670 ille
2107 2631 2214 2670 nos
2260 2614 2577 2670 virtutibus
2635 2617 2759 2672 suis
2818 2623 3039 2687 onerat,
3098 2636 3198 2677 vos
3273 2627 3600 2696 precibus“

1957 2702 2236 2774 fatigatis.

2609 2827 2844 2885 CAPUT
2875 2831 2945 2885 Ιῐ.

1878 2916 1926 2983 Β
1959 2935 2094 3020 Quae
2121 2933 2460 3020 alqypriano
2479 2941 2597 3005 post
2625 2935 2953 3020 baptismum
2966 2938 3130 3020 [acta
3157 2944 3311 3020 sunt,
3346 2952 3598 3010 enarrat.

2051 3007 2399 3062 Continentia
2426 3007 2752 3061 necessaria.
2786 3008 2928 3064 Atiae
2955 3007 3229 3082 Cypriani
3256 3007 3506 3076 virtutes.

2033 3149 2194 3206 Unde
2225 3148 2404 3221 igitur
2433 3148 2713 3221 incipiam
2733 3149 2761 3204 ‘I
2791 3151 2944 3208 unde
2974 3156 3034 3210 et
3071 3157 3371 3216 exordium
3419 3162 3600 3222 bono-

1960 3255 2092 3295 rum
2125 3239 2255 3310 ejus
2286 3238 2612 3310 aggrediar,
2648 3238 2756 3294 nisi
2780 3257 2812 3294 a
2824 3241 3108 3314 principio
3131 3245 3284 3317 fidei,
3309 3253 3367 3305 et
3389 3255 3602 3309 nativi-

1963 3331 2081 3383 tate
2110 3326 2367 3383 caelesti?
2398 3327 2702 3399 Siquidem
2736 3327 2994 3388 hominis
3024 3333 3125 3388 Dei
3167 3334 3318 3394 facta
3347 3357 3460 3397 non
3511 3344 3604 3402 de-

1966 3417 2106 3472 bent
2136 3415 2372 3472 aliunde
2403 3416 2720 3486 numerari,
2757 3417 2869 3473 nisi
2899 3435 2967 3475 ex
2995 3437 3111 3491 quo
3135 3429 3249 3481 Deo
3279 3435 3452 3487 natus
3492 3441 3604 3494 est.

1965 3507 2204 3561 Fuerint
2234 3504 2367 3561 licet
2397 3507 2614 3571 studia,
2638 3513 2696 3561 et
2725 3506 2891 3563 home
2921 3518 3076 3566 artes
3107 3513 3380 3573 devotum
3404 3529 3610 3592 pectus

1966 3595 2306 3664 imbuerint,
2339 3599 2534 3651 tamen
2567 3594 2668 3651 illa
2698 3603 2994 3667 praetereo.
3032 3600 3302 3661 Nondum
3331 3610 3489 3667 enim
3535 3617 3607 3672 ad

1969 3684 2281 3740 utilitatem
2314 3682 2427 3741 nisi
2459 3682 2656 3741 saeculi
2689 3685 2732 3720 ¹⁰
2761 3687 3149 3758 pertinebant.
3188 3693 3499 3768 Postquam
3555 3708 3614 3761 et

1970 3790 2168 3830 sacras
2198 3773 2445 3862 Litteras
2474 3773 2699 3843 didicit,
2734 3770 3025 3832 et‘mundi
3060 3781 3214 3838 nube
3234 3784 3529 3862 discussa,
3547 3793 3609 3850 in

1967 3861 2157 3918 lucem
2184 3860 2482 3933 sapientiai
2513 3862 2798 3933 spiritalis
2826 3865 3082 3934 emersit,
3133 3869 3182 3924 si
3217 3874 3432 3944 quibus
3481 3860 3610 3950 ejus

1632 4017 1838 4086 Variae
1867 4021 2189 4084 lectiones.

281 4158 298 4193 ¹
328 4157 407 4232 Et
429 4157 500 4232 ad
532 4153 867 4232 exemplum
897 4153 988 4232 sui
1019 4152 1229 4232 litteris
1259 4154 1550 4232 dirigatur
1576 4155 1710 4232 Bod.
1746 4157 1796 4232 1.
1830 4156 1955 4232 _Sur.
1990 4158 2125 4227 Imp.
2161 4155 2459 4232 Dirigatur
2487 4157 2634 4232 deest
2673 4158 2734 4212 in
2780 4157 2985 4215 Manut.
3036 4161 3151 4218 cod.
3210 4169 3357 4224 F053.
3436 4171 3458 4205 ²
3489 4173 3607 4232 γει,

205 4245 279 4304 ea:
306 4229 426 4304 cod.
460 4230 599 4304 Foss.
628 4229 820 4304 Flor."
849 4227 871 4262 ³
901 4227 1284 4304 Veneratione
1313 4227 1625 4304 debuerint
1655 4227 1787 4304 Bod.
1822 4229 2130 4304 1._Manut.
2205 4228 2229 4262 ⁴
2259 4229 2328 4304 Et
2354 4243 2491 4304 quae
2513 4228 2661 4304 dum_
2702 4231 2868 4304 vixit,
2917 4235 3180 4303 gesserit.
3236 4239 3369 4296 Ηικσ
3417 4227 3614 4304 dera-7;}

206 4303 271 4357 in
299 4303 442 4357 Foss.
478 4299 620 4354 Man.
722 4297 744 4332 ⁸
772 4297 1178 4370 Numerositas
1208 4296 1463 4370 gloriosa
1495 4298 1623 4370 Bod.
1720 4301 1770 4354 1.

206 4303 271 4357 in
299 4303 442 4357 Foss.
478 4299 620 4354 Man.
722 4299 744 4332 ⁵
772 4299 1178 4354 Numerositas
1208 4299 1463 4370 gloriosa
1495 4299 1623 4354 Bod.
1720 4301 1770 4354 1.
1875 4300 2016 4354 Foss.
2051 4299 2198 4355 Flor.
2303 4300 2324 4333 ⁸
2354 4299 2589 4354 Viribus
2632 4299 2910 4356 facundia;

204 4373 353 4429 Flor.
430 4373 451 4407 ⁸
475 4371 539 4426 In
570 4373 887 4441 utrumque
919 4369 1120 4426 Manut.
1198 4369 1356 4427 ’Nos
1385 4369 1627 4427 auribus
1655 4370 1846 4426 Manut
1871 4371 2018 4428 Foss.
2095 4371 2140 4406 ³ο
2169 4369 2311 4426 Vitae
2342 4371 2442 4426 sed
2474 4370 2672 4427 saeculi
2701 4372 2832 4428 Bod.
2859 4375 2910 4428 1.

2303 4300 2324 4333 α
2354 4297 2589 4376 Viribus
2632 4297 3078 4376 _fac_un_dite'Aod.
3131 4308 3182 4362 1.
3278 4311 3299 4345 ἰ
3330 4297 3610 4376 neabiit}

1629 4529 1963 4592 Variorum
1994 4535 2184 4593 notae.

281 4680 360 4755 (l7)
389 4679 666 4738 Voculam
696 4678 784 4755 vel
811 4695 881 4736 ex
911 4679 1075 4755 codd.
1110 4679 1333 4755 Fossat.
1368 4684 1426 4736 et
1451 4679 1704 4755 Floriac,
1730 4696 1852 4737 res-
1883 4683 1924 4749 C
1965 4680 2282 4755 scribendi,
2313 4680 2569 4736 Tertullo
2600 4682 2995 4739 concreditum
3030 4687 3158 4742 fuit.
3197 4690 3357 4748 FELL.

205 4750 506 4824 titui’mus,
543 4769 668 4823 quae
693 4753 924 4807 videtur
953 4753 1023 4806 ad
1057 4750 1385 4876 emphaﬁm
1419 4752 1764 4808 necessaria.

1333 4838 1565 4876 omam.

1333 4838 1367 4876 υ
1377 4840 1565 4879 INART.

285 4896 363 4964 (2)
396 4893 620 4965 Majores
646 4895 843 4950 nostri.
880 4896 1016 4949 Post
1039 4892 1410 4965 Evangelium
1461 4899 1519 4950 et
1563 4892 1856 4966 apostolo-

209 4987 340 5025 rum
377 4972 530 5033 Acta,
597 4969 988 5023 succedebant
1034 4966 1499 5021 Christianorum
1539 4967 1639 5037 qui
1691 4967 1853 5022 dein.

210 5057 347 5112 ccps
379 5037 775 5112 sequebantur
807 5037 1111 5112 passiones
1145 5038 1394 5112 breviter
1414 5043 1713 5112 enarrata.
1736 5043 1856 5112 Hu-

201 5107 307 5184 jus
345 5107 574 5184 generis
609 5107 986 5184 vetusta__ill_a
1033 5114 1162 5184 acta
1189 5107 1507 5184 _Polycarpi
1557 5110 1853 5182 martyris,

211 5179 464 5254 quorum
497 5186 723 5254 partem
757 5181 918 5254 dedit
947 5181 1157 5237 Euseb.
1189 5179 1228 5254 l_.
1264 5179 1343 5254 1v,
1375 5179 1564 5254 totum
1595 5179 1728 5235 vero
1758 5198 1853 5236 ex-

211 5252 407 5309 hibuit
437 5252 637 5310 noster
666 5253 1070 5308 Armacbanus
1101 5252 1261 5324 :Wgsic
1311 5253 1412 5307 illa
1459 5252 1754 5324 Perpetuus
1788 5255 1858 5324 et

215 5325 554 5396 Felicitatis,
587 5326 659 5382 de
688 5325 902 5396 quibus
931 5323 1324 5396 Tertulrlianus
1349 5323 1726 5396 _mentionem
1774 5323 1857 5379 fa-

215 5395 298 5468 cit
319 5412 332 5451 :
365 5393 589 5453 necnon
610 5393 726 5454 alia
746 5396 956 5468 multa,
974 5411 1100 5467 quae
1114 5393 1468 5468 interpolata
1487 5395 1662 5451 fidem
1681 5411 1859 5468 quam

214 5467 366 5543 alias
383 5469 736 5543 meruissent
755 5466 1078 5543 perdidere.
1102 5467 1166 5523 In
1189 5466 1436 5543 Deciana
1457 5466 1861 5543 persecutione

215 5539 331 5599 hoc
359 5555 580 5598 munus
606 5538 1338 5615 Acta—Carthaginensium
1388 5538 1712 5617 martyrum
1759 5540 1859 5597 de-

2035 4753 2128 4834 (3)_
2147 4751 2351 4834 Cuncta
2379 4755 2826 4834 conscripserit“.
2864 4755 3099 4813 Videtur
3125 4761 3432 4834 designare
3471 4771 3610 4826 Acta

1962 4824 2057 4878 SS.
2077 4827 2607 4910 ‘Perp'et'u'aauetcn
2657 4841 2784 4910 qua:
2837 4843 3023 4910 supra
3077 4824 3373 4910 edidimus
3423 4840 3488 4910 (t.
3531 4824 3610 4897 lIl

1964 4841 2057 4878 D3.
2092 4841 2409 4908 Perpetuus,
2471 4841 2607 4894 etc.,
2657 4841 2784 4952 qua:
2843 4843 3023 4899 supra
3077 4841 3373 4892 edidimus
3423 4841 3488 4910 (t.
3536 4843 3610 4897 [Il

1964 4899 2173 4980 nostris
2224 4895 2515 4980 Habitat/1.,
2563 4914 2619 4978 ρ.
2661 4897 3114 4980 H4)._-Czeter_um
3163 4907 3342 4962 multa
3391 4912 3611 4980 quidem

1962 4970 2074 5049 aut.
2089 4983 2227 5049 pene
2254 4976 2465 5049 cuncta
2485 4968 2555 5049 d_e
2576 4968 2748 5049 _istis'
2782 4971 3144 5049 Martyribus
3175 4981 3379 5049 scripta
3402 4968 3608 5040 'l'uisse

1965 5039 2106 5120 dicit
2131 5040 2396 5120 Pontius.
2429 5039 2540 5120 Sed
2574 5040 2623 5096 is
2652 5039 2816 5120 locus
2847 5039 2983 5120 non
3011 5045 3092 5098 ita
3133 5039 3606 5120 interpretandus

1964 5116 2073 5195 est,
2093 5111 2274 5195 quasi
2298 5111 2573 5195 omniurn
2584 5113 2822 5195 omnino
2846 5119 3166 5195 martyrum
3187 5111 3329 5195 Acta
3347 5127 3608 5195 tempore

1968 5182 2152 5256 Fontii
2185 5184 2518 5256 conscripta
2546 5182 3039 5256 fuissentrquer'n
3069 5192 3266 5246 tamen
3299 5182 3489 5251 locum
3523 5182 3606 5254 sic

1964 5253 2566 5338 intellegitﬁHenricus
2593 5253 2934 5313 Dodwellus
2965 5258 3186 5316 Dissert.
3225 5263 3491 5337 Cyprian.
3525 5253 3602 5338 xx,

1968 5343 2133 5380 num.
2167 5327 2219 5381 3.
2253 5325 2540 5382 Romam.

2037 5397 2114 5476 (lg)
2144 5398 2260 5476 Non
2289 5401 2554 5476 paterent.
2591 5398 2696 5476 Per
2719 5399 3068 5476 mpdestiam
3089 5473 3097 5476 Α
3117 5405 3409 5476 Cypriani.
3459 5411 3608 5467 noti-

1966 5467 2053 5542 tia
2075 5467 2382 5542 hominum
2412 5471 2732 5542 subtracta.
2766 5469 2877 5529 Sed
2906 5471 3028 5531 haec
3083 5467 3442 5539 in'Manutii
3487 5484 3614 5542 edi-

1967 5539 2124 5598 tione
2153 5540 2586 5600 desiderantur.
2619 5541 2784 5602 Fam.
