4112 6174
238 311 358 384 1545

1519 321 1707 383 VITA
1752 323 1835 415 s,
1864 321 2260 383 CYPRIANI.

3439 299 3596 380 1546

235 458 280 512 et
303 454 493 510 honore
522 451 866 526 presbyteri,
899 454 997 525 qui
1029 469 1159 509 eam
1191 454 1263 509 ad
1297 454 1655 525 agnitionem
1687 470 1831 508 verae
1863 453 1916 518 Α
1947 451 2353 523 deponeretur,
2375 453 2420 506 si
2453 453 2493 487 ³¹
2531 469 2665 506 cum
2702 451 2973 523 Apostolo
3002 450 3596 507 etiam'ordinationis

234 543 508 600 divinitatis
541 559 575 599 a
602 542 865 599 saeculari
918 559 1114 598 errore
1145 550 1492 598 correxerat.
1527 544 1690 597 Hunc
1721 549 1838 597 toto

232 634 405 689 honore
431 637 606 705 atque
628 631 787 688 omni
813 632 1185 688 observantia
1213 631 1841 704 diligebat,obsequen-

229 723 264 779 ti
285 722 624 779 veneratione
657 720 1010 794 suspiciens,
1040 738 1154 777 non
1178 723 1304 792 jam
1341 726 1404 776 ut
1435 723 1687 776 amicum
1723 721 1841 776 ani-

227 826 313 868 me
353 810 719 884 coatqualem,
768 811 868 866 sed
921 815 1204 882 tanquam
1255 827 1413 866 nova
1463 812 1592 865 vita:
1633 827 1838 882 parcn-

225 906 322 958 tem
349 901 407 956 ".
440 899 705 973 Denique
730 898 849 970 ille,
896 898 1198 954 demulsus
1232 901 1360 971 ejus
1408 899 1728 971 obsequiis,
1780 899 1839 954 in

225 988 394 1047 1486
433 992 664 1045 tantum
696 987 1026 1044 dilectionis
1055 988 1356 1044 immensae
1392 989 1436 1023 ’⁵
1466 989 1671 1044 merito
1704 1005 1838 1057 pro—

193 1081 423 1152 vocatus
470 1081 577 1146 est,
631 1080 698 1131 ut
735 1075 806 1144 de
857 1076 1068 1140 saeculo
1108 1077 1412 1147 excedens,
1462 1077 1838 1132 arcessitione

176 1165 181 1170 ’
215 1170 321 1240 jam
340 1165 592 1240 proxima
619 1166 1059 1221 commendaret
1079 1164 1164 1220 illi
1191 1167 1594 1237 conjugem(8)
1616 1183 1682 1220 ac
1702 1165 1841 1221 libe-

223 1273 303 1313 ros
327 1271 472 1324 suos,
530 1258 594 1309 ut
642 1270 817 1326 quem
866 1254 1083 1310 fecerat
1135 1254 1207 1309 de
1255 1259 1426 1309 sectae
1475 1255 1839 1309 communio-

223 1360 282 1401 ne
322 1343 649 1418 participem
702 1343 1084 1414 postmodum
1136 1342 1349 1398 faceret
1381 1342 1615 1414 pietatis
1658 1342 1837 1398 haere-

1950 542 2166 594 honore
2198 541 2559 594 similaretur
2587 541 2653 593 ³³.
2693 541 2826 594 Erat
2871 539 3062 595 videre
3095 542 3335 596 caetoros
3388 555 3596 594 omnes

1949 645 2237 700 suspenso
2268 634 2323 683 et
2351 630 2396 661 ³³
2426 629 2594 684 anxio
2626 628 2835 700 spiritu
2875 631 3209 699 exspectare
3255 633 3594 696 venturum,

1950 733 2080 771 cum
2113 717 2324 789 gaudio
2358 717 2540 772 nimio
2572 718 2835 788 excipere
2863 718 3210 774 venientem.
3249 717 3470 772 Invitus
3501 718 3595 772 di-

1951 823 2015 859 co
2045 823 2056 873 ;
2093 806 2192 859 sed
2227 806 2416 859 dicam
2452 822 2687 860 necesse
2717 810 2832 860 est;
2858 805 3106 868 Quidam
3140 805 3221 859 illi
3255 805 3598 862 restiterunt

1949 892 2126 948 etiam
2159 898 2223 947 ut
2254 893 2537 948 vinceret:
2566 894 2781 966 quibus
2803 898 2998 949 tamen
3031 900 3252 966 quanta
3273 893 3512 950 lenitate
3529 896 3597 966 ³³,

1951 998 2126 1054 quam
2163 983 2467 1054 patienter,
2502 999 2678 1054 quam
2728 983 2927 1037 1487
2964 983 3370 1039 benevolenter
3401 983 3596 1039 indul-

1951 1072 2028 1127 sit
2057 1088 2234 1142 quam
2269 1070 2584 1126 clementer
2613 1071 2852 1143 ignovit,
2881 1072 3274 1128 amicissimos
3304 1089 3402 1128 eos
3435 1077 3597 1144 post-

1949 1160 2190 1215 modum
2222 1163 2279 1215 et
2299 1161 2450 1214 inter
2479 1159 2837 1215 necessarios
2867 1160 3596 1232 computans,mirantibus

1949 1248 2170 1303 multis.
2194 1249 2296 1304 Cui
2321 1248 2475 1303 enim
2507 1251 2706 1319 posset
2727 1266 2841 1304 non
2863 1264 2991 1304 esse
3012 1248 3293 1305 miraculo
3323 1253 3445 1304 tam
3475 1266 3597 1305 me—

1949 1337 2214 1393 moriosaa
2248 1336 2460 1392 mentis
2492 1335 2702 1391 oblivio
2724 1337 2751 1391 ?

222 1433 352 1489 den"
2581 1479 2818 1535 CAPUT
2864 1482 2961 1535 v1.

785 1555 1022 1612 CAPUT
1063 1559 1111 1609 V
1142 1555 1240 1627 (9)-
2288 1577 2694 1649 EpiscOpalibus
2720 1578 3013 1633 virtutibus
3042 1579 3257 1633 emicat.

217 1664 378 1722 Adhuc
397 1662 729 1734 “ophy‘us’
779 1663 1154 1734 episcopatum
1195 1678 1476 1718 assumere
1503 1664 1836 1734 compuzms'
2022 1699 2258 1765 Exinde,
2291 1696 2785 1768 quemadmodum
2828 1717 2888 1756 se
2919 1701 3185 1772 gesserit,
3221 1701 3354 1773 quis
3384 1701 3599 1758 referre

279 1788 524 1862 Longum
556 1793 647 1845 est
675 1787 758 1844 ire
791 1787 894 1860 per
923 1787 1188 1860 singula:
1216 1792 1426 1844 cuncta
1457 1789 1501 1823 ²⁶
1531 1789 1658 1860 ejus
1691 1789 1842 1844 facta
1872 1825 1919 1889 Β
1951 1788 2246 1844 sufﬁciat?
2266 1805 2392 1858 quae
2415 1785 2499 1841 illi
2520 1787 2564 1821 ³⁵
2591 1787 2827 1858 pietas?
2857 1789 2958 1860 qui
2978 1789 3175 1862 vigor?
3197 1789 3602 1846 misericordia

219 1893 501 1935 onerosum
537 1883 626 1933 est
675 1893 1038 1932 enumerare.
1090 1877 1172 1931 Ad
1219 1877 1623 1949 probationem
1659 1878 1840 1933 bono-
1873 1876 1918 1889 ⁵’
1952 1876 2221 1949 quanta?
2253 1881 2475 1948 quanta
2505 1892 2753 1931 censura
2782 1877 2874 1931 36‘?
2904 1879 3156 1933 Tantum
3189 1878 3518 1934 sanctitatis
3548 1882 3606 1935 et

217 1984 332 2024 rum
359 1975 619 2040 operum,
653 1965 845 2022 solum
878 1965 987 2021 hoc
1018 1966 1271 2022 arbitror
1318 1965 1463 2020 satis
1504 1981 1654 2032 esse,
1685 1967 1840 2036 quod
1949 1966 2146 2037 gratiae
2171 1981 2236 2019 ex
2267 1981 2362 2019 ore
2384 1965 2513 2034 ejus
2534 1965 2787 2033 lucebat,
2817 1969 2880 2020 ut
2901 1966 3283 2022 confunderet
3304 1966 3602 2022 3"intuen-

209 2056 410 2129 judicio
449 2055 543 2112 Dei
575 2059 633 2110 et
665 2053 851 2127 plebis
893 2055 1108 2120 favore,
1143 2056 1213 2110 ad
1243 2054 1506 2110 cilicium
1534 2054 1842 2110 sacerdotii
1949 2054 2097 2109 tium
2130 2057 2374 2108 mentes.
2394 2054 2598 2110 Gravis
2628 2053 2826 2109 vultus
2856 2058 2912 2109 et
2941 2054 3148 2122 laetus;
3183 2073 3290 2110 nec
3322 2055 3602 2112 severitas

216 2149 266 2202 et
291 2146 651 2218 episcopatus
684 2144 934 2216 gradum
969 2143 1516 2216 adhuc'neophytus
1547 2149 1621 2210 et,
1647 2149 1710 2198 ut
1740 2162 1843 2216 pu-
1952 2141 2158 2211 tristis,
2186 2158 2290 2196 nec
2322 2143 2568 2198 comitas
2601 2143 2785 2197 nimia
2805 2144 2848 2176 ³⁸
2874 2160 2887 2210 ;
2923 2145 3022 2198 sed
3052 2143 3308 2200 admista
3328 2143 3604 2216 utrinque

215 2240 374 2302 tatur,
407 2232 669 2290 novellus
700 2229 918 2289 electus
950 2237 1059 2288 est.
1083 2233 1436 2297 Quamvisin
1471 2231 1677 2303 primis
1710 2231 1842 2287 fidei
1950 2229 2261 2301 temperies
2291 2249 2308 2283 :
2343 2236 2406 2284 ut
2437 2236 2592 2286 esset
2627 2232 3140 2303 ambigere,vereri
3171 2232 3302 2304 plus
3333 2251 3407 2288 an
3437 2233 3604 2306 diligi

218 2341 324 2380 sum
352 2323 537 2379 adhuc
568 2322 863 2391 diebus,et
894 2321 1022 2376 rudi
1055 2321 1179 2376 vitae
1212 2320 1534 2393 spiritualis
1566 2322 1845 2388 a3tate,sic
1956 2322 2314 2387 mereretur;
2353 2319 2466 2374 nisi
2498 2321 2652 2390 quod
2687 2325 2742 2374 et
2763 2319 2938 2375 veteri
2969 2326 3024 2375 et
3053 2320 3216 2393 diligi
3251 2323 3603 2377 merebatur.

219 2429 485 2484 generosa
513 2411 741 2466 indoles
771 2410 1092 2480 reluceret;
1126 2413 1192 2465 ut
1220 2409 1327 2466 etsi
1351 2411 1613 2466 nondum
1646 2411 1846 2480 officii,
1955 2408 2065 2463 Sed
2099 2423 2203 2463 nec
2230 2409 2424 2462 cultus
2457 2409 2566 2463 fuit
2612 2409 2813 2479 dispar
2842 2427 2875 2464 a
2919 2402 3104 2478 vultu,
3154 2415 3516 2482 temperatus
3545 2415 3604 2467 et

217 2501 331 2574 spei
362 2504 553 2556 tamen
584 2499 808 2570 fulgore
839 2498 1238 2571 resplendens,
1263 2498 1625 2555 imminentis
1657 2515 1846 2555 sacer-
1959 2497 2083 2568 ipse
2114 2497 2184 2551 de
2212 2497 2422 2552 medio.
2449 2497 2573 2552 Non
2605 2496 2770 2551 illum
2806 2497 3082 2567 superbia
3112 2497 3410 2554 saecularis
3439 2499 3605 2555 infla-

217 2589 347 2645 dotii
379 2591 560 2644 totam
603 2588 881 2643 fiduciam
930 2587 1321 2659 polliceretur.
1370 2588 1493 2643 Non
1544 2588 1848 2659 praeteribo
1955 2590 2134 2651 verat,
2162 2601 2265 2639 nec
2296 2591 2492 2640 tamen
2519 2602 2758 2656 prorsus
2781 2585 3048 2640 affectata
3072 2589 3320 2658 penuria
3349 2588 3606 2644 sordida-

215 2676 380 2732 etiam
410 2675 555 2730 illud
579 2674 882 2741 eximium,
908 2675 1431 2745 quemadmodum,
1454 2692 1588 2730 cum
1617 2676 1675 2730 in
1707 2676 1849 2731 dile-
1959 2677 2051 2728 rat
2084 2690 2096 2728 :
2132 2673 2270 2744 quia
2313 2680 2368 2729 et
2397 2673 2504 2728 hoc
2535 2674 2781 2729 vestitus
2812 2689 2997 2744 genus
3031 2691 3064 2728 a
3093 2675 3377 2745 jactantia
3408 2677 3607 2732 minus

215 2764 457 2821 ctionem
479 2764 608 2833 ejus
629 2767 686 2817 et
709 2763 987 2817 honorem
1013 2767 1168 2817 totus
1203 2764 1456 2834 populus
1487 2765 1531 2798 9"
1556 2764 1853 2834 aspirante
1960 2779 2075 2817 non
2107 2767 2214 2826 est,
2245 2779 2421 2833 quam
2449 2763 2493 2795 39
2523 2765 2814 2817 ostentata
2847 2760 3042 2816 taliter
3071 2763 3387 2818 ambitiosa
3417 2765 3609 2837 fruga-

212 2851 452 2910 Domino
483 2849 797 2924 prosiliret,
827 2849 1134 2905 humiliter
1160 2845 1258 2904 ille
1293 2851 1852 2922 secessit,antiquio-
1961 2851 2116 2907 litas.
2147 2850 2292 2916 Quid
2328 2856 2522 2905 autem
2547 2852 2591 2884 ⁴⁰
2623 2851 2775 2905 circa
2807 2866 3092 2922 pauperes
3122 2851 3432 2924 episcopus
3463 2839 3610 2909 face-

212 2943 371 2998 ribus
402 2941 633 3010 cedens,
683 2944 741 2994 et
786 2937 1092 3010 indignum
1134 2955 1194 2994 se
1225 2937 1394 2993 titulo
1434 2941 1584 2993 tanti
1615 2939 1854 2994 honoris
1965 2944 2070 3009 ret,
2122 2955 2269 3010 quos
2323 2939 2775 2995 catechumenus
2824 2938 3100 3010 diligebat
3149 2941 3307 3012 (10)?
3347 2942 3615 2998 Viderint

213 3029 576 3095 existimans,
600 3031 666 3082 ut
695 3027 910 3098 dignus
941 3025 1129 3098 magis
1164 3026 1344 3082 ﬁeret.
1367 3027 1546 3099 Magis
1579 3029 1734 3084 enim
1769 3028 1855 3082 di-
1965 3029 2200 3101 pietatis
2232 3029 2653 3095 antistites,seu
2679 3045 2825 3099 quos
2856 3029 2928 3083 ad
2959 3029 3220 3084 ofﬁcium
3253 3030 3388 3086 boni
3420 3031 3613 3102 operis

211 3134 362 3192 gnus
409 3117 681 3184 efﬁcitur,
753 3114 853 3188 qui
903 3115 1058 3187 quod
1127 3120 1385 3171 meretur
1428 3121 1683 3173 excusat.
1734 3121 1855 3180 Quo
1967 3116 2246 3172 instruxit
2276 3117 2463 3188 ipsius
2494 3115 2716 3171 ordinis
2745 3115 3076 3188 disciplina,
3111 3135 3214 3173 seu
3247 3107 3395 3191 q'uos
3427 3136 3616 3176 sacra-

211 3212 351 3262 tunc
380 3206 427 3240 ²⁸
458 3205 663 3261 ardore
714 3203 877 3276 plebs
921 3209 1177 3259 aestuans
1225 3203 1565 3269 fluctuabat,
1609 3204 1858 3276 spiritali
1890 3195 1933 3257 C
1972 3205 2152 3260 menti
2185 3204 2382 3276 religio
2433 3203 2764 3259 communis
2797 3205 2868 3259 ad
2902 3205 3249 3276 obsequium
3280 3207 3614 3263 exhibenda:

217 3294 507 3352 desiderio
538 3292 981 3363 concupiscens,
1024 3295 1087 3346 ut
1115 3291 1303 3348 exitus
1335 3293 1550 3364 docuit,
1584 3310 1698 3348 non
1733 3297 1860 3348 tan-
1973 3293 2300 3348 dilectionis
2332 3292 2592 3347 arctavit.
2627 3293 2976 3364 Cyprianum
3008 3295 3078 3348 de
3099 3311 3205 3349 suo
3237 3295 3412 3351 talem
3443 3312 3612 3352 acce-

215 3387 343 3441 tum
397 3383 780 3456 episcopum;
813 3381 871 3435 in
921 3397 986 3436 eo
1019 3380 1173 3436 enim
1207 3397 1381 3452 quem
1411 3385 1551 3436 tunc
1584 3382 1788 3438 latenti
1820 3383 1866 3416 9°
1974 3381 2062 3453 pit
2087 3380 2382 3449 cathedra,
2418 3398 2531 3435 non
2565 3381 2715 3436 fecit.

212 3471 542 3529 divinitatis
573 3469 857 3542 praesagio
889 3469 1085 3525 taliter
1116 3469 1416 3542 flagitabat
1447 3470 1623 3526 aonon
1651 3470 1867 3526 solum-

213 3522 1867 3632 sta;";.;;.:sagsgeis'funius".e.s‘satis}.
1994 3631 1997 3632 ί
2194 3631 2199 3632 ί
2524 3631 2535 3632 ί
2600 3522 2811 3578 CAPm
2863 3524 2984 3580 VII.

212 3649 574 3724 requirebat.
609 3647 932 3703 Obsederat
961 3647 1111 3702 fores
1141 3647 1354 3702 domus
1400 3647 1634 3719 copiosa
1666 3631 1852 3704 frater-

1982 3631 2324 3699 Proscriptus
2373 3635 2424 3684 et
2468 3631 2536 3685 ad
2563 3632 2810 3756 pleonemd
2827 3633 3158 3757 postulatur,
3202 3636 3497 3705 prudenter
3538 3653 3619 3692 se-

2716 3718 2775 3756 co
2816 3720 2876 3757 ι..

215 3740 400 3808 nitas,
435 3742 492 3794 et
521 3753 625 3809 per
655 3752 858 3792 omnes
889 3735 1083 3792 aditus
1114 3734 1366 3791 sollicita
1397 3736 1649 3792 eharitas
1670 3737 1874 3792 circui-

213 3830 338 3885 bat.
375 3826 647 3883 Potuisse
696 3826 940 3880 fortasse
984 3827 1124 3878 tunc
1167 3822 1250 3878 illi
1302 3824 1686 3896 apostolicum
1730 3825 1872 3881 illud

225 3915 466 3972 evenire
497 3913 569 3988 (ll
602 3914 723 3970 Cor.
752 3913 854 3984 x1),
887 3912 1040 3984 quod
1073 3911 1275 3979 voluit,
1305 3916 1371 3966 ut
1409 3928 1511 3984 per
1560 3914 1874 3970 fenestram

2057 3823 2268 3879 Statim
2320 3823 2568 3896 denique
2619 3843 2718 3897 pro
2768 3825 2984 3883 talibus
3034 3829 3256 3885 meritis
3285 3831 3461 3891 etiam
3493 3847 3626 3903 pro-

1988 3911 2323 3984 scriptionis
2353 3913 2598 3984 gloriam
2625 3919 2974 3971 consecutus
3004 3921 3112 3972 est.
3136 3917 3251 3974 Nec
3278 3919 3436 3974 enim
3469 3918 3629 3976 aliud

1663 4029 1846 4086 Varia:
1887 4029 2181 4086 lectiones.

290 4130 342 4164 9"
387 4129 732 4186 Sectabatur
788 4126 916 4184 Bod.
981 4127 1031 4182 1.
1109 4127 1155 4161 ³⁵
1213 4125 1436 4182 Meritis
1492 4127 1625 4198 Bod.
1689 4129 1739 4182 1.
1817 4129 1860 4163 ²⁶
1916 4128 2128 4183 Sancta
2182 4129 2358 4184 Oxon.
2438 4127 2482 4160 2⁷
2546 4127 2870 4198 inspirante
2932 4129 3058 4184 Bod.
3118 4130 3168 4184 4.
3249 4131 3295 4166 2⁸
3338 4134 3634 4196 Quantum

208 4201 356 4256 Bod.
412 4201 466 4256 l.
541 4201 588 4235 ²⁹
640 4200 944 4255 Latentem
993 4201 1139 4255 Foss.
1193 4199 1352 4271 Flor.
1419 4199 1464 4233 3°
1511 4197 1852 4271 Flagitabat,
1907 4199 2171 4253 futurum
2220 4200 2370 4271 Imp_._
2434 4198 2475 4232 ³¹
2509 4199 2568 4253 Si
2609 4197 2809 4271 tamen
2842 4216 2975 4254 cum
3020 4202 3162 4256 Flor.
3240 4203 3286 4237 ⁸2
3338 4203 3636 4260 Similaret

207 4272 369 4328 Edit.
425 4273 570 4327 Flor.
613 4271 693 4341 ί³³
723 4271 1051 4341 Suspensos
1104 4269 1273 4326 anxio
1324 4270 1497 4326 Oxon.
1574 4269 1910 4327 3“lenitate
1953 4285 2272 4341 suspensos
2320 4269 2525 4341 Manut.
2601 4270 2646 4303 ³⁵
2677 4272 2808 4335 Quae
2856 4270 2956 4325 illa
3011 4272 3144 4327 Bod.
3181 4274 3231 4328 1.
3307 4274 3351 4308 ³⁸
3381 4278 3639 4332 Censura

209 4358 435 4415 quam,
468 4340 674 4415 sobriae
731 4339 870 4415 Bod.
907 4343 959 4415 1ἐ
1035 4341 1182 4415 3"_Ut
1235 4342 1544 4415 advocaret
1599 4342 1862 4415 Bod._1._A
1889 4341 1934 4415 3f
1964 4339 2080 4415 Nec
2111 4339 2334 4415 _lae_titia
2388 4340 2569 4396 nimia
2601 4342 2727 4396 Bod.
2763 4343 2813 4396 1.
2889 4343 2933 4376 3°
2958 4341 3120 4406 Quod
3161 4345 3417 4400 ostendit
3471 4346 3640 4404 aliter

209 4411 547 4470 ambitiosa
579 4411 882 4483 frugalitas
913 4413 1056 4467 Foss.
1089 4412 1394 4484 Fragilitas
1423 4415 1566 4469 Flor.
1645 4414 1690 4447 ⁴⁰
1721 4411 1868 4477 Quid
1899 4413 2075 4469 faciat
2101 4411 2236 4467 Bod.
2272 4412 2322 4465 1.

1681 4526 1987 4582 Variorum
2027 4529 2197 4580 notae.

291 4626 402 4702 Ab.
421 4629 583 4693 eo,ut
600 4626 850 4702 testatur
869 4621 1332 4696 Hieronymusin
1351 4623 1894 4702 Catgogomanctus
1924 4633 1971 4699 Ι]
2002 4625 2303 4702 οῇξσγςνεειιιν⁸
2317 4638 2417 4693 pro
2430 4639 2529 4702 _eo,
2561 4639 2660 4678 nec
2686 4624 3020 4702 sacriﬁcium
3038 4644 3149 4702 pro
3173 4627 3501 4702 dormitione
3529 4631 3646 4702 ejus

206 4695 828 4770 CyprianusCaecilii
897 4694 1109 4770 nomen
1175 4694 1416 4770 accepit.
1468 4694 1608 4770 Ejds
1677 4697 1893 4770 festum
1924 4694 1961 4699 ⁷
2003 4695 2395 4770 celebraretur.
2428 4699 2605 4770 Porro
2638 4695 2852 4770 mirum
2901 4702 2989 4770 est
3037 4694 3372 4770 Baronium,
3423 4703 3496 4756 ad
3533 4694 3645 4756 an.

208 4765 283 4824 iri
307 4765 623 4842 Martyrol.
670 4768 933 4823 Romano
963 4767 1058 4823 die
1110 4783 1172 4822 ιιι
1214 4765 1376 4822 Jumi
1417 4765 1713 4822 recolitur.
1748 4767 1894 4823 RUI-
2003 4767 2109 4821 250
2141 4765 2522 4843 hunc_loc_u_m
2554 4766 2655 4843 sic_
2682 4765 3060 4843 intellexisse,
3109 4771 3287 4841 quasi
3325 4765 3650 4843 Cyprianus

213 4857 418 4897 NART.
481 4836 500 4842 ⁷
1748 4907 1799 4908 ﬂ,
2008 4836 2264 4892 moriens
2281 4837 2505 4891 Caecilio
2529 4838 2834 4908 conjugem
2859 4855 2924 4908 ac
2949 4836 3165 4898 libero—s
3182 4836 3610 4899 commendarit
3634 4859 3648 4898 :

297 4912 392 4982 (8)
428 4909 957 4986 Commendaretilli
984 4909 1285 4986 conjugem.
1315 4911 1642 4986 Antequam
1679 4907 1901 4986 scilicet
2008 4924 2142 4986 cum
2179 4924 2208 4962 e
2239 4908 2528 4986 contrario
2559 4904 2847 4986 id'feéerit
2877 4904 3160 4986 Caecilius.
3214 4913 3356 4968 Vide
3408 4913 3651 4986 Pagium

218 4978 578 5038 sacerdotio
625 4980 934 5036 intiaretur
988 4996 999 5035 :
1057 4978 1172 5035 nisi
1215 4980 1265 5036 si
1315 4979 1434 5034 haec
1467 4978 1669 5047 tutela,
1713 4979 1902 5034 amica
2010 4980 2135 5035 loco
2167 4994 2339 5050 quem
2375 4980 2546 5034 modo
2578 4978 2985 5036 laudabamus.
3018 4981 3302 5039 Romam.

211 5057 483 5128 tantum
500 5051 932 5128 commendatio
949 5051 1210 5128 est.Nam
1233 5050 1377 5128 alias
1398 5050 1653 5128 vetitum
1681 5055 1805 5128 erat
1831 5066 1902 5104 ne
2080 5052 2157 5122 (9)
2188 5051 2583 5128 [felicissimus
2605 5051 2843 5128 scilicet,
2868 5052 3203 5128 schismatis
3233 5055 3654 5128 antesignanus

209 5124 478 5181 ciericis
508 5122 692 5178 tutela
724 5123 1251 5198 commendaretur,
1273 5126 1428 5198 utex
1459 5122 1584 5198 ipso
1615 5121 1899 5198 Cypriano
2011 5139 2144 5198 cum
2179 5123 2328 5198 aliis,
2362 5139 2508 5192 quos
2537 5121 2848 5198 caldonius
2878 5129 2934 5178 et
2965 5125 3060 5198 alii
3093 5126 3362 5198 Cypriani
3394 5121 3658 5198 absentis

210 5203 476 5250 certum
503 5199 612 5261 est,
645 5194 746 5266 qui
777 5193 1024 5266 epistola
1049 5211 1064 5247 ι
1089 5211 1246 5266 novae
1278 5193 1899 5266 edit_ionis,Pamel.66,
2011 5195 2214 5248 vicarii
2243 5193 2825 5266 excommunicarunt
2857 5209 2868 5246 :
2904 5196 3072 5264 epist.
3101 5193 3192 5263 4‘2,
3213 5199 3428 5254 Pamel.
3461 5197 3655 5253 39.νί-

210 5272 406 5320 vetat
455 5281 527 5321 ne
575 5263 679 5337 pro
725 5263 956 5321 Victore
1003 5265 1103 5336 qui
1172 5263 1900 5337 Geminium_Faustinum
2014 5264 2373 5337 deet’cpist.
2401 5266 2493 5337 41.
2526 5266 2742 5337 Pamel.
2779 5266 2866 5318 38.
2904 5263 3188 5322 ltmmnr.

211 5335 677 5410 presbyterum
717 5337 975 5392 moriens
1027 5335 1283 5410 tutorem
1355 5335 1756 5410 constituerat,
1807 5335 1905 5410 ﬁat
2087 5335 2198 5404 (10)
2233 5335 2656 5410 Catechumenus
2701 5336 2984 5410 diligebat.
3039 5337 3247 5410 Statim
3304 5343 3437 5410 post
3479 5338 3658 5410 {idem

208 5407 487 5482 oblatio,
519 5413 618 5462 aut
645 5408 948 5482 deprecatio
984 5408 1186 5482 aliqua
1226 5408 1448 5482 nomine
1479 5408 1594 5477 ejus
1643 5408 1704 5459 in
1733 5407 1903 5482 eccle-
2016 5409 2349 5482 susceptam
2374 5423 2475 5482 res
2497 5423 2635 5482 suas
2667 5408 2734 5460 ad
2764 5423 3083 5482 pauperum
3109 5407 3492 5482 indigentiam
3529 5409 3664 5464 sub-

207 5480 331 5555 sia_
360 5476 762 5555 frequentatur.
801 5481 861 5534 Id
904 5476 1325 5555 enim,'inquit,
1350 5479 1446 5555 Δαἱ)
1476 5476 1907 5555 antecessoribus
2017 5476 2323 5555 levandam
2357 5477 2700 5535 distraxisse
2731 5476 2949 5535 notavit
2997 5476 3268 5554 Pontius,
3291 5499 3470 5555 supra
3500 5496 3662 5538 num.

206 5550 526 5622 episcopis
555 5550 940 5622 constitutum
975 5552 1181 5622 fuerat,
1201 5548 1278 5605 ‘ut
1305 5551 1359 5604 si
1394 5550 1516 5622 quis
1546 5552 1721 5620 frater
1751 5563 1904 5604 exce-
2014 5551 2069 5605 2.
2105 5548 2385 5604 Romam.

257 5636 388 5678 ens
419 5619 490 5676 ad
521 5621 749 5677 tutelam
775 5622 858 5677 vel
888 5637 1078 5677 curam
1123 5621 1381 5678 clericum
1404 5619 1756 5687 nominaret,
1798 5635 1909 5676 non

585 5749 848 5811 PATIOL.
898 5747 1005 5810 Ill.
3290 5753 3366 5814 At)
