4112 6174
541 276 696 336 1547

1874 274 1937 333 S.
1983 271 2246 333 PONTII
2293 270 2611 334 DIACONI

3679 291 3789 353 1518

542 409 861 481 oportebat,
894 423 1070 480 quam
1102 411 1166 462 ut
1209 423 1342 462 eum
1393 406 1495 480 qui
1541 409 1695 462 intra
1732 409 2012 462 secretam
2044 421 2180 461 con-
2212 405 2266 472 Α
2299 404 2551 462 utilitate
2598 406 2939 462 disserenda
2980 405 3048 472 5‘,
3081 407 3299 463 tametsi
3338 409 3628 480 jamdudum
3668 437 3795 492 pauca

542 498 794 554 scientiae
817 497 1101 552 latebram
1123 496 1417 569 religionis
1447 501 1504 553 et
1526 497 1658 552 fidei
1682 502 1803 552 toto
1834 496 2050 551 honore
2083 495 2183 550 flo-

541 585 909 657 rebat,etiam
941 586 1173 657 publice
1206 585 1496 641 celebrata
1527 585 1835 659 gentilium
1859 585 2016 640 fama
2044 585 2185 639 titu-

540 676 705 732 laret.
755 676 1044 730 Potuissct
1089 675 1328 746 quidem
1380 680 1518 730 tunc
1565 692 1668 746 pro
1716 673 2017 729 velocitate
2073 689 2187 742 qua

544 781 777 837 semper
807 763 1004 820 omnia
1034 767 1386 819 consecutus
1418 763 1715 831 est,etiam
1748 760 2010 833 martyrii
2034 763 2187 816 circa

545 871 678 910 eum
701 853 896 908 debita
925 869 1137 908 corona
1168 867 1477 924 properare
1503 871 1515 920 ;
1541 851 1794 907 maxime
1823 866 1958 905 eum
1991 853 2047 904 et
2065 849 2186 904 suf-

543 943 746 1014 fragiis
773 959 924 1016 saepe
953 941 1215 1014 repetitis
1244 941 1315 996 ad
1349 941 1575 996 leonem
1607 939 2002 1012 postularetur
2031 937 2144 1008 (11)
2171 951 2185 990 ;

546 1033 659 1088 nisi
712 1049 813 1103 per
861 1047 1064 1087 omnes
1107 1030 1341 1086 ordines
1371 1020 1712 1102 gloriarum
1762 1026 2187 1084 transeundum

545 1121 631 1176 illi
660 1126 834 1186 esset,
857 1124 913 1176 et
946 1120 1029 1176 sic
1061 1121 1132 1175 ad
1167 1135 1401 1174 summa
1419 1119 1770 1174 veniendum
1807 1133 1819 1172 :
1855 1121 1908 1171 et
1939 1115 2051 1170 nisi
2084 1114 2190 1168 im-

546 1210 779 1267 minens
797 1211 838 1244 “
873 1209 1044 1264 ruina
1073 1225 1180 1281 ope
1210 1213 1332 1263 tam
1364 1208 1615 1263 foecundi
1666 1205 1913 1278 pectoris
1971 1203 2190 1276 indige-

546 1305 636 1356 ret
665 1301 730 1354 ⁸³.
768 1298 947 1370 Finge
975 1297 1152 1366 enim,
1186 1301 1323 1352 tunc
1357 1296 1522 1351 illum
1560 1294 1822 1367 martyrii
1855 1293 2190 1365 dignatione

546 1387 920 1444 translatum.
965 1385 1104 1452 Quis
1156 1384 1621 1441 emolumentum
1654 1383 1850 1455 gratiae
1882 1398 1983 1454 per
2013 1381 2190 1436 ﬁdem

548 1476 905 1550 proﬁcientia
926 1475 1258 1530 ostenderet
1277 1474 1304 1528 ?
1334 1474 1474 1539 Quis
1499 1473 1754 1545 virgines
1778 1472 1847 1528 ad
1874 1486 2192 1544 congruen-

548 1572 665 1622 tem
695 1564 987 1638 pudicitiaa
1015 1563 1390 1636 disciplinam
1422 1566 1478 1617 et
1506 1561 1773 1617 habitum
1805 1558 2194 1616 sanctimonia

547 1651 814 1724 dignum,
837 1650 994 1707 velut
1029 1651 1208 1705 frenis
1239 1651 1591 1722 quibusdam
1624 1648 1892 1704 lectionis
1922 1648 1966 1681 ‘3
1995 1646 2193 1702 Domi-

548 1741 691 1796 nicas
750 1741 862 1812 (12)
920 1740 1264 1795 coerceret?
1315 1738 1456 1802 Quis
1507 1739 1737 1793 doceret
1792 1736 2191 1809 pcenitentiam

546 1829 1074 1900 lapsos,veritatem
1106 1826 1851 1894 haereticos,schismaticos
1885 1825 2190 1892 unitatem,

547 1919 705 1974 ﬁlios
742 1919 835 1974 Dei
867 1934 1069 1990 pacem
1099 1922 1157 1972 et
1187 1915 1531 1989 evangelica:
1554 1915 1807 1988 precis“
1830 1915 2017 1987 legem
2038 1915 2066 1969 ?
2086 1919 2195 1970 Per

550 2025 723 2080 quem
769 2007 1014 2080 gentiles
1062 2006 1392 2078 blasphemi
1443 2007 1487 2040 ‘5
1531 2005 1891 2078 repercussis
1935 2004 1993 2058 in
2028 2020 2090 2060 se
2121 2003 2193 2058 iis

551 2115 678 2170 quae
703 2094 1606 2168 nobisingerunt,vincerentur?
1635 2097 1680 2148 A
1714 2110 1828 2165 quo
1879 2092 2192 2148 Christiani

551 2187 836 2243 mollioris
866 2187 910 2220 ⁴⁶
940 2185 1181 2242 affectus
1212 2185 1366 2240 circa
1394 2183 1774 2240 amissionem
1806 2198 2070 2248 suorum,
2094 2186 2195 2236 aut

554 2276 710 2349 quod
741 2274 929 2347 magis
958 2279 1048 2330 est
1075 2273 1279 2344 ",ﬁdei
1309 2272 1594 2345 parvioris
1626 2269 2195 2342 consolarentur,spe

552 2363 1084 2421 futurorum?Unde
1098 2361 1177 2417 sic
1192 2359 1836 2427 misericordiam,unde
1851 2358 2192 2431 patientiam

553 2455 913 2509 disceremus
930 2452 958 2506 ?
982 2451 1122 2514 Quis
1153 2449 1392 2505 livorem
1414 2450 1484 2504 de
1506 2448 1711 2504 1488
1740 2452 2022 2503 venenata
2052 2447 2194 2504 invi-

552 2543 660 2598 dias
683 2539 1045 2613 malignitate
1073 2536 1734 2607 venientem,dulcedine
1764 2536 2063 2591 remedii‘8
2094 2554 2193 2593 sa-

548 2631 758 2686 lutaris
787 2629 1118 2685 inhiberet?
1147 2627 1286 2692 Quis
1310 2631 1593 2699 martyres
1616 2629 1809 2681 tantos
1838 2625 2192 2682 exhortatio-

549 2736 622 2776 ne
651 2719 831 2776 divini
863 2718 1153 2775 sermonis
1168 2716 1462 2789 erigeret?
1484 2716 1624 2781 Quis
1655 2714 1908 2786 denique
1939 2718 2023 2770 tot
2054 2732 2190 2770 con-

546 2811 816 2876 fessores,
849 2806 1131 2863 frontium
1161 2809 1498 2861 notatarum
1519 2805 1780 2860 secunda
1811 2804 2191 2876 inscriptione

548 2899 831 2970 signatos,
861 2902 920 2952 et
949 2897 1021 2952 ad
1053 2894 1386 2967 exemplum
1419 2892 1681 2966 martyrii
1722 2894 2068 2964 superstites
2097 2909 2187 2948 re-

546 2992 828 3053 servatos,
860 2985 1146 3042 incentivo
1177 2985 1333 3040 tubae
1363 2983 1616 3038 cmlestis
1649 2981 1983 3037 animaret?
2012 2981 2188 3049 Bene,

545 3077 694 3132 bene
722 3079 860 3130 tunc
890 3079 945 3129 et
975 3089 1102 3129 vere
1133 3071 1474 3145 spiritaliter
1501 3071 1744 3142 contigit
1794 3071 1857 3138 ‘9,
1908 3070 2061 3142 quod
2101 3071 2190 3126 vir

2222 1790 2270 1854 B

2297 495 2885 566 perstrinximus.Per
2912 496 2955 529 ⁵⁵
2985 496 3104 550 hac
3137 495 3284 550 enim
3315 514 3422 569 quae
3449 502 3662 562 videntur
3685 520 3793 581 post-

2296 584 2538 639 modum
2571 584 3182 656 subsecuta,sequitur
3211 589 3272 639 ut
3297 589 3562 657 probemus
3586 612 3799 658 secessum

2296 671 2464 726 illum
2497 689 2615 728 non
2646 672 2905 728 hominis
2937 671 3400 744 pusillanimitate
3428 689 3712 753 conceptum,
3730 691 3798 744 sed

2297 759 2465 816 sicuti
2499 767 2608 827 est,
2638 779 2772 818 vere
2805 761 2987 817 fuisse
3017 762 3293 818 divinum.
3324 764 3609 825 Vastaverat
3629 772 3702 828 Dei
3734 794 3801 847 po-

2296 849 2501 921 pulum
2533 851 2956 923 persecutionis
2987 851 3210 906 infcstze
3239 851 3468 911 insolens
3496 862 3635 929 atque
3657 867 3800 920 acerba

2296 939 2582 1011 grassatio
2613 957 2626 995 :
2659 945 2716 996 et
2746 941 2882 1012 quia
2915 957 3119 996 omnes
3153 942 3394 1013 decipere
3422 962 3524 1000 una
3548 947 3702 1005 fraude
3724 969 3800 1008 non

2297 1034 2526 1099 poterat
2556 1029 2762 1085 artilex
2809 1030 3017 1096 hostis,
3051 1046 3386 1102 quacunque
3433 1034 3575 1090 miles
3612 1037 3799 1096 incautus

2298 1117 2632 1189 prodiderat
2659 1117 2813 1173 latus
2857 1119 3104 1184 nudum,
3139 1119 3343 1190 dispari
3376 1137 3556 1192 genere
3594 1126 3804 1195 saviendi,

2299 1205 2563 1278 singulos
2593 1207 2820 1263 diversa
2849 1212 3040 1279 strage
3073 1209 3601 1277 dejecernt.Debebat
3624 1229 3717 1269 esse
3739 1217 3804 1285 qui

2300 1301 2497 1366 posset
2526 1295 2758 1350 saucios
2787 1295 3075 1359 homines,
3109 1303 3167 1352 et
3206 1297 3350 1352 varia
3379 1303 3696 1372 expugnantis
3731 1303 3804 1357 ini-

2302 1383 2435 1438 mici
2465 1387 2588 1440 arte
2625 1385 2942 1455 jaculatos,
2975 1386 3241 1441 adhibita
3277 1387 3546 1443 medicina:
3578 1389 3808 1446 caalestis’6

2301 1471 2528 1528 medela
2558 1489 2660 1544 pro
2701 1473 2981 1545 qualitate
3010 1474 3284 1543 vulneris,
3317 1475 3396 1530 vel
3443 1492 3607 1532 secare
3631 1478 3808 1547 interim,

2299 1560 2388 1616 vel
2439 1562 2932 1618 fovere.Servatus
2964 1568 3052 1619 est
3092 1564 3180 1618 vir
3212 1563 3436 1636 ingenii,
3466 1571 3637 1637 prater
3657 1573 3810 1634 cetera,

2300 1650 2473 1705 etiam
2507 1651 2848 1722 spiritaliter
2880 1653 3228 1724 temperati;
3261 1654 3356 1725 qui
3385 1653 3520 1709 inter
3559 1656 3812 1711 resultantes

2299 1738 2698 1796 collidentium
2733 1740 3120 1798 schismatum
3140 1741 3608 1814 ﬂuctus,Ecclesi:e
3634 1745 3716 1799 iter
3737 1761 3814 1799 me-

2303 1827 2465 1883 dium
2493 1828 2772 1894 57,1ibrato
2804 1829 2987 1885 limite
3016 1831 3378 1903 gubernaret.
3411 1832 3585 1888 Nonne
3609 1833 3813 1898 hac,om,

2303 1917 2547 1973 consilia
2595 1918 2789 1974 divina
2836 1923 3018 1975 sunt?
3048 1921 3165 1976 Hoc
3215 1921 3334 1976 fieri
3380 1922 3495 1976 sine
3529 1927 3622 1977 Deo
3659 1923 3818 1993 potuit?

2302 2006 2566 2062 Viderint
2595 2009 2692 2078 qui
2724 2013 2933 2079 putant
2963 2026 3134 2080 posse
3168 2010 3396 2065 fortuito
3439 2011 3536 2064 ista
3561 2011 3814 2080 contingere.

2303 2093 2556 2149 Ecclesia
2596 2095 2709 2150 illis
2740 2096 2782 2130 ⁸⁸
2813 2096 2971 2152 clara
2999 2113 3140 2152 voce
3189 2099 3502 2168 respondet,
3530 2098 3690 2153 dicens
3713 2117 3724 2152 :
3746 2103 3818 2168 Ego

2304 2183 2430 2238 sine
2452 2183 2551 2239 Dei
2577 2189 2718 2238 nutu
2747 2185 3106 2242 necessarios
3120 2186 3394 2242 reservari
3416 2204 3519 2241 non
3538 2187 3816 2253 admitto,non

2303 2272 2494 2327 credo.

2823 2380 3016 2436 I489
3058 2381 3295 2438 CAPUT
3334 2383 3424 2438 IX.

2304 2466 2591 2524 Grassante
2617 2469 2746 2524 dira
2789 2475 2957 2540 peste,
2989 2471 3204 2541 plebem
3232 2488 3389 2526 suam
3415 2470 3482 2526 ad
3497 2470 3823 2526 succurrendum

2371 2556 2445 2664 eat
2467 2542 2703 2612 infectis,
2736 2544 2901 2597 etiam
2946 2542 3201 2610 ethnicis,
3235 2544 3440 2613 efﬁcaci
3465 2545 3672 2598 oratione
3704 2541 3822 2594 addu-

2372 2627 2419 2664 cz
2454 2654 2465 2664 .

2372 2627 2465 2665 αι.

2374 2719 2787 2774 Percurramus
2835 2724 3032 2775 tamen
3081 2724 3308 2786 caetera,
3355 2721 3403 2776 si
3447 2721 3655 2775 videtur.
3691 2718 3824 2786 Erupit

2301 2808 2676 2879 postmodum
2698 2807 2826 2864 lues
2848 2809 2976 2865 dira
2998 2813 3084 2878 ;et
3104 2810 3464 2865 detestabilis
3491 2808 3646 2864 morbi
3661 2807 3823 2862 vastitas

2301 2894 2851 2961 nimia,innumeros
2871 2913 2972 2968 per
3003 2897 3158 2952 diem
3179 2899 3426 2971 populos
3453 2916 3484 2953 a
3512 2915 3604 2952 sua
3627 2909 3827 2967 quemque

2300 2984 2435 3039 sede
2463 2984 2712 3055 abrupto
2762 2985 2982 3057 impetu
3015 2986 3276 3058 rapiens,
3319 2985 3639 3042 continuitas
3673 3000 3746 3055 per
3767 2997 3827 3035 or—

2298 3072 2495 3126 dinem
2529 3073 2736 3128 domos
2768 3073 2924 3145 vulgi
2957 3076 3267 3130 trementis
3298 3075 3517 3130 invasit.
3545 3078 3732 3129 Heri-ere
3755 3085 3831 3125 om-

549 3164 916 3221 necessarius
946 3168 1064 3218 tam
1096 3161 1299 3217 multis
1320 3166 1376 3217 et
1400 3166 1517 3215 tam
1554 3160 1719 3216 bonis
1752 3160 1946 3227 rebus,
1973 3177 2006 3215 a
2036 3177 2187 3215 mar-
2221 3158 2263 3224 C
2304 3177 2429 3225 nes,
2482 3161 2678 3231 fugere
2727 3163 2794 3233 ⁵9,
2839 3161 3019 3218 vitare
3065 3164 3425 3236 contagium,
3473 3175 3707 3235 exponere
3741 3172 3830 3212 suos

546 3253 680 3325 tyrii
713 3251 1217 3308 consummatione
1235 3249 1450 3305 dilatus
1479 3252 1587 3304 est.
1613 3247 1808 3304 Vultis
1825 3248 1972 3303 scire
2003 3264 2192 3304 seces-

547 3359 679 3398 sum
712 3341 878 3397 illum
913 3357 1028 3396 non
1068 3339 1248 3395 fuisse
1281 3337 1654 3396 formidinem
1677 3337 1704 3392 ?
1753 3341 1817 3391 ut
1857 3335 2001 3390 nihil
2032 3336 2190 3392 aliud

545 3447 838 3502 excusem,
872 3430 996 3502 ipse
1025 3428 1403 3502 postmodum
1456 3443 1668 3498 passus
1697 3431 1788 3480 est
1841 3442 2018 3496 quam
2051 3443 2188 3498 pas-

543 3519 767 3576 sionem
817 3519 1019 3590 utique
1051 3534 1118 3573 ex
1150 3532 1312 3572 more
1341 3515 1569 3583 vitaret,
1604 3514 1652 3570 si
1682 3520 1739 3570 ei.
1764 3519 1897 3570 ante
1926 3514 2185 3570 vitasset.

543 3608 676 3664 Fuit
702 3623 834 3662 vere
861 3608 905 3642 ⁵ο
934 3605 1182 3662 formido
1212 3604 1333 3671 illa,
1391 3605 1492 3660 sed
1532 3604 1696 3674 justa
1729 3621 1740 3658 :
1778 3603 2026 3658 formido
2059 3620 2184 3675 quae

539 3695 850 3752 Dominum
881 3694 1110 3750 timeret
1139 3693 1427 3750 otfendere
1453 3710 1466 3747 :
1500 3691 1744 3746 formido
1776 3708 1902 3762 qua:
1932 3708 2183 3764 praecep-

537 3785 615 3840 tis
645 3784 746 3840 Dei
779 3783 977 3839 mallet
1025 3782 1288 3853 obsequi,
1322 3797 1498 3852 quam
1541 3779 1625 3835 sic
1665 3780 1947 3836 coronari.
1985 3781 2182 3837 Dicata

539 3873 694 3928 enim
727 3873 787 3929 in
821 3872 1093 3929 omnibus
1138 3873 1248 3926 Deo
1280 3875 1531 3937 mens,et
1560 3870 1643 3925 sic
1665 3870 1710 3904 ⁵³
1743 3869 1955 3925 divinis
1983 3870 2180 3926 admo-

538 3960 862 4017 nitionibus
911 3959 1243 4030 mancipata
1290 3955 1538 4012 credidit
1577 3971 1639 4011 se
1688 3956 1801 4011 nisi
1833 3956 1877 3990 ³³
1914 3955 2176 4024 Domino,

534 4050 819 4107 latebram
850 4054 991 4104 tunc
1013 4046 1248 4119 jubenti
1277 4048 1321 4081 ³³
1352 4045 1662 4118 paruisset,
1690 4045 1863 4101 etiam
1897 4045 2024 4117 ipsa
2053 4062 2180 4117 pas-

535 4141 698 4196 sione
728 4154 988 4211 peccare.

1147 4224 1378 4281 CAPUT
1419 4224 1564 4281 VIII.

649 4317 816 4389 quue
842 4315 1042 4372 accidit
1069 4330 1137 4370 ea:
1168 4313 1375 4370 divinae
1403 4311 1776 4369 Providentia:
1805 4312 2051 4367 consilio.

600 4406 747 4462 Puto
795 4404 1045 4476 denique
1092 4403 1268 4459 etiam
1318 4417 1475 4457 nunc
1524 4400 1718 4472 aliqua
1757 4401 1827 4455 de
1875 4398 2173 4456 dilationis

2302 3249 2480 3321 impie
2514 3266 2526 3303 :
2564 3251 2733 3322 quasi
2784 3267 2919 3305 cum
2965 3251 3065 3307 illo
3117 3257 3283 3324 peste
3331 3253 3590 3308 morituro
3629 3251 3681 3316 6°;
3717 3248 3833 3302 etiam

2303 3342 2550 3392 mortem
2603 3339 2790 3410 ipsam
2825 3338 3038 3411 aliquis
3088 3347 3292 3413 posset
3322 3341 3617 3397 excludere.
3641 3335 3834 3392 Jacebant

2306 3426 2534 3482 interim
2566 3425 2626 3482 in
2659 3432 2780 3482 tota
2827 3427 3078 3497 civitate,
3113 3447 3232 3485 non
3273 3432 3399 3501 jam
3430 3445 3657 3500 corpora,
3683 3425 3754 3480 sed
3775 3438 3836 3476 ca-

2298 3517 2508 3571 davera
2539 3515 2953 3588 plurimorum,
2983 3523 3041 3573 et
3071 3519 3527 3575 misericordiam
3554 3519 3603 3572 in
3629 3531 3676 3571 se
3706 3519 3833 3566 trans-

2296 3604 2560 3660 euntium
2595 3605 3086 3676 contemplatione
3109 3609 3293 3664 sortis
3327 3612 3533 3664 mutuis
3572 3602 3834 3676 ﬂagitabant.

2295 3693 2471 3748 Nemo
2503 3693 2756 3764 respexit
2786 3693 2944 3748 aliud
2973 3695 3015 3728 δ¹
3051 3701 3441 3769 ρτεεῐθιηυειω
3475 3696 3616 3750 lucra
3639 3688 3833 3746 crudelia.

2294 3781 2475 3837 Nemo
2501 3782 2714 3837 similis
2738 3787 2977 3838 eventus
3001 3785 3405 3842 recordatione
3423 3781 3835 3857 trepidavitznemo

2293 3869 2426 3925 fecit
2451 3871 2638 3938 alteri,
2673 3887 2787 3942 quo
2837 3872 2953 3942 pati
2984 3873 3030 3906 ⁸³
3061 3873 3269 3930 voluit.
3296 3875 3440 3937 Quid
3472 3875 3606 3928 inter
3629 3871 3722 3924 hac
3743 3879 3829 3934 ege-

2292 3957 2367 4012 rit
2395 3958 2610 4014 Christi
2641 3963 2698 4014 et
2749 3958 2845 4014 Dei
2875 3959 3138 4016 Pontifex
3169 3963 3239 4032 53,
3272 3963 3372 4032 qui
3404 3959 3671 4034 pontiﬁces
3695 3948 3833 4009 mundi

2291 4046 2470 4117 hujus
2502 4050 2663 4104 tanto
2697 4047 2831 4120 plus
2859 4048 3336 4120 pietate,quanto
3376 4048 3647 4121 religionis
3672 4041 3831 4098 veritate

2289 4141 2682 4207 praecesserat,
2716 4136 2907 4193 scelus
2937 4141 3027 4193 est
3055 4139 3377 4209 praeterire.
3404 4139 3733 4210 Aggregatam
3754 4124 3827 4198 βτί·

2289 4241 2383 4279 mo
2415 4224 2475 4279 in
2507 4221 2631 4280 loco
2665 4241 2780 4279 uno
2794 4224 3022 4296 plebem
3057 4225 3124 4282 de
3140 4226 3549 4283 misericordia
3566 4222 3701 4279 bonis
3724 4212 3832 4271 insti-

2287 4313 2399 4368 tuit
2426 4313 2492 4380 ⁸⁸,
2523 4313 2738 4370 docens
2767 4313 2973 4369 divinae
3011 4313 3285 4372 lectionis
3318 4314 3604 4388 exemplis.
3631 4311 3836 4383 quantum

2284 4403 2357 4458 ad
2389 4402 2840 4474 promerendum
2889 4402 3075 4458 Deum
3127 4404 3365 4476 prosint
3391 4403 3572 4460 ofﬁcia
3595 4392 3836 4473 pietatis“.

1973 4514 2148 4572 Variae
2183 4517 2484 4574 lectiones.

593 4612 637 4645 “
672 4611 1054 4665 Imminentes
1109 4607 1291 4663 ruinae
1347 4605 1480 4661 Bod.
1536 4605 1587 4660 l.
1650 4606 1794 4660 Foss.
1870 4604 1916 4638 ⁴²
1949 4603 2201 4662 Pectoris
2259 4606 2584 4665 indigerent
2641 4606 2776 4662 Bod.
2811 4608 2860 4661 1.
2938 4607 2984 4646 ‘3
3023 4607 3372 4665 Dilectionis
3429 4605 3698 4664 dominicis
3742 4599 3837 4652 F053.

524 4683 570 4718 ⁴⁴
627 4682 976 4754 Evangelicae
1039 4677 1382 4754 pacis_Bod.
1446 4679 1496 4731 1.

1599 4676 1642 4709 ⁸⁵
1699 4675 2113 4747 Blasphemare
2169 4677 2326 4734 soliti

2429 4677 2514 4733 od.
2578 4678 2627 4732 1.

2731 4679 2775 4712 ⁴⁶
2833 4677 3088 4734 Melioris
3147 4681 3289 4736 Bod.
3331 4684 3381 4736 1.
3483 4681 3523 4712 ‘7
3577 4673 3731 4746 Magis
3770 4672 3839 4722 est.

522 4759 766 4809 mortem
783 4743 996 4824 "ipsam
1029 4743 1131 4824 pro
1164 4751 1274 4806 fide
1300 4747 1530 4824 passuri
1561 4747 1702 4824 Bod.
1728 4749 1797 4824 1;
1823 4743 1896 4824 _"3
1931 4746 2257 4824 [ληκεθόίῐιφΔ
2273 4748 2553 4824 spiritalis
2578 4747 2708 4824 Bod.
2743 4750 2797 4824 1_._
2829 4749 3089 4824 Salutem
3120 4753 3255 4808 Bod.
3294 4755 3345 4807 1.
3424 4753 3467 4786 ‘9
3494 4751 3624 4824 Vere
3657 4743 3732 4801 Dei
3757 4753 3842 4804 DYO'

518 4825 776 4881 videntia
808 4818 936 4880 Bod.
974 4818 1046 4878 1.’
1127 4824 1170 4856 ⁵ο
1209 4818 1355 4876 Vero
1389 4822 1559 4876 Oxon.
1664 4820 1704 4852 δι
1741 4818 1909 4873 Fides
1950 4818 2121 4874 Oxon.

519 4897 670 4951 renti
695 4913 807 4951 non
839 4896 967 4951 Bod.
1003 4895 1053 4950 1.
1106 4894 1286 4948 Morel.
1364 4893 1408 4925 5‘
1439 4891 1688 4946 Dicenda
1733 4890 1964 4945 tametsi
1998 4890 2127 4944 Bod.
2164 4892 2214 4947 1.
2263 4893 2406 4947 F053.
2444 4891 2631 4947 Morel.
2709 4892 2752 4925 ⁵⁵
2781 4892 2930 4946 Dum
2980 4893 3134 4949 enim

518 4969 660 5022 dum
721 4968 1035 5024 subsecuta
1093 4963 1436 5030 sentiamus,
1496 4962 1779 5034 sequitur
1825 4966 1888 5015 ut
1942 4961 2258 5034 probemus
2311 4979 2631 5018 secessum.
2689 4965 2830 5018 Foss.
2891 4965 3034 5018 Flor.

1317 5035 1359 5073 53
1391 5032 1648 5088 Ecclesia
1703 5032 1860 5087 illius
1917 5032 2062 5088 Foss.
2168 5035 2212 5068 5°

517 5040 560 5073 ⁵⁷
595 5040 748 5094 Inter
775 5040 1032 5093 medium
1071 5037 1217 5091 Flor.

2216 4821 2261 4854 ⁵³
2291 4821 2391 4886 Ne,
2420 4821 2466 4875 si
2499 4820 2630 4874 Bod.
2666 4821 2716 4874 1.
2750 4821 2931 4876 Morel.

3035 4823 3079 4856 ⁵³
3142 4824 3456 4879 Latebram
3515 4823 3648 4876 hunc
3693 4824 3840 4881 sugge‘

3169 4912 3304 4965 qua:
3358 4896 3614 4950 videntur
3655 4891 3841 4965 posti“?

3138 4951 3207 4999 ⁵6⁵
3244 4967 3506 5022 leestis
3560 4951 3786 5018 arte'Bod.
3811 4951 3842 5003 1ο

2270 5034 2430 5109 Flere
2486 5035 2658 5109 Flor._
2691 5035 2830 5109 Foss.
2935 5037 2980 5069 ⁶⁰
3032 5036 3174 5109 Cium
3239 5038 3346 5092 illa
3403 5042 3554 5109 peste
3593 5029 3839 5109 moriture?

512 5112 656 5167 Fosi.
735 5114 778 5149 ⁶¹
813 5109 958 5164 Illud
1010 5109 1150 5162 Flor.
1231 5106 1279 5178 δῖ
1306 5105 1630 5178 Ουοάίεὶβὶ
1662 5102 2093 5178 _ﬁeri__voluerit
2142 5106 2266 5161 Sur.
2298 5105 2469 5162 Oxon.
2547 5105 2591 5138 ⁸³
2621 5105 2942 5178 Episcopus
2981 5112 3040 5162 et
3069 5108 3169 5164 Dei
3224 5110 3362 5165 Bod.
3403 5096 3448 5164 ἱ.
3521 5108 3564 5142 5‘
3593 5099 3780 5160 Instruit
3805 5096 3843 5145 el

513 5185 682 5239 docet
707 5181 852 5237 Flor.
929 5181 972 5213 ⁸⁵
1005 5178 1206 5233 Ofﬁcia
1234 5176 1535 5232 charitatis
1564 5175 1694 5230 Bod.
1730 5177 1780 5230 1.
1812 5175 1995 5231 Morel.

1956 5290 2262 5348 Variorum
2305 5297 2471 5348 notae.

582 5386 692 5457 (ll)
741 5383 820 5438 Ad
869 5383 1076 5457 leonem
1122 5379 1617 5457 postularelu_rj.__l_d
1666 5378 1861 5457 ipsum
1909 5382 2160 5457 testatur

509 5449 833 5529 Cyprianus
865 5455 1033 5529 epist.
1077 5449 1213 5529 edit.
1252 5452 1486 5529 Pamelii
1518 5453 1608 5529 52}.
1661 5449 1886 5522 Anglic.
1919 5467 2062 5529 vero
2081 5452 2158 5529 ad

509 5522 822 5588 Oorneliani
872 5522 1102 5598 Papam.
1165 5522 1637 5598 Proscriptionis‘
1671 5538 1804 5576 vero
1889 5523 2158 5578 meminit

506 5603 680 5678 epist.
709 5601 799 5674 66,
831 5594 974 5657 alias
1005 5600 1094 5667 69,
1127 5598 1200 5655 ad
1229 5594 1572 5669 Pupianum.
1605 5594 1886 5652 Harmar.

2338 5381 2449 5453 (12)
2481 5380 2751 5436 Lectionis
2798 5380 3112 5438 Domim'ca’.
3147 5383 3290 5439 Cod.
3327 5386 3547 5440 Fossat.
3586 5371 3837 5453 dilectioni!-

2268 5451 2373 5527 Hic
2421 5452 2602 5508 libros
2633 5469 2667 5527 a
2709 5453 2996 5527 Cypriane
3041 5455 3296 5527 scriptos
3344 5456 3607 5527 designat
3646 5451 3839 5527 Pollii“:

2267 5525 2544 5588 Secessus
2557 5523 2666 5608 “eam
2698 5520 3028 5608 apologjam
3062 5520 3318 5596 ipsemet
3349 5520 3581 5600 scripsit
3607 5523 3669 5579 ad
3697 5520 3843 5574 Rom!-

2271 5613 2400 5668 nos,
2433 5613 2524 5669 ep.
2557 5596 2650 5668 20,
2681 5593 2831 5652 alias
2866 5593 2952 5652 15.
2984 5593 3268 5656 Rufum.
