4112 6174
355 245 511 304 1549

1682 239 1866 300 νιΤΑ
1909 239 1976 300 8.
2025 237 2423 298 CYPRIANI.

3597 245 3626 304 1
3637 244 3758 308 550

351 375 516 431 Tunc
547 373 756 429 deinde
780 371 1089 444 subjungit
1105 387 1222 428 non
1236 385 1363 427 esse
1385 368 1730 439 mirabile,si
1762 373 1994 426 nostros
2023 369 2078 435 Α
2109 367 2306 423 silium
2339 369 2469 440 (14).
2505 369 2662 424 Ilanc
2693 368 2852 424 enim
2881 367 3065 423 vicem
3099 382 3331 441 semper
3371 376 3785 443 reprzesentat'

350 467 583 519 tantum
616 461 813 518 debito
844 460 1145 517 charitatis
1173 459 1452 530 obsequio
1505 460 1993 514 foveremuszcum

351 551 671 624 perfectum
693 551 738 586 ⁸⁸
759 566 932 623 posse
951 548 1076 605 ﬁeri
1098 549 1198 621 qui
1219 548 1354 621 plus
1374 549 1417 584 6⁷
1439 547 1666 619 aliquid
1684 547 1994 620 publicano

347 640 436 697 vel
470 640 705 697 ethnico
738 638 937 695 fecerit
965 653 978 692 :
1014 637 1114 709 qui
1144 636 1365 693 malum
1400 639 1700 708 (Romxm,
1723 638 1817 704 21)
1842 635 1993 691 bono

342 728 604 796 vincens,
638 733 695 784 et
723 727 931 782 divina:
962 726 1284 783 clementiae
1314 727 1501 782 instar
1545 741 1840 790 exercens,
1875 723 1988 778 ini-

345 817 531 875 micos
559 833 790 888 quoque
818 815 1086 872 dilexerit
1115 832 1129 870 :
1165 815 1264 886 qui
1298 831 1402 887 pro
1433 813 1909 886 persequentium
1928 829 1991 868 se

345 905 556 976 salute,
591 905 763 961 sicuti
794 903 1081 960 Dominus
1111 910 1311 959 monet
1358 907 1415 959 et
1460 903 1746 968 hortatur,
1787 901 1986 957 orarit.

339 995 491 1051 Oriri
525 994 916 1066 (Matth.v,45)
949 993 1102 1048 Deus
1127 992 1268 1047 facit
1280 991 1698 1064 jugitersolem
1729 995 1990 1059 suum,et

339 1081 569 1154 pluvias
583 1080 831 1137 subinde
847 1078 1808 1150 nutriendisseminibusimpertit;
1833 1079 1985 1134 exhi-

335 1169 483 1226 bens
513 1170 722 1224 1490
749 1173 960 1224 cuncta
989 1167 1244 1232 ista,non
1271 1167 1394 1222 suis
1427 1167 1784 1235 tantum,sed
1809 1167 1985 1223 etiam

335 1257 542 1314 alienis
576 1275 589 1312 :
623 1262 682 1314 et
712 1256 812 1330 qui
841 1273 902 1313 se
931 1255 1031 1312 Dei
1062 1255 1238 1311 etiam
1278 1255 1465 1311 ﬁlium
1498 1272 1626 1311 esse
1657 1257 1981 1326 proﬁtetur,

334 1361 440 1401 cur
470 1362 585 1402 non
616 1344 949 1417 exemplum
981 1345 1167 1417 patris
1196 1345 1239 1380 ⁸³
1279 1344 1551 1400 imitatur
1579 1346 1622 1385 ⁸ο
1656 1344 1684 1399 ‘2
1718 1345 1981 1416 Respon-

330 1434 511 1501 deret,
541 1433 750 1506 inquit,
782 1450 890 1490 nos
938 1432 1104 1489 decet
1151 1432 1446 1489 natalibus
1477 1432 1714 1502 nostris,
1747 1437 1804 1487 et
1833 1449 1981 1504 quos

330 1527 564 1580 renatos
592 1539 698 1596 per
729 1528 910 1579 Deum
941 1523 1513 1595 constat,degeneres
1544 1537 1672 1577 esse
1703 1538 1817 1576 non
1841 1538 1976 1577 con-

327 1613 533 1684 gruit;
565 1613 666 1669 sed
709 1611 942 1685 probari
989 1610 1186 1683 potius
1236 1610 1296 1664 in
1347 1609 1545 1667 sobole
1586 1611 1631 1644 7°
1676 1611 1976 1665 traducem

329 1701 468 1756 boni
500 1700 687 1773 patris
719 1699 1088 1756 aemulatione
1118 1699 1420 1755 bonitatis.

983 1788 1216 1845 CAPUT
1247 1787 1314 1842 X.

824 1879 898 1933 De
939 1877 1123 1934 eodem
1152 1880 1477 1949 argumento

399 1965 585 2024 Multa
610 1965 728 2024 alia
755 1967 823 2034 τι,
857 1970 913 2022 et
943 1965 1181 2037 quidem
1227 1981 1461 2038 magna,
1511 1968 1810 2036 praetereo,
1844 1981 1970 2037 qua

323 2055 692 2129 temperandi
723 2053 1041 2111 voluminis
1071 2053 1216 2109 ratio
1244 2070 1360 2109 non
1413 2053 1634 2125 patitur
1662 2052 1971 2124 prolixiore

323 2161 594 2202 sermone
654 2142 925 2216 replicari
982 2143 1027 2177 ⁷³
1086 2159 1099 2197 :
1159 2143 1228 2198 de
1297 2142 1518 2214 quibus
1574 2141 1683 2198 hoc
1740 2147 1968 2198 tantum

321 2233 541 2290 dixisse
563 2233 708 2290 satis
725 2231 1005 2298 est.Quod
1028 2230 1079 2285 si
1101 2229 1202 2286 illa
1215 2230 1461 2304 gentiles
1484 2247 1586 2302 pro
1616 2231 1835 2287 nostris
1856 2233 1968 2303 (13)

319 2322 524 2378 audire
556 2321 905 2395 potuissent,
940 2319 1184 2376 forsitan
1217 2319 1414 2376 statim
1465 2321 1784 2376 crederent.
1817 2320 1965 2386 Quid

319 2410 652 2467 Christiana
680 2410 846 2483 plebs
877 2411 1112 2479 faceret,
1162 2408 1258 2464 cui
1307 2409 1378 2464 de
1409 2408 1522 2464 ﬁde
1560 2425 1773 2465 nomen
1822 2410 1967 2465 est?

321 2499 646 2556 Distributa
675 2505 814 2556 sunt
837 2515 974 2571 ergo
1005 2497 1281 2554 continuo
1311 2515 1415 2570 pro
1465 2495 1746 2568 qualitate
1777 2496 1964 2553 homi-

326 2603 470 2642 num
498 2591 673 2659 atque
703 2587 977 2654 ordinum
1002 2585 1345 2640 ministeria.
1376 2584 1541 2640 Multi
1563 2584 1661 2656 qui
1690 2584 1965 2654 angustia

313 2674 678 2746 paupertatis
708 2673 992 2728 beneﬁcia
1024 2677 1300 2743 sumptus
1334 2671 1607 2727 exhibere
1653 2689 1768 2726 non
1802 2676 1960 2743 pote-

313 2761 613 2833 rant,plus
625 2761 962 2832 sumptibus
985 2759 1488 2827 exhibebant,com
1500 2764 1812 2831 pensantes
1834 2777 1962 2832 pro-

311 2849 437 2921 prio
469 2849 669 2906 labore
698 2849 1024 2906 mercedem
1057 2848 1276 2903 divitiis
1301 2849 1576 2902 omnibus
1610 2847 1956 2903 chariorem.

309 2939 380 2994 Et
406 2937 540 3010 quis
571 2955 687 2994 non
721 2938 830 2994 sub
859 2941 1022 2993 tanto
1056 2937 1290 2992 doctore
1349 2952 1660 3008 properare
1710 2937 1955 2992 inveniri

2109 457 2399 528 impietas,
2434 463 2498 513 ut
2532 458 2871 514 melioribus
2901 459 3099 530 pejora
3124 460 3169 492 ⁷³
3201 460 3578 516 restituat.E't
3602 464 3742 534 quid

2105 548 2378 602 sacerdos
2408 548 2528 613 Dei,
2568 548 2912 619 proconsule
2933 546 3740 622 interrogante,responderit,

2103 641 2241 689 sunt
2268 638 2409 692 Acta
2438 637 2550 706 (15)
2582 653 2705 706 quae
2747 637 3016 690 referant.
3069 635 3407 692 Excluditur
3450 638 3682 696 interim
3716 659 3746 698 e

2102 723 2330 779 civitate
2359 725 2537 791 7‘,ille
2573 724 2670 796 qui
2707 725 2916 779 fecerat
2946 723 3083 778 boni
3115 723 3335 796 aliquid
3370 743 3470 796 pro
3495 727 3744 786 civitatis

2100 811 2289 867 salute
2324 831 2336 874 :
2371 813 2468 867 ille
2498 813 2599 884 qui
2632 812 2992 867 laboraverat
3022 829 3094 867 ne
3113 812 3436 869 viventium
3463 817 3616 872 oculi
3646 835 3744 890 pa-

2098 904 2361 956 terentur
2390 901 2630 956 infernaa
2660 902 2822 957 sedis
2850 902 3148 956 horrorem
3185 919 3197 969 ;
3231 901 3740 977 ille,inquam,qui

2097 989 2356 1044 excubiis
2403 989 2637 1059 pietatis
2686 989 3017 1061 invigilans,
3071 989 3212 1059 proh
3264 992 3462 1047 nefas!
3508 993 3740 1066 ingrata

2097 1076 2357 1132 bonitate
2397 1077 2742 1148 providerat,
2785 1076 3178 1134 ne'omnibus
3230 1083 3439 1136 tetram
3487 1082 3737 1142 civitatis

2095 1164 2299 1220 faciem
2333 1166 2820 1236 relinquentibus,
2856 1166 3072 1222 multos
3103 1167 3332 1223 exsules
3355 1169 3584 1228 deserta
3615 1190 3737 1230 res-

2093 1252 2348 1324 publica,
2383 1255 2583 1309 1491
2621 1273 2688 1310 ac
2746 1255 3023 1310 destituta
3083 1255 3270 1326 patria
3327 1259 3588 1315 sentiret.
3623 1263 3734 1319 Sed

2091 1342 2298 1398 viderit
2328 1343 2608 1399 saeculum
2638 1344 2702 1411 ⁷⁵,
2737 1345 2829 1400 cui
2880 1344 3031 1398 inter
3061 1360 3262 1415 poenas
3305 1345 3544 1402 exilium
3574 1365 3733 1406 com-

2089 1435 2351 1503 putatur.
2385 1431 2504 1487 Illis
2535 1433 2723 1504 patria
2750 1435 2794 1468 ⁷⁸
2825 1433 3000 1487 nimis
3018 1432 3277 1504 chara,et
3306 1450 3614 1494 commune
3634 1455 3734 1496 no-

2089 1535 2222 1574 men
2255 1525 2342 1574 est
2373 1537 2506 1575 cum
2538 1521 2879 1592 parentibus
2915 1539 2928 1576 :
2964 1539 3068 1576 nos
3100 1526 3157 1576 et
3186 1527 3459 1593 parentes
3491 1525 3731 1597 ipsos,si

2087 1613 2288 1664 contra
2317 1610 2630 1665 Dominum
2661 1610 3388 1678 suaserint,abhorremus.
3415 1612 3532 1669 lllis
3565 1620 3731 1671 extra

2086 1696 2378 1753 civitatem
2409 1715 2578 1754 suam
2606 1699 2794 1754 vivere
2814 1700 3006 1771 gravis
3028 1717 3199 1771 paena
3228 1705 3319 1756 est
3347 1717 3359 1755 :
3394 1702 3726 1761 Christiano

2085 1789 2240 1841 totus
2270 1786 2362 1842 hic
2393 1789 2650 1843 mundus
2685 1805 2802 1844 una
2861 1789 3072 1844 domus
3111 1795 3220 1844 est.
3285 1790 3468 1858 Unde,
3499 1792 3635 1848 licet
3665 1794 3725 1848 in

2055 1875 2351 1931 abditum
2382 1882 2440 1932 et
2468 1877 2808 1933 abstrusum
2839 1877 3030 1934 locum
3062 1878 3238 1933 fuerit
3268 1878 3581 1952 relegatus,
3615 1883 3723 1938 ad-

2082 1962 2296 2019 mistus
2329 1965 2424 2019 Dei
2457 1964 2550 2020 sui
2582 1967 2757 2022 rebus
2789 1967 3058 2022 exsilium
3107 1983 3222 2022 non
3256 1972 3449 2040 potest
3479 1986 3722 2043 compu-

2078 2052 2386 2107 tare.Adde
2417 2055 2570 2124 quod
2605 2060 2716 2110 Deo
2748 2055 2970 2128 integre
2990 2056 3453 2124 serviens,etiam
3485 2060 3726 2131 propria

2079 2138 2139 2194 in
2164 2139 2394 2196 civitate
2420 2143 2764 2213 peregrinus
2795 2148 2900 2200 est.
2923 2145 3070 2200 Dum
3103 2144 3257 2201 enim
3288 2161 3350 2202 se
3380 2146 3721 2205 carnalibus

2077 2227 2384 2284 desideriis
2414 2230 2773 2287 continentia
2794 2234 2980 2287 sancti
3009 2233 3262 2303 Spiritus
3283 2233 3561 2303 abstinet,
3585 2253 3722 2292 con-

2075 2315 2461 2373 versationem
2490 2317 2702 2388 prioris
2732 2320 2988 2376 hominis
3013 2337 3328 2392 exponens,
3362 2323 3540 2380 etiam
3572 2325 3725 2382 inter

2077 2403 2230 2460 cives
2261 2422 2423 2472 suos,
2456 2411 2578 2476 aut,
2610 2424 2788 2479 prOpc
2818 2409 3085 2475 dixerim,
3137 2409 3289 2466 inter
3328 2416 3599 2482 parentes
3629 2413 3720 2484 ip-

2076 2509 2193 2564 sos,
2224 2493 2356 2547 vita:-
2385 2495 2681 2549 terrestris
2713 2495 2938 2552 alienus
2977 2502 3082 2553 est.
3125 2499 3362 2554 Accedit
3393 2501 3573 2571 quod,
3607 2501 3718 2556 etsi

2074 2580 2195 2635 haec
2216 2581 2360 2635 alias
2393 2599 2561 2652 pmna
2586 2588 2783 2653 posset
2802 2585 3126 2654 77videri,in
3149 2585 3488 2656 hujusmodi
3523 2593 3718 2644 tamen

2073 2670 2266 2724 causis
2299 2674 2471 2740 atque
2503 2671 2810 2726 sententiis
2841 2689 2988 2743 quas
3020 2674 3092 2728 ad
3126 2676 3439 2745 probanda:
3477 2676 3715 2734 virtutis

2070 2757 2462 2828 experimenta
2491 2759 2867 2830 perpetimur,
2901 2778 3012 2816 non
3041 2766 3131 2816 est
3156 2763 3504 2835 paena,quia
3532 2765 3717 2833 gloria

2069 2849 2159 2900 est
2188 2846 2250 2900 ⁷⁸.
2286 2848 2394 2902 Sed
2427 2851 2549 2902 esto
2581 2864 2742 2914 sane,
2773 2849 2940 2905 nobis
2963 2867 3133 2920 poena
3163 2867 3276 2906 non
3308 2852 3388 2907 sit
3417 2853 3712 2910 exsilium.

2068 2933 2190 2990 Illis
2222 2934 2492 2990 ultimum
2526 2936 2742 2992 crimen
2775 2943 2832 2992 et
2860 2939 3184 3009 pessimum
3219 2940 3381 2995 nefas
3411 2941 3587 2998 etiam
3618 2943 3706 3014 ip-

310 3028 370 3083 in
401 3030 564 3100 parte
594 3026 795 3099 aliqua
823 3026 960 3082 talis
989 3025 1233 3092 militiae,
1264 3041 1367 3096 per
1412 3041 1586 3096 quam
1620 3025 1872 3096 placeret
1901 3030 1958 3081 et
2066 3039 2263 3079 sorum
2296 3025 2652 3080 conscientia
2675 3025 2841 3080 testis
2869 3027 3124 3082 ascribat
3152 3027 3254 3098 qui
3279 3035 3527 3100 possunt
3549 3031 3712 3087 inno-

267 3105 272 3110 ’
308 3116 424 3172 Deo
455 3117 635 3183 Patri,
668 3119 726 3171 et
746 3115 935 3186 judici
965 3113 1213 3182 Christo,
1246 3119 1304 3169 et
1348 3118 1470 3169 tam
1522 3114 1672 3169 bono
1718 3114 1952 3171 interim
1985 3103 2028 3170 C
2067 3113 2337 3169 centibus
2367 3112 2623 3185 irrogare
2653 3116 2806 3185 quod
2838 3120 3048 3187 putant
3078 3133 3327 3186 poenam.
3381 3119 3523 3175 Nolo
3556 3138 3711 3179 nunc

309 3205 634 3262 sacerdoti?
664 3205 863 3260 Fiebat
884 3203 1080 3275 itaque
1107 3202 1552 3260 exuberantium
1585 3220 1826 3275 operum
1849 3203 1959 3259 lar-

309 3295 514 3366 gitate,
546 3293 704 3365 quod
729 3292 930 3365 (Galat.
959 3309 1036 3362 vx,
1071 3293 1159 3365 10)
1188 3292 1410 3348 bonum
1444 3296 1533 3348 est
1563 3293 1719 3364 apud
1753 3309 1957 3348 omnes

306 3399 424 3438 non
457 3382 528 3438 ad
560 3381 716 3439 solos
745 3381 1101 3438 domesticos
1141 3381 1298 3436 ﬁdei.
1343 3380 1542 3437 Fiebat
1572 3379 1704 3452 plus
1735 3380 1953 3452 aliquid

307 3487 485 3544 quam
517 3471 588 3527 de
609 3471 799 3527 Tobiae
822 3469 1270 3542 incomparabili
1293 3469 1506 3542 pietate
1537 3470 1834 3541 signatum
1868 3474 1958 3526 est

309 3560 582 3634 Ignoscat
632 3559 752 3629 ille,
811 3564 868 3615 et
925 3560 1190 3631 ignoscat
1244 3559 1478 3626 iterum,
1512 3563 1570 3614 et
1618 3559 1955 3630 frequenter

304 3649 568 3722 ignoscat
599 3667 612 3718 ;
648 3653 768 3720 aut,
801 3653 867 3704 ut
893 3649 1092 3705 verius
1121 3647 1390 3719 dixerim,
1417 3647 1624 3703 merito
1651 3649 1950 3719 concedat,

301 3739 538 3794 tametsi
559 3743 694 3794 ante
709 3737 1006 3794 Christum
1040 3736 1358 3808 plurimum
1384 3735 1708 3809 licuit,plus
1734 3736 1948 3808 aliquid

302 3825 545 3884 licuisse
574 3831 707 3899 post
735 3826 1230 3897 Christumzcujus
1255 3825 1620 3898 temporibus
1643 3825 1948 3897 plenitudo

303 3916 552 3972 debetur
578 3917 723 3987 (Tob.
758 3915 842 3989 II).
874 3914 1118 3970 Necatos
1168 3913 1266 3970 ille
1315 3931 1350 3970 a
1394 3931 1527 3987 rege
1573 3920 1630 3971 et
1659 3917 1947 3987 projectos

289 4003 385 4061 sui
419 4008 654 4060 tantum
684 4003 915 4078 generis
945 4002 1277 4076 colligebat.

931 4093 1162 4148 CAPUT
1203 4093 1301 4147 XI.

669 4183 904 4240 Pellitur
933 4184 993 4238 in
1023 4183 1266 4238 exilium
1294 4182 1567 4239 Gurubz’n.

2068 3201 2395 3257 describere
2428 3200 2537 3256 loci
2563 3203 2837 3273 gratiam,
2869 3210 2926 3257 et
2968 3203 3309 3260 deliciarum
3341 3206 3603 3263 omnium
3634 3226 3710 3281 pa

2068 3295 2322 3346 raturam
2354 3289 2586 3345 interim
2618 3295 2870 3347 transeo.
2922 3293 3236 3364 Fingamus
3285 3293 3479 3350 locum
3540 3295 3710 3355 illum

2067 3379 2182 3434 situ
2217 3378 2538 3447 sordidum,
2566 3378 2903 3449 squalidum
2934 3380 3208 3448 visu,non
3234 3381 3500 3438 salubres
3522 3400 3706 3455 aquas

2064 3467 2398 3532 habentem,
2431 3483 2548 3520 non
2581 3467 2972 3524 amoenitatem
3013 3469 3220 3525 viroris
3268 3471 3333 3540 79,
3385 3487 3499 3526 non
3559 3472 3708 3527 vici-

2065 3556 2220 3612 niam
2252 3555 2463 3610 littoris
2499 3572 2510 3621 ;
2545 3556 2645 3611 sed
2680 3573 2855 3627 rupes
2887 3563 3084 3613 vastas
3133 3558 3410 3615 silvarum
3460 3561 3505 3595 ⁸ο
3553 3561 3706 3617 inter

2062 3644 2392 3717 inhospitas
2423 3644 2617 3723 fauces
2646 3647 2687 3678 ⁸¹
2722 3647 2965 3701 deserta:
3012 3647 3326 3703 admodum
3359 3647 3700 3706 solitudinis

2061 3733 2188 3789 avia
2219 3733 2423 3788 mundi
2455 3736 2617 3804 parte
2649 3739 3026 3790 summotum.
3058 3736 3262 3791 Posset
3290 3735 3424 3793 licet
3455 3737 3592 3793 talis
3621 3738 3705 3795 lo-

2060 3841 2163 3880 cus
2194 3824 2406 3879 habere
2437 3838 2646 3877 nomen
2677 3823 2887 3891 exsilii,
2924 3841 3038 3896 quo
3069 3825 3393 3896 Cyprianus
3423 3829 3697 3884 sacerdos

2064 3913 2158 3968 Dei
2189 3916 2442 3978 venerat;
2485 3911 2577 3966 cui
2611 3911 2658 3966 si
2684 3910 2985 3967 hominum
3006 3911 3331 3969 ministeria
3360 3915 3695 3971 deﬁcerent.

2055 4001 2142 4057 vel
2177 4000 2344 4057 alites
2375 4004 2438 4055 ut
2466 3999 2659 4067 Heliae,
2688 4000 2776 4055 vel
2806 4005 2869 4055 ut
2899 4001 3123 4057 Danieli
3157 4001 3346 4074 angeli
3396 4003 3698 4060 ministra-
3765 4051 3769 4059 .

2056 4095 2204 4148 rent.
2236 4090 2425 4158 Absit,
2455 4090 2609 4145 absit
2638 4088 2683 4123 ³³
2711 4095 2777 4144 ut
2805 4090 3002 4145 credat
3022 4090 3236 4162 aliquis
3259 4091 3500 4147 cuilibet
3530 4092 3697 4148 mini-

2055 4198 2170 4248 mo,
2205 4179 2519 4235 dummodo
2551 4178 2610 4233 in
2642 4180 3007 4234 confessione
3053 4179 3304 4235 nominis
3353 4181 3698 4250 constituto,

358 4273 462 4328 His
489 4275 610 4327 tam
631 4270 800 4328 bonis
822 4275 879 4327 et
919 4275 1038 4328 tam
1068 4271 1182 4344 piis
1212 4272 1444 4328 actibus
1477 4271 1814 4343 supervenit
1842 4288 1938 4329 ex-
1970 4259 2018 4324 D
2051 4270 2271 4342 aliquid
2304 4268 2645 4323 defuturum
2675 4268 2738 4322 ⁸⁸.
2773 4268 3025 4323 Tantum
3069 4269 3232 4324 abest
3263 4271 3327 4323 ut
3351 4269 3446 4324 Dei
3476 4269 3523 4304 ³⁵
3554 4286 3700 4342 pon-

1724 4407 1928 4468 Variae
1957 4408 2276 4470 lectiones.

357 4523 403 4559 ⁸⁸
433 4523 581 4580 Eum
611 4520 776 4595 enim
798 4521 1123 4595 perfectum
1149 4521 1280 4595 Bod.
1311 4521 1362 4595 1_.
1438 4522 1482 4555 ⁸⁷
1514 4521 1657 4595 Boni
1684 4523 1836 4595 Foss.
1913 4523 1956 4557 ⁸⁸
1991 4525 2242 4595 Oportet
2270 4517 2600 4595 exemplum
2634 4516 2768 4595 Bod.
2799 4519 2823 4572 1
2856 4517 3007 4595 Rom.
3037 4519 3252 4595 _1_tlo_rel.

3357 4520 3400 4560 δί’
3434 4519 3707 4576 Imitetur

288 4595 421 4652 Bod.
455 4597 506 4650 1.
583 4595 627 4630 7°
656 4588 857 4649 Potius
885 4593 1079 4666 deberi
1111 4592 1167 4647 in
1191 4592 1396 4666 sobole
1427 4593 1653 4666 traduci
1684 4594 1818 4666 boni
1854 4594 2036 4666 patris
2055 4588 2496 4666 aemulationem
2512 4588 2832 4666 bonitatis.
2874 4590 2960 4666 Al_.
3027 4590 3078 4666 _'“
3123 4591 3199 4666 Et
3240 4589 3435 4666 multa
3481 4592 3614 4666 Bod:
3650 4593 3699 4646 1.

287 4668 334 4701 7’
363 4671 640 4722 Sermone
670 4665 865 4721 iterari
895 4664 1026 4720 Bod.
1066 4669 1112 4720 1.
1189 4665 1233 4698 ⁷³
1265 4663 1600 4735 Melioribus
1629 4663 1888 4735 pessima
1933 4667 2062 4721 Bod.
2094 4669 2145 4720 1.

616 4737 660 4772 ⁷⁸
690 4735 1090 4812 Nobis_patria
1120 4735 1317 4812 minus
1347 4732 1972 4812 obarmet—commune
2005 4753 2217 4792 nomen
2240 4738 2379 4812 est;
2417 4733 2532 4812 qui
2547 4733 2820 4812 Parentes
2846 4732 3010 4812 ipsos
3044 4732 3215 4812 Oxon.
3266 4737 3317 4787 el
3346 4733 3464 4788 edd.
3505 4736 3610 4812 ιζςι.
3635 4734 3705 4812 Et

289 4739 428 4794 Bod.
461 4739 515 4794 l.

2249 4665 2293 4697 ’νο
2355 4661 2586 4716 Interim
2644 4661 2876 4714 civitate
2928 4660 3055 4715 Bod.
3112 4663 3162 4716 1.
3239 4662 3283 4694 ⁷⁵
3316 4662 3543 4717 Videret
3575 4664 3700 4718 hoc.

289 4813 449 4863 totus
481 4810 723 4864 affectus
751 4812 844 4879 est
873 4802 933 4863 in
965 4812 1234 4878 parentes
1265 4806 1448 4861 Morel.
1483 4878 1487 4879 ν
1521 4807 1564 4840 ⁷⁷
1597 4807 1756 4862 Talis
1816 4825 1986 4879 poena
2018 4811 2256 4879 possent
2284 4802 2463 4879 videri
2497 4805 2668 4860 Oxon.
2736 4805 2782 4879 1_.
2845 4802 2901 4856 Si
2936 4802 3054 4879 haec
3087 4803 3230 4858 alias
3277 4821 3460 4879 poena
3515 4805 3701 4879 Morel.

289 4879 334 4914 ⁷⁸
366 4880 560 4935 Gloria
589 4884 696 4936 est.
731 4878 873 4934 Nolo
903 4873 1033 4934 Bod.
1068 4880 1118 4933 1.
1195 4879 1240 4912 79
1267 4878 1634 4933 Ammnitatis
1662 4873 1916 4949 vigor-em
1949 4873 2080 4935 Bo'd.
2118 4881 2166 4934 1.
2243 4879 2288 4911 ⁸ο
2315 4876 2493 4949 Vasta
2523 4891 2666 4949 rupe
2699 4873 2988 4949 sylvarum
3021 4877 3169 4949 liam.

3275 4875 3317 4910 δι
3375 4875 3704 4945 inhospitas

294 4957 511 5006 cautes.
545 4951 679 5007 Bod.
714 4952 766 5005 1.
797 4949 986 5006 Morel.
1062 4950 1108 4984 ³³
1134 4949 1301 5005 Absit
1328 4950 1491 5005 semel
1522 4951 1693 5005 Oxon.
1720 4945 1848 5006 Bod.
1885 4953 1935 5006 1.
2013 4952 2057 4985 ⁸³
2089 4949 2316 5021 Aliquid
2346 4947 2592 5003 aestimet
2623 4945 2750 5000 Bod.
2786 4947 2837 4999 1.
2868 4945 3102 5017 Aliquid
3133 4945 3472 5002 defuturum
3503 4945 3707 5002 existi-

291 5027 412 5078 met
443 5022 617 5080 Oxon.
692 5023 738 5058 ³⁸
770 5021 852 5079 Ne
882 5023 1024 5078 dum
1055 5021 1156 5078 Dei
1186 5021 1443 5093 pontifex
1473 5021 1601 5076 Bod.
1638 5022 1686 5076 1.

1740 5147 2071 5209 Variorum
2102 5151 2268 5207 notae

366 5263 477 5335 (13)
507 5264 614 5319 Pro
641 5264 908 5319 rostris.A
940 5261 1146 5335 rostris
1179 5261 1460 5335 Romanis
1491 5276 1705 5335 nomen
1737 5261 1938 5335 datum

294 5332 468 5404 locis,
492 5351 523 5390 e
555 5335 772 5406 quibus
805 5335 1004 5391 concio
1035 5333 1362 5390 habebatur
1393 5333 1463 5389 ad
1494 5332 1945 5404 populum.Rox-

297 5421 486 5548 mari)
515 5476 792 5548 Exilium.
827 5477 899 5533 Se
929 5477 1002 5533 ob
1031 5479 1276 5533 nominis
1321 5475 1523 5548 Christi
1549 5475 1947 5548 confessionem

295 5546 597 5622 relegatum
637 5547 779 5604 dicit
804 5550 1126 5623 Cyprianus
1155 5548 1326 5620 epist.
1357 5546 1428 5602 76
1459 5562 1614 5604 nova
1667 5546 1806 5605 edit.
1837 5551 1945 5605 Pa-

2054 5261 2225 5318 melio
2255 5261 2347 5314 77.
2381 5258 2659 5313 RUINART.

2125 5333 2237 5404 (15)
2267 5333 2416 5404 Acta.
2450 5331 2583 5404 Jam
2617 5327 2870 5404 diximus
2899 5329 3044 5404 Acta
3084 5329 3286 5404 primae
3315 5329 3702 5404 confessionis

2055 5399 2231 5459 etiam
2261 5401 2486 5474 vivente
2515 5399 2799 5474 Cypriane
2822 5399 3065 5474 vulgata
3086 5399 3422 5474 fuiSse,quae
3459 5401 3704 5461 laudant

2056 5479 2340 5550 martyres
2371 5473 2541 5546 epist.
2563 5470 2665 5539 '77,
2699 5470 2843 5527 alias
2874 5472 3000 5528 778.
3038 5470 3321 5529 RUINAa'r.
