4112 6174
387 338 531 401 1551

1711 333 1777 393 S.
1824 326 2089 393 PONTII
2131 325 2443 388 DIACONI

3623 328 3783 388 1552

378 469 518 526 tifex
545 467 644 523 ille
673 466 774 540 qui
832 465 1242 523 misericordiae
1273 480 1504 539 semper
1560 465 1736 520 rebus
1792 460 2019 518 instite-
2053 461 2104 527 Α
2137 462 2415 524 mentem,
2448 457 2615 530 quasi
2637 459 2803 530 justa
2833 457 3112 530 petitione
3142 461 3519 514 commotam.
3553 457 3664 513 Sed
3729 463 3787 514 et

380 563 471 617 rat
497 558 562 625 εδ,
595 556 808 613 horum
837 554 1104 612 omnium
1134 556 1345 627 opibus
1377 555 1679 626 indigeret.

1010 660 1240 717 CAPUT
1269 661 1388 717 XII.

377 755 419 812 A
454 753 642 808 multis
671 752 956 807 invisz'.’ur.
991 749 1206 806 Caelesti
1234 752 1448 806 visione
1477 759 1757 806 recreatus
1777 749 1849 805 de
1876 763 2024 802 mar-

452 828 596 897 tyrio
623 823 897 880 subeundo
927 823 1150 894 ejusque
1177 823 1441 878 dilatione
1468 822 1738 878 divinitus
1767 821 2025 876 admone-

453 906 564 954 tur.
2017 904 2021 908 '

453 987 587 1042 Jam
627 1001 804 1052 nunc,
835 983 991 1056 quod
1037 984 1296 1039 secundo
1340 997 1649 1054 posueram
1703 981 1850 1046 loco,
1887 991 2025 1035 cum

381 1077 590 1132 1492
617 1073 939 1147 gratiarum
957 1073 1184 1128 actione
1203 1071 1866 1144 repetamus,provisum
1897 1083 2026 1125 esse

386 1164 668 1222 divinitus
685 1163 862 1220 etiam
885 1179 988 1234 pro
1006 1161 1202 1216 animo
1223 1161 1372 1216 tanti
1389 1161 1494 1216 viri
1525 1160 1782 1232 apricum
1799 1164 1856 1215 et
1874 1173 2029 1214 com-

389 1257 684 1327 petentem
705 1248 1248 1321 locum,hospitium
1267 1261 1371 1320 pro
1391 1248 1692 1305 voluntate
1713 1251 2029 1316 secretum,

391 1346 451 1400 et
478 1341 763 1414 quidquid
795 1339 1007 1412 apponi
1028 1339 1114 1394 eis
1143 1344 1278 1394 ante
1309 1339 1663 1410 promissum
1696 1335 1912 1408 est,qui
1941 1353 2030 1391 re-

392 1446 574 1503 gnum
604 1434 662 1485 et
683 1428 976 1501 justitiam
1007 1428 1108 1485 Dei
1140 1432 1428 1499 quaerunt.
1458 1429 1738 1498 Atque,ut
1766 1425 2034 1481 omittam

393 1517 782 1590 frequentiam
811 1515 1174 1572 visitantium
1207 1518 1470 1580 fratrum,
1521 1515 1781 1586 ipsorum
1812 1519 1869 1570 et
1897 1515 2034 1570 ihde

393 1608 606 1666 civium
637 1605 999 1671 charilatem,
1033 1622 1158 1676 quae
1191 1605 1642 1676 repraesentabat
1677 1604 1873 1659 omnia
1904 1602 2032 1675 qui-

395 1698 507 1753 bus
526 1694 830 1751 videbatur
843 1709 972 1748 esse
995 1691 1736 1759 fraudatus;admirabilem
1759 1691 2036 1746 visitatio-

395 1800 531 1841 nem
562 1783 661 1839 Dei
697 1799 810 1838 non
843 1781 1163 1854 praeteribo,
1198 1797 1313 1852 qua
1362 1780 1682 1836 antistitem
1731 1797 1905 1836 suum
1951 1779 2034 1835 sic

397 1874 460 1929 in
489 1872 694 1929 exsilio
715 1887 842 1927 esse
873 1870 1054 1926 voluit
1075 1871 1144 1926 de
1177 1876 1448 1926 secutura
1472 1869 1742 1941 passione
1764 1885 2036 1924 securum

399 1969 468 2020 ut
487 1961 852 2018 imminentis
878 1961 1140 2032 martyrii
1172 1958 1430 2031 pleniore
1453 1958 1664 2014 fiducia
1689 1975 1837 2026 ;non
1869 1975 2040 2013 exsu-

405 2052 522 2108 lem
554 2049 964 2106 tantummodo
995 2048 1243 2104 Curubis
1273 2048 1318 2082 ⁸⁶
1345 2047 1457 2117 (16)
1490 2048 1592 2102 sed
1642 2052 1698 2102 et
1728 2052 2040 2119 martyrem

400 2139 830 2215 possideret.Eo
852 2138 1008 2194 enim
1040 2137 1132 2192 die
1164 2153 1278 2209 quo
1310 2136 1562 2207 primum
1597 2135 1654 2190 in
1702 2136 1887 2191 exsilii
1918 2137 2042 2193 loco

401 2230 734 2287 mansimus
764 2227 923 2298 (nam
955 2229 1013 2282 et
1061 2242 1154 2281 me
1195 2225 1348 2280 inter
1399 2225 1752 2280 domesticos
1801 2225 2043 2281 comites

403 2319 662 2391 dignatio
691 2315 993 2374 charitatis
1023 2315 1152 2384 ejus
1184 2312 1476 2386 delegerat
1497 2314 1754 2368 exsulem
1789 2313 2046 2370 volunta-

402 2406 736 2478 rium,quod
770 2405 1015 2459 utimam
1047 2408 1102 2458 et
1131 2403 1190 2456 in
1209 2401 1480 2473 passione
1510 2402 1775 2458 licuisset
1807 2403 1844 2474 l)
1870 2409 2044 2476 :«Ap-

403 2497 598 2571 paruit
621 2495 735 2565 (17)
765 2492 908 2548 mihi
939 2491 1150 2562 inquit,
1184 2491 1446 2545 nondum
1480 2491 1669 2548 somni
1728 2492 1918 2562 quiete
1949 2509 2041 2548 so-

403 2586 548 2658 pito,
571 2581 806 2653 juvenis
835 2579 992 2635 ultra
1023 2579 1260 2634 modum
1294 2579 1550 2634 enormis
1583 2595 1595 2632 :
1631 2579 1890 2650 quicum
1924 2598 2042 2636 me-

404 2674 571 2746 quasi
603 2671 675 2727 ad
697 2669 1031 2742 praetorium
1057 2667 1560 2733 duceret,videbar
1589 2667 1732 2722 mihi
1763 2669 2041 2724 tribunali

405 2759 662 2820 edentis
691 2763 817 2813 tum
848 2755 1214 2828 proconsulis
1245 2755 1560 2810 admoveri.
1618 2757 1672 2810 Is
1723 2762 1787 2811 ut
1836 2757 1893 2810 in
1950 2775 2042 2814 me

401 2848 675 2923 respexit,
710 2852 990 2902 annotare
1021 2844 1218 2900 statim
1252 2844 1423 2914 coepit
1453 2844 1511 2897 in
1569 2844 1768 2900 tabula
1812 2851 2042 2901 senten-

400 2940 566 3005 tiam,
599 2953 774 3010 quam
807 2951 921 2990 non
953 2933 1209 2989 sciebam
1242 2949 1255 2987 ε
1291 2931 1436 2987 nihil
1467 2932 1622 2988 enim
1656 2933 1725 2988 de
1753 2949 1844 2988 me
1874 2935 2045 2991 solita

402 3025 853 3096 interrogatione
885 3021 1215 3094 quaesierat.
1247 3021 1357 3076 Sed
1391 3019 1548 3076 enim
1596 3022 1826 3091 juvenis
1878 3024 1975 3095 qui
2009 3044 2044 3080 a

402 3124 562 3188 tergo
583 3117 711 3186 ejus
742 3113 953 3179 stabat,
988 3111 1306 3166 admodum
1339 3111 1605 3166 curiosus
1635 3112 1678 3146 ⁸⁷
1703 3111 1844 3184 legit
1873 3114 2042 3184 quid-

2134 549 2230 604 ille
2253 548 2617 618 juvenis,qui
2643 549 3001 619 jamdudum
3027 549 3095 604 de
3127 548 3420 621 passionis
3443 547 3664 603 indicio
3688 564 3788 620 ge-

2134 641 2228 692 stu
2262 635 2459 708 potius
2490 651 2670 707 quam
2700 653 2970 692 sermone
3002 637 3356 708 prodiderat,
3417 635 3790 693 clandestino

2137 725 2476 780 idemtidem
2510 730 2657 780 nutu
2716 742 3055 782 concessam
3116 725 3458 782 dilationem
3521 742 3654 797 quae
3717 725 3789 781 ad

2135 813 2455 869 crastinum
2490 814 2795 886 petebatur
2823 815 3175 882 “,contortis
3206 819 3337 887 post
3363 815 3613 870 invicem
3637 815 3790 888 digie

2135 903 2212 958 tis
2243 903 2358 974 (20)
2386 903 2719 976 signiﬁcare
2749 905 3220 978 properavit.Ego
3254 904 3525 976 quamvis
3561 922 3678 960 non
3704 922 3790 960 es-

2137 996 2227 1048 set
2271 991 2418 1048 lecta
2465 993 2755 1048 sententia
2797 995 2862 1064 9',
2910 993 3021 1049 etsi
3085 995 3156 1050 de
3216 993 3429 1066 gaudio
3483 993 3788 1050 dilationis

2139 1085 2387 1152 accepta:
2418 1082 2624 1138 1498
2655 1081 2785 1138 lzeto
2836 1083 3150 1139 admodum
3196 1084 3367 1138 corde
3412 1083 3741 1155 gauderem
3775 1109 3788 1151 ;

2141 1174 2297 1224 metu
2333 1176 2526 1226 tamen
2546 1171 3049 1242 interpretationis
3071 1172 3302 1227 incertae
3327 1173 3411 1228 sic
3433 1172 3793 1238 tremebam,

2141 1265 2206 1314 ut
2236 1259 2493 1332 reliquiae
2548 1261 2876 1316 formidinis
2921 1279 3020 1317 cor
3066 1262 3366 1318 exsultans
3414 1263 3608 1318 adhuc
3673 1267 3793 1317 toto

2141 1365 2348 1419 pavore
2379 1351 2424 1384 ⁹²
2458 1349 2778 1422 pulsarent.
2814 1373 2840 1399 »

2761 1494 2989 1551 CAPUT
3019 1495 3164 1551 XIII.

2146 1600 2321 1668 Quam
2356 1602 2622 1656 visionem
2668 1605 2862 1656 auctor
2905 1604 3316 1674 interpretatur,
3377 1612 3431 1658 et
3487 1604 3798 1659 veridicum

2747 1675 2918 1743 fuisse
2961 1674 3175 1744 probat.

2215 1779 2358 1842 Quid
2393 1780 2500 1834 hac
2521 1779 2869 1835 revelatione
2915 1780 3285 1836 manifestius
3310 1783 3337 1836 ?
3369 1783 3511 1852 quid
3562 1782 3679 1839 hoc
3708 1784 3797 1837 di-

2153 1869 2427 1940 gnatione
2477 1869 2702 1924 felicius
2731 1870 2758 1923 ?
2791 1876 2938 1924 Ante
2963 1867 3047 1923 illi
3088 1870 3361 1941 praedicta
3407 1876 3548 1926 sunt
3591 1873 3801 1927 omnia

2151 1973 2512 2028 quascunque
2543 1958 2917 2028 postmodum
2951 1958 3258 2013 subsecuta
3314 1966 3474 2014 sunt.
3529 1961 3694 2015 Nihil
3727 1963 3798 2016 de

2153 2046 2252 2100 Dei
2284 2047 2328 2079 93
2357 2046 2548 2100 verbis
2578 2045 2991 2114 imminutum;
3028 2048 3169 2101 nihil
3194 2049 3399 2103 detam
3425 2055 3633 2104 sancta
3661 2067 3797 2121 pro-

2154 2135 2432 2191 missione
2464 2135 2816 2190 mutilatum.
2842 2135 3085 2208 Singula
3116 2137 3160 2170 “
3190 2137 3436 2208 denique
3464 2140 3802 2193 secundum

2155 2226 2308 2296 quod
2341 2229 2574 2280 ostensa
2604 2229 2741 2278 sunt
2791 2227 3208 2296 recognoscite.
3263 2226 3617 2283 Dilationem
3656 2230 3803 2300 petit

2153 2313 2389 2370 crastini
2421 2313 2486 2380 9‘,
2513 2329 2647 2367 cum
2679 2313 2748 2367 dc
2780 2314 3072 2384 passionis
3103 2315 3390 2370 sententia
3419 2316 3802 2387 cogitaretur:

2153 2403 2461 2478 postulans
2494 2406 2556 2456 ut
2587 2418 2674 2457 res
2705 2418 2843 2457 suas
2874 2403 2968 2456 die
2997 2402 3097 2458 illo
3138 2420 3305 2473 quem
3358 2405 3801 2477 impetraverat,

2152 2493 2464 2549 ordinaret.
2499 2490 2603 2544 Hic
2634 2491 2757 2544 dies
2788 2505 2940 2545 unus
2981 2490 3348 2562 significabat
3397 2510 3651 2558 annum,
3687 2512 3804 2565 quo

2154 2583 2247 2638 ille
2278 2586 2408 2652 post
2438 2579 2722 2634 visionem
2757 2584 2995 2633 acturus
3027 2579 3083 2633 in
3120 2581 3326 2636 saeculo
3377 2582 3587 2638 fuerat.
3622 2584 3803 2655 Nam,

2154 2676 2218 2726 ut
2249 2667 2616 2724 manifestius
2647 2667 2860 2731 dicam,
2893 2684 2960 2722 eo
2991 2668 3083 2723 die
3114 2675 3244 2740 post
3275 2676 3543 2726 exactum
3574 2689 3806 2730 annum

2151 2764 2465 2815 coronatus
2493 2761 2604 2822 est,
2664 2771 2775 2827 quo
2835 2756 2941 2811 hoc
3000 2756 3084 2811 illi
3144 2763 3279 2812 ante
3337 2775 3558 2815 annum
3613 2764 3808 2817 inerat

2153 2854 2472 2905 ostensum.
2533 2846 2688 2900 Diem
2751 2849 2943 2900 autem
3020 2846 3274 2915 Domini,
3330 2849 3436 2903 etsi
3519 2866 3639 2904 non
3705 2869 3808 2906 an-

2155 2955 2296 2993 num
2324 2938 2368 2972 9°
2397 2937 2453 2990 in
2485 2934 2697 2990 divinis
2731 2933 2965 2989 Litteris
2990 2933 3262 3006 legimus,
3298 2937 3686 3006 promissioni
3725 2947 3806 2995 ta-

2156 3043 2287 3081 men
2321 3025 2649 3079 futurorum
2696 3022 2957 3076 debitum
2989 3021 3134 3077 illud
3186 3027 3416 3096 tempus
3445 3027 3805 3099 accipimus.

2154 3116 2316 3170 Unde
2347 3112 2494 3168 nihil
2525 3113 2788 3176 interest,
2824 3112 2868 3167 si
2904 3129 3059 3166 nunc
3090 3113 3201 3168 sub
3232 3116 3343 3170 diei
3369 3117 3807 3187 significatione

407 3207 550 3280 quid
581 3206 769 3260 fuerat
797 3203 840 3237 ⁸⁸
872 3202 1235 3258 adnotatum.
1265 3200 1335 3254 Et
1365 3200 1503 3270 quia
1533 3200 1668 3256 inde
1700 3201 1887 3258 verbis
1919 3220 2042 3274 pro-
2078 3203 2120 3268 C
2161 3203 2322 3259 solus
2352 3217 2543 3257 annus
2564 3209 2834 3256 ostensus
2856 3201 3110 3271 est,quia
3133 3201 3273 3257 illud
3304 3205 3345 3238 9°
3369 3205 3604 3276 plenius
3634 3208 3811 3263 debet

407 3297 558 3352 ferre
588 3309 703 3348 non
736 3293 980 3364 poterat,
1013 3297 1155 3344 nutu
1185 3289 1514 3344 declarante
1537 3293 2047 3363 monstravit,quid

408 3383 470 3439 in
502 3382 713 3438 litteris
745 3377 958 3436 tabulae
991 3377 1150 3433 illius
1181 3378 1510 3433 haberetur.
1541 3378 1713 3434 Manu
1767 3379 1921 3435 enim
1953 3397 2048 3436 ex-

409 3488 595 3544 pansa
624 3478 679 3526 et
708 3467 1079 3540 complanata
1109 3467 1181 3521 ad
1205 3466 1425 3538 spatha:
1458 3467 1696 3522 modum
1727 3468 2048 3541 (18),ictum

411 3560 594 3618 solitae
633 3556 1158 3614 animadversionis
1209 3555 1495 3622 imitatus,
1541 3557 1694 3626 quod
1746 3558 1976 3614 volebat
2005 3560 2051 3594 ⁸⁸

409 3649 676 3720 intelligi,
705 3648 777 3702 ad
811 3648 998 3701 instar
1028 3645 1233 3716 liquidi
1277 3645 1567 3700 sermonis
1616 3647 1921 3718 expressit,
1954 3648 2046 3702 In-

408 3738 600 3794 tellexi
632 3735 981 3792 sententiam
1015 3733 1306 3805 passionis
1341 3735 1615 3790 futuram.
1647 3735 1870 3808 Rogare
1901 3738 2045 3809 cmpi

407 3833 463 3883 et
492 3832 686 3899 petere
718 3824 1015 3888 continuo,
1050 3829 1114 3878 ut
1145 3822 1347 3877 dilatio
1397 3823 1539 3877 mihi
1591 3823 1676 3878 vel
1735 3824 1906 3880 unius
1933 3825 2043 3882 diei

405 3921 830 3990 prorogaretur,
863 3915 1045 3971 donec
1077 3928 1168 3968 res
1214 3928 1371 3966 meas
1403 3911 1517 3982 (19)
1576 3911 1831 3982 legitima
1889 3913 2043 3969 ordi-

404 4005 642 4060 natione
698 4004 1089 4076 disponerem.
1151 4001 1218 4054 Et
1294 4017 1427 4055 cum
1490 4017 1686 4072 preces
1745 4003 2047 4073 fequenter

403 4094 736 4162 iterassem,
769 4110 974 4148 rursus
1007 4092 1064 4146 in
1115 4088 1317 4144 tabula
1372 4095 1624 4161 cmperat
1676 4091 1868 4146 nescio
1902 4091 2041 4162 quid

403 4184 703 4241 adnotare.
738 4183 902 4238 Sensi
935 4186 1130 4238 tamen
1164 4180 1234 4233 de
1263 4177 1462 4234 vultus
1493 4179 1802 4235 serenitate
1823 4180 2044 4250 judicis

2159 3308 2287 3348 esse
2318 3290 2472 3362 quod
2508 3290 2701 3360 majus
2732 3292 2839 3343 est.
2875 3289 3036 3353 Quod
3093 3306 3226 3344 vero
3290 3298 3434 3346 nutu
3498 3295 3716 3365 potius,
3752 3303 3810 3351 et

2163 3397 2274 3436 non
2309 3393 2578 3434 sermone
2608 3376 2986 3446 explanatum
3017 3381 3634 3451 est,reprzesentationi
3669 3390 3816 3438 tem-

2162 3469 2318 3540 poris
2344 3467 2684 3522 servabatur
2738 3465 3026 3520 sermonis
3056 3470 3370 3538 expressio.
3432 3470 3588 3526 Solet
3653 3473 3815 3527 enim

2161 3563 2300 3611 tunc
2330 3554 2517 3610 verbis
2551 3553 2940 3625 quodcunque
2971 3556 3481 3630 proferri,quoties
3514 3561 3815 3632 quidquid

2162 3647 2450 3718 profertur
2480 3643 2777 3716 impletur.
2811 3643 2956 3698 Nam
3005 3652 3058 3699 et
3114 3662 3246 3701 vero
3306 3665 3475 3704 nemo
3536 3651 3819 3721 cognovit

2160 3749 2339 3805 quare
2371 3733 2477 3787 hoc
2507 3732 2556 3785 ei
2589 3736 2890 3786 ostensum
2917 3731 3144 3799 fuisset,
3177 3734 3290 3789 nisi
3325 3737 3462 3807 quia
3525 3744 3658 3808 post
3720 3755 3817 3793 eo-

2159 3825 2290 3877 dem
2322 3821 2413 3876 die
2444 3837 2558 3892 quo
2589 3820 2646 3874 id
2677 3821 2920 3887 viderat,
2955 3829 3270 3878 coronatus
3311 3833 3415 3882 est.
3467 3825 3663 3880 Medio
3723 3828 3816 3881 ni-

2157 3912 2476 3968 hilominus
2508 3915 2766 3981 tempore
2799 3909 3116 3965 imminens
3162 3915 3354 3984 passio
3407 3932 3510 3986 pro
3546 3920 3708 3970 certo
3740 3917 3814 3971 ab

2157 4001 2432 4057 omnibus
2476 3999 2812 4055 sciebatur:
2847 4000 3140 4069 passionis
3193 4007 3385 4057 tamen
3437 4003 3562 4058 dies
3614 4011 3817 4060 certus

2155 4091 2226 4144 ab
2271 4090 2479 4144 iisdem
2529 4088 2826 4153 omnibus,
2872 4087 3041 4158 quasi
3099 4088 3528 4162 ignorantibus,
3579 4095 3811 4148 taceba-

2154 4185 2268 4235 tur.
2301 4180 2451 4234 Sane
2496 4184 2554 4232 et
2607 4177 2664 4231 in
2723 4177 3039 4247 Scripturis
3096 4178 3208 4234 tale
3267 4179 3486 4252 aliquid
3549 4182 3805 4238 invenio.

1829 4279 2026 4340 Variae
2056 4279 2374 4339 lectiones.

473 4383 518 4416 ⁸⁵
553 4378 1047 4454 Institerat,ullis
1070 4379 1371 4454 bonorum
1387 4375 1597 4454 opibus
1630 4375 1760 4454 Βοιὶζ
1908 4375 2152 4454 Morel."
2190 4375 2534 4454 f“_Sic.-Bo_d.
2590 4375 2664 4454 1..

1008 4451 1052 4485 ⁸⁸
1083 4447 1374 4520 Quidquid
1407 4445 1676 4518 ageretur
1721 4447 1850 4501 Bod.
1905 4449 1954 4502 1.
2033 4456 2037 4481 ‘-

1027 4523 1067 4556 ⁹¹
1098 4522 1265 4577 Esset
1296 4521 1420 4575 sola
1447 4518 1738 4574 sententia
1769 4519 1902 4574 Bod.
1941 4519 1994 4574 1.

2156 4446 2347 4502 elebat
2386 4445 2519 4500 inde
2577 4445 2667 4516 agi
2703 4445 2829 4500 Bod.
2865 4446 2915 4499 1.
3011 4449 3054 4481 ⁹⁰
3085 4449 3438 4504 Consessum
3491 4467 3622 4505 esse
3660 4453 3817 4521 quod

2175 4517 2379 4572 Adhuc
2411 4515 2596 4571 multa
2627 4517 3008 4588 trepidatione
3049 4518 3178 4572 Bod.
3215 4521 3266 4572 1.
3343 4522 3388 4555 ⁸³
3420 4520 3576 4575 Nihil
3607 4523 3682 4576 de
3718 4524 3820 4578 Dei

403 4455 691 4527 quidquid
723 4453 920 4528 Morel.
1008 4453 1066 4528 δέ
1083 4453 1377 4528 Quidquid
1407 4453 1697 4528 ageretur.

403 4519 710 4598 petebatur
738 4525 868 4580 Bod.
902 4525 950 4598 1,.
979 4523 1067 4598 _9‘
1098 4519 1265 4598 Esset
1296 4521 1420 4598 so_|_a
1447 4519 1738 4598 sententia
1941 4519 1994 4574 1.

402 4590 534 4654 Bod.
566 4599 614 4652 1.
639 4597 828 4654 Morel.
905 4596 948 4630 9‘
978 4595 1046 4649 Et
1075 4591 1307 4654 singula
1336 4590 1518 4645 Morel.

404 4671 447 4705 9"
477 4670 538 4726 Si
571 4684 726 4724 nunc
755 4666 867 4724 sub
900 4667 1036 4723 Bod.
1071 4666 1119 4722 1.

2190 4375 2234 4409 ⁸⁸
2262 4375 2372 4429 Sic.
2404 4373 2534 4428 Bod.
2590 4375 2640 4428 1.
2672 4373 2885 4429 Curubi
2939 4375 3142 4442 Rigalt.
3221 4376 3265 4410 ⁸⁷
3295 4378 3576 4433 Curiosus
3617 4379 3817 4435 videre

2192 4446 2347 4502 lebat
2386 4445 2519 4500 inde
2577 4445 2667 4505 agi
2703 4445 2829 4500 Bod.
2865 4446 2915 4499 1.
3011 4449 3054 4481 ⁹⁰
3085 4449 3438 4504 Consessum
3491 4467 3622 4505 esse
3660 4453 3817 4505 quod

3130 4465 3372 4521 QDSCSSU
3387 4467 3438 4502 m
3477 4467 3622 4521 78888
3660 4469 3739 4521 qu

1624 4591 1666 4625 ⁹⁶
1699 4590 1847 4645 Petit
1873 4591 1930 4645 in
1961 4590 2286 4646 crastinum
2322 4589 2452 4644 Bod.
2498 4589 2550 4642 1.
2577 4588 2761 4642 Morel.
2839 4589 2883 4622 9°
2931 4588 3050 4644 Etsi
3109 4606 3333 4646 annum
3371 4591 3504 4647 Bod.
3544 4595 3594 4646 1.
3623 4592 3818 4650 Morel.

1205 4664 1335 4719 orel.
1414 4662 1456 4696 93
1492 4661 1615 4724 Qua
1649 4660 1792 4716 illud
1825 4661 2218 4734 plenius‘Bod.
2255 4662 2303 4715 1.

1827 4761 2158 4823 Variorum
2193 4767 2381 4821 notm.

476 4866 588 4992 $16)
620 4865 873 4920 Curubis.
909 4863 1057 4919 Urbs
1086 4858 1435 4934 episcopalis
1467 4858 1772 4930 provincias
1805 4876 2049 4930 procon:
2079 4872 2124 4936 Ι)
2156 4876 2204 4913 c.
2241 4859 2326 4924 15,
2356 4859 2412 4912 in
2439 4857 2604 4981 gravi
2639 4861 2938 4913 armatura
2969 4863 3240 4915 numerat
3292 4861 3504 4930 gladios
3562 4865 3819 4933 majores

503 4955 640 4992 aris.
675 4936 960 4992 RUINART.
2157 4947 2285 4992 quos
2315 4939 2435 4992 spat
2455 4945 2534 4992 tos
2563 4938 2772 4985 vocant.
2808 4930 2970 4985 FsLL.

405 4955 473 4994 ευ

503 4936 640 4994 aris.
675 4936 960 4992 Romam.

477 5009 590 5080 (17)
622 5004 1154 5080 ΑρρανυξιηΟῐῐωίει
1187 5003 1306 5080 fere
1330 5018 1458 5080 quae
1507 5000 1625 5080 sibi
1645 5005 1752 5080 aut
1775 5001 2044 5080 Ecclesiae

406 5073 742 5154 contingere
771 5077 1078 5154 debebant,
1109 5090 1217 5154 per
1258 5074 1510 5154 visiones
1559 5073 1908 5154 edocebatur

407 5145 650 5221 priamus
680 5168 825 5221 quas
857 5148 1068 5221 saepius
1099 5145 1369 5221 deplarat.
1395 5145 1743 5221 _Vide.epis_t_.
1781 5146 1863 5221 11‘,
1898 5145 2044 5221 alias

403 5213 462 5292 ἒ,
492 5213 796 5296 epistolam
829 5221 919 5287 66,
941 5213 1098 5296 alias
1247 5222 1354 5271 etc.
1394 5217 1453 5268 ln
1485 5213 1654 5283 epist.
1682 5215 1920 5296 16,_alias
1955 5219 2039 5281 10,

401 5289 612 5367 praeter
640 5293 891 5367 visiones
907 5292 1080 5344 refert
1106 5289 1280 5342 etiam
1311 5294 1913 5367 puerorumexstases
1941 5305 2043 5367 per

401 5357 557 5421 diem
591 5367 792 5420 factas.
826 5363 988 5416 Certe
1020 5377 1204 5432 pauca
1236 5357 1372 5432 sunt
1415 5374 1483 5432 ex
1529 5357 1956 5432 antiquioribus
1987 5364 2042 5414 et

399 5435 818 5494 slncerioribus
850 5427 1169 5503 marty'rum
1193 5429 1468 5503 Actistin
1504 5427 1717 5503 quibus
1749 5432 2038 5499 ejusmodi

394 5509 650 5566 visiones
682 5523 797 5560 non
832 5500 1151 5559 halcantur.
1186 5502 1329 5555 Vide
1362 5500 1831 5556 dissertationem
1868 5519 2037 5573 quar-

394 5576 947 5667 tamnCyprianical‘n
977 5573 1378 5667 ILIDodvielli.
1415 5576 1689 5667 lituramn'r.l

460 5643 960 5738 (t8)'Complanala
992 5647 1061 5705 ad
1107 5646 1314 5722 spathae
1360 5643 1601 5700 modum.
1657 5644 1850 5717 Veget.
1890 5643 1926 5699 Ι.
1965 5661 2024 5716 11,

2157 4947 2285 5001 quos
2315 4930 2534 4999 spat/tos
2563 4938 2772 4985 vocant.
2808 4930 2970 4985 FsLL.

2227 5002 2339 5074 (19)
2369 5002 2468 5056 Res
2492 5017 2660 5074 meas.
2693 5002 2879 5074 Supra
2919 5019 3081 5055 num.
3134 5005 3167 5055 ‘3
3208 5003 3535 5074 Cyprianus
3587 5005 3819 5062 dicitur

2156 5073 2321 5127 initio
2353 5073 2748 5148 conversionis
2778 5073 2974 5148 omnia
3000 5073 3363 5148 suapraedia
3395 5076 3450 5129 in
3489 5093 3640 5130 usus
3675 5095 3819 5148 pau-

2153 5162 2356 5218 perum
2390 5144 2778 5218 distruxisse:
2815 5145 2969 5198 unde
3000 5145 3093 5198 hic
3128 5145 3289 5199 locus
3334 5147 3403 5199 de
3454 5144 3813 5218 supellectili

2153 5214 2841 5290 videturintelligendu‘s.
2877 5221 2975 5268 aut
3006 5223 3157 5270 certe
3189 5218 3259 5271 de
3293 5217 3476 5290 hortis
3533 5214 3639 5289 qui
3695 5221 3815 5290 ipsi

2154 5285 2413 5359 restituti
2432 5287 2680 5359 fuerant,
2713 5286 2866 5339 infra
2899 5304 3060 5340 num.
3099 5290 3183 5359 15,
3206 5293 3301 5342 aut
3333 5285 3589 5359 denique
3621 5291 3701 5345 de
3723 5285 3816 5348 re-

2152 5359 2258 5413 bus
2289 5357 2578 5421 Ecclesire,
2612 5374 2678 5411 ex
2712 5373 2871 5411 num.
2901 5358 3186 5428 sequenti.
3225 5357 3508 5415 Romam:

2219 5431 2330 5499 (20)
2365 5430 2632 5484 Conlorlis
2658 5433 2777 5498 post
2807 5431 3037 5482 invicem
3069 5430 3276 5496 digitis.
3328 5433 3484 5495 Quod
3529 5432 3819 5489 inhibita:

2147 5501 2392 5556 actionis
2425 5503 2542 5555 sive
2573 5500 2873 5572 dilationis
2905 5502 3156 5556 nota.lta
3187 5519 3388 5558 versus
3413 5501 3612 5572 pollex
3633 5506 3816 5562 dam-

2148 5572 2397 5630 nationis
2429 5572 2682 5643 signum,
2716 5570 2903 5626 elatus
2938 5572 3340 5630 absolutionis.
3379 5570 3551 5629 FsLL.
