4112 6174
316 235 469 314 1553

1647 235 1834 308 VITA
1877 236 1942 297 S.
1989 232 2383 306 CYPRIANI.

3568 231 3724 296 1554

313 372 462 436 Nam
515 369 664 444 (Luc.
725 387 764 436 ι,
805 368 897 438 59)
955 366 1262 426 Zacharias
1320 370 1612 437 sacerdos,
1673 369 1962 442 promisso
1990 375 2045 442 Α
2075 371 2510 442 superventurae
2559 364 2844 424 claritatis
2882 361 3200 424 animabat.
3232 362 3516 423 Videlicet
3560 365 3726 424 tanta

316 460 428 518 sibi
451 477 553 536 per
573 459 846 533 angelum
872 459 986 515 ﬁlio
1011 460 1275 532 quianon
1298 459 1964 527 crediderat,obmutuit;

313 551 396 608 ita
418 556 481 606 ut
504 550 607 605 ﬁlii
626 549 1215 621 nomen99scripturus
1231 548 1420 621 potius
1435 566 1611 622 quam
1625 549 1967 613 relaturus‘,

318 644 464 696 nutu
493 637 727 695 tabulas
758 637 1311 710 postularet.Merito
1342 643 1398 694 et
1422 638 1645 707 hic,ubi
1677 637 1781 694 Dei
1812 655 1962 694 nun-

315 729 433 786 tius
463 728 796 801 passionem
831 727 1110 783 antistitis
1141 728 1548 784 imminentem
1583 731 1728 782 nutu
1769 726 1966 800 potius

313 818 619 890 expressit,
653 821 710 873 et
760 817 936 871 ﬁdem
967 817 1293 882 admonuit,
1327 821 1384 872 et
1416 817 1776 873 sacerdotem
1829 833 1967 872 mu-

314 906 478 962 nivit.
521 904 836 983 'Dilationis
885 909 1079 961 autem
1131 907 1390 977 petendae
1423 906 1568 961 ratio
1601 907 1670 962 de
1725 907 1962 962 ordina-

311 996 470 1051 tione
499 1011 694 1050 rerum
726 1000 785 1049 et
813 996 882 1050 de
913 993 1234 1051 voluntatis
1267 995 1648 1067 dispositione
1674 995 1962 1050 veniebat.

311 1086 444 1149 Qua:
474 1101 604 1140 vero
636 1101 726 1140 res
759 1084 863 1155 illi,
897 1089 1000 1139 aut
1028 1101 1157 1156 quae
1186 1084 1455 1140 voluntas
1487 1085 1834 1146 ordinanda,
1853 1083 1966 1140 nisi

310 1171 684 1229 ecclesiastici
717 1178 903 1230 status
924 1174 1250 1246 ?Suprema
1281 1174 1495 1230 idcirco
1527 1178 1764 1245 accepta
1810 1173 1962 1228 dila-

309 1258 389 1315 tio
420 1266 600 1331 est,ut
630 1261 918 1334 quidquid
952 1263 1104 1318 circa
1127 1279 1450 1335 pauperum
1474 1264 1850 1318 fovendorum
1871 1279 1968 1317 cu-

311 1366 439 1406 ram
472 1353 678 1408 I494
699 1369 975 1424 supremo
1001 1352 1225 1423 judicio
1256 1354 1277 1386 ³
1306 1353 1736 1423 disponendum
1755 1353 1961 1419 luerat,

310 1440 700 1497 ordinaretur.
733 1446 802 1496 Et
833 1445 971 1514 puto
1005 1445 1236 1514 propter
1268 1440 1414 1497 nihil
1455 1441 1635 1509 aliud,
1669 1441 1786 1496 imo
1829 1457 1963 1496 vero

307 1535 546 1602 propter
563 1530 671 1585 hoc
693 1531 1507 1603 tantum,etiamindulgentia
1531 1531 1603 1586 ab
1625 1530 1772 1603 ipsis
1784 1531 1964 1602 eiece-

306 1624 439 1676 rant
458 1621 564 1686 3,et
593 1620 692 1691 qui
715 1620 966 1676 occisuri
985 1621 1437 1687 erant,admissa
1457 1625 1545 1676 est
1573 1637 1588 1688 ;
1612 1624 1679 1675 ut
1705 1636 1963 1692 praesens

306 1712 362 1763 et
406 1713 720 1781 praesentes
774 1725 1082 1781 pauperes,
1127 1709 1457 1766 novissima:
1505 1708 1964 1781 dispensationis

303 1797 596 1864 extremis,
630 1802 708 1866 et,
742 1803 808 1852 ut
857 1797 1089 1870 plenius
1120 1798 1390 1866 dixerim,
1422 1799 1560 1854 totis
1612 1797 1954 1870 sumptibus

301 1885 598 1942 relevaret.
632 1886 929 1942 Ordinatis
957 1904 1094 1959 ergo
1142 1892 1264 1944 tam
1296 1888 1388 1960 pie
1421 1888 1593 1942 rebus
1624 1892 1682 1942 et
1712 1886 1796 1942 sic
1849 1903 1952 1958 pro

299 1974 594 2031 voluntate
646 1975 947 2048 dispositis
978 1977 1020 2048 ‘,
1054 1978 1420 2048 proximabat
1469 1978 1594 2032 dies
1634 1976 1948 2032 crastinus.

918 2084 1149 2140 CAPUT
1191 2085 1332 2140 XIV.

299 2173 633 2228 Imminenle
669 2175 1063 2242 persecutione,
1110 2182 1322 2230 recusat
1370 2177 1559 2244 fugere
1609 2173 1950 2245 Cyprianus,

621 2260 850 2314 suosque
880 2246 953 2300 ad
984 2248 1322 2316 martyrium
1351 2246 1628 2300 hortatur.

375 2331 507 2387 Jam
539 2333 608 2388 de
664 2333 826 2389 Xisto
885 2334 1038 2388 bono
1096 2339 1152 2389 et
1207 2335 1450 2407 paciﬁco
1508 2334 1824 2403 sacerdote,
1884 2348 1951 2388 ac

301 2426 608 2492 propterea
660 2423 1000 2478 beatissimo
1052 2429 1325 2496 martyre,
1387 2425 1458 2478 ab
1506 2422 1656 2478 Urbe
1705 2421 1951 2478 nuntius

300 2515 556 2565 venerat.
590 2511 986 2583 Separabatur
1007 2514 1374 2585 jamjamque
1405 2513 1659 2568 carnifex
1689 2512 1948 2578 veniens,

304 2598 406 2668 qui
436 2599 639 2654 devota
693 2601 1078 2657 sanctissima:
1108 2602 1354 2656 victimae
1399 2601 1549 2657 colla
1579 2605 1902 2672 percuteret
1934 2617 1947 2654 :

303 2689 360 2741 et
389 2686 472 2740 sic
502 2693 668 2742 erant
714 2704 919 2744 omnes
963 2691 1086 2744 dies
1133 2689 1218 2743 illi
1271 2690 1609 2760 quotidiana
1653 2694 1952 2760 exspecta-

303 2774 462 2830 tione
495 2776 802 2841 moricndi,
837 2782 902 2831 ut
945 2795 1156 2833 corona
1187 2784 1382 2848 posset
1413 2778 1664 2849 singulis
1713 2778 1946 2834 ascribi.

303 2863 738 2920 Conveniebant
787 2866 1026 2921 interim
1058 2865 1256 2938 plures
1304 2867 1518 2938 egregii
1551 2871 1607 2921 et
1638 2866 1952 2922 clarissimi

304 2953 528 3008 ordinis
560 2959 615 3008 et
643 2955 972 3026 sanguinis,
1007 2955 1109 3011 sed
1140 2961 1198 3010 et
1229 2955 1424 3010 seaculi
1456 2955 1756 3011 nobilitate
1786 2973 1955 3028 gene-

306 3041 422 3096 rosi
456 3059 468 3095 :
501 3042 597 3114 qui
629 3047 869 3115 propter
899 3043 1220 3100 amicitiam
1263 3045 1391 3116 ejus
1428 3045 1731 3116 antiquam
1765 3062 1953 3102 seces-

2077 458 2162 513 illi
2195 457 2304 513 fuit
2330 457 2480 513 sacri
2513 457 2723 528 cupido
2774 455 3084 524 sermonis,
3117 461 3182 512 ut
3210 459 3437 526 optaret
3475 455 3558 512 sic
3611 453 3726 512 sibi

2076 547 2371 621 passionis
2399 551 2535 602 vota
2560 547 2993 619 contingere,ut
3023 547 3165 601 dum
3197 546 3268 602 de
3299 551 3411 602 Deo
3444 544 3722 616 loquitur,

2076 637 2136 692 in
2166 637 2297 709 ipso
2331 636 2621 692 sermonis
2661 653 2832 709 opere
2862 640 3190 692 necaretur.

2699 780 2933 836 CAPUT
2969 779 3090 836 XV.

2257 867 2504 941 Capitur.
2540 869 2695 924 Plebs
2721 873 2847 926 ante
2871 870 3024 940 fores
3051 873 3266 926 noctem
3294 869 3543 926 excubat.

2147 995 2218 1048 Et
2247 993 2310 1048 hi
2335 997 2503 1049 erant
2530 992 2856 1064 quotidiani
2889 997 3052 1050 actus
3083 993 3358 1051 destinati
3388 994 3461 1051 ad
3491 993 3725 1066 placen-

2074 1086 2192 1138 tem
2224 1083 2339 1138 Deo
2372 1082 2624 1138 hostiam
2657 1084 2998 1150 sacerdotis,
3020 1100 3153 1138 cum
3185 1099 3334 1148 esse,
3355 1082 3727 1156 proconsulis

2067 1173 2264 1243 jussu,
2322 1173 2392 1227 ad
2427 1172 2626 1228 hortos
2675 1174 2804 1244 ejus
2845 1174 2938 1243 (ad
2991 1173 3216 1240 hortos,
3263 1173 3524 1244 inquam,
3575 1190 3726 1248 quos

2073 1261 2228 1316 inter
2257 1261 2422 1317 initia
2454 1262 2585 1318 ﬁdei
2618 1279 2739 1318 suae
2767 1263 3053 1331 venditos,
3087 1267 3145 1319 et
3172 1262 3271 1318 Dei
3309 1262 3677 1336 indulgentia
3702 1263 3725 1299 ⁸

2075 1351 2394 1417 restitutos,
2427 1369 2530 1423 pro
2588 1357 2746 1408 certo
2801 1352 3014 1408 iterum
3074 1352 3132 1408 in
3191 1369 3338 1408 usus
3397 1369 3724 1425 pauperum

2072 1439 2579 1509 vendidisset,nisi
2606 1441 2887 1497 invidiam
2919 1443 2990 1497 de
3038 1441 3438 1513 persecutione
3467 1441 3678 1498 vitaret
3701 1443 3724 1478 ⁸

2073 1546 2208 1586 cum
2241 1529 2532 1586 militibus
2562 1531 2684 1586 suis
2714 1531 2988 1603 princeps
3010 1531 3124 1603 (22)
3155 1535 3392 1602 repente
3422 1530 3725 1587 subitavit.

2073 1619 2193 1674 imo
2225 1620 2429 1676 1495
2484 1623 2551 1675 ut
2579 1620 2773 1676 verius
2820 1619 3087 1688 dixerim,
3112 1620 3406 1676 subitasse
3448 1635 3511 1676 se
3541 1619 3729 1676 credi-

2074 1707 2179 1763 dit.
2214 1707 2378 1764 Unde
2407 1709 2566 1764 enim
2595 1714 2793 1781 posset
2821 1713 3105 1780 tanquam
3135 1709 3470 1781 'improviso
3504 1708 3729 1781 impetu

2072 1813 2239 1852 mens
2275 1813 2510 1870 semper
2539 1801 2742 1869 parata
2771 1815 2838 1855 su
2850 1798 3025 1855 bitari
3047 1798 3076 1853 ?
3105 1798 3396 1857 Processit
3423 1813 3561 1870 ergo
3601 1799 3730 1870 jam

2062 1889 2262 1943 certus
2294 1886 2550 1959 expungi
2601 1887 2754 1959 quod
2789 1887 2889 1943 diu
2922 1887 3113 1943 fuerat
3149 1888 3510 1944 retardatum
3542 1905 3556 1955 ;
3590 1903 3727 1957 pro-

2063 1976 2242 2031 cessit
2273 1976 2470 2032 animo
2515 1975 2755 2032 sublimi
2787 1980 2843 2032 et
2870 1979 3060 2033 erecto
3096 1978 3140 2042 ⁷,
3170 1976 3528 2033 hilaritatem
3575 1992 3724 2048 prae-

2063 2067 2255 2122 ferens
2286 2065 2448 2120 vultu
2481 2071 2540 2122 et
2569 2066 2741 2122 corde
2774 2066 3076 2122 virtutem.
3107 2066 3219 2122 Sed
3249 2065 3468 2122 dilatus
3497 2065 3559 2120 in
3589 2081 3718 2121 cra-

2061 2155 2309 2218 stinum.
2334 2156 2406 2210 ad
2439 2156 2685 2210 domum
2718 2155 3002 2227 principis
3033 2172 3068 2211 a
3096 2155 3365 2226 praetorio
3396 2156 3726 2211 reverteba-

2060 2248 2194 2311 tur;
2222 2260 2358 2298 cum
2409 2244 2601 2299 subito
2637 2259 2737 2315 per
2782 2243 3194 2317 Carthaginem
3236 2248 3420 2300 totam
3471 2260 3717 2316 sparsus

2062 2349 2264 2388 rumor
2311 2331 2624 2398 increbuit,
2653 2333 3002 2403 productum
3057 2349 3182 2389 esse
3205 2334 3331 2404 jam
3372 2331 3714 2398 Thascium,

2061 2438 2259 2493 quem,
2293 2425 2501 2492 praeter
2529 2420 2814 2477 celebrem
2845 2421 3097 2492 gloriosa
3127 2420 3706 2494 opinionenotitiam,

2045 2510 2235 2566 etiam
2267 2510 2338 2565 de
2368 2510 2918 2566 commemoratione
2943 2510 3374 2582 prazclarissimi
3395 2508 3708 2583 (23)operis

2062 2615 2233 2655 nemo
2262 2615 2377 2654 non
2426 2603 2684 2654 noverat.
2741 2597 3175 2655 Concurrebant
3204 2600 3466 2670 undique
3503 2615 3707 2656 versus

2062 2704 2266 2742 omnes
2317 2688 2390 2741 ad
2423 2689 2846 2758 spectaculum,
2882 2687 3051 2743 nobis
3099 2703 3203 2758 pro
3233 2687 3534 2742 devotione
3573 2686 3710 2742 ﬁdei

2062 2776 2382 2849 gloriosum
2410 2775 2776 2846 3,genti|ibus
2805 2779 2862 2832 et
2883 2776 3224 2832 dolendum.
3245 2775 3560 2844 Receptum
3576 2790 3712 2831 eum

2062 2873 2279 2934 tamen,
2299 2871 2355 2921 et
2386 2867 2444 2920 in
2475 2866 2649 2921 domo
2681 2864 2966 2937 principis
2995 2867 3378 2921 constitutum
3411 2881 3530 2920 una
3549 2867 3717 2920 nocte

2064 2954 2354 3010 continuit
2386 2953 2655 3010 custodia
2686 2953 2935 3010 delicata
2963 2954 3198 3026 (2/1),ita
3227 2959 3291 3010 ut
3319 2953 3568 3010 convivae
3589 2953 3718 3024 ejus

2064 3048 2122 3100 et
2149 3044 2312 3102 chari
2363 3043 2423 3099 in
2481 3042 2864 3100 contubernio
2889 3060 2959 3099 ex
2983 3060 3145 3100 more
3192 3044 3503 3101 fuerimus.
3549 3042 3720 3099 Plebs

307 3146 441 3186 sum
473 3131 583 3202 (2|)
632 3131 881 3187 subinde
930 3134 1246 3188 suaderent
1278 3151 1291 3190 :
1330 3139 1386 3188 et
1425 3153 1495 3188 ne
1546 3152 1751 3206 parum
1802 3139 1958 3191 esset
1989 3128 2031 3193 C
2068 3133 2306 3190 interim
2356 3137 2476 3188 tota
2507 3132 2758 3188 sollicita
2804 3148 2876 3188 ne
2908 3149 3010 3204 per
3061 3137 3287 3190 noctem
3323 3132 3543 3204 aliquid
3593 3132 3721 3188 sine

310 3220 469 3274 nuda
499 3220 758 3290 suadela,
795 3221 972 3276 etiam
1005 3221 1131 3278 loca
1160 3225 1219 3278 in
1253 3240 1380 3294 quae
1412 3225 1705 3279 secederet
1752 3223 1958 3279 offere-

310 3308 470 3364 bant.
503 3309 606 3364 Ille
636 3326 768 3365 vero
811 3310 939 3380 jam
973 3312 1282 3381 mundum,
1318 3329 1605 3382 suspensa
1644 3312 1714 3367 ad
1751 3311 1958 3382 cmlum

313 3401 525 3464 mente,
559 3397 911 3469 neglexerat,
944 3416 1049 3455 nec
1086 3399 1343 3456 suadelis
1389 3399 1826 3456 blandientibus
1859 3418 1958 3454 an-

313 3486 593 3542 nuebant.
629 3485 885 3542 Fecisset
915 3490 1164 3544 fortasse
1195 3495 1334 3544 tunc
1365 3490 1541 3544 etiam
1578 3492 1731 3560 quod
1764 3507 1797 3543 a
1831 3489 1962 3561 plu-

313 3573 479 3630 rimis
529 3580 587 3630 et
617 3575 891 3632 ﬁdelibus
935 3577 1258 3648 petebatur,
1293 3578 1338 3632 si
1375 3582 1432 3632 et
1475 3577 1670 3633 divino
1719 3578 1963 3649 imperio

308 3663 640 3732 juberetur.
670 3664 775 3719 Sed
821 3681 925 3719 nec
958 3665 1059 3719 illa
1111 3666 1386 3722 sublimis
1433 3667 1582 3722 tanti
1624 3667 1732 3723 viri
1779 3667 1966 3740 gloria

317 3750 441 3806 sine
495 3753 781 3823 praeconio
831 3755 1190 3810 transeunda
1229 3760 1360 3810 est:
1397 3756 1538 3827 quia
1578 3757 1704 3826 jam
1753 3755 1965 3812 saeculo

316 3843 683 3896 tumescente
714 3848 770 3900 et
818 3843 888 3897 de
921 3843 1133 3898 ﬁducia
1163 3843 1495 3916 principum
1537 3845 1965 3900 infestationem

318 3929 577 3983 nominis
620 3930 948 3997 anhelante,
991 3931 1087 3986 ille
1125 3949 1319 3988 servos
1371 3933 1489 4004 Dei,
1521 3938 1691 4004 prout
1721 3934 1971 3989 dabatur

318 4017 569 4083 occasio,
587 4019 1091 4075 exhortationibus
1123 4021 1437 4078 Dominicis
1458 4022 1865 4088 instruebat,et
1896 4023 1965 4077 ad

318 4104 626 4164 calcandas
657 4108 960 4179 passiones
975 4109 1152 4180 hujus
1179 4111 1460 4182 temporis
1483 4111 1971 4183 contemplatione

2070 3221 2429 3279 conscientia
2460 3222 2550 3276 sui
2585 3223 2765 3290 ﬁeret,
2795 3227 2929 3277 ante
2963 3222 3112 3278 fores
3143 3221 3423 3294 principis
3465 3221 3718 3277 excuba-

2070 3314 2188 3367 bat.
2223 3310 2522 3367 Concessit
2569 3311 2619 3367 ei
2651 3315 2791 3365 tune
2831 3310 3027 3366 divina
3057 3310 3306 3380 bonitas,
3333 3326 3465 3366 vere
3515 3311 3722 3381 digno,’

2071 3406 2136 3456 ut
2165 3401 2262 3456 Dei
2299 3399 2551 3471 populus
2581 3400 2756 3456 etiam
2793 3399 2851 3455 in
2879 3399 3196 3456 sacerdotis
3219 3399 3491 3472 passione
3518 3398 3718 3471 vigila-

2072 3493 2160 3546 ret
2188 3491 2323 3560 (25).
2357 3488 2620 3544 Forsitan
2651 3492 2845 3543 tamen
2878 3493 3098 3560 quaerat
3128 3488 3341 3560 aliquis
3373 3505 3499 3560 quas
3539 3504 3718 3544 causa

2073 3579 2249 3635 fuerit
2277 3596 2311 3634 a
2341 3577 2606 3649 praetorio
2650 3577 2969 3632 revertendi
3002 3578 3072 3632 ad
3121 3576 3466 3649 principem.
3501 3577 3570 3632 Et
3616 3593 3718 3632 vo-

2073 3669 2204 3724 lunt
2236 3668 2362 3734 hoc,
2397 3665 2621 3722 scilicet
2667 3666 2909 3737 quidam
2942 3666 3012 3722 de
3051 3683 3179 3731 suo,
3212 3670 3352 3721 tunc
3397 3681 3723 3738 proconsu-

2075 3757 2188 3813 lem
2221 3754 2672 3810 noluisse.Absit
2697 3758 2762 3810 ut
2789 3754 2848 3810 in
2880 3755 3057 3811 rebus
3089 3753 3389 3810 divinutus
3421 3753 3601 3826 gestis
3633 3767 3724 3810 se-

2077 3843 2318 3918 gnitiem
2347 3843 2468 3898 sive
2502 3843 2802 3900 fastidium
2834 3841 3200 3915 proconsulis
3231 3857 3575 3914 conquerar.
3608 3841 3725 3896 Ab-

2079 3934 2251 3988 situt
2310 3931 2532 3986 malum
2587 3930 2695 3986 hoc
2757 3930 2912 3984 intra
2966 3929 3385 3986 conscientiam
3445 3927 3728 4001 religiosas

2081 4020 2294 4076 mentis
2347 4019 2657 4075 admittam
2689 4037 2702 4087 ;
2737 4023 2800 4074 ut
2829 4019 2901 4074 de
2926 4022 3046 4074 tam
3089 4018 3428 4075 beatissimo
3479 4021 3732 4092 martyre

2081 4113 2284 4167 ructus
2332 4107 2589 4164 hominis
2621 4108 2734 4180 (26)
2775 4105 3090 4178 judicaret.
3123 4107 3234 4163 Sed
3266 4107 3562 4164 crastinus
3604 4105 3730 4162 dies

1763 4273 1946 4328 Varias
1983 4271 2281 4328 lectiones.

392 4390 436 4425 9°
465 4390 545 4465 _De
575 4391 676 4446 ﬁlii
728 4395 962 4450 nomine
1012 4395 1144 4451 Bod.
1180 4399 1228 4450 Ι.
1282 4396 1467 4452 Morel.
1547 4401 1564 4434 ί
1601 4397 1941 4453 Relecturus
1989 4397 2117 4452 Bod.
2154 4397 2202 4450 1.
2281 4394 2612 4465 'Suprema
2660 4390 2878 4465 indicia
2920 4392 3124 4465 literalt
3188 4391 3222 4465 ,³
3265 4391 3371 4465 Qui
3421 4391 3730 4465 ejecerant,

323 4462 584 4519 admissa
613 4468 701 4518 est
739 4466 872 4520 Bod.
912 4467 958 4519 1.

322 4605 541 4676 pariter
569 4606 699 4663 Bod.
739 4616 788 4663 I.

1064 4468 1086 4499 ‘
1114 4467 1204 4521 Sic
1232 4469 1366 4539 Bod.
1407 4471 1454 4522 ι.
1504 4468 1687 4526 Morel.
1740 4468 2051 4524 V’olnntate
2099 4467 2387 4539 disposita
2435 4465 2631 4535 Rigalt.

325 4535 378 4588 1.
408 4534 600 4611 Morel:
667 4535 1004 4611 fOccupari
1053 4538 1112 4593 in
1144 4538 1414 4611 passione
1445 4539 1650 4595 vitaret
1694 4541 1834 4596 Bod.
1875 4542 1922 4594 Ι.
1973 4540 2156 4595 Morel.
2198 4533 2253 4572 ’⁷
2286 4537 2353 4591 Et
2399 4533 2624 4602 sereno,
2676 4533 3030 4591 hilaritatem
3079 4534 3275 4592 ﬂaret.

2734 4464 2756 4498 ⁸
2901 4463 2970 4518 de
3027 4462 3129 4518 Dei
3185 4460 3553 4569 indulgentia
3603 4460 3730 4517 Bod.

2741 4533 3030 4589 laritatem
3079 4534 3275 4589 Morel.
3401 4533 3733 4589 Gloriosum

3473 4549 3669 4590 OI‘IOSIJ

1767 4734 2076 4792 Variorum
2116 4737 2285 4790 notae.

394 4859 515 4931 (21)
544 4860 1090 4931 SecessumAliquot
1120 4859 1324 4916 diebus
1356 4860 1620 4929 secessit,
1654 4878 1725 4918 ne
1755 4859 1982 4917 Uticam
2013 4861 2060 4924 D

325 4929 768 5004 interﬁciendae
809 4929 1246 5004 perduceretur.
1278 4935 1352 4988 At
1385 4932 1649 5004 idenim
1701 4932 1982 4987 Frumen-

325 5001 462 5057 tarii
493 5001 906 5074 approconsule
946 5003 1111 5059 missi
1140 5004 1391 5060 fuerant.
1432 5003 1592 5060 Unde
1622 5003 1775 5059 infra
1811 5004 1978 5058 subi-

325 5078 506 5147 tasse,
540 5073 600 5128 id
645 5080 736 5131 est
774 5074 1146 5141 accelerasse,
1177 5075 1392 5147 dicitur
1435 5077 1732 5147 princeps,
1766 5080 1979 5147 putans

328 5145 683 5218 Cyprianum
732 5162 928 5203 revera
981 5148 1235 5218 effugere
1287 5145 1978 5218 velleIVideepi—stolam

336 5217 608 5274 ultimam
640 5218 820 5274 Oxon.
851 5219 943 5283 81,
971 5217 1224 5274 Pamelio
1254 5220 1343 5274 83.
1383 5219 1657 5274 Romam.

406 5288 520 5359 (22)
551 5291 833 5359 Princeps.
859 5291 939 5345 De
971 5289 1062 5344 his
1092 5291 1240 5346 ratio
1272 5291 1536 5345 redditur
1563 5291 1623 5345 in
1657 5290 1879 5345 notitiis
1902 5288 1984 5342 di-

339 5359 632 5445 gnitatum
665 5363 808 5445 imp.
844 5363 1013 5445 Rom;
1045 5362 1219 5444 Erant
1252 5368 1574 5445 summates
1625 5368 1677 5445 et
1711 5361 1981 5445 praecipui

2163 4857 2276 4930 (21)
2308 4857 3143 4930 Commemorationeprwclari
3189 4855 3386 4930 operis.
3417 4851 3642 4930 Alludit
3669 4853 3741 4909 ad

2097 4925 2419 5002 martyrum
2453 4929 2619 4994 festa,
2646 4927 2704 4981 in
2737 4925 2954 4998 quibus
2984 4925 3197 4998 vigiliae
3228 4925 3572 5050 ageﬁmntur.

3365 5011 3572 5050 unum

3365 5011 3599 5052 UINAR'I'.

2161 5072 2273 5143 (24)
2306 5070 2563 5127 Custodza
2615 5068 2881 5124 delicata.
2916 5070 2977 5123 Id
3031 5073 3121 5125 est
3165 5067 3350 5123 libera
3397 5074 3452 5122 et
3500 5063 3747 5122 minime

2091 5145 2259 5199 dura.
2294 5143 2580 5198 Romam.

2164 5215 2275 5284 (25)
2310 5215 2566 5268 l’assiorw
2594 5209 2999 5284 vigilaretnlta
3023 5208 3236 5284 vigilite
3269 5209 3448 5264 festos
3478 5207 3604 5264 dies
3643 5224 3745 5262 na-

2094 5281 2298 5340 talium
2329 5290 2650 5354 martyrum
2688 5282 3044 5354 praecedunt.
3077 5281 3242 5336 FELL.

2166 5358 2284 5432 (2(3)
2312 5349 2507 5410 Βασιαὲ
2537 5349 2797 5432 homijzis.
2832 5352 2996 5407 Hunc
3028 5358 3265 5432 ructum
3290 5349 3506 5432 Gallice
3535 5350 3750 5432 caprice

342 5422 444 5556 aui
476 5431 586 5486 sub
614 5422 896 5504 magistro
919 5433 1243 5489 ofﬁciorum
1266 5422 1987 5515 militabant,describehte
2098 5422 2544 5508 appellaremus.
2570 5456 2639 5512 -τ-
2669 5426 2868 5506 Ructus
2898 5423 3340 5508 proverbialiter
3364 5422 3460 5478 hic
3490 5422 3749 5494 positum

395 5501 864 5556 othofred.Porro
881 5509 1085 5556 notum
1107 5509 1195 5556 est
1217 5505 1739 5556 militesdivisosm
1764 5504 1986 5556 velites.
2099 5505 2207 5556 est.
2253 5515 2354 5556 nro
2401 5498 2642 5553 arbitrio
2673 5513 2777 5551 seu
2827 5496 2999 5550 libita.
3045 5495 3257 5550 Eadem
3303 5509 3443 5550 voce
3490 5509 3638 5548 usus
3662 5495 3749 5546 est

395 5501 864 5574 othofred.P_orro
881 5509 1085 5561 notum
1107 5509 1195 5560 est
1217 5505 1656 5562 militesdivisos
1680 5506 1739 5560 in
1764 5504 1986 5574 velites,

345 5573 661 5645 principes,
694 5575 946 5634 triarios.
981 5579 1144 5634 FELL.

2099 5495 2207 5566 est,
2253 5515 2354 5570 pro
2401 5498 2642 5553 arbitrio
2673 5513 2777 5570 seu
2827 5496 2999 5570 libita.
3045 5495 3257 5570 Eadem
3303 5509 3443 5570 voce
3490 5509 3638 5570 usus
3662 5495 3752 5570 est

2098 5577 2156 5631 S.
2190 5561 2516 5645 Cyprianus
2567 5570 2628 5625 in
2658 5567 2830 5641 epist.
2861 5569 2954 5638 62,
2984 5567 3062 5624 ad
3109 5568 3500 5640 Pomponium,
3533 5564 3640 5621 ubi
3685 5561 3759 5614 de
