4112 6174
488 274 644 348 1567

1779 278 2058 358 PASSIO
2101 279 2165 350 s.
2213 281 2609 364 exesum.

3748 279 3911 344 1568

481 410 876 504 antejanuam
913 407 1226 472 universus
1255 406 1510 488 populus
1537 409 1783 484 fratrum
1805 412 2128 492 mansitm.
2160 433 2214 504 Α
2242 412 2339 476 ria:
2371 412 2827 491 conspirationis
2855 407 3129 473 homines
3151 408 3566 488 aggregasti,et
3589 406 3911 469 inimicum

479 502 550 558 Et
581 517 718 557 cum
748 501 857 556 hoc
909 503 1231 574 Cyprianus
1279 507 1677 578 comperisset,
1711 509 1914 565 1501
1951 509 2126 564 casti-

2241 511 2296 564 te
2327 507 2686 563 constituisti
2719 507 2831 561 diis
2864 505 3144 561 Romanis
3190 506 3394 562 I508
3428 509 3484 558 et
3514 503 3910 574 religionibus

480 590 610 662 gari
639 589 866 662 puellas
896 592 1187 664 praecepit,
1208 595 1484 664 quoniam
1519 595 1578 650 in
1610 595 1734 652 vico
1764 613 1970 653 omnes
1999 603 2134 654 ante
2241 597 2560 666 sacris,nec
2590 601 2645 652 te
2677 597 2756 668 pii
2785 600 2842 652 et
2871 595 3234 651 sanctissimi
3267 593 3561 665 principes
3593 593 3784 647 nostri
3806 593 3912 646 Va-

466 681 715 751 januam
771 681 1005 753 hospitii
1059 681 1338 753 principis
1374 684 1671 753 jaoebant.
1707 686 1775 740 Et
1816 685 1899 742 ita
1949 687 2134 746 altera
2238 685 2501 743 lerianus
2531 691 2587 742 et
2609 685 2908 742 Gallienus
2939 683 3629 756 Augusti,otValerianus
3663 682 3912 736 nobilis-

477 769 593 838 die,
627 769 682 824 id
717 775 808 825 est
837 787 952 825 xvn
987 769 1267 827 Kalendas
1297 773 1582 843 Octobris,
1615 790 1787 830 mane
1818 776 2022 846 multo,
2055 777 2126 832 ad

477 859 660 925 Sexti,
695 860 1019 916 secundum
1053 865 1408 934 praeceptum
1435 864 1457 896 ⁴
1484 861 1694 919 Galerii
1729 864 1970 921 Maximi
2004 883 2131 938 pro-

481 948 761 1018 consulis,
813 948 1126 1004 clarissimi
1174 951 1303 1017 viri,
1371 951 1428 1006 in
1477 953 1624 1008 atrio
1675 955 1932 1010 sedentis
1983 956 2128 1011 Sau-

481 1036 627 1092 ciolo
677 1037 774 1108 (8),
812 1037 1046 1093 oblatus
1091 1044 1198 1094 est.
1233 1042 1356 1105 Quo
1405 1040 1619 1112 oblato,
1653 1043 1806 1100 idem
1862 1043 2128 1100 Galerius

484 1125 773 1182 Maximus
808 1127 1142 1198 proconsul,
1174 1128 1538 1186 clarissimus
1580 1131 1688 1199 vir,
1718 1132 2004 1204 Cypriane
2034 1134 2126 1189 di—

476 1213 654 1268 xit5:
709 1216 791 1268 Tu
850 1220 1129 1285 papatum
1181 1217 1473 1290 sacrilegae
1523 1221 1736 1276 mentis
1787 1221 2127 1278 hominibus

474 1301 770 1358 exhibusti
792 1303 819 1356 ‘I
840 1303 1164 1374 Cyprianus
1193 1305 1338 1360 dixit
1362 1324 1374 1361 :
1405 1308 1814 1379 Ego.Galerius
1837 1312 2125 1366 Maximus

473 1389 811 1462 proconsul.
864 1391 1230 1448 clarissimus
1261 1394 1368 1462 vir,
1403 1395 1634 1453 locutus
1686 1415 1819 1453 cum
1857 1399 2121 1467 consilio,

469 1479 817 1536 sententiam
868 1479 962 1535 vix
991 1486 1048 1537 et
1095 1499 1245 1556 aegre
1278 1483 1440 1553 dixit,
1478 1485 1670 1543 verbis
1724 1487 2070 1558 hujusmodi
2106 1506 2118 1544 :

470 1567 578 1624 Diu
611 1568 892 1642 sacrilega
921 1575 1117 1628 mente
1146 1572 1362 1642 vixisti,
1397 1578 1456 1632 et
1501 1575 1789 1648 plurimos
1817 1577 1921 1634 tibi
1956 1579 2121 1634 nefa-

2243 775 2432 832 simus
2461 776 2670 842 Caesar,
2700 778 2861 830 secta
2885 773 3360 828 felicissimorum
3395 778 3735 844 temporum
3772 787 3910 826 suo-

2241 881 2396 932 rum,
2433 863 2701 921 obdurati
2737 862 2949 919 furoris
2981 863 3161 934 (9),ad
3193 862 3572 918 caeremonias
3605 861 3906 932 percolen-

2237 953 2365 1020 das,
2399 954 2733 1024 bonamque
2782 956 3037 1008 mentem
3069 951 3398 1006 habendam
3430 954 3595 1004 tanto
3639 955 3901 1022 tempore

2244 1046 2565 1115 potuerunt
2612 1057 2898 1097 revocare.
2932 1045 3000 1094 Et
3047 1041 3173 1096 ideo
3203 1040 3359 1111 quod
3407 1039 3766 1109 nequissimi
3796 1041 3900 1094 cri-

2241 1132 2418 1188 minis
2455 1136 2658 1188 auctor
2707 1135 2764 1186 et
2795 1130 3038 1202 signifer
3085 1128 3485 1200 deprehensus
3535 1146 3620 1194 es,
3675 1145 3797 1200 quo
3842 1135 3902 1183 tu

2241 1220 2457 1278 scelere
2487 1219 2760 1286 docuisti,
2791 1221 2918 1290 ipso
2950 1219 3304 1273 documento
3335 1217 3594 1288 peribis;
3634 1224 3700 1270 ut
3752 1235 3901 1288 quo-

2238 1311 2395 1366 niam
2428 1316 2528 1365 tuo
2560 1309 2769 1366 adnisu
2803 1309 3032 1363 duravit
3064 1306 3347 1376 sacrilega
3377 1307 3779 1368 contumacia.
3801 1314 3898 1362 tuo

2235 1400 2524 1472 sanguine
2555 1397 2850 1454 sanciatur
2885 1395 3216 1467 disciplina.
3252 1396 3320 1450 Et
3368 1395 3680 1450 decretum
3713 1413 3778 1450 ex
3812 1405 3899 1451 ta-

2232 1489 2385 1544 bella
2405 1483 3004 1546 recitavit.'l‘bascium
3034 1485 3387 1558 Cyprianum
3415 1483 3609 1556 gladio
3636 1485 3902 1540 animad-

2229 1580 2376 1636 verti
2408 1577 2618 1650 placet.

1922 1703 2106 1759 Varias
2138 1701 2438 1761 lectiones.

542 1791 565 1825 ⁴
593 1791 820 1871 Galerii,
838 1793 1076 1871 Maximi
1108 1795 1349 1871 in‘atrio
1393 1798 1674 1871 sedentis,
1707 1800 1980 1860 obvoluto
2022 1805 2080 1861 et
2108 1799 2367 1862 sauciolo
2413 1801 2622 1871 Rigalt.
2671 1799 3014 1857 Voluntarie
3063 1797 3330 1854 Sauciolo
3359 1799 3490 1855 Bod.
3527 1800 3581 1855 l.

3666 1796 3902 1855 5Tues

469 1861 757 1922 Thascius
785 1867 1126 1938 Cyprianus.
1158 1867 1314 1924 Dixit
1344 1886 1359 1928 :
1391 1870 1530 1944 Ego.
1564 1861 1829 1931 Galerius
1860 1871 2150 1934 Maximus
2174 1873 2321 1930 dixit
2347 1861 2570 1930 Βαάλ.

1915 1996 2222 2053 Variorum
2253 2000 2424 2053 notae.

469 2087 618 2144 Inter
652 2089 945 2147 Veneriam
979 2100 1029 2148 el
1058 2091 1362 2149 Salariam.
1395 2097 1462 2148 In
1515 2093 1646 2150 aliis
1677 2094 1924 2151 codicib.
1973 2096 2026 2151 le
2069 2094 2118 2136 '-
2147 2099 2194 2164 B

469 2163 566 2215 tur
593 2162 950 2218 Salutariam.
987 2164 1112 2220 Non
1163 2171 1253 2220 est
1281 2167 1676 2220 snernendum
1719 2167 1870 2220 auod
1903 2167 1961 2220 in
2011 2111 2111 2220 gi-

468 2163 566 2243 tur
593 2162 950 2243 $alutariagn.
987 2164 1112 2221 Non
1163 2171 1253 2221 est
1273 2167 1676 2243 spernendum
1719 2167 1961 2243 quodin

471 2235 732 2307 ptoriano
779 2235 1064 2307 scriptum
1095 2243 1184 2292 est
1215 2253 1228 2291 :
1259 2235 1407 2292 inter
1441 2239 1672 2294 Venaria
1700 2235 1754 2293 ei
1791 2237 2110 2304 Salutaria;

471 2303 582 2381 hac
637 2306 794 2381 enim
852 2303 1032 2381 manu
1075 2309 1292 2381 ducor,
1342 2313 1407 2363 ut
1457 2309 1764 2381 existimen
1822 2303 2112 2381 scriptum

471 2375 696 2452 fuisse;
706 2379 854 2452 inter
887 2379 1120 2452 Veneria
1145 2380 1432 2452 Salutaria
1461 2381 1533 2452 ab
1563 2380 1761 2452 aliquo
1792 2375 1971 2436 sciolo
2011 2381 2112 2452 qui

472 2449 627 2524 apud
661 2446 936 2524 Pontium
981 2448 1203 2524 legerat
1226 2449 1418 2505 locum
1464 2451 1562 2507 ubi
1592 2446 1944 2523 Cyprianum
1993 2446 2112 2524 pati

469 2519 733 2594 contigit,
768 2519 950 2594 fuisse
995 2521 1304 2578 arboribus
1332 2538 1402 2577 ex
1446 2524 1606 2578 omni
1638 2519 1823 2594 parte
1851 2519 2112 2580 densatis

470 2589 781 2647 consitum.
817 2591 1045 2648 ΗιοΑιτ.

536 2661 613 2732 (7)
647 2663 937 2734 Universus
974 2664 1214 2734 populus
1240 2665 1486 2734 fratrum
1532 2667 1756 2721 mansit.
1803 2665 2113 2721 Nocturnus

469 2733 909 2789 convocationes
953 2733 1421 2790 Christianorum
1453 2735 1594 2791 olim
1645 2736 1798 2792 anud
1849 2737 2112 2792 ethnicos

465 2809 749 2887 suspectas
775 2810 870 2886 ;.et
901 2809 1190 2888 prostrata
1221 2805 1546 2878 puellarum
1563 2805 1860 2932 iudicitia
1891 2807 2112 2880 passim

470 2873 592 2930 illis
640 2876 1040 2946 objimebatur.
1073 2877 1203 2933 Vid.
1249 2877 1491 2933 Tertull.
1524 2896 1557 2933 a
1640 2881 1805 2936 Uxor.
1839 2879 1878 2934 l.
1916 2897 1976 2944 ιι,
2007 2879 2111 2935 Ju-

473 2921 610 3003 ἕίίίἶ.
642 2921 1040 3020 ἒῖδλὶίἕὲὶἱῖέξ
1062 2921 2114 3017 τὲίῖοᾱιῖιῖ’ἔῖΜῖἕυῖῗιῖπὲίΪιὲίὲοἮε

474 3017 872 3094 custodiendis
899 3017 1226 3094 virginibus
1257 3021 1400 3076 adeo
1430 3020 1716 3094 sollicitus
1745 3025 1869 3078 erat
1886 3021 2116 3094 Cypria-

475 3089 881 3171 nus..Pontius
937 3089 1112 3148 istam
1171 3092 1686 3171 pernoctationem,
1729 3095 1821 3171 ad_
1854 3089 2116 3171 vigiliam

475 3161 725 3234 maxime
761 3161 1081 3218 solemnem
1115 3161 1245 3234 quae
1273 3164 1495 3219 Pascha
1527 3161 2114 3228 antenedebatfrevo-

472 3248 604 3309 care
631 3233 879 3309 videtur,
913 3251 1042 3309 quae
1088 3233 1368 3309 Eusebio,
1393 3235 1427 3303 ἡ
1464 3234 1710 3309 μεγάλης
1757 3236 1950 3309 ἒορᾳτῆς
1982 3255 2114 3309 παγ-

470 3301 652 3377 νυχίς,
686 3303 724 3358 1.
760 3323 820 3371 Il,
854 3322 903 3360 ο.
929 3301 1027 3369 ’17,
1059 3312 1116 3360 et
1143 3307 1177 3373 ἡ
1216 3301 1425 3380 μεγάλή
1465 3301 1572 3361 ’τοῦ
1602 3301 1682 3361 Hi
1763 3327 1794 3360 α
1820 3301 2116 3360 ’διὰνυκτὲ-

470 3394 666 3434 pacate.
700 3375 740 3431 l.
772 3393 849 3434 γι.
903 3393 952 3432 c.
985 3379 1039 3432 9.
1070 3377 1230 3432 Unde
1276 3379 1562 3434 coniicere
1610 3326 1825 3434 licebit.
1869 3395 1968 3434 ner
2014 3377 2115 3433 illa

1685 3395 1716 3435 ϐ

469 3375 666 3458 paucis,
700 3375 740 3431 l.
772 3393 952 3458 _vr,“c.
985 3379 1039 3432 9.
1070 3375 1230 3432 Unde
1268 3375 1562 3458 conjicere
1610 3375 1825 3458 licebit,
1869 3395 1968 3450 per
2014 3377 2115 3458 illa

2225 2095 2379 2151 sima
2418 2093 2746 2150 mutatione
2780 2111 2794 2149 :
2828 2094 2983 2149 Mane
3020 2095 3193 2148 multo
3241 2093 3311 2147 ad
3358 2092 3534 2158 Sexti,
3585 2092 3890 2146 secundum

2217 2170 2560 2238 praceptum
2591 2165 2798 2238 Galerii
2817 2165 3045 2220 Maximi
3071 2165 3771 2238 proconsulis,clarissimi
3788 2167 3890 2217 m'ri

2222 2236 2280 2292 in
2323 2236 2468 2294 atrio
2519 2237 2746 2304 sedenti,
2793 2238 3040 2292 obvoluto
3077 2236 3140 2292 et
3187 2236 3478 2304 helucioso,
3517 2237 3738 2290 oblatus
3787 2241 3881 2289 est.

2219 2309 2479 2381 Scriptor
2518 2309 2627 2364 iste
2681 2309 2788 2381 qui
2835 2311 3069 2363 venaria
3113 2307 3277 2371 dixit,
3325 2323 3428 2381 pro
3479 2307 3880 2381 venationibus,

2223 2385 2325 2436 aut
2350 2379 2672 2446 venatoriis,
2702 2379 3040 2436 ’heluciosum
3081 2395 3312 2449 quoque
3339 2379 3549 2432 dixerit
3583 2395 3690 2449 pro
3721 2380 3877 2449 helu-

2220 2467 2340 2507 coso
2370 2469 2388 2506 :
2423 2457 2487 2507 ut
2530 2451 2608 2506 sit
2657 2444 2968 2506 belucosus
3016 2444 3137 2506 sive
3186 2444 3525 2504 h'eluciosus
3572 2444 3601 2500 ὁ
3634 2444 3876 2522 καρηϐα-

2224 2525 2353 2597 ρῶν.
2387 2523 2717 2597 Notandum
2765 2538 2898 2597 v_ero
2930 2527 3018 2577 est
3064 2522 3350 2597 eumdem
3367 2523 3723 2597 scriptorem
3753 2522 3872 2597 hoc

2221 2591 2450 2665 quoque
2477 2595 2708 2649 tradere
2737 2609 2752 2648 :
2786 2593 3201 2665 Proconsulem
3233 2594 3290 2646 in
3338 2591 3556 2658 locum,
3592 2596 3697 2665 qui
3733 2594 3875 2646 dici-

2221 2670 2320 2721 tur
2359 2664 2550 2736 Sexti,
2611 2665 2926 2736 secessisse
2981 2664 3333 2719 valetudinis
3393 2665 3615 2735 gratia,
3681 2664 3878 2718 locum

2223 2753 2435 2809 nempe
2463 2735 2760 2809 amoenum
2792 2735 2945 2791 inter
2971 2736 3308 2809 venationes
3340 2740 3395 2790 et
3425 2736 3635 2809 saltus.
3658 2736 3877 2790 Notan-

2223 2808 2380 2863 dumi
2397 2809 2574 2863 etiam
2606 2813 2664 2862 in
2707 2808 2820 2862 ista
2851 2808 3204 2876 narratione,
3237 2808 3647 2877 proconsulem
3705 2809 3802 2859 vix
3833 2810 3884 2859 et

2225 2896 2373 2952 aegre
2402 2881 2795 2952 interrogasse
2823 2884 2882 2934 et
2912 2878 3231 2952 allocutum
3265 2879 3625 2952 csse.Itaque
3654 2879 3881 2952 sedisse

2225 2949 2460 3006 in'atrio
2515 2949 2876 3018 obvolutum,
2909 2949 3118 3021 pannis
3172 2950 3415 3021 fortasse
3461 2957 3536 3021 et
3566 2950 3882 3012 feralibus,

2226 3026 2291 3078 ut
2320 3020 3003 3094 solentgzegrotantesfaut
3032 3020 3457 3094 sauciati,unde
3489 3020 3712 3094 aliquis
3733 3027 3885 3091 post-

2225 3110 2292 3152 ea
2348 3093 2557 3150 dixerit
2592 3091 2949 3148 wobvolutum
3009 3097 3065 3147 et
3118 3091 3465 3162 sauciolum.
3495 3092 3633 3154 Quae
3682 3094 3880 3162 conje-

2227 3170 2391 3220 ctura
2421 3165 2691 3219 ﬁrmatur
2736 3181 2802 3220 eo
2834 3164 2989 3234 quod
3016 3163 3073 3217 in
3109 3163 3264 3217 Actis
3296 3161 3426 3217 aliis
3457 3161 3715 3234 legitur:
3757 3165 3882 3217 Post

2221 3251 2424 3308 paucos
2453 3236 2569 3290 dies
2598 3235 2979 3308 proconsulem
3007 3234 3308 3308 decessisse.
3346 3235 3469 3308 Rxo.
3496 3267 3567 3274 —
3597 3236 3671 3308 at
3692 3251 3884 3301 quan-

2227 3305 2609 3376 tumcunque
2642 3307 2754 3362 sibi
2821 3306 3045 3377 placeat
3089 3305 3377 3377 Rigaltius
3427 3306 3484 3377 in
3537 3307 3884 3373 conjectura

2226 3395 2356 3448 sua,
2406 3382 2635 3448 constat
2687 3376 3021 3448 Sauciolum
3077 3376 3330 3448 praetorii
3376 3376 3526 3431 atria
3571 3377 3876 3448 denotare.

467 3446 964 3532 saeculatvigilias
995 3465 1063 3532 ex
1093 3453 1320 3532 recepto
1363 3446 1541 3532 more,
1576 3446 1893 3532 martyrum
1951 3453 2112 3532 nata-
2145 3460 2188 3525 C
2226 3446 2442 3532 conci].
2495 3447 2908 3530 Matisconensi
2959 3446 3213 3528 secundo
3246 3465 3293 3501 c.
3328 3449 3392 3501 19
3445 3447 3711 3532 d‘icitur‘:
3747 3471 3774 3529 ις
3812 3447 3884 3502 Ut

466 3518 738 3594 les,_licet
767 3518 1022 3592 episcopi
1053 3518 1270 3594 essent,
1305 3518 1546 3594 minime
1600 3518 1988 3594 prméessisse.
2021 3520 2109 3594 Si-_

466 3590 705 3664 quidem
737 3590 1016 3664 tanquam
1050 3591 1344 3664 peculiare
1369 3590 1648 3664 quiddam
1678 3591 2114 3663 observat,quod

465 3662 570 3788 git
611 3663 850 3734 populus
893 3662 1066 3718 etiam'
1108 3665 1167 3718 in
1215 3662 1515 3720 sacerdotis
1541 3667 1792 3737 passione
1833 3662 2112 3734 vigilaret.

553 3749 638 3788 LL.

516 3749 638 3789 ELL.

538 3803 616 3876 (8)
648 3807 714 3860 In
745 3807 888 3876 atrio
937 3805 1179 3861 sedentis
1233 3806 1507 3862 Sauciolo.
1560 3806 1795 3863 Sedenti
1844 3807 2116 3864 obvoluto

467 3879 525 3932 et
550 3875 832 3950 Sauciolo.
868 3880 1162 3950 Hactenus
1207 3895 1376 3950 nemo
1428 3877 1583 3950 hanc
1608 3876 1850 3950 protulit
1879 3896 1948 3934 ex
1997 3877 2116 3932 ullo

463 3947 785 4020 exemplari
833 3949 1209 4020 scripturam.
1263 3947 1693 4020 Vulgatissima
1739 3949 1841 4006 illa
1887 3955 1976 4006 est
2007 3965 2020 4005 :
2057 3950 2120 4004 In

463 4020 614 4074 atrio
640 4019 855 4076 sedenti
881 4019 1158 4088 Sauciolo,
1186 4024 1245 4077 et
1270 4021 1330 4076 in
1361 4019 1507 4079 actis
1537 4038 1572 4076 a
1601 4022 1861 4078 Manutio
1909 4027 1967 4078 et
1995 4021 2116 4079 Mo-

468 4089 652 4163 rellio,
685 4090 918 4163 editis;
955 4091 1172 4147 atrium
1227 4108 1461 4163 quoque
1492 4093 1862 4163 proconsulis
1908 4093 2122 4148 dicitur

472 4161 829 4234 Sauciolum.
883 4161 994 4218 Sed
1045 4161 1255 4234 parum
1306 4161 1604 4234 probabile
1651 4165 1884 4221 videtur
1932 4163 2119 4219 ullum

478 4232 661 4306 fuisse
692 4233 840 4288 atrio
868 4232 1341 4306 cognomentum.
1365 4234 1548 4290 Faber
1575 4239 1824 4292 testatur
1854 4236 1912 4290 in
1944 4236 2120 4292 veteri

477 4304 676 4379 codice
707 4304 992 4379 reperiri:
1031 4305 1343 4379 Seleutiolo.
1362 4307 1537 4379 Quod
1568 4306 1749 4379 igitur
1792 4308 1852 4362 in
1882 4307 1994 4364 isto
2023 4307 2122 4379 Vi-_

478 4374 701 4448 ctorino
749 4374 1032 4448 scriptum
1081 4381 1190 4442 est,
1223 4377 1468 4432 obvoluto
1516 4374 1893 4443 et'Sauciolo,
1925 4381 1982 4434 et
2028 4377 2123 4434 cui

479 4445 786 4520 displiceat
832 4445 1014 4516 istud,
1044 4447 1320 4516 Sauciolo,
1361 4448 1659 4505 emendari
1711 4448 1922 4522 poterit
1949 4449 2120 4507 levis-

2226 3522 2297 3578 ad
2345 3520 2538 3576 locum
2586 3520 3034 3575 examinationis
3086 3535 3318 3574 reorum
3370 3517 3572 3573 nullus
3623 3519 3883 3573 clericus

2223 3593 2482 3657 accedat,
2515 3607 2703 3661 neque
2733 3591 2964 3646 intersit
2995 3589 3142 3646 atrio
3173 3590 3463 3654 Sauciolo,
3484 3591 3580 3645 ubi
3615 3607 3726 3661 pro
3756 3608 3882 3646 rea-

2224 3671 2322 3720 tus
2352 3663 2442 3720 sui
2473 3662 2773 3733 qualitate,
2805 3662 3095 3732 quispiam
3140 3662 3581 3718 interticiendus
3610 3667 3724 3716 est.
3764 3686 3786 3710 ι
3822 3661 3882 3716 Si

2225 3735 2358 3808 quis
2389 3751 2586 3808 vocem
2621 3735 2770 3790 hanc
2819 3749 2882 3789 ex
2915 3734 3148 3808 goth‘ica
3194 3734 3468 3808 barbarie
3491 3733 3799 3808 haustam,
3830 3739 3885 3788 et

2226 3799 2260 3864 ἐ
2289 3805 2629 3879 sequiorum
2664 3799 2996 3879 temporum
3027 3805 3287 3879 librario,
3313 3805 3371 3879 in
3422 3799 3562 3859 ({trii
3593 3805 3878 3879 interpre—

2225 3875 2553 4006 gme'ntum
2613 3875 2867 3932 additam
2928 3876 3158 3943 dixerit,
3212 3875 3456 3931 minime
3514 3875 3876 3948 repugnabo.

2269 3965 2390 4005 ELL.

2269 3965 2390 4005 ειι.

2299 4022 2377 4091 (9)
2408 4019 2674 4076 Obdurati
2718 4021 2946 4090 furoris.
3002 4018 3237 4091 Aliquid
3284 4017 3381 4091 hic
3413 4018 3725 4091 turbatum
3773 4023 3872 4072 est.

2228 4090 2536 4172 Namuhzrc
2558 4091 2897 4172 verba-sunt
2923 4090 3312 4172 proconsulis,
3345 4090 3402 4145 in
3433 4090 3706 4172 Cypriani
3744 4105 3869 4169 ron-

2231 4163 2508 4220 stantiam
2540 4165 2598 4218 et
2628 4161 2760 4218 fidei
2801 4160 3114 4218 Christiani
3148 4162 3360 4228 robur;
3394 4160 3566 4233 quasi
3609 4160 3868 4233 Galerius

2231 4233 2581 4292 allocutione
2611 4237 2679 4306 ad
2715 4239 3027 4306 martyrem
3067 4249 3174 4306 sua
3219 4229 3470 4306 dixisset
3500 4249 3514 4288 :
3548 4233 3658 4288 Nec
3685 4237 3745 4287 te
3773 4229 3874 4306 ob,-

2232 4307 2425 4364 durati
2472 4305 2706 4372 furoris,
2740 4305 2818 4376 pii
2847 4302 2905 4360 et
2959 4304 3328 4362 sanctissimi
3350 4305 3644 4376 principes
3676 4302 3880 4372 nostri,

2231 4383 2393 4435 secta
2423 4377 2897 4448 felicissimorum
2942 4381 3272 4448 temporum
3303 4393 3572 4442 suorum,
3603 4377 3673 4430 ad
3708 4391 3886 4431 caere-

2232 4450 2462 4508 monias
2509 4447 2890 4522 percolendas
2921 4464 3190 4504 revocare
3231 4451 3571 4520 potuerunt,
3604 4453 3718 4503 etc.
3754 4448 3883 4502 Rm.
