4112 6174
273 255 424 318 1577

331 389 450 438 Aer.
482 385 541 435 V.
571 381 845 441 Quomodo
877 380 1136 428 Minucius
1168 378 1330 427 telum
1374 379 1726 432 etbnimrum,
1759 377 1904 424 (Ebrio

272 451 456 500 stianis
478 447 672 496 cultum
692 445 861 492 crucis
881 442 1263 503 objicientium,
1288 443 1340 489 in
1363 442 1479 490 illos
1499 441 1763 495 retundat,
1780 453 1906 503 cru-

269 527 356 561 ces
390 513 445 558 in
475 511 695 558 deorum
726 502 1040 561 simulacris,
1073 507 1355 560 cantabris,
1401 503 1619 559 vexillis,
1653 502 1907 562 tmphzeis

266 573 602 623 honorabant
631 583 692 618 ac
724 581 949 630 quarum
979 567 1207 630 signum,
1228 567 1281 630 in
1313 566 1644 630 tumentibus
1693 566 1904 611 navium

261 637 408 694 velis,
439 635 494 682 in
518 633 650 696 jugo
683 628 976 679 et‘homine
997 628 1240 691 expansis
1261 628 1490 677 brachiis
1511 630 1695 676 orante
1716 639 1909 696 reprae-

261 690 536 748 sentetur:
585 690 611 693 ”
1073 690 1078 691 “
1817 690 1908 737 549

321 777 436 826 CAP.
469 773 602 823 XIII.
631 770 750 820 Alia
798 770 1237 833 iniquissimarum
1289 767 1487 818 Caecilii
1529 767 1906 817 acacsatienum

260 840 428 902 capita
464 833 847 899 expenduntur.
1741 875 1746 886 ,
1816 833 1901 878 551

322 920 443 968 Aer.
475 916 512 964 I.
547 915 752 972 Quanta
781 912 1043 976 injustitia
1063 911 1300 976 Caecilius
1319 912 1447 960 vitio
1467 910 1774 976 Christianis
1797 923 1908 976 ver-

258 984 351 1038 tat,
394 977 537 1042 quod
584 972 1244 1042 honestis'vol‘uptatibus,
1292 973 1626 1042 spectaculis,
1679 972 1904 1042 pompis,

259 1035 586 1092 circensibus
615 1042 667 1087 et
687 1035 1014 1101 gladiatoriis
1044 1036 1198 1096 ludis,
1221 1049 1282 1084 ac
1311 1035 1556 1098 turpibus
1583 1035 1777 1083 theatri
1798 1047 1908 1101 scef

258 1106 342 1154 nis
377 1099 724 1152 abstinerent.
1818 1099 1904 1144 551

319 1184 441 1232 Aer.
463 1182 524 1229 II.
545 1178 824 1238 Quomodo
847 1179 1110 1227 Minucius
1131 1176 1453 1238 respondeat
1473 1176 1588 1224 aliis
1603 1174 1796 1224 Caecilii
1818 1174 1910 1223 ob-

257 1243 683 1308 trectation‘ibus,
732 1241 1063 1308 Christianos
1105 1238 1332 1308 publicis
1362 1239 1636 1308 conviviis,
1659 1238 1910 1308 _et_sacris

258 1305 640 1356 certaminibus
670 1298 778 1351 non
805 1303 1075 1362 interesse,
1108 1298 1160 1350 et
1189 1302 1456 1349 abstinere
1479 1300 1544 1347 ab
1566 1298 1904 1362 idolothytis:

260 1370 350 1418 ubi
371 1367 674 1416 ostenditur
695 1379 814 1428 quas
837 1369 1022 1428 essent
1037 1361 1125 1428 illa
1144 1363 1356 1428 publica
1376 1362 1709 1410 ethnicorum
1731 1361 1910 1428 convif

259 1433 360 1490 via,
393 1443 453 1479 ac
483 1425 745 1492 quantum
777 1441 808 1475 a
836 1425 1155 1475 Christianis
1176 1425 1556 1487 discreparent.
1821 1427 1910 1472 556

317 1521 441 1568 Aer.
475 1517 560 1566 III.
591 1516 977 1565 Examinantur
1020 1513 1136 1562 alia;
1193 1513 1389 1563 Caecilii
1447 1511 1911 1571 reprehensiones,

254 1583 452 1644 quibus
470 1578 803 1628 Christianos
821 1579 1016 1644 idcirco
1036 1579 1319 1644 vituperat,
1335 1575 1478 1638 quod
1497 1574 1717 1644 ﬁoribus
1733 1577 1906 1644 caput,

254 1636 512 1693 odoribus
539 1654 733 1702 corpus
762 1653 872 1688 non
905 1636 1271 1695 honestarent,
1304 1636 1580 1702 unguenta
1630 1636 1910 1684 funeribus

253 1707 606 1762 reservarent,
634 1699 863 1752 eoronas
884 1704 1140 1763 negarent
1169 1699 1408 1763 mortuis,
1433 1711 1660 1761 quorum
1685 1711 1911 1763 corpora

256 1781 368 1817 non
404 1761 728 1822 cremabant,
761 1764 851 1812 sed
874 1761 1223 1826 sepeliebant,
1256 1762 1346 1810 ubi
1375 1768 1440 1810 de
1470 1775 1618 1810 more
1649 1761 1908 1826 sepelien:

253 1830 306 1878 di
337 1842 562 1891 corpora
592 1828 815 1890 ejusque
844 1822 1181 1888 antiquitate.
1818 1822 1908 1873 558

315 1920 436 1968 Aer.
471 1919 553 1967 IV.
581 1917 704 1964 Tam
735 1919 947 1963 sanctos
994 1913 1418 1962 Christianorum
1462 1926 1621 1974 quam
1670 1911 1906 1974 ethnico-

253 1995 372 2030 ruln
394 1978 865 2046 corruptosfuisse
900 1989 1106 2046 mores:
1140 1973 1780 2046 cur'illorlumdisciplina
1808 1974 1904 2021 mi-

253 2057 356 2092 nor
377 2057 406 2091 a
428 2036 636 2090 Caecilio
652 2040 857 2088 dicatur
879 2054 889 2086 :
915 2042 1170 2100 quantum
1192 2037 1350 2084 iidem
1368 2036 1648 2100 Christiani
1673 2036 1907 2100 philoso-

252 2106 373 2168 phis
394 2103 678 2168 gentiljbus
709 2097 1202 2168 pietatm—doctrina
1228 2099 1604 2168 antecellerent
1627 2113 1637 2145 :
1665 2097 1906 2168 ethnicos

256 2160 440 2216 tamen
461 2170 513 2214 et
540 2160 864 2212 Christianos
894 2162 1056 2211 fuisse
1087 2161 1303 2219 amicos,
1345 2174 1406 2209 ac
1435 2161 1658 2209 fratrum
1687 2160 1904 2209 nomine

255 2243 374 2278 sese
406 2228 635 2276 invicem
667 2225 1084 2288 compellavisse.
1816 2224 1905 2270 562

315 2309 433 2356 CAP.
464 2306 591 2354 XIV.
621 2304 969 2353 Excutiunlur
1000 2301 1195 2350 Caecilii
1222 2303 1530 2364 argumenta
1570 2299 1754 2364 quious
1777 2313 1900 2362 pro-

254 2369 377 2418 bare
405 2369 621 2417 conatur
649 2367 766 2415 deos
787 2379 902 2413 suos
921 2378 1097 2413 revera
1149 2361 1380 2418 existere,
1405 2377 1465 2410 ac
1489 2361 1709 2424 proinde
1730 2361 1900 2410 veram

253 2447 359 2480 esse
384 2430 651 2494 gentilium
685 2427 1002 2490 religionem.
1812 2427 1900 2473 565

313 2514 434 2576 Aer.
467 2513 505 2559 Ι.
531 2509 836 2576 Explicatur
882 2506 1113 2576 primum
1156 2505 1348 2554 Caecilii
1393 2508 1766 2576 argumentum
1795 2517 1902 2576 quo

253 2573 472 2633 probare
501 2566 1017 2633 nititurveros'esse
1049 2570 1178 2633 deos
1200 2580 1326 2616 suos
1355 2581 1420 2615 ex
1450 2566 1900 2633 majorumAtradi-

251 2628 396 2682 tione
427 2638 480 2682 et
508 2632 879 2684 antiquissimo
925 2630 1066 2678 cultu
1119 2631 1360 2684 deorum,
1412 2630 1662 2676 nimirum
1700 2628 1904 2676 Cereris

251 2695 570 2766 Eleusynize,
600 2690 1054 2801 Phrﬁfite.matris
1083 2703 1176 2760 seu
1207 2691 1447 2760 Cybeles,
1472 2690 1750 2760 Aisculapii
1781 2690 1899 2750 Epi-

253 2757 444 2801 daurii.
468 2757 574 2801 Beli
596 2754 704 2801 Cha
764 2767 883 2801 alet.
913 2754 1136 2800 Astartis
1165 2751 1344 2801 Svrue.
1375 2751 1608 2799 Tauricas
1640 2752 1820 2798 Diana:
1852 2755 1899 2800 et

253 2751 444 2815 daurii,
468 2756 574 2804 Beli
596 2751 883 2810 Chaldaici,
913 2752 1136 2800 Astartis
1165 2751 1344 2812 Syria),
1375 2751 1608 2799 Tauricas
1640 2751 1820 2798 Diana:
1852 2755 1905 2800 et

251 2820 496 2868 Mercurii
524 2816 727 2866 Gallici.
1813 2816 1903 2862 565

316 2900 439 2948 Aur.
473 2898 532 2945 II.
567 2893 845 2956 Quomodo
877 2891 1123 2956 Octavius
1142 2891 1329 2956 caecilii
1357 2894 1731 2953 argumentum
1754 2891 1901 2956 refel-

253 2962 347 3019 lat,
379 2953 732 3021 ostendatque
750 2969 849 3021 nec
878 2955 1099 3021 deorum
1120 2953 1318 3021 cultum
1340 2957 1500 3001 tanta:
1523 2967 1636 3002 esse
1669 2955 1902 3021 antiqui-

253 3016 393 3080 tatis,
427 3036 526 3072 nec
570 3016 847 3070 sectandas
876 3017 1144 3080 majorum,
1169 3016 1384 3080 impias
1406 3029 1468 3080 ac
1506 3016 1902 3080 superstitiOsas

255 3077 583 3145 traditiones,
616 3083 804 3146 quales
834 3077 986 3129 erant
1019 3077 1085 3128 de
1115 3077 1301 3140 Scylla,
1333 3077 1606 3136 Chimaera,
1639 3079 1820 3146 Hydra
1849 3084 1902 3146 et

253 3148 549 3198 Centauris.
572 3144 576 3145 ⁷
632 3144 649 3146 “
1810 3144 1902 3191 569

315 3229 432 3277 CAP.
461 3225 566 3276 XV.
596 3222 979 3287 Expendunlur
1005 3222 1311 3284 argumenta
1340 3219 1524 3284 quibus
1551 3219 1770 3269 ostendit
1797 3219 1901 3287 fal-

252 3305 334 3340 sos
360 3303 466 3339 esse
490 3285 759 3353 gentilium
789 3285 924 3334 deos.
1810 3285 1895 3332 571

306 3373 430 3420 Aer.
463 3369 502 3416 Ι.
534 3367 646 3423 Qua
675 3363 971 3414 insulsitate
1001 3362 1228 3426 gentiles
1252 3362 1623 3426 praedicabant
1651 3361 1899 3426 homines

240 3432 310 3481 ob
339 3430 528 3480 merita
556 3428 784 3485 virtutis,
813 3427 896 3474 vel
928 3423 1187 3474 beneﬁcia
1214 3425 1337 3474 aliis
1365 3423 1674 3473 hominibus
1709 3424 1896 3472 collata

243 3495 412 3544 factos
439 3493 601 3541 fuisse
631 3491 775 3540 deos.
1807 3489 1891 3536 571

299 3583 420 3632 Aer.
453 3579 886 3646 II.__Examinatur
912 3575 1128 3646 Minucii
1177 3577 1572 3646 argumentum
1595 3587 1702 3646 quo
1733 3574 1896 3646 falsos

239 3659 354 3693 esse
371 3643 649 3701 gentilium
671 3641 798 3689 deos
821 3638 1010 3701 probat
1030 3651 1095 3686 ex
1115 3650 1300 3701 eorum
1323 3641 1464 3701 ortu,
1489 3638 1690 3701 patria,
1706 3641 1894 3701 morte,

239 3699 1164 3768 sepulcris,_ac__praesértiru.Jovis
1206 3700 1416 3768 Dictaei,
1461 3699 1726 3762 Apollinis
1781 3700 1893 3768 Del;

238 3761 400 3831 phici,
430 3766 584 3815 Isidis
618 3761 820 3812 Pharias
853 3767 904 3811 et
934 3761 1218 3810 Eleusiniae
1246 3763 1466 3810 Cereris.
1514 3761 1519 3762 ⁷
1803 3765 1893 3812 575

298 3849 418 3897 Aer.
451 3847 536 3894 III.
565 3843 910 3893 Examinatur
942 3841 1156 3888 Minucii
1186 3845 1582 3902 argumentum,
1616 3853 1724 3902 quo
1752 3853 1893 3888 com-

238 3909 510 3959 mentitios
538 3905 811 3969 gentilium
843 3904 971 3969 deos
1001 3916 1116 3950 esse
1149 3903 1342 3969 probat
1370 3915 1447 3969 ex
1471 3902 1757 3969 Alexandri
1791 3902 1894 3950 Ma-

238 3973 330 4034 gni
363 3971 428 4019 ad
457 3963 689 4034 matrem
705 3966 948 4034 epistola,
969 3978 1076 4034 qua
1097 3963 1372 4034 proditum
1383 3963 1486 4034 sibi
1505 3963 1570 4012 de
1600 3963 1702 4034 diis
1724 3978 1892 4034 secre-

243 4025 357 4083 tum
387 4025 782 4086 testiﬁcabatur,
809 4041 870 4075 ac
890 4025 1184 4088 Vulcanum
1205 4025 1326 4073 fecit
1342 4025 1553 4073 illorum
1574 4027 1890 4088 principem;

246 4101 407 4159 atque
433 4096 498 4159 de
520 4091 680 4159 Isidis
701 4089 768 4159 ad
788 4087 1132 4159 hirundinem
1153 4088 1329 4145 sistro,
1351 4093 1405 4135 et
1433 4101 1600 4135 vacuo
1623 4087 1894 4159 Serapidis

243 4151 340 4208 seu
369 4154 585 4206 Osiridis
614 4152 860 4216 sepulcro
891 4151 1208 4212 disputatur.
1801 4154 1891 4200 578

301 4238 421 4286 CAP.
449 4235 576 4283 XVI.
609 4233 768 4292 Quam
803 4227 974 4278 valida
1003 4230 1106 4293 sint
1135 4228 1239 4293 alia
1261 4231 1565 4293 argumenta
1586 4228 1770 4293 quibus
1801 4230 1891 4278 οο.

241 4301 409 4349 taviue
436 4289 895 4345 contra—Caecilium
924 4290 1108 4354 probat
1147 4289 1310 4354 falsos
1326 4289 1610 4354 nullosque
1635 4305 1738 4339 esse
1763 4306 1889 4354 gen-

239 4363 412 4412 tilium
442 4359 578 4408 deos.
1801 4356 1887 4403 581

301 4452 426 4500 Aer.
457 4450 498 4498 ι.
526 4447 692 4505 Quam
722 4444 1022 4494 luculenter
1065 4442 1312 4505 Octavius
1359 4455 1422 4490 ex
1453 4441 1623 4503 prima
1669 4441 1888 4505 deorum

236 4515 442 4576 origine
471 4503 720 4560 ostendat
749 4507 1004 4576 eo_s_deos
1033 4517 1143 4553 non
1174 4503 1354 4576 fuisse,
1388 4505 1481 4574 sed
1514 4518 1690 4576 meros
1718 4504 1889 4552 homio

237 4566 368 4635 nes’;
403 4589 462 4622 ac
508 4577 681 4634 primo
737 4569 953 4635 quidem
984 4580 1194 4635 .eorurn
1253 4567 1547 4635 principem
1598 4566 1889 4635 Saturnum

235 4628 391 4686 Creta
421 4628 724 4698 profugum,
755 4628 788 4680 ὃ.
815 4632 950 4680 Jano
982 4629 1037 4676 in
1056 4629 1209 4698 Italia
1238 4633 1562 4698 susceptum,
1595 4628 1684 4676 ubi
1708 4628 1885 4698 homi-

237 4714 337 4749 nes
366 4690 521 4764 plura
541 4690 739 4754 docuit,
762 4692 1144 4764 ac.pra!sertim
1168 4703 1417 4764 nummos
1447 4691 1675 4752 signare,
1706 4690 1885 4764 impri-

238 4753 387 4811 mere
416 4761 635 4817 litteras,
667 4753 733 4806 ac
757 4753 912 4817 cujus
935 4754 1154 4802 nomine
1185 4753 1431 4802 Saturnia
1454 4756 1762 4814 nuncupata
1791 4755 1887 4863 esssti.

305 4903 426 4952 Aur.
461 4903 520 4950 II.
555 4904 722 4959 Quam
753 4893 1572 4961 prrepostere_ethnicidixerint
1594 4893 1886 4961 Saturnum

243 4980 309 5014 ex
338 4963 472 5013 coelo
503 4967 556 5012 et
576 4956 725 5011 terra
752 4956 924 5009 ortum
949 4975 960 5006 :
995 4957 1138 5007 unde
1163 4961 1287 5006 nata
1316 4957 1430 5005 haec
1461 4956 1672 5018 opinio;
1707 4959 1885 5003 utrum

241 5028 388 5076 illius
416 5025 570 5089 ratio,
600 5039 630 5072 a
658 5023 888 5072 Minucio
919 5023 1223 5089 data,_re_cte
1245 5033 1275 5066 a
1299 5019 1570 5089 Lactanti‘o
1599 5018 1887 5089 redargua-

243 5093 348 5149 tur,
385 5103 447 5138 ac
473 5079 612 5149 inde,
630 5091 810 5149 tamen
841 5084 1029 5132 conﬁci
1059 5082 1346 5131 Saturnum
1377 5093 1485 5128 non
1515 5080 1674 5128 deum
1703 5079 1885 5149 fuisse,

243 5143 344 5200 sed
369 5163 573 5200 merum
602 5147 890 5195 hominem.
1796 5143 1888 5190 583

309 5239 426 5288 Αιτ.
458 5239 548 5288 III.
581 5235 783 5293 Quibus
803 5233 1072 5281 rationum
1101 5227 1888 5293 momentisCascilius‘demon-

243 5300 349 5348 tret
377 5302 559 5349 falsam
589 5290 704 5347 esse
735 5295 1064 5344 divinitatem
1083 5293 1230 5342 Jovis
1257 5296 1309 5342 et
1337 5292 1563 5341 aliorum
1584 5290 1682 5353 qui
1705 5304 1768 5353 ex
1798 5290 1892 5338 ho-

242 5360 477 5424 minibus
506 5360 670 5424 geniti
691 5356 1027 5424 fuerant,_vel
1048 5355 1270 5424 aliorum
1293 5353 1515 5424 libidine
1537 5351 1886 5424 et‘arbitra_tu_,

241 5425 303 5470 ut
336 5417 592 5472 Romutus
625 5425 676 5469 et
707 5421 840 5470 Juba
868 5417 940 5465 dii
975 5417 1263 5466 renuntiati
1293 5419 1435 5464 sunt.
1799 5418 1885 5462 587

302 5503 420 5552 CAP.
449 5501 601 5550 XVII.
633 5499 820 5557 Quanti
844 5496 1090 5561 ponderis
1117 5494 1362 5561 sii_aliud
1386 5491 1888 5561 Minuciihadversus

240 5551 515 5626 gentilium
544 5551 662 5626 deos
691 5551 1048 5626 argumentum
1077 5557 1316 5626 petitum.
1338 5570 1402 5604 ex
1430 5551 1668 5626 ridiculis
1691 5567 1888 5626 "eorum

241 5614 428 5692 formis
466 5626 549 5692 _et_
587 5614 789 5692 ᾕρει-ἑξ,
819 5623 972 5682 atque
1021 5614 1248 5680 ini/ignis
1299 5615 1632 5682 lurpibusque
1681 5614 1888 5692 illorum

242 5680 396 5754 factis
427 5689 475 5735 et
507 5680 740 5749 ﬂagitiis.
883 5680 899 5682 ”
1383 5680 1395 5682 “
1799 5680 1885 5727 591

310 5779 429 5834 An.
461 5777 502 5826 ι.
531 5774 697 5832 Quam
729 5770 955 5819 absurde
986 5771 1052 5819 ab
1082 5769 1306 5821 ethnicis
1342 5771 1575 5836 ﬁngatur
1619 5767 1891 5820 Vulcanus

569 5891 833 5954 PATBOL.
881 5887 988 5956 IlI.

1271 247 1452 316 QU/E
1497 247 1574 305 IN
1621 244 1774 304 HOC
1818 237 2037 303 TOMO
2081 236 2662 304 CONTINENTUR.

3511 239 3666 305 1578

2019 375 2255 434 claudus,
2297 376 2479 436 Apollo
2515 375 2763 422 imberbis
2817 372 3144 436 Aisculapius
3187 372 3456 436 barbatus,
3489 381 3539 423 vt
3570 377 3665 424 ali-

2019 439 2234 499 quando
2265 440 2552 498 imberbis;
2601 441 2875 499 Neptunus
2923 435 3126 498 gIaUcis
3155 435 3343 492 oculis,
3375 439 3542 484 caesiis
3573 441 3664 486 Mi-

2020 513 2204 556 nerva,
2233 501 2372 548 Juno
2404 501 2632 558 bubulis,
2666 501 2890 560 pedibus
2921 500 3073 547 alatis
3094 499 3406 557 Mercurius,
3429 500 3536 548 Pan
3567 513 3662 548 un-

2015 563 2246 672 gulatus,
2280 564 2613 625 compeditus
2645 562 2924 620 Saturnus,
2955 562 3121 610 Janus
3140 561 3346 610 bifrons
3375 566 3426 610 et
3449 562 3665 674 quadsgii-

2037 639 2217 673 ormis.

2017 625 2217 673 formis.
3576 625 3662 674 591

2076 703 2197 752 Aer.
2228 704 2290 751 II.
2322 704 2532 761 Quanta
2578 703 2845 753 dementia
2885 703 2951 752 ab
2999 701 3221 752 ethnicis
3271 702 3552 752 decantata
3599 704 3669 754 sit

2016 765 2185 814 Diana
2214 766 2316 814 alte
2351 767 2634 824 succincta,
2666 765 2926 822 venatrix,
2945 765 3189 814 mammis
3218 765 3398 814 multis
3417 765 3663 827 Ephesia,

2016 841 2077 875 ac
2103 828 2275 900 'I‘rivia
2303 829 2455 900 trinis
2503 828 3096 900 capitibus_mul_tisque
3126 828 3406 876 manibus:
3459 828 3667 900 Jupiter

2016 890 2176 938 modo
2210 891 2473 945 barbatus,
2510 891 2671 939 modo
2704 890 2982 939 imberbis.
3006 890 3231 939 Ammon
3253 903 3371 938 cum
3393 890 3662 949 cornibus,

2015 951 2341 1015 Capitolinus
2379 952 2604 1001 fulmina
2651 966 2858 1015 gerens,
2911 952 3128 1000 Latiaris
3174 965 3365 1000 cruore
3394 952 3660 1014 perfusus,

2017 1014 2282 1063 Feretrius
2309 1027 2417 1064 non
2441 1014 2670 1072 auditus,
2702 1014 2854 1076 cujus
2882 1017 2960 1064 tot
2980 1017 3236 1074 monstra,
3267 1017 3398 1076 quot
3420 1015 3660 1064 nomina.

2084 1139 2206 1186 Aer.
2237 1139 2321 1201 III.
2358 1139 2652 1201 Exponitur
2671 1138 2815 1188 aiiud
2845 1137 3080 1200 ejusdem
3103 1139 3358 1201 momenti
3379 1151 3663 1201 argumen-

2019 1202 2149 1264 tum;
2180 1200 2322 1264 quod
2353 1199 2682 1263 deprompsit
2718 1199 2982 1264 Minucius
3011 1214 3076 1264 ex
3104 1199 3339 1264 indignis
3367 1204 3422 1250 et
3444 1199 3660 1264 vturpis-

2019 1262 2167 1309 simis
2194 1261 2637 1326 deorum—factist
2665 1262 2882 1326 quibus~
2908 1261 3176 1326 ferebatur
3220 1261 3445 1326 Erigone
3476 1261 3664 1326 laqueo

2021 1337 2298 1384 suspensa,
2328 1326 2512 1374 Castor
2537 1331 2591 1373 et
2623 1325 2808 1374 Pollux
2839 1324 3054 1372 alternis
3084 1338 3144 1372 ac
3164 1325 3470 1382 morientes,
3489 1324 3669 1375 Escu-

2021 1385 2196 1450 lapius
2226 1387 2446 1436 fulmine
2475 1401 2776 1450 percussus,
2803 1386 2962 1436 IEteis
2999 1387 3213 1449 ignibus
3241 1391 3504 1436 crematus
3533 1390 3663 1437 Her-

2020 1453 2184 1496 cules.
3575 1453 3667 1501 600

2081 1527 2200 1574 Aer.
2233 1527 2315 1575 IV.
2347 1527 2450 1575 Cur
2496 1541 2556 1575 ac
2602 1527 2872 1588 quomodo
2928 1526 3192 1575 Minucius
3229 1527 3479 1576 ostendat
3507 1528 3670 1578 falsos

2020 1600 2133 1636 esse
2157 1588 2434 1649 gentilium
2467 1589 2612 1647 deos,
2645 1589 2889 1638 lectitatis
2919 1591 2984 1637 ab
3023 1588 3272 1637 omnibus
3301 1589 3366 1636 ad
3397 1591 3520 1638 vitm
3549 1605 3667 1639 mo-

2018 1663 2246 1707 rumque
2277 1651 2666 1700 institutionem
2697 1651 2843 1700 libris
2886 1651 3119 1707 Homeri,
3153 1651 3347 1707 quibus
3378 1651 3670 1702 decantan-

2017 1717 2106 1777 tur
2135 1714 2315 1777 Venus
2344 1714 2593 1777 sauciata,
2626 1715 2764 1777 Mars
2783 1714 2994 1777 vinctus
3023 1718 3075 1762 et
3095 1714 3432 1777 vulneratus.
3459 1715 3669 1777 Jupiter

2020 1788 2059 1840 a_
2080 1775 2292 1840 Briareo
2346 1775 3023 1840 liberatus,‘Sarpedonem
3078 1774 3296 1840 deﬂens,
3329 1774 3667 1840 _illectusqlie

2018 1837 2238 1886 Veneris
2267 1836 2422 1901 loro,
2452 1837 2701 1886 Hercules
2732 1836 2964 1886 stercora
2992 1850 3232 1901 egerens,
3266 1837 3475 1901 Admeti
3504 1836 3670 1901 pecus

2054 1912 2241 1962 ascens
2260 1900 2476 1962 Apollo,
2501 1901 2777 1962 Neptunus
2797 1913 2979 1948 muros
2998 1899 3240 1948 reﬁciens
3271 1899 3666 1961 Laomedontis,

2041 1961 2220 2010 ulmen
2247 1961 2391 2009 Jovis
2421 1976 2539 2010 cum
2570 1961 2745 2011 [Emere
2767 1963 2929 2010 armis
2960 1961 3293 2019 fabricatum,
3320 1963 3476 2010 Maris
3497 1964 3667 2013 Vene-

2016 2024 2195 2089 risque
2227 2023 2936 2089 adulteriumLCanymedes
2959 2038 2991 2089 a_
3017 2024 3146 2072 Jove
3178 2030 3384 2089 raptus,
3416 2039 3477 2074 ac
3506 2040 3667 2089 quam

2015 2087 2205 2134 merito
2239 2086 2495 2135 Homerus
2514 2103 2544 2134 a
2575 2087 2790 2135 Platone
2812 2100 2873 2134 ex
2895 2087 3104 2135 civitate
3127 2099 3224 2134 sua
3247 2086 3447 2148 ejectus
3468 2086 3552 2138 sit.
3575 2092 3668 2139 602

2075 2165 2192 2230 CAP.
2225 2165 2394 2230 XVIII.
2429 2165 2776 2230 Emaminatur
2810 2165 3006 2230 Caecilii
3029 2173 3385 2230 argumentum
3414 2180 3512 2230 quo
3539 2181 3664 2230 gen-

2015 2226 2189 2290 tilium,
2213 2226 2330 2274 deos
2351 2228 2601 2290 exsistere
2628 2241 2684 2275 eo
2709 2226 2959 2290 probatur
2987 2226 3110 2290 quia
3140 2227 3354 2276 Romani
3369 2226 3464 2290 pio
3492 2226 3667 2278 eorum

2012 2287 2151 2336 cultu
2174 2289 2444 2351 imperium
2476 2290 2629 2336 (olim
2659 2289 2847 2338 mundi
2871 2287 3170 2339 meruerint.
3370 2287 3381 2290 ⁷
3575 2295 3668 2343 605

2077 2368 2202 2416 Aer.
2235 2369 2274 2416 Ι.
2305 2368 2600 2430 Exponitur
2627 2367 2757 2416 illud
2782 2368 2976 2417 Caecilii
3012 2375 3407 2433 argumentum.
3577 2375 3665 2421 605

2076 2448 2201 2496 Aur.
2236 2448 2294 2514 Il_.
2326 2447 2602 2504 Quomodo
2635 2448 2896 2514 Minucius
2925 2449 3116 2514 Caecilii
3147 2449 3358 2500 refellat
3388 2464 3666 2514 argumen-

2013 2513 2146 2575 tum,
2177 2523 2238 2556 ac
2253 2509 2606 2575 demonstret
2643 2510 3004 2575 Romanorum
3040 2511 3320 2575 imperium
3352 2509 3664 2575 neutiquam

2012 2572 2220 2634 illorum
2252 2571 2306 2634 in
2356 2571 2484 2619 deos
2512 2571 2788 2632 religione,
2837 2573 2955 2634 sed,
2981 2571 3249 2634 impietate
3279 2581 3332 2622 et
3379 2571 3667 2624 sceleribus

2012 2632 2459 2700 esse_fundatum.
2501 2633 2814 2700 nullumque
2861 2632 3351 2700 iisdeprRomanis
3382 2638 3447 2700 ad
3477 2651 3666 2700 propa-

2011 2695 2216 2761 gandos
2245 2696 2394 2761 regni
2415 2696 2547 2743 ﬁnes
2577 2695 2830 2761 auxilium
2853 2695 2982 2761 deos
3003 2695 3205 2761 tulisse,
3229 2711 3328 2761 nec
3358 2695 3529 2759 primo
3551 2695 3666 2761 q'ui-

2011 2755 2132 2804 dem
2164 2755 2472 2819 peregrinos
2501 2761 2553 2805 et
2598 2757 2847 2814 advenas,
2880 2758 3098 2805 Martem
3145 2755 3447 2816 Thracium,
3477 2755 3664 2809 Jov'em

2008 2819 2288 2876 Creticum,
2319 2820 2582 2867 Junonem
2614 2819 2882 2880 Argivam,
2931 2819 3179 2878 Samiam,
3211 2826 3264 2870 et
3293 2823 3528 2881 Pcenam,
3564 2836 3664 2872 nec

2011 2882 2232 2930 Dianam
2263 2882 2553 2939 Tauricam,
2585 2886 2678 2929 aut
2712 2881 2900 2929 Idaeam
2935 2881 3172 2929 Matrem.
3569 2887 3660 2934 609

2073 2960 2191 3025 Aer.
2226 2961 2307 3025 III.
2328 2959 2468 3009 Nulli
2489 2975 2520 3008 a
2543 2961 2792 3025 Romanis
2813 2959 2877 3008 ad
2901 2961 3274 3025 propagandos
3294 2963 3500 3025 imperii
3523 2963 3660 3013 ﬁnes

2011 3022 2208 3086 auxilio
2227 3022 2389 3086 fuisse
2413 3022 2721 3086 vernaculos
2741 3022 2888 3080 deos,
2910 3022 3209 3081 Romulum,
3243 3022 3512 3086 pejerantc
3536 3028 3660 3075 Pro-

2011 3085 2148 3142 culo,
2185 3085 2284 3132 diis
2315 3085 2660 3147 adscriptum,
2711 3085 2903 3140 Picum,
2947 3085 3272 3144 Tiberinum,
3311 3085 3660 3147 Pilumnum,

2010 3148 2338 3210 Picumnum,
2394 3148 2642 3210 Consum,
2690 3147 3006 3203 Cloacinam,
3056 3147 3328 3205 Pavorem,
3381 3151 3659 3210 Pallorem,

2008 3209 2244 3266 Febrem,
2276 3209 2538 3268 Morbum,
2568 3210 2757 3258 Accam
2809 3210 3148 3258 Laurentiam
3184 3215 3235 3260 et
3281 3211 3524 3266 Floram;
3571 3209 3662 3262 ubi

2009 3271 2268 3382 dergacris
2297 3270 2700 3331 Larentialibus,
2735 3276 2785 3321 et
2815 3272 2956 3321 ludis
2983 3272 3338 3322 Consualibus
3359 3278 3520 3336 atque
3544 3274 3659 3382 Ριξῗᾷ

2009 3347 2066 3382 ra
2089 3347 2101 3380 ι
2145 3347 2223 3382 us.

2007 3333 2223 3382 ralibus.
3436 3333 3448 3336 ’
3568 3339 3659 3386 613

2069 3413 2190 3461 Aer.
2222 3413 2306 3462 IV.
2336 3413 2501 3471 Quam
2533 3413 2723 3462 falsum
2754 3413 2822 3463 sit
2849 3415 2918 3464 ob
2949 3427 3232 3464 concessos
3275 3415 3576 3464 Vestalibus
3606 3418 3660 3464 et

2007 3475 2370 3540 sacerdotibus
2389 3475 2646 3540 honores,
2683 3477 2913 3539 dataque
2934 3477 3227 3540 privilegia,
3254 3477 3602 3539 ampliﬁcatos
3623 3492 3654 3526 a

2007 3537 2106 3602 diis
2136 3538 2356 3602 Romani
2386 3539 2592 3600 imperii
2614 3540 2753 3602 ﬁnes
2778 3554 2790 3587 :
2828 3537 3048 3602 ‘qua’nta
3076 3537 3277 3602 fuerint
3306 3537 3657 3602 utrorumque

2006 3600 2389 3664 incontinentia
2418 3615 2477 3649 ac
2507 3601 2716 3664 ﬂagitia,
2747 3600 2904 3663 atque
2931 3601 2984 3648 in
3006 3601 3134 3662 ipsis
3163 3601 3375 3664 templis
3397 3600 3658 3651 adulteria

2005 3667 2057 3710 et
2086 3662 2374 3724 sacrilegia.
2583 3662 2598 3664 ⁷
2820 3662 2834 3663 ί
3275 3662 3290 3664 ⁷
3563 3666 3653 3714 618

2069 3743 2191 3792 Aur.
2223 3742 2280 3791 V.
2313 3741 2586 3798 Quomodo
2617 3742 2875 3790 Minucius
2897 3742 3146 3791 ostendat
3173 3743 3536 3791 Romanorum
3562 3743 3655 3792 im-

2002 3804 2208 3865 perium
2231 3803 2424 3867 pietate
2447 3805 2499 3852 iu
2531 3804 2662 3852 deos
2693 3817 2791 3852 nec
2814 3803 3096 3867 fundatum
3128 3818 3226 3853 nec
3256 3809 3490 3863 auctum,
3523 3806 3650 3867 quia

2004 3865 2410 3929 Assyrii,’Medi,
2443 3868 2628 3922 Persae,
2664 3866 2852 3925 Graeci,
2879 3866 3106 3929 Egyptii
3136 3871 3492 3929 regnaverunt
3526 3865 3652 3915 ante

2001 3927 2136 3987 illos,
2171 3933 2222 3976 et
2250 3932 2374 3976 ante
2404 3941 2587 3977 eorum
2608 3929 2902 3990 pontiﬁces,
2938 3927 3172 3988 Arvales,
3195 3927 3380 3989 Salios,
3413 3929 3656 3978 Vestales

2001 3994 2160 4052 atque
2190 4004 2434 4052 augures.
3563 3993 3652 4041 620

2061 4070 2174 4117 CAP.
2206 4070 2330 4116 ΧΙΧ.
2363 4067 2739 4130 [impenduntur
2767 4072 3075 4129 argumenta
3116 4067 3299 4130 quibus
3329 4069 3558 4118 Cmcilius
3589 4084 3655 4119 ea:

2000 4130 2573 4196 m_iraculis,_.oraculis,
2614 4132 2874 4196 auspiciis,
2936 4131 3459 4196 auguriis,_somniis,
3500 4135 3654 4196 atque

2000 4193 2117 4302 gliis
2142 4189 2559 4304 uredictionibus
2587 4189 2719 4240 deos'
2750 4194 2965 4242 existere
2999 4189 3217 4256 probari
3253 4208 3398 4256 posse
3430 4189 3653 4308 arbita:-

2023 4269 2081 4302 us
2107 4270 2158 4303 es
2187 4290 2199 4303 .

2061 4335 2180 4398 Aer.
2207 4335 2251 4398 I.
2285 4335 2470 4398 Utrum
2501 4333 2741 4398 Caecilius
2789 4333 2916 4382 deos
2946 4335 3201 4384 exsistere
3245 4335 3555 4398 probaverit
3585 4349 3648 4385 ex

1999 4397 2270 4445 miraculis
2289 4397 2522 4445 Claudim
2544 4397 2792 4454 Quiutite,
2817 4410 2934 4458 quae
2958 4397 3138 4445 navim
3160 4397 3268 4458 qua
3291 4399 3442 4446 Idam
3465 4399 3649 4447 matris

1998 4459 2334 4507 simulacrum
2365 4458 2676 4514 vehebatur,
2709 4459 2823 4506 solo
2845 4473 2942 4507 suo
2964 4459 3176 4521 cingqu
3204 4461 3426 4508 traxisse
3449 4460 3650 4509 fereba-

1999 4525 2084 4569 tur
2107 4535 2118 4571 :
2140 4521 2372 4584 Castoris
2401 4527 2453 4568 ct
2487 4521 2725 4584 Pollucis,
2758 4521 2847 4584 qui
2882 4535 2911 4568 a
2942 4522 3195 4569 Romanis
3225 4526 3550 4584 reportatum
3581 4522 3646 4570 de

1999 4585 2150 4646 Perse
2179 4597 2301 4643 rege
2326 4583 2599 4646 victoriam
2622 4583 3042 4646 annuntiarunt;
3075 4584 3266 4646 Latinii
3288 4583 3515 4646 somnio,
3537 4596 3646 4646 quo

1997 4645 2106 4692 ludi
2128 4645 2436 4707 instaurati;
2464 4645 2743 4707 Deciorum
2780 4643 3082 4702 devotione,
3107 4659 3221 4707 qua
3250 4645 3430 4694 hostes
3459 4643 3570 4694 fusi
3591 4648 3646 4693 et

1997 4707 2147 4766 victi;
2181 4722 2240 4754 ac
2270 4706 2427 4769 simili
2456 4707 2614 4754 Curtii
2647 4706 2949 4767 devotione,
2981 4721 3086 4769 qua
3105 4706 3285 4756 hiatus
3306 4711 3459 4756 terra:
3489 4707 3646 4755 mira-

1998 4769 2171 4818 biiiter
2200 4768 2496 4830 completus
2527 4771 2793 4816 narratur.
2997 4768 3011 4769 “
3555 4770 3642 4817 621

2059 4848 2180 4898 Aer.
2216 4848 2279 4894 II.
2315 4847 2547 4896 Deorum
2588 4847 2924 4908 praesentiam
2953 4861 2986 4897 a
3031 4847 3240 4896 Caecilio
3289 4859 3398 4895 non
3431 4846 3644 4909 probari

1996 4909 2237 4967 oraculis,
2271 4913 2559 4971 vatumque
2590 4910 2876 4970 responsis,
2907 4910 3105 4971 quibus
3133 4909 3396 4957 Minucius
3425 4908 3648 4971 Opponit

2000 4971 2326 5033 Amphiarai,
2365 4970 2596 5033 Tiresias,
2627 4971 2902 5033 Apollinis
2925 4970 3121 5033 iPythii
3165 4971 3428 5031 exempla,
3463 4970 3645 5032 atque

1995 5032 2332 5082 oraculorum
2365 5032 2817 5094 amphibologiam
2840 5038 2892 5080 et
2921 5032 3204 5080 defectum.
3551 5033 3662 5080 626'

2061 5111 2182 5161 Aer.
2216 5111 2298 5158 III.
2333 5110 2648 5172 Pr0ponitur
2663 5109 2853 5172 Cascilii
2875 5112 3268 5172 argumentum,
3291 5121 3397 5172 quo
3417 5108 3645 5172 probare

1998 5174 2185 5222 nititur
2213 5172 2282 5221 ob
2312 5170 2550 5231 auspicia
2571 5175 2625 5220 et
2643 5171 2865 5232 auguria
2888 5186 2918 5220 a
2941 5170 3185 5233 Sulpitio,
3205 5170 3444 5228 Claudio,
3463 5170 3642 5233 Junio,

1997 5235 2255 5284 Flaminio
2285 5238 2336 5282 et
2362 5235 2548 5282 Crasso
2596 5236 2916 5290 contempta,
2969 5232 3330 5281 Romanorum
3361 5232 3642 5289 exercitus,

1997 5297 2099 5345 diis
2127 5295 2544 5353 vindicantibus,
2574 5296 2734 5356 atque
2773 5294 2908 5344 adeo
2956 5294 3354 5353 exsistentibus,
3391 5306 3558 5342 cassos
3583 5306 3646 5342 ac

1997 5358 2321 5421 proﬁigatos.
3555 5356 3646 5405 628

2059 5438 2181 5486 Aer.
2216 5437 2298 5486 1V.
2330 5435 2607 5495 Quomodo
2655 5434 2917 5482 Minucius
2965 5436 3212 5495 superius
3243 5434 3436 5484 Caecilii
3489 5446 3649 5495 argu-

1998 5505 2239 5548 mentum
2269 5497 2637 5560 aliis_ReguIi,
2689 5496 2936 5560 Mancini,
2973 5497 3116 5560 Pauli
3152 5511 3214 5545 ac
3258 5497 3380 5560 Julii
3427 5495 3650 5560 Caesaris

1998 5561 2268 5622 exemplis,
2291 5557 2536 5608 funditus
2550 5561 2774 5618 evertat,
2795 5558 2884 5606 ubi
2903 5557 2968 5605 de
2990 5559 3270 5616 solistimo,
3290 5557 3654 5619 tripudio.630

2058 5641 2176 5689 CAP.
2206 5639 2308 5688 XX.
2353 5637 2686 5699 Expenditur
2715 5633 2967 5697 generalis
2993 5635 3206 5699 Minucii
3234 5636 3533 5699 responsio,
3563 5641 3666 5691 qua

1998 5701 2270 5760 miracula,
2301 5696 2532 5759 oracula,
2568 5696 2812 5761 auspicia,
2841 5698 3078 5761 auguria,
3104 5700 3303 5746 somnia
3335 5699 3382 5744 et
3415 5696 3540 5742 alia
3585 5701 3674 5761 est:

1999 5756 2351 5818 traordinaria
2373 5756 2528 5828 apud
2556 5756 2773 5817 ethnicos
2805 5756 2964 5824 facte,
2989 5774 3092 5810 non
3122 5776 3187 5811 ea:
3219 5762 3436 5810 deorum
3461 5756 3700 5804 su.on

3272 5872 3363 5938 50
