  <div class='ocr_page' id='page_1' title='image "/cluster/home/n/w/nwhite01/storage/ocr_20150623/3/hvd.32044015471212/010.png"; bbox 0 0 4050 6308; ppageno 0'>
   <div class='ocr_carea' id='block_1_1' title="bbox 326 352 3617 729">
    <p class='ocr_par' dir='ltr' id='par_1_1' title="bbox 345 352 3599 725">
     <span class='ocr_line' id='line_1_1' title="bbox 345 352 3599 401; baseline -0.01 -5"><span class='ocrx_word' id='word_1_1' title='bbox 345 352 373 401; x_wconf 59' lang='grc'>;</span> <span class='ocrx_word' id='word_1_2' title='bbox 502 356 3599 397; x_wconf 8' lang='grc' dir='ltr'><strong>,,φακῆ-...Μωρέέ...μ...κ-ί---..ὴ,-,,.,.,........,,.,...μη.η,</strong></span> 
     </span>
     <span class='ocr_line' id='line_1_2' title="bbox 1298 548 2626 725; baseline -0.008 0"><span class='ocrx_word' id='word_1_3' title='bbox 1298 554 2176 725; x_wconf 67' lang='lat' dir='ltr'><strong>PIUEFA</strong></span> <span class='ocrx_word' id='word_1_4' title='bbox 2198 548 2626 715; x_wconf 80' lang='lat' dir='ltr'><strong>T10</strong></span> 
     </span>
    </p>
   </div>
   <div class='ocr_carea' id='block_1_2' title="bbox 500 923 3430 1118">
    <p class='ocr_par' dir='ltr' id='par_1_2' title="bbox 500 923 3430 1118">
     <span class='ocr_line' id='line_1_3' title="bbox 500 923 3430 1118; baseline -0.012 -13"><span class='ocrx_word' id='word_1_5' title='bbox 500 959 689 1105; x_wconf 84' lang='grc' dir='ltr'><strong>ΙΝ</strong></span> <span class='ocrx_word' id='word_1_6' title='bbox 784 942 1338 1100; x_wconf 88' lang='lat' dir='ltr'><strong>DUOS</strong></span> <span class='ocrx_word' id='word_1_7' title='bbox 1419 925 2581 1118; x_wconf 84' lang='lat' dir='ltr'><strong>SEQUENTES</strong></span> <span class='ocrx_word' id='word_1_8' title='bbox 2685 923 3430 1077; x_wconf 83' lang='lat' dir='ltr'><strong>TOMOS.</strong></span> 
     </span>
    </p>
   </div>
   <div class='ocr_carea' id='block_1_3' title="bbox 1149 1260 2771 1311">
    <p class='ocr_par' dir='ltr' id='par_1_3' title="bbox 1149 1260 2771 1311">
     <span class='ocr_line' id='line_1_4' title="bbox 1149 1260 2771 1311; baseline -0.013 2"><span class='ocrx_word' id='word_1_9' title='bbox 1149 1260 2771 1311; x_wconf 53' lang='grc' dir='ltr'><strong><em>...Ν</em></strong></span> 
     </span>
    </p>
   </div>
   <div class='ocr_carea' id='block_1_4' title="bbox 385 1532 1912 1632">
    <p class='ocr_par' dir='ltr' id='par_1_4' title="bbox 385 1532 1912 1632">
     <span class='ocr_line' id='line_1_5' title="bbox 385 1532 1912 1632; baseline -0.031 -13"><span class='ocrx_word' id='word_1_10' title='bbox 385 1564 430 1619; x_wconf 89' lang='lat' dir='ltr'><strong>l.</strong></span> <span class='ocrx_word' id='word_1_11' title='bbox 471 1558 610 1632; x_wconf 82' lang='lat' dir='ltr'><strong>Quid</strong></span> <span class='ocrx_word' id='word_1_12' title='bbox 641 1557 693 1612; x_wconf 90' lang='lat' dir='ltr'><strong>in</strong></span> <span class='ocrx_word' id='word_1_13' title='bbox 733 1554 835 1610; x_wconf 89' lang='lat' dir='ltr'><strong>hac</strong></span> <span class='ocrx_word' id='word_1_14' title='bbox 858 1564 995 1609; x_wconf 58' lang='lat' dir='ltr'><strong>nova</strong></span> <span class='ocrx_word' id='word_1_15' title='bbox 1025 1556 1276 1603; x_wconf 71' lang='lat' dir='ltr'><strong>versavit</strong></span> <span class='ocrx_word' id='word_1_16' title='bbox 1306 1547 1518 1594; x_wconf 71' lang='lat' dir='ltr'><strong>pmori</strong></span> <span class='ocrx_word' id='word_1_17' title='bbox 1557 1532 1912 1586; x_wconf 69' lang='lat' dir='ltr'><strong>BIBLIOTEECA</strong></span> 
     </span>
    </p>
   </div>
   <div class='ocr_carea' id='block_1_5' title="bbox 308 1626 1913 1717">
    <p class='ocr_par' dir='ltr' id='par_1_5' title="bbox 308 1626 1913 1717">
     <span class='ocr_line' id='line_1_6' title="bbox 308 1626 1913 1717; baseline -0.029 -2"><span class='ocrx_word' id='word_1_18' title='bbox 308 1626 536 1715; x_wconf 66' lang='lat' dir='ltr'><strong>tertium</strong></span> <span class='ocrx_word' id='word_1_19' title='bbox 560 1650 695 1708; x_wconf 88' lang='lat' dir='ltr'><strong>illud</strong></span> <span class='ocrx_word' id='word_1_20' title='bbox 731 1658 787 1705; x_wconf 91' lang='lat' dir='ltr'><strong>et</strong></span> <span class='ocrx_word' id='word_1_21' title='bbox 820 1652 1070 1717; x_wconf 84' lang='lat' dir='ltr'><strong>quartum</strong></span> <span class='ocrx_word' id='word_1_22' title='bbox 1099 1637 1352 1693; x_wconf 82' lang='lat' dir='ltr'><strong>volumen</strong></span> <span class='ocrx_word' id='word_1_23' title='bbox 1393 1627 1659 1687; x_wconf 70' lang='lat' dir='ltr'><strong>afferant,</strong></span> <span class='ocrx_word' id='word_1_24' title='bbox 1707 1626 1913 1689; x_wconf 85' lang='lat' dir='ltr'><strong>quosve</strong></span> 
     </span>
    </p>
   </div>
   <div class='ocr_carea' id='block_1_6' title="bbox 308 1708 1915 1819">
    <p class='ocr_par' dir='ltr' id='par_1_6' title="bbox 308 1708 1915 1819">
     <span class='ocr_line' id='line_1_7' title="bbox 308 1708 1915 1819; baseline -0.029 -10"><span class='ocrx_word' id='word_1_25' title='bbox 308 1752 529 1814; x_wconf 84' lang='lat' dir='ltr'><strong>Patres,</strong></span> <span class='ocrx_word' id='word_1_26' title='bbox 557 1708 862 1819; x_wconf 80' lang='lat' dir='ltr'><strong>quibusque</strong></span> <span class='ocrx_word' id='word_1_27' title='bbox 902 1732 1264 1793; x_wconf 70' lang='lat' dir='ltr'><strong>recentiorum</strong></span> <span class='ocrx_word' id='word_1_28' title='bbox 1295 1719 1772 1792; x_wconf 80' lang='lat' dir='ltr'><strong>interpretumaut</strong></span> <span class='ocrx_word' id='word_1_29' title='bbox 1798 1708 1915 1767; x_wconf 89' lang='lat' dir='ltr'><strong>edi-</strong></span> 
     </span>
    </p>
   </div>
   <div class='ocr_carea' id='block_1_7' title="bbox 306 1809 1912 1901">
    <p class='ocr_par' dir='ltr' id='par_1_7' title="bbox 306 1809 1912 1901">
     <span class='ocr_line' id='line_1_8' title="bbox 306 1809 1912 1901; baseline -0.026 0"><span class='ocrx_word' id='word_1_30' title='bbox 306 1809 730 1901; x_wconf 34' lang='lat' dir='ltr'><strong>torum&#39;st&#39;ndiis</strong></span> <span class='ocrx_word' id='word_1_31' title='bbox 775 1809 1071 1890; x_wconf 80' lang='lat' dir='ltr'><strong>adornatos</strong></span> <span class='ocrx_word' id='word_1_32' title='bbox 1109 1827 1163 1882; x_wconf 91' lang='lat' dir='ltr'><strong>in</strong></span> <span class='ocrx_word' id='word_1_33' title='bbox 1206 1820 1445 1880; x_wconf 88' lang='lat' dir='ltr'><strong>medium</strong></span> <span class='ocrx_word' id='word_1_34' title='bbox 1490 1809 1912 1871; x_wconf 84' lang='lat' dir='ltr'><strong>adduxerimus,</strong></span> 
     </span>
    </p>
   </div>
   <div class='ocr_carea' id='block_1_8' title="bbox 307 1897 1914 2008">
    <p class='ocr_par' dir='ltr' id='par_1_8' title="bbox 307 1897 1914 2008">
     <span class='ocr_line' id='line_1_9' title="bbox 307 1897 1914 2008; baseline -0.027 -14"><span class='ocrx_word' id='word_1_35' title='bbox 307 1935 507 2008; x_wconf 80' lang='lat' dir='ltr'><strong>paucis</strong></span> <span class='ocrx_word' id='word_1_36' title='bbox 542 1942 820 2002; x_wconf 77' lang='lat' dir='ltr'><strong>exponere</strong></span> <span class='ocrx_word' id='word_1_37' title='bbox 858 1939 954 1997; x_wconf 91' lang='lat' dir='ltr'><strong>par</strong></span> <span class='ocrx_word' id='word_1_38' title='bbox 991 1928 1076 1978; x_wconf 90' lang='lat' dir='ltr'><strong>est</strong></span> <span class='ocrx_word' id='word_1_39' title='bbox 1098 1963 1113 1989; x_wconf 88' lang='lat'><strong>,</strong></span> <span class='ocrx_word' id='word_1_40' title='bbox 1157 1912 1465 1990; x_wconf 79' lang='lat' dir='ltr'><strong>priusquam</strong></span> <span class='ocrx_word' id='word_1_41' title='bbox 1492 1949 1509 1975; x_wconf 88' lang='lat'><strong>,</strong></span> <span class='ocrx_word' id='word_1_42' title='bbox 1565 1912 1625 1959; x_wconf 88' lang='lat' dir='ltr'><strong>ut</strong></span> <span class='ocrx_word' id='word_1_43' title='bbox 1658 1909 1816 1957; x_wconf 90' lang='lat' dir='ltr'><strong>antea</strong></span> <span class='ocrx_word' id='word_1_44' title='bbox 1861 1897 1914 1951; x_wconf 92' lang='lat' dir='ltr'><strong>in</strong></span> 
     </span>
    </p>
   </div>
   <div class='ocr_carea' id='block_1_9' title="bbox 308 2002 1913 2087">
    <p class='ocr_par' dir='ltr' id='par_1_9' title="bbox 308 2002 1913 2087">
     <span class='ocr_line' id='line_1_10' title="bbox 308 2002 1913 2087; baseline -0.026 -3"><span class='ocrx_word' id='word_1_45' title='bbox 308 2002 710 2084; x_wconf 56' lang='lat' dir='ltr'><strong>:l&#39;ertulliattum</strong></span> <span class='ocrx_word' id='word_1_46' title='bbox 735 2065 751 2087; x_wconf 89' lang='lat'><strong>,</strong></span> <span class='ocrx_word' id='word_1_47' title='bbox 794 2018 875 2074; x_wconf 89' lang='lat' dir='ltr'><strong>sie</strong></span> <span class='ocrx_word' id='word_1_48' title='bbox 897 2015 1091 2073; x_wconf 89' lang='lat' dir='ltr'><strong>saltem</strong></span> <span class='ocrx_word' id='word_1_49' title='bbox 1120 2020 1176 2066; x_wconf 94' lang='lat' dir='ltr'><strong>et</strong></span> <span class='ocrx_word' id='word_1_50' title='bbox 1205 2009 1257 2064; x_wconf 92' lang='lat' dir='ltr'><strong>in</strong></span> <span class='ocrx_word' id='word_1_51' title='bbox 1288 2002 1620 2077; x_wconf 83' lang='lat' dir='ltr'><strong>Cyprianum</strong></span> <span class='ocrx_word' id='word_1_52' title='bbox 1649 2003 1872 2064; x_wconf 87' lang='lat' dir='ltr'><strong>agamus</strong></span> <span class='ocrx_word' id='word_1_53' title='bbox 1897 2028 1913 2056; x_wconf 91' lang='lat'><strong>,</strong></span> 
     </span>
    </p>
   </div>
   <div class='ocr_carea' id='block_1_10' title="bbox 309 2094 1916 2188">
    <p class='ocr_par' dir='ltr' id='par_1_10' title="bbox 309 2094 1916 2188">
     <span class='ocr_line' id='line_1_11' title="bbox 309 2094 1916 2188; baseline -0.025 -13"><span class='ocrx_word' id='word_1_54' title='bbox 309 2118 566 2188; x_wconf 88' lang='lat' dir='ltr'><strong>virilique</strong></span> <span class='ocrx_word' id='word_1_55' title='bbox 592 2130 693 2188; x_wconf 93' lang='lat' dir='ltr'><strong>pro</strong></span> <span class='ocrx_word' id='word_1_56' title='bbox 718 2111 972 2184; x_wconf 90' lang='lat' dir='ltr'><strong>portione</strong></span> <span class='ocrx_word' id='word_1_57' title='bbox 996 2118 1106 2162; x_wconf 92' lang='lat' dir='ltr'><strong>tum</strong></span> <span class='ocrx_word' id='word_1_58' title='bbox 1133 2103 1202 2159; x_wconf 92' lang='lat' dir='ltr'><strong>de</strong></span> <span class='ocrx_word' id='word_1_59' title='bbox 1228 2100 1347 2171; x_wconf 86' lang='lat' dir='ltr'><strong>ejus</strong></span> <span class='ocrx_word' id='word_1_60' title='bbox 1374 2094 1692 2153; x_wconf 89' lang='lat' dir='ltr'><strong>auctoritate</strong></span> <span class='ocrx_word' id='word_1_61' title='bbox 1712 2095 1767 2143; x_wconf 89' lang='lat' dir='ltr'><strong>et</strong></span> <span class='ocrx_word' id='word_1_62' title='bbox 1790 2098 1916 2148; x_wconf 90' lang='lat' dir='ltr'><strong>usu,</strong></span> 
     </span>
    </p>
   </div>
   <div class='ocr_carea' id='block_1_11' title="bbox 314 2185 1916 2279">
    <p class='ocr_par' dir='ltr' id='par_1_11' title="bbox 314 2185 1916 2279">
     <span class='ocr_line' id='line_1_12' title="bbox 314 2185 1916 2279; baseline -0.022 -11"><span class='ocrx_word' id='word_1_63' title='bbox 314 2223 430 2268; x_wconf 89' lang='lat' dir='ltr'><strong>tum</strong></span> <span class='ocrx_word' id='word_1_64' title='bbox 463 2185 531 2265; x_wconf 80' lang='lat' dir='ltr'><strong>de</strong></span> <span class='ocrx_word' id='word_1_65' title='bbox 559 2185 897 2279; x_wconf 74' lang='lat' dir='ltr'><strong>Cyprianicis</strong></span> <span class='ocrx_word' id='word_1_66' title='bbox 934 2196 1220 2255; x_wconf 85' lang='lat' dir='ltr'><strong>annalibus</strong></span> <span class='ocrx_word' id='word_1_67' title='bbox 1248 2189 1531 2248; x_wconf 86' lang='lat' dir='ltr'><strong>litterariis</strong></span> <span class='ocrx_word' id='word_1_68' title='bbox 1568 2185 1777 2241; x_wconf 90' lang='lat' dir='ltr'><strong>alienas</strong></span> <span class='ocrx_word' id='word_1_69' title='bbox 1816 2192 1916 2247; x_wconf 84' lang='lat' dir='ltr'><strong>po-</strong></span> 
     </span>
    </p>
   </div>
   <div class='ocr_carea' id='block_1_12' title="bbox 315 2284 1559 2374">
    <p class='ocr_par' dir='ltr' id='par_1_12' title="bbox 315 2284 1559 2374">
     <span class='ocr_line' id='line_1_13' title="bbox 315 2284 1559 2374; baseline -0.023 -14"><span class='ocrx_word' id='word_1_70' title='bbox 315 2306 425 2360; x_wconf 89' lang='lat' dir='ltr'><strong>tius</strong></span> <span class='ocrx_word' id='word_1_71' title='bbox 452 2317 612 2374; x_wconf 81' lang='lat' dir='ltr'><strong>quam</strong></span> <span class='ocrx_word' id='word_1_72' title='bbox 644 2307 859 2355; x_wconf 88' lang='lat' dir='ltr'><strong>nostras</strong></span> <span class='ocrx_word' id='word_1_73' title='bbox 882 2291 1157 2367; x_wconf 89' lang='lat' dir='ltr'><strong>symbolas</strong></span> <span class='ocrx_word' id='word_1_74' title='bbox 1183 2284 1559 2342; x_wconf 82' lang='lat' dir='ltr'><strong>exhibeamus.</strong></span> 
     </span>
    </p>
   </div>
   <div class='ocr_carea' id='block_1_13' title="bbox 763 2464 1476 2538">
    <p class='ocr_par' dir='ltr' id='par_1_13' title="bbox 763 2464 1476 2538">
     <span class='ocr_line' id='line_1_14' title="bbox 763 2464 1476 2538; baseline -0.024 -1"><span class='ocrx_word' id='word_1_75' title='bbox 763 2474 1152 2538; x_wconf 82' lang='lat' dir='ltr'><strong>ARTlCULUS</strong></span> <span class='ocrx_word' id='word_1_76' title='bbox 1199 2464 1476 2527; x_wconf 75' lang='lat' dir='ltr'><strong>PRIMUS.</strong></span> 
     </span>
    </p>
   </div>
   <div class='ocr_carea' id='block_1_14' title="bbox 821 2642 1432 2695">
    <p class='ocr_par' dir='ltr' id='par_1_14' title="bbox 821 2642 1432 2695">
     <span class='ocr_line' id='line_1_15' title="bbox 821 2642 1432 2695; baseline -0.026 1"><span class='ocrx_word' id='word_1_77' title='bbox 821 2656 879 2695; x_wconf 68' lang='grc' dir='ltr'><strong>εγ</strong></span> <span class='ocrx_word' id='word_1_78' title='bbox 888 2650 1086 2695; x_wconf 70' lang='lat' dir='ltr'><strong>LLABUS</strong></span> <span class='ocrx_word' id='word_1_79' title='bbox 1127 2643 1366 2688; x_wconf 68' lang='lat' dir='ltr'><strong>AUCTOR!)</strong></span> <span class='ocrx_word' id='word_1_80' title='bbox 1375 2642 1432 2682; x_wconf 75' lang='lat' dir='ltr'><strong>M.</strong></span> 
     </span>
    </p>
   </div>
   <div class='ocr_carea' id='block_1_15' title="bbox 396 2771 1920 2873">
    <p class='ocr_par' dir='ltr' id='par_1_15' title="bbox 396 2771 1920 2873">
     <span class='ocr_line' id='line_1_16' title="bbox 396 2771 1920 2873; baseline -0.027 -7"><span class='ocrx_word' id='word_1_81' title='bbox 396 2810 463 2866; x_wconf 91' lang='lat' dir='ltr'><strong>ll.</strong></span> <span class='ocrx_word' id='word_1_82' title='bbox 504 2806 642 2864; x_wconf 82' lang='lat' dir='ltr'><strong>Rem</strong></span> <span class='ocrx_word' id='word_1_83' title='bbox 680 2798 911 2873; x_wconf 79' lang='lat' dir='ltr'><strong>duplicis</strong></span> <span class='ocrx_word' id='word_1_84' title='bbox 951 2790 1249 2866; x_wconf 81' lang='lat' dir='ltr'><strong>argumenti</strong></span> <span class='ocrx_word' id='word_1_85' title='bbox 1296 2798 1417 2845; x_wconf 91' lang='lat' dir='ltr'><strong>esse</strong></span> <span class='ocrx_word' id='word_1_86' title='bbox 1452 2781 1593 2837; x_wconf 89' lang='lat' dir='ltr'><strong>hanc</strong></span> <span class='ocrx_word' id='word_1_87' title='bbox 1619 2771 1920 2834; x_wconf 86' lang='lat' dir='ltr'><strong>Bibliothe-</strong></span> 
     </span>
    </p>
   </div>
   <div class='ocr_carea' id='block_1_16' title="bbox 320 2867 1924 2973">
    <p class='ocr_par' dir='ltr' id='par_1_16' title="bbox 320 2867 1924 2973">
     <span class='ocr_line' id='line_1_17' title="bbox 320 2867 1924 2973; baseline -0.027 -11"><span class='ocrx_word' id='word_1_88' title='bbox 320 2920 446 2962; x_wconf 87' lang='lat' dir='ltr'><strong>cam</strong></span> <span class='ocrx_word' id='word_1_89' title='bbox 468 2944 484 2968; x_wconf 86' lang='lat'><strong>,</strong></span> <span class='ocrx_word' id='word_1_90' title='bbox 513 2914 673 2973; x_wconf 91' lang='lat' dir='ltr'><strong>quam</strong></span> <span class='ocrx_word' id='word_1_91' title='bbox 694 2867 993 2952; x_wconf 43' lang='lat' dir='ltr'><strong>et—Cursum</strong></span> <span class='ocrx_word' id='word_1_92' title='bbox 1024 2883 1338 2955; x_wconf 77' lang='lat' dir='ltr'><strong>Patrologiw</strong></span> <span class='ocrx_word' id='word_1_93' title='bbox 1364 2877 1811 2950; x_wconf 86' lang='lat' dir='ltr'><strong>qualemcumque</strong></span> <span class='ocrx_word' id='word_1_94' title='bbox 1842 2867 1924 2921; x_wconf 90' lang='lat' dir='ltr'><strong>iu-</strong></span> 
     </span>
    </p>
   </div>
   <div class='ocr_carea' id='block_1_17' title="bbox 322 2962 1926 3068">
    <p class='ocr_par' dir='ltr' id='par_1_17' title="bbox 322 2962 1926 3068">
     <span class='ocr_line' id='line_1_18' title="bbox 322 2962 1926 3068; baseline -0.026 -14"><span class='ocrx_word' id='word_1_95' title='bbox 322 2996 614 3068; x_wconf 85' lang='lat' dir='ltr'><strong>scripsisse</strong></span> <span class='ocrx_word' id='word_1_96' title='bbox 636 2991 809 3055; x_wconf 86' lang='lat' dir='ltr'><strong>libuit,</strong></span> <span class='ocrx_word' id='word_1_97' title='bbox 842 2987 923 3044; x_wconf 91' lang='lat' dir='ltr'><strong>vel</strong></span> <span class='ocrx_word' id='word_1_98' title='bbox 950 2984 1019 3040; x_wconf 86' lang='lat' dir='ltr'><strong>ab</strong></span> <span class='ocrx_word' id='word_1_99' title='bbox 1046 2980 1177 3053; x_wconf 85' lang='lat' dir='ltr'><strong>ipsis</strong></span> <span class='ocrx_word' id='word_1_100' title='bbox 1206 2972 1514 3033; x_wconf 87' lang='lat' dir='ltr'><strong>nominibus</strong></span> <span class='ocrx_word' id='word_1_101' title='bbox 1546 2967 1705 3023; x_wconf 84' lang='lat' dir='ltr'><strong>velim</strong></span> <span class='ocrx_word' id='word_1_102' title='bbox 1734 2962 1926 3031; x_wconf 91' lang='lat' dir='ltr'><strong>depre-</strong></span> 
     </span>
    </p>
   </div>
   <div class='ocr_carea' id='block_1_18' title="bbox 326 3060 1923 3147">
    <p class='ocr_par' dir='ltr' id='par_1_18' title="bbox 326 3060 1923 3147">
     <span class='ocr_line' id='line_1_19' title="bbox 326 3060 1923 3147; baseline -0.026 0"><span class='ocrx_word' id='word_1_103' title='bbox 326 3090 556 3147; x_wconf 87' lang='lat' dir='ltr'><strong>hendas.</strong></span> <span class='ocrx_word' id='word_1_104' title='bbox 587 3084 721 3141; x_wconf 80' lang='lat' dir='ltr'><strong>Hinc</strong></span> <span class='ocrx_word' id='word_1_105' title='bbox 749 3082 891 3137; x_wconf 85' lang='lat' dir='ltr'><strong>enim</strong></span> <span class='ocrx_word' id='word_1_106' title='bbox 915 3086 1159 3133; x_wconf 81' lang='lat' dir='ltr'><strong>veterum</strong></span> <span class='ocrx_word' id='word_1_107' title='bbox 1189 3066 1515 3131; x_wconf 56' lang='lat' dir='ltr'><strong>testimonia,</strong></span> <span class='ocrx_word' id='word_1_108' title='bbox 1558 3060 1710 3147; x_wconf 69' lang='lat' dir='ltr'><strong>illine</strong></span> <span class='ocrx_word' id='word_1_109' title='bbox 1731 3067 1923 3111; x_wconf 87' lang='lat' dir='ltr'><strong>recen-</strong></span> 
     </span>
    </p>
   </div>
   <div class='ocr_carea' id='block_1_19' title="bbox 328 3136 1927 3240">
    <p class='ocr_par' dir='ltr' id='par_1_19' title="bbox 328 3136 1927 3240">
     <span class='ocr_line' id='line_1_20' title="bbox 328 3136 1927 3240; baseline -0.023 -2"><span class='ocrx_word' id='word_1_110' title='bbox 328 3183 462 3237; x_wconf 87' lang='lat' dir='ltr'><strong>tium</strong></span> <span class='ocrx_word' id='word_1_111' title='bbox 485 3173 872 3235; x_wconf 87' lang='lat' dir='ltr'><strong>commentaria</strong></span> <span class='ocrx_word' id='word_1_112' title='bbox 899 3189 911 3224; x_wconf 89' lang='lat'><strong>:</strong></span> <span class='ocrx_word' id='word_1_113' title='bbox 945 3169 1120 3240; x_wconf 88' lang='lat' dir='ltr'><strong>prisca</strong></span> <span class='ocrx_word' id='word_1_114' title='bbox 1149 3177 1279 3235; x_wconf 85' lang='lat' dir='ltr'><strong>ergo</strong></span> <span class='ocrx_word' id='word_1_115' title='bbox 1306 3170 1438 3215; x_wconf 70' lang='lat' dir='ltr'><strong>tetas</strong></span> <span class='ocrx_word' id='word_1_116' title='bbox 1468 3154 1589 3210; x_wconf 91' lang='lat' dir='ltr'><strong>tulit</strong></span> <span class='ocrx_word' id='word_1_117' title='bbox 1611 3194 1626 3217; x_wconf 86' lang='lat'><strong>,</strong></span> <span class='ocrx_word' id='word_1_118' title='bbox 1668 3136 1806 3220; x_wconf 59' lang='lat' dir='ltr'><strong>(fur.</strong></span> <span class='ocrx_word' id='word_1_119' title='bbox 1829 3144 1927 3198; x_wconf 86' lang='lat' dir='ltr'><strong>h0-</strong></span> 
     </span>
    </p>
   </div>
   <div class='ocr_carea' id='block_1_20' title="bbox 325 3240 1926 3330">
    <p class='ocr_par' dir='ltr' id='par_1_20' title="bbox 325 3240 1926 3330">
     <span class='ocr_line' id='line_1_21' title="bbox 325 3240 1926 3330; baseline -0.024 1"><span class='ocrx_word' id='word_1_120' title='bbox 325 3275 517 3330; x_wconf 89' lang='lat' dir='ltr'><strong>dicrna</strong></span> <span class='ocrx_word' id='word_1_121' title='bbox 549 3282 737 3326; x_wconf 89' lang='lat' dir='ltr'><strong>manus</strong></span> <span class='ocrx_word' id='word_1_122' title='bbox 760 3263 1045 3327; x_wconf 89' lang='lat' dir='ltr'><strong>recondit;</strong></span> <span class='ocrx_word' id='word_1_123' title='bbox 1073 3259 1234 3315; x_wconf 85' lang='lat' dir='ltr'><strong>verba</strong></span> <span class='ocrx_word' id='word_1_124' title='bbox 1260 3253 1410 3309; x_wconf 90' lang='lat' dir='ltr'><strong>dedit</strong></span> <span class='ocrx_word' id='word_1_125' title='bbox 1440 3256 1700 3311; x_wconf 88' lang='lat' dir='ltr'><strong>vetustas,</strong></span> <span class='ocrx_word' id='word_1_126' title='bbox 1731 3240 1926 3314; x_wconf 87' lang='lat' dir='ltr'><strong>quibus</strong></span> 
     </span>
    </p>
   </div>
   <div class='ocr_carea' id='block_1_21' title="bbox 326 3334 1992 3440">
    <p class='ocr_par' dir='ltr' id='par_1_21' title="bbox 326 3334 1992 3440">
     <span class='ocr_line' id='line_1_22' title="bbox 326 3334 1992 3440; baseline -0.025 -14"><span class='ocrx_word' id='word_1_127' title='bbox 326 3367 742 3440; x_wconf 86' lang='lat' dir='ltr'><strong>explanationes</strong></span> <span class='ocrx_word' id='word_1_128' title='bbox 790 3373 1052 3416; x_wconf 86' lang='lat' dir='ltr'><strong>novorum</strong></span> <span class='ocrx_word' id='word_1_129' title='bbox 1108 3355 1394 3410; x_wconf 89' lang='lat' dir='ltr'><strong>doctorum</strong></span> <span class='ocrx_word' id='word_1_130' title='bbox 1442 3342 1674 3399; x_wconf 83' lang='lat' dir='ltr'><strong>varietas</strong></span> <span class='ocrx_word' id='word_1_131' title='bbox 1700 3334 1925 3414; x_wconf 51' lang='lat' dir='ltr'><strong>addidit.</strong></span> <span class='ocrx_word' id='word_1_132' title='bbox 1982 3346 1992 3352; x_wconf 91' lang='grc'><strong>·</strong></span> 
     </span>
    </p>
   </div>
   <div class='ocr_carea' id='block_1_22' title="bbox 330 3425 1928 3532">
    <p class='ocr_par' dir='ltr' id='par_1_22' title="bbox 330 3425 1928 3532">
     <span class='ocr_line' id='line_1_23' title="bbox 330 3425 1928 3532; baseline -0.024 -13"><span class='ocrx_word' id='word_1_133' title='bbox 330 3425 428 3520; x_wconf 58' lang='lat' dir='ltr'><strong>in;</strong></span> <span class='ocrx_word' id='word_1_134' title='bbox 459 3475 591 3532; x_wconf 88' lang='lat' dir='ltr'><strong>ergo</strong></span> <span class='ocrx_word' id='word_1_135' title='bbox 617 3457 687 3514; x_wconf 90' lang='lat' dir='ltr'><strong>ad</strong></span> <span class='ocrx_word' id='word_1_136' title='bbox 713 3451 1124 3515; x_wconf 87' lang='lat' dir='ltr'><strong>Bibliothecam,</strong></span> <span class='ocrx_word' id='word_1_137' title='bbox 1153 3446 1272 3502; x_wconf 86' lang='lat' dir='ltr'><strong>haec</strong></span> <span class='ocrx_word' id='word_1_138' title='bbox 1301 3456 1431 3497; x_wconf 89' lang='lat' dir='ltr'><strong>vero</strong></span> <span class='ocrx_word' id='word_1_139' title='bbox 1472 3435 1540 3492; x_wconf 91' lang='lat' dir='ltr'><strong>ad</strong></span> <span class='ocrx_word' id='word_1_140' title='bbox 1577 3433 1805 3490; x_wconf 88' lang='lat' dir='ltr'><strong>Cursum</strong></span> <span class='ocrx_word' id='word_1_141' title='bbox 1825 3469 1840 3497; x_wconf 88' lang='lat'><strong>,</strong></span> <span class='ocrx_word' id='word_1_142' title='bbox 1882 3425 1928 3480; x_wconf 88' lang='lat' dir='ltr'><strong>si</strong></span> 
     </span>
    </p>
   </div>
   <div class='ocr_carea' id='block_1_23' title="bbox 326 3538 1460 3628">
    <p class='ocr_par' dir='ltr' id='par_1_23' title="bbox 326 3538 1460 3628">
     <span class='ocr_line' id='line_1_24' title="bbox 326 3538 1460 3628; baseline -0.022 -16"><span class='ocrx_word' id='word_1_143' title='bbox 326 3553 466 3628; x_wconf 82' lang='lat' dir='ltr'><strong>quid</strong></span> <span class='ocrx_word' id='word_1_144' title='bbox 496 3554 568 3609; x_wconf 88' lang='lat' dir='ltr'><strong>sit</strong></span> <span class='ocrx_word' id='word_1_145' title='bbox 595 3552 648 3608; x_wconf 91' lang='lat' dir='ltr'><strong>in</strong></span> <span class='ocrx_word' id='word_1_146' title='bbox 677 3565 739 3607; x_wconf 86' lang='lat' dir='ltr'><strong>ea</strong></span> <span class='ocrx_word' id='word_1_147' title='bbox 769 3562 903 3604; x_wconf 89' lang='lat' dir='ltr'><strong>voce</strong></span> <span class='ocrx_word' id='word_1_148' title='bbox 932 3543 1167 3608; x_wconf 88' lang='lat' dir='ltr'><strong>virtutis,</strong></span> <span class='ocrx_word' id='word_1_149' title='bbox 1207 3538 1460 3594; x_wconf 88' lang='lat' dir='ltr'><strong>attinent.</strong></span> 
     </span>
    </p>
   </div>
   <div class='ocr_carea' id='block_1_24' title="bbox 413 3617 1930 3711">
    <p class='ocr_par' dir='ltr' id='par_1_24' title="bbox 413 3617 1930 3711">
     <span class='ocr_line' id='line_1_25' title="bbox 413 3617 1930 3711; baseline -0.023 -7"><span class='ocrx_word' id='word_1_150' title='bbox 413 3647 502 3703; x_wconf 84' lang='lat' dir='ltr'><strong>lll.</strong></span> <span class='ocrx_word' id='word_1_151' title='bbox 521 3644 797 3702; x_wconf 87' lang='lat' dir='ltr'><strong>Prodeunt</strong></span> <span class='ocrx_word' id='word_1_152' title='bbox 817 3639 1005 3711; x_wconf 78' lang='lat' dir='ltr'><strong>partim</strong></span> <span class='ocrx_word' id='word_1_153' title='bbox 1023 3638 1077 3693; x_wconf 92' lang='lat' dir='ltr'><strong>in</strong></span> <span class='ocrx_word' id='word_1_154' title='bbox 1097 3636 1201 3690; x_wconf 91' lang='lat' dir='ltr'><strong>hoc</strong></span> <span class='ocrx_word' id='word_1_155' title='bbox 1230 3640 1378 3688; x_wconf 92' lang='lat' dir='ltr'><strong>tomo</strong></span> <span class='ocrx_word' id='word_1_156' title='bbox 1406 3627 1644 3683; x_wconf 86' lang='lat' dir='ltr'><strong>minores</strong></span> <span class='ocrx_word' id='word_1_157' title='bbox 1664 3617 1850 3677; x_wconf 83' lang='lat' dir='ltr'><strong>saeculi</strong></span> <span class='ocrx_word' id='word_1_158' title='bbox 1872 3629 1930 3670; x_wconf 85' lang='lat' dir='ltr'><strong>ut</strong></span> 
     </span>
    </p>
   </div>
   <div class='ocr_carea' id='block_1_25' title="bbox 334 3708 1929 3808">
    <p class='ocr_par' dir='ltr' id='par_1_25' title="bbox 334 3708 1929 3808">
     <span class='ocr_line' id='line_1_26' title="bbox 334 3708 1929 3808; baseline -0.023 -10"><span class='ocrx_word' id='word_1_159' title='bbox 334 3742 527 3798; x_wconf 84' lang='lat' dir='ltr'><strong>Patres</strong></span> <span class='ocrx_word' id='word_1_160' title='bbox 556 3757 569 3791; x_wconf 91' lang='lat'><strong>:</strong></span> <span class='ocrx_word' id='word_1_161' title='bbox 604 3708 976 3808; x_wconf 83' lang='lat' dir='ltr'><strong>principesque</strong></span> <span class='ocrx_word' id='word_1_162' title='bbox 1009 3733 1251 3803; x_wconf 67' lang='lat' dir='ltr'><strong>prteeunt</strong></span> <span class='ocrx_word' id='word_1_163' title='bbox 1269 3731 1470 3779; x_wconf 76' lang='lat' dir='ltr'><strong>sancta:</strong></span> <span class='ocrx_word' id='word_1_164' title='bbox 1495 3723 1760 3786; x_wconf 81' lang='lat' dir='ltr'><strong>martyres</strong></span> <span class='ocrx_word' id='word_1_165' title='bbox 1784 3708 1929 3765; x_wconf 86' lang='lat' dir='ltr'><strong>Feli-</strong></span> 
     </span>
    </p>
   </div>
   <div class='ocr_carea' id='block_1_26' title="bbox 329 3805 1929 3900">
    <p class='ocr_par' dir='ltr' id='par_1_26' title="bbox 329 3805 1929 3900">
     <span class='ocr_line' id='line_1_27' title="bbox 329 3805 1929 3900; baseline -0.021 -10"><span class='ocrx_word' id='word_1_166' title='bbox 329 3834 475 3890; x_wconf 83' lang='lat' dir='ltr'><strong>citas</strong></span> <span class='ocrx_word' id='word_1_167' title='bbox 489 3841 543 3888; x_wconf 91' lang='lat' dir='ltr'><strong>et</strong></span> <span class='ocrx_word' id='word_1_168' title='bbox 557 3805 843 3900; x_wconf 75' lang='lat' dir='ltr'><strong>Perpetua,</strong></span> <span class='ocrx_word' id='word_1_169' title='bbox 866 3824 1046 3881; x_wconf 88' lang='lat' dir='ltr'><strong>nobile</strong></span> <span class='ocrx_word' id='word_1_170' title='bbox 1065 3837 1162 3894; x_wconf 93' lang='lat' dir='ltr'><strong>par</strong></span> <span class='ocrx_word' id='word_1_171' title='bbox 1182 3817 1526 3879; x_wconf 81' lang='lat' dir='ltr'><strong>feminarum,</strong></span> <span class='ocrx_word' id='word_1_172' title='bbox 1554 3808 1729 3865; x_wconf 71' lang='lat' dir='ltr'><strong>ambte</strong></span> <span class='ocrx_word' id='word_1_173' title='bbox 1753 3805 1929 3877; x_wconf 79' lang='lat' dir='ltr'><strong>dignae</strong></span> 
     </span>
    </p>
   </div>
   <div class='ocr_carea' id='block_1_27' title="bbox 332 3907 1929 3984">
    <p class='ocr_par' dir='ltr' id='par_1_27' title="bbox 332 3907 1929 3984">
     <span class='ocr_line' id='line_1_28' title="bbox 332 3907 1929 3984; baseline -0.022 1"><span class='ocrx_word' id='word_1_174' title='bbox 332 3928 557 3984; x_wconf 80' lang='lat' dir='ltr'><strong>Patrum</strong></span> <span class='ocrx_word' id='word_1_175' title='bbox 586 3936 890 3982; x_wconf 61' lang='lat' dir='ltr'><strong>coaevorum</strong></span> <span class='ocrx_word' id='word_1_176' title='bbox 931 3919 1117 3975; x_wconf 90' lang='lat' dir='ltr'><strong>duces.</strong></span> <span class='ocrx_word' id='word_1_177' title='bbox 1144 3909 1397 3975; x_wconf 87' lang='lat' dir='ltr'><strong>Succedit</strong></span> <span class='ocrx_word' id='word_1_178' title='bbox 1427 3907 1625 3977; x_wconf 83' lang='lat' dir='ltr'><strong>duplex</strong></span> <span class='ocrx_word' id='word_1_179' title='bbox 1647 3910 1929 3959; x_wconf 90' lang='lat' dir='ltr'><strong>auctorum</strong></span> 
     </span>
    </p>
   </div>
   <div class='ocr_carea' id='block_1_28' title="bbox 335 3993 1932 4083">
    <p class='ocr_par' dir='ltr' id='par_1_28' title="bbox 335 3993 1932 4083">
     <span class='ocr_line' id='line_1_29' title="bbox 335 3993 1932 4083; baseline -0.022 -4"><span class='ocrx_word' id='word_1_180' title='bbox 335 4020 731 4083; x_wconf 79' lang='lat' dir='ltr'><strong>triumviratus,</strong></span> <span class='ocrx_word' id='word_1_181' title='bbox 764 4025 873 4072; x_wconf 91' lang='lat' dir='ltr'><strong>tres</strong></span> <span class='ocrx_word' id='word_1_182' title='bbox 899 4011 1104 4069; x_wconf 87' lang='lat' dir='ltr'><strong>scilicet</strong></span> <span class='ocrx_word' id='word_1_183' title='bbox 1130 4003 1359 4064; x_wconf 75' lang='lat' dir='ltr'><strong>Romani</strong></span> <span class='ocrx_word' id='word_1_184' title='bbox 1381 3998 1696 4063; x_wconf 86' lang='lat' dir='ltr'><strong>Pontifices,</strong></span> <span class='ocrx_word' id='word_1_185' title='bbox 1724 3993 1932 4048; x_wconf 85' lang='lat' dir='ltr'><strong>Corne-</strong></span> 
     </span>
    </p>
   </div>
   <div class='ocr_carea' id='block_1_29' title="bbox 337 4084 1931 4181">
    <p class='ocr_par' dir='ltr' id='par_1_29' title="bbox 337 4084 1931 4181">
     <span class='ocr_line' id='line_1_30' title="bbox 337 4084 1931 4181; baseline -0.021 -8"><span class='ocrx_word' id='word_1_186' title='bbox 337 4118 479 4181; x_wconf 86' lang='lat' dir='ltr'><strong>lius,</strong></span> <span class='ocrx_word' id='word_1_187' title='bbox 523 4113 757 4178; x_wconf 89' lang='lat' dir='ltr'><strong>Lucius,</strong></span> <span class='ocrx_word' id='word_1_188' title='bbox 800 4106 1144 4177; x_wconf 84' lang='lat' dir='ltr'><strong>Stephanus;</strong></span> <span class='ocrx_word' id='word_1_189' title='bbox 1211 4110 1428 4168; x_wconf 88' lang='lat' dir='ltr'><strong>tresque</strong></span> <span class='ocrx_word' id='word_1_190' title='bbox 1488 4084 1931 4159; x_wconf 72' lang='lat' dir='ltr'><strong>Carthaginiensis</strong></span> 
     </span>
    </p>
   </div>
   <div class='ocr_carea' id='block_1_30' title="bbox 337 4178 1929 4273">
    <p class='ocr_par' dir='ltr' id='par_1_30' title="bbox 337 4178 1929 4273">
     <span class='ocr_line' id='line_1_31' title="bbox 337 4178 1929 4273; baseline -0.021 -6"><span class='ocrx_word' id='word_1_191' title='bbox 337 4211 447 4266; x_wconf 85' lang='lat' dir='ltr'><strong>fori</strong></span> <span class='ocrx_word' id='word_1_192' title='bbox 500 4205 773 4272; x_wconf 85' lang='lat' dir='ltr'><strong>causidici,</strong></span> <span class='ocrx_word' id='word_1_193' title='bbox 829 4200 1072 4273; x_wconf 83' lang='lat' dir='ltr'><strong>ejusdem</strong></span> <span class='ocrx_word' id='word_1_194' title='bbox 1122 4210 1299 4254; x_wconf 83' lang='lat' dir='ltr'><strong>causae</strong></span> <span class='ocrx_word' id='word_1_195' title='bbox 1342 4188 1648 4248; x_wconf 85' lang='lat' dir='ltr'><strong>christianae</strong></span> <span class='ocrx_word' id='word_1_196' title='bbox 1693 4178 1929 4255; x_wconf 88' lang='lat' dir='ltr'><strong>patroni,</strong></span> 
     </span>
    </p>
   </div>
   <div class='ocr_carea' id='block_1_31' title="bbox 339 4274 1938 4366">
    <p class='ocr_par' dir='ltr' id='par_1_31' title="bbox 339 4274 1938 4366">
     <span class='ocr_line' id='line_1_32' title="bbox 339 4274 1938 4366; baseline -0.021 -6"><span class='ocrx_word' id='word_1_197' title='bbox 339 4301 627 4366; x_wconf 81' lang='lat' dir='ltr'><strong>Minucius,</strong></span> <span class='ocrx_word' id='word_1_198' title='bbox 655 4294 928 4362; x_wconf 81' lang='lat' dir='ltr'><strong>Octavius,</strong></span> <span class='ocrx_word' id='word_1_199' title='bbox 956 4290 1205 4350; x_wconf 76' lang='lat' dir='ltr'><strong>Caecilius</strong></span> <span class='ocrx_word' id='word_1_200' title='bbox 1235 4288 1408 4343; x_wconf 88' lang='lat' dir='ltr'><strong>fauste</strong></span> <span class='ocrx_word' id='word_1_201' title='bbox 1435 4281 1678 4339; x_wconf 87' lang='lat' dir='ltr'><strong>devictus</strong></span> <span class='ocrx_word' id='word_1_202' title='bbox 1699 4317 1714 4343; x_wconf 92' lang='lat'><strong>,</strong></span> <span class='ocrx_word' id='word_1_203' title='bbox 1760 4274 1851 4346; x_wconf 85' lang='lat' dir='ltr'><strong>qui</strong></span> <span class='ocrx_word' id='word_1_204' title='bbox 1881 4279 1938 4328; x_wconf 92' lang='lat' dir='ltr'><strong>et</strong></span> 
     </span>
    </p>
   </div>
   <div class='ocr_carea' id='block_1_32' title="bbox 342 4368 1937 4468">
    <p class='ocr_par' dir='ltr' id='par_1_32' title="bbox 342 4368 1937 4468">
     <span class='ocr_line' id='line_1_33' title="bbox 342 4368 1937 4468; baseline -0.02 -16"><span class='ocrx_word' id='word_1_205' title='bbox 342 4396 673 4468; x_wconf 83' lang='lat' dir='ltr'><strong>Cyprianum</strong></span> <span class='ocrx_word' id='word_1_206' title='bbox 711 4390 980 4448; x_wconf 87' lang='lat' dir='ltr'><strong>devicisse</strong></span> <span class='ocrx_word' id='word_1_207' title='bbox 1008 4384 1264 4442; x_wconf 88' lang='lat' dir='ltr'><strong>creditur.</strong></span> <span class='ocrx_word' id='word_1_208' title='bbox 1309 4380 1451 4436; x_wconf 88' lang='lat' dir='ltr'><strong>Pone</strong></span> <span class='ocrx_word' id='word_1_209' title='bbox 1489 4373 1726 4431; x_wconf 91' lang='lat' dir='ltr'><strong>subeunt</strong></span> <span class='ocrx_word' id='word_1_210' title='bbox 1752 4368 1937 4440; x_wconf 85' lang='lat' dir='ltr'><strong>plures</strong></span> 
     </span>
    </p>
   </div>
   <div class='ocr_carea' id='block_1_33' title="bbox 345 4458 1938 4562">
    <p class='ocr_par' dir='ltr' id='par_1_33' title="bbox 345 4458 1938 4562">
     <span class='ocr_line' id='line_1_34' title="bbox 345 4458 1938 4562; baseline -0.018 -19"><span class='ocrx_word' id='word_1_211' title='bbox 345 4488 517 4562; x_wconf 87' lang='lat' dir='ltr'><strong>ignoti</strong></span> <span class='ocrx_word' id='word_1_212' title='bbox 561 4484 796 4543; x_wconf 88' lang='lat' dir='ltr'><strong>nominis</strong></span> <span class='ocrx_word' id='word_1_213' title='bbox 840 4490 1110 4545; x_wconf 86' lang='lat' dir='ltr'><strong>auctores,</strong></span> <span class='ocrx_word' id='word_1_214' title='bbox 1150 4488 1401 4548; x_wconf 89' lang='lat' dir='ltr'><strong>quorum,</strong></span> <span class='ocrx_word' id='word_1_215' title='bbox 1437 4484 1534 4540; x_wconf 92' lang='lat' dir='ltr'><strong>pro</strong></span> <span class='ocrx_word' id='word_1_216' title='bbox 1584 4478 1736 4521; x_wconf 92' lang='lat' dir='ltr'><strong>more</strong></span> <span class='ocrx_word' id='word_1_217' title='bbox 1778 4458 1938 4517; x_wconf 74' lang='lat' dir='ltr'><strong>&#39;Chri~</strong></span> 
     </span>
    </p>
   </div>
   <div class='ocr_carea' id='block_1_34' title="bbox 342 4555 1937 4646">
    <p class='ocr_par' dir='ltr' id='par_1_34' title="bbox 342 4555 1937 4646">
     <span class='ocr_line' id='line_1_35' title="bbox 342 4555 1937 4646; baseline -0.021 -7"><span class='ocrx_word' id='word_1_218' title='bbox 342 4584 681 4646; x_wconf 83' lang='lat' dir='ltr'><strong>stianorum,</strong></span> <span class='ocrx_word' id='word_1_219' title='bbox 730 4573 1002 4631; x_wconf 81' lang='lat' dir='ltr'><strong>humiliter</strong></span> <span class='ocrx_word' id='word_1_220' title='bbox 1062 4569 1384 4625; x_wconf 87' lang='lat' dir='ltr'><strong>latitantium</strong></span> <span class='ocrx_word' id='word_1_221' title='bbox 1435 4575 1601 4632; x_wconf 88' lang='lat' dir='ltr'><strong>opera</strong></span> <span class='ocrx_word' id='word_1_222' title='bbox 1652 4558 1705 4613; x_wconf 91' lang='lat' dir='ltr'><strong>in</strong></span> <span class='ocrx_word' id='word_1_223' title='bbox 1761 4555 1937 4610; x_wconf 86' lang='lat' dir='ltr'><strong>lucem</strong></span> 
     </span>
    </p>
   </div>
   <div class='ocr_carea' id='block_1_35' title="bbox 343 4655 1941 4750">
    <p class='ocr_par' dir='ltr' id='par_1_35' title="bbox 343 4655 1941 4750">
     <span class='ocr_line' id='line_1_36' title="bbox 343 4655 1941 4750; baseline -0.02 -17"><span class='ocrx_word' id='word_1_224' title='bbox 343 4675 565 4750; x_wconf 90' lang='lat' dir='ltr'><strong>prodire</strong></span> <span class='ocrx_word' id='word_1_225' title='bbox 593 4681 869 4730; x_wconf 89' lang='lat' dir='ltr'><strong>merentur</strong></span> <span class='ocrx_word' id='word_1_226' title='bbox 899 4688 911 4722; x_wconf 85' lang='lat'><strong>:</strong></span> <span class='ocrx_word' id='word_1_227' title='bbox 944 4677 1057 4723; x_wconf 91' lang='lat' dir='ltr'><strong>tum</strong></span> <span class='ocrx_word' id='word_1_228' title='bbox 1093 4664 1297 4735; x_wconf 90' lang='lat' dir='ltr'><strong>primus</strong></span> <span class='ocrx_word' id='word_1_229' title='bbox 1336 4655 1800 4716; x_wconf 87' lang='lat' dir='ltr'><strong>schismaticorum</strong></span> <span class='ocrx_word' id='word_1_230' title='bbox 1844 4664 1941 4703; x_wconf 90' lang='lat' dir='ltr'><strong>an-</strong></span> 
     </span>
    </p>
   </div>
   <div class='ocr_carea' id='block_1_36' title="bbox 342 4752 1942 4843">
    <p class='ocr_par' dir='ltr' id='par_1_36' title="bbox 342 4752 1942 4843">
     <span class='ocr_line' id='line_1_37' title="bbox 342 4752 1942 4843; baseline -0.019 -14"><span class='ocrx_word' id='word_1_231' title='bbox 342 4771 699 4843; x_wconf 85' lang='lat' dir='ltr'><strong>tesignanus,</strong></span> <span class='ocrx_word' id='word_1_232' title='bbox 743 4767 993 4836; x_wconf 89' lang='lat' dir='ltr'><strong>antipapa</strong></span> <span class='ocrx_word' id='word_1_233' title='bbox 1037 4758 1369 4817; x_wconf 87' lang='lat' dir='ltr'><strong>Novatianus</strong></span> <span class='ocrx_word' id='word_1_234' title='bbox 1391 4796 1407 4821; x_wconf 91' lang='lat'><strong>,</strong></span> <span class='ocrx_word' id='word_1_235' title='bbox 1436 4752 1524 4809; x_wconf 88' lang='lat' dir='ltr'><strong>cui</strong></span> <span class='ocrx_word' id='word_1_236' title='bbox 1562 4758 1618 4807; x_wconf 93' lang='lat' dir='ltr'><strong>et</strong></span> <span class='ocrx_word' id='word_1_237' title='bbox 1654 4758 1942 4820; x_wconf 86' lang='lat' dir='ltr'><strong>propemo-</strong></span> 
     </span>
    </p>
   </div>
   <div class='ocr_carea' id='block_1_37' title="bbox 341 4835 1942 4921">
    <p class='ocr_par' dir='ltr' id='par_1_37' title="bbox 341 4835 1942 4921">
     <span class='ocr_line' id='line_1_38' title="bbox 341 4835 1942 4921; baseline -0.02 0"><span class='ocrx_word' id='word_1_238' title='bbox 341 4865 474 4921; x_wconf 86' lang='lat' dir='ltr'><strong>dum</strong></span> <span class='ocrx_word' id='word_1_239' title='bbox 510 4863 705 4918; x_wconf 88' lang='lat' dir='ltr'><strong>vellem</strong></span> <span class='ocrx_word' id='word_1_240' title='bbox 749 4856 1021 4915; x_wconf 90' lang='lat' dir='ltr'><strong>accenseri</strong></span> <span class='ocrx_word' id='word_1_241' title='bbox 1061 4849 1450 4910; x_wconf 69' lang='lat' dir='ltr'><strong>Cmsariensem</strong></span> <span class='ocrx_word' id='word_1_242' title='bbox 1478 4843 1792 4914; x_wconf 78' lang='lat' dir='ltr'><strong>episcOpum</strong></span> <span class='ocrx_word' id='word_1_243' title='bbox 1824 4835 1942 4891; x_wconf 85' lang='lat' dir='ltr'><strong>Fir-</strong></span> 
     </span>
    </p>
   </div>
   <div class='ocr_carea' id='block_1_38' title="bbox 344 4930 1945 5021">
    <p class='ocr_par' dir='ltr' id='par_1_38' title="bbox 344 4930 1945 5021">
     <span class='ocr_line' id='line_1_39' title="bbox 344 4930 1945 5021; baseline -0.019 -8"><span class='ocrx_word' id='word_1_244' title='bbox 344 4957 625 5014; x_wconf 87' lang='lat' dir='ltr'><strong>milianum</strong></span> <span class='ocrx_word' id='word_1_245' title='bbox 650 4995 666 5021; x_wconf 93' lang='lat'><strong>,</strong></span> <span class='ocrx_word' id='word_1_246' title='bbox 708 4955 762 5008; x_wconf 92' lang='lat' dir='ltr'><strong>ni</strong></span> <span class='ocrx_word' id='word_1_247' title='bbox 803 4950 938 5006; x_wconf 88' lang='lat' dir='ltr'><strong>falso</strong></span> <span class='ocrx_word' id='word_1_248' title='bbox 964 4992 978 5018; x_wconf 88' lang='lat'><strong>,</strong></span> <span class='ocrx_word' id='word_1_249' title='bbox 1007 4955 1067 5004; x_wconf 93' lang='lat' dir='ltr'><strong>ut</strong></span> <span class='ocrx_word' id='word_1_250' title='bbox 1102 4943 1349 5008; x_wconf 84' lang='lat' dir='ltr'><strong>videtur,</strong></span> <span class='ocrx_word' id='word_1_251' title='bbox 1397 4938 1499 5009; x_wconf 88' lang='lat' dir='ltr'><strong>ipsi</strong></span> <span class='ocrx_word' id='word_1_252' title='bbox 1545 4930 1945 4990; x_wconf 79' lang='lat' dir='ltr'><strong>adscriberetur</strong></span> 
     </span>
    </p>
   </div>
   <div class='ocr_carea' id='block_1_39' title="bbox 347 5036 1944 5126">
    <p class='ocr_par' dir='ltr' id='par_1_39' title="bbox 347 5036 1944 5126">
     <span class='ocr_line' id='line_1_40' title="bbox 347 5036 1944 5126; baseline -0.021 -15"><span class='ocrx_word' id='word_1_253' title='bbox 347 5052 604 5126; x_wconf 90' lang='lat' dir='ltr'><strong>epistola,</strong></span> <span class='ocrx_word' id='word_1_254' title='bbox 628 5051 680 5106; x_wconf 92' lang='lat' dir='ltr'><strong>in</strong></span> <span class='ocrx_word' id='word_1_255' title='bbox 707 5064 810 5122; x_wconf 88' lang='lat' dir='ltr'><strong>qua</strong></span> <span class='ocrx_word' id='word_1_256' title='bbox 834 5045 1137 5118; x_wconf 86' lang='lat' dir='ltr'><strong>Stephanus</strong></span> <span class='ocrx_word' id='word_1_257' title='bbox 1156 5083 1171 5109; x_wconf 91' lang='lat'><strong>,</strong></span> <span class='ocrx_word' id='word_1_258' title='bbox 1201 5036 1448 5095; x_wconf 78' lang='lat' dir='ltr'><strong>Pontifex</strong></span> <span class='ocrx_word' id='word_1_259' title='bbox 1478 5040 1696 5091; x_wconf 88' lang='lat' dir='ltr'><strong>sanctus</strong></span> <span class='ocrx_word' id='word_1_260' title='bbox 1722 5038 1777 5086; x_wconf 91' lang='lat' dir='ltr'><strong>et</strong></span> <span class='ocrx_word' id='word_1_261' title='bbox 1799 5041 1944 5082; x_wconf 81' lang='lat' dir='ltr'><strong>mar-</strong></span> 
     </span>
    </p>
   </div>
   <div class='ocr_carea' id='block_1_40' title="bbox 351 5138 1202 5223">
    <p class='ocr_par' dir='ltr' id='par_1_40' title="bbox 351 5138 1202 5223">
     <span class='ocr_line' id='line_1_41' title="bbox 351 5138 1202 5223; baseline -0.018 -17"><span class='ocrx_word' id='word_1_262' title='bbox 351 5161 459 5223; x_wconf 83' lang='lat' dir='ltr'><strong>lyr,</strong></span> <span class='ocrx_word' id='word_1_263' title='bbox 487 5148 631 5203; x_wconf 90' lang='lat' dir='ltr'><strong>male</strong></span> <span class='ocrx_word' id='word_1_264' title='bbox 658 5143 1006 5201; x_wconf 89' lang='lat' dir='ltr'><strong>antichristus</strong></span> <span class='ocrx_word' id='word_1_265' title='bbox 1033 5138 1202 5196; x_wconf 89' lang='lat' dir='ltr'><strong>audit.</strong></span> 
     </span>
    </p>
   </div>
   <div class='ocr_carea' id='block_1_41' title="bbox 427 5213 1949 5299">
    <p class='ocr_par' dir='ltr' id='par_1_41' title="bbox 427 5213 1949 5299">
     <span class='ocr_line' id='line_1_42' title="bbox 427 5213 1949 5299; baseline -0.019 -2"><span class='ocrx_word' id='word_1_266' title='bbox 427 5244 652 5297; x_wconf 84' lang='lat' dir='ltr'><strong>Demum</strong></span> <span class='ocrx_word' id='word_1_267' title='bbox 677 5238 728 5292; x_wconf 91' lang='lat' dir='ltr'><strong>in</strong></span> <span class='ocrx_word' id='word_1_268' title='bbox 753 5245 899 5292; x_wconf 91' lang='lat' dir='ltr'><strong>tomo</strong></span> <span class='ocrx_word' id='word_1_269' title='bbox 916 5234 1105 5299; x_wconf 90' lang='lat' dir='ltr'><strong>altero,</strong></span> <span class='ocrx_word' id='word_1_270' title='bbox 1140 5228 1288 5286; x_wconf 90' lang='lat' dir='ltr'><strong>solus</strong></span> <span class='ocrx_word' id='word_1_271' title='bbox 1316 5239 1540 5297; x_wconf 90' lang='lat' dir='ltr'><strong>operum</strong></span> <span class='ocrx_word' id='word_1_272' title='bbox 1567 5217 1713 5277; x_wconf 90' lang='lat' dir='ltr'><strong>mole</strong></span> <span class='ocrx_word' id='word_1_273' title='bbox 1734 5213 1949 5272; x_wconf 63' lang='lat' dir='ltr'><strong>caeteris</strong></span> 
     </span>
    </p>
   </div>
   <div class='ocr_carea' id='block_1_42' title="bbox 352 5316 1950 5400">
    <p class='ocr_par' dir='ltr' id='par_1_42' title="bbox 352 5316 1950 5400">
     <span class='ocr_line' id='line_1_43' title="bbox 352 5316 1950 5400; baseline -0.019 -8"><span class='ocrx_word' id='word_1_274' title='bbox 352 5334 608 5393; x_wconf 88' lang='lat' dir='ltr'><strong>omnibus</strong></span> <span class='ocrx_word' id='word_1_275' title='bbox 641 5324 782 5386; x_wconf 86' lang='lat' dir='ltr'><strong>haud</strong></span> <span class='ocrx_word' id='word_1_276' title='bbox 818 5330 1024 5400; x_wconf 87' lang='lat' dir='ltr'><strong>impar,</strong></span> <span class='ocrx_word' id='word_1_277' title='bbox 1063 5338 1202 5381; x_wconf 90' lang='lat' dir='ltr'><strong>unus</strong></span> <span class='ocrx_word' id='word_1_278' title='bbox 1225 5331 1281 5378; x_wconf 89' lang='lat' dir='ltr'><strong>et</strong></span> <span class='ocrx_word' id='word_1_279' title='bbox 1310 5316 1691 5386; x_wconf 81' lang='lat' dir='ltr'><strong>integerrimus</strong></span> <span class='ocrx_word' id='word_1_280' title='bbox 1731 5316 1950 5366; x_wconf 87' lang='lat' dir='ltr'><strong>sanctus</strong></span> 
     </span>
    </p>
   </div>
   <div class='ocr_carea' id='block_1_43' title="bbox 352 5409 1759 5500">
    <p class='ocr_par' dir='ltr' id='par_1_43' title="bbox 352 5409 1759 5500">
     <span class='ocr_line' id='line_1_44' title="bbox 352 5409 1759 5500; baseline -0.02 -13"><span class='ocrx_word' id='word_1_281' title='bbox 352 5424 795 5500; x_wconf 86' lang='lat' dir='ltr'><strong>Carthaginensis</strong></span> <span class='ocrx_word' id='word_1_282' title='bbox 820 5423 1102 5495; x_wconf 88' lang='lat' dir='ltr'><strong>episcopus</strong></span> <span class='ocrx_word' id='word_1_283' title='bbox 1126 5417 1428 5490; x_wconf 86' lang='lat' dir='ltr'><strong>Cyprianus</strong></span> <span class='ocrx_word' id='word_1_284' title='bbox 1453 5409 1759 5469; x_wconf 81' lang='lat' dir='ltr'><strong>exhibetur.</strong></span> 
     </span>
    </p>
   </div>
   <div class='ocr_carea' id='block_1_44' title="bbox 430 5499 1948 5597">
    <p class='ocr_par' dir='ltr' id='par_1_44' title="bbox 430 5499 1948 5597">
     <span class='ocr_line' id='line_1_45' title="bbox 430 5499 1948 5597; baseline -0.018 -17"><span class='ocrx_word' id='word_1_285' title='bbox 430 5522 519 5580; x_wconf 80' lang='lat' dir='ltr'><strong>IV.</strong></span> <span class='ocrx_word' id='word_1_286' title='bbox 550 5499 684 5591; x_wconf 64' lang='lat' dir='ltr'><strong>Quae</strong></span> <span class='ocrx_word' id='word_1_287' title='bbox 724 5533 849 5575; x_wconf 92' lang='lat' dir='ltr'><strong>cum</strong></span> <span class='ocrx_word' id='word_1_288' title='bbox 892 5510 1419 5597; x_wconf 30' lang='lat' dir='ltr'><strong>proposittnvfuerint</strong></span> <span class='ocrx_word' id='word_1_289' title='bbox 1446 5514 1689 5562; x_wconf 89' lang='lat' dir='ltr'><strong>veterum</strong></span> <span class='ocrx_word' id='word_1_290' title='bbox 1727 5499 1948 5556; x_wconf 90' lang='lat' dir='ltr'><strong>Patrum</strong></span> 
     </span>
    </p>
   </div>
   <div class='ocr_carea' id='block_1_45' title="bbox 355 5596 1951 5684">
    <p class='ocr_par' dir='ltr' id='par_1_45' title="bbox 355 5596 1951 5684">
     <span class='ocr_line' id='line_1_46' title="bbox 355 5596 1951 5684; baseline -0.019 -7"><span class='ocrx_word' id='word_1_291' title='bbox 355 5616 643 5678; x_wconf 68' lang='lat' dir='ltr'><strong>sententiae</strong></span> <span class='ocrx_word' id='word_1_292' title='bbox 668 5657 685 5684; x_wconf 89' lang='lat'><strong>,</strong></span> <span class='ocrx_word' id='word_1_293' title='bbox 732 5615 901 5672; x_wconf 90' lang='lat' dir='ltr'><strong>denso</strong></span> <span class='ocrx_word' id='word_1_294' title='bbox 937 5610 1150 5684; x_wconf 81' lang='lat' dir='ltr'><strong>agmine</strong></span> <span class='ocrx_word' id='word_1_295' title='bbox 1190 5596 1422 5665; x_wconf 86' lang='lat' dir='ltr'><strong>subeunt</strong></span> <span class='ocrx_word' id='word_1_296' title='bbox 1455 5599 1750 5659; x_wconf 89' lang='lat' dir='ltr'><strong>recentium</strong></span> <span class='ocrx_word' id='word_1_297' title='bbox 1784 5596 1951 5651; x_wconf 90' lang='lat' dir='ltr'><strong>inter-</strong></span> 
     </span>
    </p>
   </div>
   <div class='ocr_carea' id='block_1_46' title="bbox 358 5688 1952 5787">
    <p class='ocr_par' dir='ltr' id='par_1_46' title="bbox 358 5688 1952 5787">
     <span class='ocr_line' id='line_1_47' title="bbox 358 5688 1952 5787; baseline -0.019 -13"><span class='ocrx_word' id='word_1_298' title='bbox 358 5723 572 5787; x_wconf 89' lang='lat' dir='ltr'><strong>pretum</strong></span> <span class='ocrx_word' id='word_1_299' title='bbox 601 5709 862 5783; x_wconf 88' lang='lat' dir='ltr'><strong>collegia;</strong></span> <span class='ocrx_word' id='word_1_300' title='bbox 895 5720 1124 5779; x_wconf 88' lang='lat' dir='ltr'><strong>quorum</strong></span> <span class='ocrx_word' id='word_1_301' title='bbox 1149 5702 1239 5759; x_wconf 90' lang='lat' dir='ltr'><strong>alii</strong></span> <span class='ocrx_word' id='word_1_302' title='bbox 1263 5698 1512 5758; x_wconf 89' lang='lat' dir='ltr'><strong>codicum</strong></span> <span class='ocrx_word' id='word_1_303' title='bbox 1535 5694 1666 5751; x_wconf 86' lang='lat' dir='ltr'><strong>falsa</strong></span> <span class='ocrx_word' id='word_1_304' title='bbox 1692 5692 1795 5748; x_wconf 91' lang='lat' dir='ltr'><strong>huc</strong></span> <span class='ocrx_word' id='word_1_305' title='bbox 1823 5688 1952 5745; x_wconf 91' lang='lat' dir='ltr'><strong>illuc</strong></span> 
     </span>
    </p>
   </div>
   <div class='ocr_carea' id='block_1_47' title="bbox 359 5784 1949 5880">
    <p class='ocr_par' dir='ltr' id='par_1_47' title="bbox 359 5784 1949 5880">
     <span class='ocr_line' id='line_1_48' title="bbox 359 5784 1949 5880; baseline -0.019 -12"><span class='ocrx_word' id='word_1_306' title='bbox 359 5784 771 5880; x_wconf 76' lang='lat' dir='ltr'><strong>tempestatibus</strong></span> <span class='ocrx_word' id='word_1_307' title='bbox 816 5809 935 5856; x_wconf 91' lang='lat' dir='ltr'><strong>acta</strong></span> <span class='ocrx_word' id='word_1_308' title='bbox 980 5797 1277 5870; x_wconf 84' lang='lat' dir='ltr'><strong>colligunt;</strong></span> <span class='ocrx_word' id='word_1_309' title='bbox 1321 5790 1577 5851; x_wconf 86' lang='lat' dir='ltr'><strong>faseicula</strong></span> <span class='ocrx_word' id='word_1_310' title='bbox 1620 5784 1949 5849; x_wconf 88' lang='lat' dir='ltr'><strong>discutiunt,</strong></span> 
     </span>
    </p>
   </div>
   <div class='ocr_carea' id='block_1_48' title="bbox 603 5891 1040 5962">
    <p class='ocr_par' dir='ltr' id='par_1_48' title="bbox 603 5891 1040 5962">
     <span class='ocr_line' id='line_1_49' title="bbox 603 5891 1040 5962; baseline -0.023 0"><span class='ocrx_word' id='word_1_311' title='bbox 603 5899 881 5962; x_wconf 70' lang='grc' dir='ltr'><strong>ιἈτιιοι..</strong></span> <span class='ocrx_word' id='word_1_312' title='bbox 927 5891 1040 5955; x_wconf 84' lang='lat' dir='ltr'><strong>Ill.</strong></span> 
     </span>
    </p>
   </div>
   <div class='ocr_carea' id='block_1_49' title="bbox 2018 1498 3618 1574">
    <p class='ocr_par' dir='ltr' id='par_1_49' title="bbox 2018 1498 3618 1574">
     <span class='ocr_line' id='line_1_50' title="bbox 2018 1498 3618 1574; baseline -0.005 -9"><span class='ocrx_word' id='word_1_313' title='bbox 2018 1506 2334 1565; x_wconf 85' lang='lat' dir='ltr'><strong>membrana</strong></span> <span class='ocrx_word' id='word_1_314' title='bbox 2354 1502 2587 1570; x_wconf 82' lang='lat' dir='ltr'><strong>radunt,</strong></span> <span class='ocrx_word' id='word_1_315' title='bbox 2620 1501 2972 1574; x_wconf 87' lang='lat' dir='ltr'><strong>palimpsesta</strong></span> <span class='ocrx_word' id='word_1_316' title='bbox 2992 1540 3008 1569; x_wconf 90' lang='lat'><strong>,</strong></span> <span class='ocrx_word' id='word_1_317' title='bbox 3037 1508 3098 1557; x_wconf 88' lang='lat' dir='ltr'><strong>ut</strong></span> <span class='ocrx_word' id='word_1_318' title='bbox 3131 1501 3204 1555; x_wconf 92' lang='lat' dir='ltr'><strong>ita</strong></span> <span class='ocrx_word' id='word_1_319' title='bbox 3231 1498 3406 1557; x_wconf 89' lang='lat' dir='ltr'><strong>dicam</strong></span> <span class='ocrx_word' id='word_1_320' title='bbox 3427 1542 3442 1570; x_wconf 93' lang='lat'><strong>,</strong></span> <span class='ocrx_word' id='word_1_321' title='bbox 3471 1501 3618 1559; x_wconf 85' lang='lat' dir='ltr'><strong>evis-</strong></span> 
     </span>
    </p>
   </div>
   <div class='ocr_carea' id='block_1_50' title="bbox 2016 1595 3622 1669">
    <p class='ocr_par' dir='ltr' id='par_1_50' title="bbox 2016 1595 3622 1669">
     <span class='ocr_line' id='line_1_51' title="bbox 2016 1595 3622 1669; baseline -0.004 -10"><span class='ocrx_word' id='word_1_322' title='bbox 2016 1612 2238 1667; x_wconf 85' lang='lat' dir='ltr'><strong>cerant;</strong></span> <span class='ocrx_word' id='word_1_323' title='bbox 2267 1599 2355 1657; x_wconf 87' lang='lat' dir='ltr'><strong>alii</strong></span> <span class='ocrx_word' id='word_1_324' title='bbox 2399 1607 2648 1669; x_wconf 88' lang='lat' dir='ltr'><strong>acceptas</strong></span> <span class='ocrx_word' id='word_1_325' title='bbox 2691 1597 2952 1654; x_wconf 87' lang='lat' dir='ltr'><strong>lectiones</strong></span> <span class='ocrx_word' id='word_1_326' title='bbox 2992 1595 3401 1667; x_wconf 78' lang='lat' dir='ltr'><strong>intrOSpiciunt,</strong></span> <span class='ocrx_word' id='word_1_327' title='bbox 3444 1597 3622 1667; x_wconf 86' lang='lat' dir='ltr'><strong>prisca</strong></span> 
     </span>
    </p>
   </div>
   <div class='ocr_carea' id='block_1_51' title="bbox 2017 1687 3623 1759">
    <p class='ocr_par' dir='ltr' id='par_1_51' title="bbox 2017 1687 3623 1759">
     <span class='ocr_line' id='line_1_52' title="bbox 2017 1687 3623 1759; baseline -0.006 -7"><span class='ocrx_word' id='word_1_328' title='bbox 2017 1693 2408 1752; x_wconf 90' lang='lat' dir='ltr'><strong>recentioribus</strong></span> <span class='ocrx_word' id='word_1_329' title='bbox 2432 1731 2448 1758; x_wconf 93' lang='lat'><strong>,</strong></span> <span class='ocrx_word' id='word_1_330' title='bbox 2477 1689 2637 1747; x_wconf 90' lang='lat' dir='ltr'><strong>dubia</strong></span> <span class='ocrx_word' id='word_1_331' title='bbox 2668 1689 2832 1747; x_wconf 89' lang='lat' dir='ltr'><strong>certis</strong></span> <span class='ocrx_word' id='word_1_332' title='bbox 2852 1729 2869 1757; x_wconf 92' lang='lat'><strong>,</strong></span> <span class='ocrx_word' id='word_1_333' title='bbox 2910 1688 3107 1745; x_wconf 90' lang='lat' dir='ltr'><strong>similia</strong></span> <span class='ocrx_word' id='word_1_334' title='bbox 3133 1687 3400 1744; x_wconf 87' lang='lat' dir='ltr'><strong>similibus</strong></span> <span class='ocrx_word' id='word_1_335' title='bbox 3426 1702 3623 1759; x_wconf 86' lang='lat' dir='ltr'><strong>repen-</strong></span> 
     </span>
    </p>
   </div>
   <div class='ocr_carea' id='block_1_52' title="bbox 2017 1782 2567 1845">
    <p class='ocr_par' dir='ltr' id='par_1_52' title="bbox 2017 1782 2567 1845">
     <span class='ocr_line' id='line_1_53' title="bbox 2017 1782 2567 1845; baseline -0.015 0"><span class='ocrx_word' id='word_1_336' title='bbox 2017 1788 2154 1845; x_wconf 88' lang='lat' dir='ltr'><strong>dunt</strong></span> <span class='ocrx_word' id='word_1_337' title='bbox 2182 1802 2245 1843; x_wconf 91' lang='lat' dir='ltr'><strong>ac</strong></span> <span class='ocrx_word' id='word_1_338' title='bbox 2271 1782 2567 1841; x_wconf 90' lang='lat' dir='ltr'><strong>elucidant.</strong></span> 
     </span>
    </p>
   </div>
   <div class='ocr_carea' id='block_1_53' title="bbox 2090 1872 3635 1948">
    <p class='ocr_par' dir='ltr' id='par_1_53' title="bbox 2090 1872 3635 1948">
     <span class='ocr_line' id='line_1_54' title="bbox 2090 1872 3635 1948; baseline -0.005 -10"><span class='ocrx_word' id='word_1_339' title='bbox 2090 1880 2155 1938; x_wconf 70' lang='grc' dir='ltr'><strong>ν.</strong></span> <span class='ocrx_word' id='word_1_340' title='bbox 2190 1880 2316 1945; x_wconf 80' lang='lat' dir='ltr'><strong>Vin,</strong></span> <span class='ocrx_word' id='word_1_341' title='bbox 2351 1876 2448 1933; x_wconf 90' lang='lat' dir='ltr'><strong>tibi</strong></span> <span class='ocrx_word' id='word_1_342' title='bbox 2488 1874 2840 1948; x_wconf 71' lang='lat' dir='ltr'><strong>praelibentur</strong></span> <span class='ocrx_word' id='word_1_343' title='bbox 2868 1873 3060 1930; x_wconf 87' lang='lat' dir='ltr'><strong>saltem</strong></span> <span class='ocrx_word' id='word_1_344' title='bbox 3099 1872 3498 1945; x_wconf 74' lang='lat' dir='ltr'><strong>prtecipuorum</strong></span> <span class='ocrx_word' id='word_1_345' title='bbox 3528 1888 3635 1932; x_wconf 82' lang='lat' dir='ltr'><strong>no-</strong></span> 
     </span>
    </p>
   </div>
   <div class='ocr_carea' id='block_1_54' title="bbox 2018 1966 3630 2042">
    <p class='ocr_par' dir='ltr' id='par_1_54' title="bbox 2018 1966 3630 2042">
     <span class='ocr_line' id='line_1_55' title="bbox 2018 1966 3630 2042; baseline -0.005 -13"><span class='ocrx_word' id='word_1_346' title='bbox 2018 1973 2165 2029; x_wconf 89' lang='lat' dir='ltr'><strong>mina</strong></span> <span class='ocrx_word' id='word_1_347' title='bbox 2194 1974 2575 2042; x_wconf 85' lang='lat' dir='ltr'><strong>interpretum,</strong></span> <span class='ocrx_word' id='word_1_348' title='bbox 2598 1968 2690 2040; x_wconf 90' lang='lat' dir='ltr'><strong>qui</strong></span> <span class='ocrx_word' id='word_1_349' title='bbox 2717 1967 2860 2023; x_wconf 89' lang='lat' dir='ltr'><strong>inter</strong></span> <span class='ocrx_word' id='word_1_350' title='bbox 2885 1975 3114 2023; x_wconf 65' lang='lat' dir='ltr'><strong>caeteros</strong></span> <span class='ocrx_word' id='word_1_351' title='bbox 3136 1966 3630 2037; x_wconf 36' lang='lat' dir='ltr'><strong>prtestantioresvac</strong></span> 
     </span>
    </p>
   </div>
   <div class='ocr_carea' id='block_1_55' title="bbox 2029 2058 3634 2134">
    <p class='ocr_par' dir='ltr' id='par_1_55' title="bbox 2029 2058 3634 2134">
     <span class='ocr_line' id='line_1_56' title="bbox 2029 2058 3634 2134; baseline -0.007 -9"><span class='ocrx_word' id='word_1_352' title='bbox 2029 2068 2197 2125; x_wconf 87' lang='lat' dir='ltr'><strong>veluti</strong></span> <span class='ocrx_word' id='word_1_353' title='bbox 2227 2066 2503 2122; x_wconf 87' lang='lat' dir='ltr'><strong>variorum</strong></span> <span class='ocrx_word' id='word_1_354' title='bbox 2534 2062 2775 2134; x_wconf 81' lang='lat' dir='ltr'><strong>magistri</strong></span> <span class='ocrx_word' id='word_1_355' title='bbox 2805 2060 3019 2127; x_wconf 86' lang='lat' dir='ltr'><strong>sedent,</strong></span> <span class='ocrx_word' id='word_1_356' title='bbox 3055 2058 3287 2131; x_wconf 90' lang='lat' dir='ltr'><strong>ideoque</strong></span> <span class='ocrx_word' id='word_1_357' title='bbox 3318 2075 3427 2130; x_wconf 77' lang='lat' dir='ltr'><strong>pra:</strong></span> <span class='ocrx_word' id='word_1_358' title='bbox 3454 2058 3634 2115; x_wconf 86' lang='lat' dir='ltr'><strong>omni-</strong></span> 
     </span>
    </p>
   </div>
   <div class='ocr_carea' id='block_1_56' title="bbox 2022 2151 3630 2227">
    <p class='ocr_par' dir='ltr' id='par_1_56' title="bbox 2022 2151 3630 2227">
     <span class='ocr_line' id='line_1_57' title="bbox 2022 2151 3630 2227; baseline -0.007 -9"><span class='ocrx_word' id='word_1_359' title='bbox 2022 2162 2123 2218; x_wconf 89' lang='lat' dir='ltr'><strong>bus</strong></span> <span class='ocrx_word' id='word_1_360' title='bbox 2150 2160 2216 2217; x_wconf 90' lang='lat' dir='ltr'><strong>ad</strong></span> <span class='ocrx_word' id='word_1_361' title='bbox 2245 2160 2385 2216; x_wconf 87' lang='lat' dir='ltr'><strong>hanc</strong></span> <span class='ocrx_word' id='word_1_362' title='bbox 2413 2159 2682 2214; x_wconf 66' lang='lat' dir='ltr'><strong>universae</strong></span> <span class='ocrx_word' id='word_1_363' title='bbox 2709 2156 2787 2211; x_wconf 88' lang='lat' dir='ltr'><strong>rei</strong></span> <span class='ocrx_word' id='word_1_364' title='bbox 2819 2155 3107 2227; x_wconf 74' lang='lat' dir='ltr'><strong>patristica:</strong></span> <span class='ocrx_word' id='word_1_365' title='bbox 3125 2154 3432 2225; x_wconf 62' lang='lat' dir='ltr'><strong>palaestram</strong></span> <span class='ocrx_word' id='word_1_366' title='bbox 3457 2151 3630 2208; x_wconf 87' lang='lat' dir='ltr'><strong>addu-</strong></span> 
     </span>
    </p>
   </div>
   <div class='ocr_carea' id='block_1_57' title="bbox 2021 2248 3632 2320">
    <p class='ocr_par' dir='ltr' id='par_1_57' title="bbox 2021 2248 3632 2320">
     <span class='ocr_line' id='line_1_58' title="bbox 2021 2248 3632 2320; baseline -0.007 -9"><span class='ocrx_word' id='word_1_367' title='bbox 2021 2263 2218 2311; x_wconf 90' lang='lat' dir='ltr'><strong>cuntur</strong></span> <span class='ocrx_word' id='word_1_368' title='bbox 2242 2254 2264 2307; x_wconf 85' lang='lat'><strong>?</strong></span> <span class='ocrx_word' id='word_1_369' title='bbox 2292 2249 2427 2306; x_wconf 89' lang='lat' dir='ltr'><strong>Cum</strong></span> <span class='ocrx_word' id='word_1_370' title='bbox 2462 2250 2636 2320; x_wconf 91' lang='lat' dir='ltr'><strong>primo</strong></span> <span class='ocrx_word' id='word_1_371' title='bbox 2667 2248 2894 2318; x_wconf 83' lang='lat' dir='ltr'><strong>legenda</strong></span> <span class='ocrx_word' id='word_1_372' title='bbox 2940 2254 3231 2303; x_wconf 88' lang='lat' dir='ltr'><strong>occurrunt</strong></span> <span class='ocrx_word' id='word_1_373' title='bbox 3273 2254 3390 2302; x_wconf 90' lang='lat' dir='ltr'><strong>aeta</strong></span> <span class='ocrx_word' id='word_1_374' title='bbox 3417 2254 3632 2301; x_wconf 85' lang='lat' dir='ltr'><strong>saneta-</strong></span> 
     </span>
    </p>
   </div>
   <div class='ocr_carea' id='block_1_58' title="bbox 2022 2336 3634 2414">
    <p class='ocr_par' dir='ltr' id='par_1_58' title="bbox 2022 2336 3634 2414">
     <span class='ocr_line' id='line_1_59' title="bbox 2022 2336 3634 2414; baseline -0.006 -12"><span class='ocrx_word' id='word_1_375' title='bbox 2022 2361 2143 2402; x_wconf 87' lang='lat' dir='ltr'><strong>rum</strong></span> <span class='ocrx_word' id='word_1_376' title='bbox 2184 2343 2480 2414; x_wconf 81' lang='lat' dir='ltr'><strong>Martyrum</strong></span> <span class='ocrx_word' id='word_1_377' title='bbox 2525 2339 2943 2405; x_wconf 85' lang='lat' dir='ltr'><strong>Africanarum,</strong></span> <span class='ocrx_word' id='word_1_378' title='bbox 2994 2337 3064 2393; x_wconf 89' lang='lat' dir='ltr'><strong>ad</strong></span> <span class='ocrx_word' id='word_1_379' title='bbox 3093 2352 3158 2393; x_wconf 92' lang='lat' dir='ltr'><strong>ea</strong></span> <span class='ocrx_word' id='word_1_380' title='bbox 3203 2336 3405 2409; x_wconf 82' lang='lat' dir='ltr'><strong>duplex</strong></span> <span class='ocrx_word' id='word_1_381' title='bbox 3449 2350 3634 2392; x_wconf 89' lang='lat' dir='ltr'><strong>assur-</strong></span> 
     </span>
    </p>
   </div>
   <div class='ocr_carea' id='block_1_59' title="bbox 2021 2434 3632 2511">
    <p class='ocr_par' dir='ltr' id='par_1_59' title="bbox 2021 2434 3632 2511">
     <span class='ocr_line' id='line_1_60' title="bbox 2021 2434 3632 2511; baseline -0.007 -17"><span class='ocrx_word' id='word_1_382' title='bbox 2021 2438 2135 2511; x_wconf 89' lang='lat' dir='ltr'><strong>git,</strong></span> <span class='ocrx_word' id='word_1_383' title='bbox 2186 2436 2261 2492; x_wconf 89' lang='lat' dir='ltr'><strong>uti</strong></span> <span class='ocrx_word' id='word_1_384' title='bbox 2293 2434 2610 2506; x_wconf 89' lang='lat' dir='ltr'><strong>plerumque</strong></span> <span class='ocrx_word' id='word_1_385' title='bbox 2634 2472 2650 2499; x_wconf 89' lang='lat'><strong>,</strong></span> <span class='ocrx_word' id='word_1_386' title='bbox 2696 2438 3182 2486; x_wconf 89' lang='lat' dir='ltr'><strong>commentatorum</strong></span> <span class='ocrx_word' id='word_1_387' title='bbox 3209 2442 3275 2483; x_wconf 88' lang='lat' dir='ltr'><strong>ac</strong></span> <span class='ocrx_word' id='word_1_388' title='bbox 3299 2436 3632 2484; x_wconf 89' lang='lat' dir='ltr'><strong>commenta-</strong></span> 
     </span>
    </p>
   </div>
   <div class='ocr_carea' id='block_1_60' title="bbox 2026 2520 3635 2601">
    <p class='ocr_par' dir='ltr' id='par_1_60' title="bbox 2026 2520 3635 2601">
     <span class='ocr_line' id='line_1_61' title="bbox 2026 2520 3635 2601; baseline -0.008 -12"><span class='ocrx_word' id='word_1_389' title='bbox 2026 2534 2231 2589; x_wconf 91' lang='lat' dir='ltr'><strong>tionum</strong></span> <span class='ocrx_word' id='word_1_390' title='bbox 2257 2544 2429 2601; x_wconf 84' lang='lat' dir='ltr'><strong>genus</strong></span> <span class='ocrx_word' id='word_1_391' title='bbox 2459 2546 2472 2582; x_wconf 92' lang='lat'>:</span> <span class='ocrx_word' id='word_1_392' title='bbox 2504 2525 2652 2583; x_wconf 89' lang='lat' dir='ltr'><strong>aliud</strong></span> <span class='ocrx_word' id='word_1_393' title='bbox 2700 2524 2957 2591; x_wconf 90' lang='lat' dir='ltr'><strong>litterale,</strong></span> <span class='ocrx_word' id='word_1_394' title='bbox 2989 2536 3187 2594; x_wconf 90' lang='lat' dir='ltr'><strong>nempe</strong></span> <span class='ocrx_word' id='word_1_395' title='bbox 3218 2521 3281 2576; x_wconf 89' lang='lat' dir='ltr'><strong>D.</strong></span> <span class='ocrx_word' id='word_1_396' title='bbox 3310 2520 3635 2579; x_wconf 86' lang='lat' dir='ltr'><strong>Theoderici</strong></span> 
     </span>
    </p>
   </div>
   <div class='ocr_carea' id='block_1_61' title="bbox 2025 2614 3634 2688">
    <p class='ocr_par' dir='ltr' id='par_1_61' title="bbox 2025 2614 3634 2688">
     <span class='ocr_line' id='line_1_62' title="bbox 2025 2614 3634 2688; baseline -0.007 -7"><span class='ocrx_word' id='word_1_397' title='bbox 2025 2623 2313 2688; x_wconf 82' lang='lat' dir='ltr'><strong>Ruinartii,</strong></span> <span class='ocrx_word' id='word_1_398' title='bbox 2342 2622 2504 2677; x_wconf 68' lang='lat' dir='ltr'><strong>Lucae</strong></span> <span class='ocrx_word' id='word_1_399' title='bbox 2551 2617 2817 2675; x_wconf 86' lang='lat' dir='ltr'><strong>Holstenii</strong></span> <span class='ocrx_word' id='word_1_400' title='bbox 2845 2628 2901 2673; x_wconf 91' lang='lat' dir='ltr'><strong>et</strong></span> <span class='ocrx_word' id='word_1_401' title='bbox 2926 2616 2988 2672; x_wconf 88' lang='lat' dir='ltr'><strong>P.</strong></span> <span class='ocrx_word' id='word_1_402' title='bbox 3012 2615 3225 2672; x_wconf 89' lang='lat' dir='ltr'><strong>Possini</strong></span> <span class='ocrx_word' id='word_1_403' title='bbox 3243 2654 3260 2682; x_wconf 96' lang='lat'><strong>,</strong></span> <span class='ocrx_word' id='word_1_404' title='bbox 3290 2616 3379 2685; x_wconf 88' lang='lat' dir='ltr'><strong>qui</strong></span> <span class='ocrx_word' id='word_1_405' title='bbox 3428 2614 3634 2683; x_wconf 90' lang='lat' dir='ltr'><strong>ipsum-</strong></span> 
     </span>
    </p>
   </div>
   <div class='ocr_carea' id='block_1_62' title="bbox 2025 2706 3632 2781">
    <p class='ocr_par' dir='ltr' id='par_1_62' title="bbox 2025 2706 3632 2781">
     <span class='ocr_line' id='line_1_63' title="bbox 2025 2706 3632 2781; baseline -0.009 -4"><span class='ocrx_word' id='word_1_406' title='bbox 2025 2728 2138 2781; x_wconf 89' lang='lat' dir='ltr'><strong>met</strong></span> <span class='ocrx_word' id='word_1_407' title='bbox 2164 2721 2420 2774; x_wconf 81' lang='lat' dir='ltr'><strong>Actorum</strong></span> <span class='ocrx_word' id='word_1_408' title='bbox 2454 2723 2660 2770; x_wconf 84' lang='lat' dir='ltr'><strong>textum</strong></span> <span class='ocrx_word' id='word_1_409' title='bbox 2688 2711 2755 2767; x_wconf 92' lang='lat' dir='ltr'><strong>de</strong></span> <span class='ocrx_word' id='word_1_410' title='bbox 2783 2710 2951 2766; x_wconf 89' lang='lat' dir='ltr'><strong>verbo</strong></span> <span class='ocrx_word' id='word_1_411' title='bbox 2978 2709 3044 2766; x_wconf 90' lang='lat' dir='ltr'><strong>ad</strong></span> <span class='ocrx_word' id='word_1_412' title='bbox 3075 2707 3301 2765; x_wconf 88' lang='lat' dir='ltr'><strong>verbum</strong></span> <span class='ocrx_word' id='word_1_413' title='bbox 3333 2706 3632 2774; x_wconf 83' lang='lat' dir='ltr'><strong>elucidant.</strong></span> 
     </span>
    </p>
   </div>
   <div class='ocr_carea' id='block_1_63' title="bbox 2027 2801 3637 2879">
    <p class='ocr_par' dir='ltr' id='par_1_63' title="bbox 2027 2801 3637 2879">
     <span class='ocr_line' id='line_1_64' title="bbox 2027 2801 3637 2879; baseline -0.008 -8"><span class='ocrx_word' id='word_1_414' title='bbox 2027 2812 2318 2872; x_wconf 88' lang='lat' dir='ltr'><strong>emendant</strong></span> <span class='ocrx_word' id='word_1_415' title='bbox 2357 2811 2785 2879; x_wconf 85' lang='lat' dir='ltr'><strong>conlirmantque</strong></span> <span class='ocrx_word' id='word_1_416' title='bbox 2806 2848 2822 2873; x_wconf 88' lang='lat'><strong>,</strong></span> <span class='ocrx_word' id='word_1_417' title='bbox 2869 2804 3015 2861; x_wconf 87' lang='lat' dir='ltr'><strong>aliud</strong></span> <span class='ocrx_word' id='word_1_418' title='bbox 3050 2801 3409 2861; x_wconf 86' lang='lat' dir='ltr'><strong>discursivum</strong></span> <span class='ocrx_word' id='word_1_419' title='bbox 3435 2842 3451 2870; x_wconf 93' lang='lat'><strong>,</strong></span> <span class='ocrx_word' id='word_1_420' title='bbox 3484 2812 3543 2858; x_wconf 90' lang='lat' dir='ltr'><strong>ut</strong></span> <span class='ocrx_word' id='word_1_421' title='bbox 3574 2802 3637 2858; x_wconf 87' lang='lat' dir='ltr'><strong>fit</strong></span> 
     </span>
    </p>
   </div>
   <div class='ocr_carea' id='block_1_64' title="bbox 2028 2894 3637 2978">
    <p class='ocr_par' dir='ltr' id='par_1_64' title="bbox 2028 2894 3637 2978">
     <span class='ocr_line' id='line_1_65' title="bbox 2028 2894 3637 2978; baseline -0.007 -14"><span class='ocrx_word' id='word_1_422' title='bbox 2028 2906 2354 2978; x_wconf 89' lang='lat' dir='ltr'><strong>Basnagium</strong></span> <span class='ocrx_word' id='word_1_423' title='bbox 2386 2905 2526 2959; x_wconf 88' lang='lat' dir='ltr'><strong>inter</strong></span> <span class='ocrx_word' id='word_1_424' title='bbox 2566 2911 2622 2958; x_wconf 91' lang='lat' dir='ltr'><strong>et</strong></span> <span class='ocrx_word' id='word_1_425' title='bbox 2656 2899 3144 2957; x_wconf 89' lang='lat' dir='ltr'><strong>eminentissimum</strong></span> <span class='ocrx_word' id='word_1_426' title='bbox 3185 2897 3243 2953; x_wconf 90' lang='lat' dir='ltr'><strong>S.</strong></span> <span class='ocrx_word' id='word_1_427' title='bbox 3270 2896 3337 2952; x_wconf 72' lang='lat' dir='ltr'><strong>Ii.</strong></span> <span class='ocrx_word' id='word_1_428' title='bbox 3369 2896 3431 2951; x_wconf 87' lang='lat' dir='ltr'><strong>E.</strong></span> <span class='ocrx_word' id='word_1_429' title='bbox 3456 2894 3637 2952; x_wconf 85' lang='lat' dir='ltr'><strong>cardi-</strong></span> 
     </span>
    </p>
   </div>
   <div class='ocr_carea' id='block_1_65' title="bbox 2029 2988 3637 3065">
    <p class='ocr_par' dir='ltr' id='par_1_65' title="bbox 2029 2988 3637 3065">
     <span class='ocr_line' id='line_1_66' title="bbox 2029 2988 3637 3065; baseline -0.009 -8"><span class='ocrx_word' id='word_1_430' title='bbox 2029 3002 2207 3058; x_wconf 91' lang='lat' dir='ltr'><strong>nalem</strong></span> <span class='ocrx_word' id='word_1_431' title='bbox 2224 2999 2369 3065; x_wconf 86' lang='lat' dir='ltr'><strong>Orsi,</strong></span> <span class='ocrx_word' id='word_1_432' title='bbox 2383 2998 2452 3053; x_wconf 89' lang='lat' dir='ltr'><strong>tle</strong></span> <span class='ocrx_word' id='word_1_433' title='bbox 2473 3003 2783 3052; x_wconf 86' lang='lat' dir='ltr'><strong>sanctarum</strong></span> <span class='ocrx_word' id='word_1_434' title='bbox 2804 2992 3095 3065; x_wconf 89' lang='lat' dir='ltr'><strong>Martyrum</strong></span> <span class='ocrx_word' id='word_1_435' title='bbox 3113 2989 3433 3048; x_wconf 85' lang='lat' dir='ltr'><strong>orthodoxia</strong></span> <span class='ocrx_word' id='word_1_436' title='bbox 3446 2988 3637 3059; x_wconf 88' lang='lat' dir='ltr'><strong>dispu—</strong></span> 
     </span>
    </p>
   </div>
   <div class='ocr_carea' id='block_1_66' title="bbox 2031 3079 3636 3158">
    <p class='ocr_par' dir='ltr' id='par_1_66' title="bbox 2031 3079 3636 3158">
     <span class='ocr_line' id='line_1_67' title="bbox 2031 3079 3636 3158; baseline -0.009 -10"><span class='ocrx_word' id='word_1_437' title='bbox 2031 3100 2207 3148; x_wconf 88' lang='lat' dir='ltr'><strong>tantes</strong></span> <span class='ocrx_word' id='word_1_438' title='bbox 2230 3133 2245 3158; x_wconf 90' lang='lat'><strong>,</strong></span> <span class='ocrx_word' id='word_1_439' title='bbox 2293 3104 2397 3145; x_wconf 90' lang='lat' dir='ltr'><strong>nec</strong></span> <span class='ocrx_word' id='word_1_440' title='bbox 2430 3088 2596 3144; x_wconf 90' lang='lat' dir='ltr'><strong>dubio</strong></span> <span class='ocrx_word' id='word_1_441' title='bbox 2628 3099 2851 3157; x_wconf 88' lang='lat' dir='ltr'><strong>prorsus</strong></span> <span class='ocrx_word' id='word_1_442' title='bbox 2889 3082 3187 3139; x_wconf 88' lang='lat' dir='ltr'><strong>certamine</strong></span> <span class='ocrx_word' id='word_1_443' title='bbox 3218 3099 3230 3134; x_wconf 90' lang='lat'><strong>:</strong></span> <span class='ocrx_word' id='word_1_444' title='bbox 3259 3079 3636 3136; x_wconf 86' lang='lat' dir='ltr'><strong>tantummodo</strong></span> 
     </span>
    </p>
   </div>
   <div class='ocr_carea' id='block_1_67' title="bbox 2029 3173 3638 3253">
    <p class='ocr_par' dir='ltr' id='par_1_67' title="bbox 2029 3173 3638 3253">
     <span class='ocr_line' id='line_1_68' title="bbox 2029 3173 3638 3253; baseline -0.007 -13"><span class='ocrx_word' id='word_1_445' title='bbox 2029 3183 2325 3240; x_wconf 88' lang='lat' dir='ltr'><strong>dolendum</strong></span> <span class='ocrx_word' id='word_1_446' title='bbox 2356 3180 2499 3253; x_wconf 91' lang='lat' dir='ltr'><strong>quod</strong></span> <span class='ocrx_word' id='word_1_447' title='bbox 2523 3177 2985 3236; x_wconf 88' lang='lat' dir='ltr'><strong>eminentissimus</strong></span> <span class='ocrx_word' id='word_1_448' title='bbox 3006 3184 3309 3232; x_wconf 86' lang='lat' dir='ltr'><strong>sanctarum</strong></span> <span class='ocrx_word' id='word_1_449' title='bbox 3340 3173 3638 3247; x_wconf 76' lang='lat' dir='ltr'><strong>Martyrum</strong></span> 
     </span>
    </p>
   </div>
   <div class='ocr_carea' id='block_1_68' title="bbox 2031 3266 3638 3343">
    <p class='ocr_par' dir='ltr' id='par_1_68' title="bbox 2031 3266 3638 3343">
     <span class='ocr_line' id='line_1_69' title="bbox 2031 3266 3638 3343; baseline -0.009 -8"><span class='ocrx_word' id='word_1_450' title='bbox 2031 3277 2305 3343; x_wconf 87' lang='lat' dir='ltr'><strong>defensor,</strong></span> <span class='ocrx_word' id='word_1_451' title='bbox 2338 3289 2461 3329; x_wconf 92' lang='lat' dir='ltr'><strong>cum</strong></span> <span class='ocrx_word' id='word_1_452' title='bbox 2491 3272 2687 3328; x_wconf 87' lang='lat' dir='ltr'><strong>invicte</strong></span> <span class='ocrx_word' id='word_1_453' title='bbox 2714 3285 2901 3327; x_wconf 89' lang='lat' dir='ltr'><strong>earum</strong></span> <span class='ocrx_word' id='word_1_454' title='bbox 2935 3267 3096 3325; x_wconf 89' lang='lat' dir='ltr'><strong>fidem</strong></span> <span class='ocrx_word' id='word_1_455' title='bbox 3126 3266 3518 3334; x_wconf 82' lang='lat' dir='ltr'><strong>vindicaverit,</strong></span> <span class='ocrx_word' id='word_1_456' title='bbox 3553 3274 3638 3321; x_wconf 86' lang='lat' dir='ltr'><strong>ta-</strong></span> 
     </span>
    </p>
   </div>
   <div class='ocr_carea' id='block_1_69' title="bbox 2034 3358 3640 3428">
    <p class='ocr_par' dir='ltr' id='par_1_69' title="bbox 2034 3358 3640 3428">
     <span class='ocr_line' id='line_1_70' title="bbox 2034 3358 3640 3428; baseline -0.007 0"><span class='ocrx_word' id='word_1_457' title='bbox 2034 3386 2160 3428; x_wconf 90' lang='lat' dir='ltr'><strong>men</strong></span> <span class='ocrx_word' id='word_1_458' title='bbox 2195 3367 2574 3425; x_wconf 86' lang='lat' dir='ltr'><strong>Montanistam</strong></span> <span class='ocrx_word' id='word_1_459' title='bbox 2612 3378 2737 3420; x_wconf 89' lang='lat' dir='ltr'><strong>esse</strong></span> <span class='ocrx_word' id='word_1_460' title='bbox 2774 3363 2965 3419; x_wconf 89' lang='lat' dir='ltr'><strong>horum</strong></span> <span class='ocrx_word' id='word_1_461' title='bbox 3005 3369 3249 3418; x_wconf 88' lang='lat' dir='ltr'><strong>actorum</strong></span> <span class='ocrx_word' id='word_1_462' title='bbox 3295 3358 3640 3417; x_wconf 83' lang='lat' dir='ltr'><strong>consarcina-</strong></span> 
     </span>
    </p>
   </div>
   <div class='ocr_carea' id='block_1_70' title="bbox 2033 3452 3642 3519">
    <p class='ocr_par' dir='ltr' id='par_1_70' title="bbox 2033 3452 3642 3519">
     <span class='ocr_line' id='line_1_71' title="bbox 2033 3452 3642 3519; baseline -0.008 0"><span class='ocrx_word' id='word_1_463' title='bbox 2033 3471 2206 3519; x_wconf 92' lang='lat' dir='ltr'><strong>torem</strong></span> <span class='ocrx_word' id='word_1_464' title='bbox 2226 3458 2580 3517; x_wconf 90' lang='lat' dir='ltr'><strong>concesserit.</strong></span> <span class='ocrx_word' id='word_1_465' title='bbox 2611 3456 2745 3512; x_wconf 88' lang='lat' dir='ltr'><strong>lluic</strong></span> <span class='ocrx_word' id='word_1_466' title='bbox 2772 3467 2953 3511; x_wconf 91' lang='lat' dir='ltr'><strong>autem</strong></span> <span class='ocrx_word' id='word_1_467' title='bbox 2979 3452 3264 3510; x_wconf 70' lang='lat' dir='ltr'><strong>sementim</strong></span> <span class='ocrx_word' id='word_1_468' title='bbox 3296 3452 3490 3507; x_wconf 89' lang='lat' dir='ltr'><strong>merito</strong></span> <span class='ocrx_word' id='word_1_469' title='bbox 3518 3464 3642 3508; x_wconf 86' lang='lat' dir='ltr'><strong>cer-</strong></span> 
     </span>
    </p>
   </div>
   <div class='ocr_carea' id='block_1_71' title="bbox 2034 3544 3643 3624">
    <p class='ocr_par' dir='ltr' id='par_1_71' title="bbox 2034 3544 3643 3624">
     <span class='ocr_line' id='line_1_72' title="bbox 2034 3544 3643 3624; baseline -0.008 -11"><span class='ocrx_word' id='word_1_470' title='bbox 2034 3558 2184 3612; x_wconf 90' lang='lat' dir='ltr'><strong>tatim</strong></span> <span class='ocrx_word' id='word_1_471' title='bbox 2214 3554 2552 3624; x_wconf 77' lang='lat' dir='ltr'><strong>refragantur</strong></span> <span class='ocrx_word' id='word_1_472' title='bbox 2581 3550 2633 3605; x_wconf 91' lang='lat' dir='ltr'><strong>in</strong></span> <span class='ocrx_word' id='word_1_473' title='bbox 2662 3550 2928 3620; x_wconf 63' lang='lat' dir='ltr'><strong>prooemio</strong></span> <span class='ocrx_word' id='word_1_474' title='bbox 2954 3548 3066 3619; x_wconf 89' lang='lat' dir='ltr'><strong>jam</strong></span> <span class='ocrx_word' id='word_1_475' title='bbox 3114 3546 3365 3602; x_wconf 88' lang='lat' dir='ltr'><strong>laudatus</strong></span> <span class='ocrx_word' id='word_1_476' title='bbox 3409 3544 3643 3600; x_wconf 80' lang='lat' dir='ltr'><strong>Ruinar-</strong></span> 
     </span>
    </p>
   </div>
   <div class='ocr_carea' id='block_1_72' title="bbox 2038 3639 3639 3706">
    <p class='ocr_par' dir='ltr' id='par_1_72' title="bbox 2038 3639 3639 3706">
     <span class='ocr_line' id='line_1_73' title="bbox 2038 3639 3639 3706; baseline -0.007 -1"><span class='ocrx_word' id='word_1_477' title='bbox 2038 3649 2141 3706; x_wconf 92' lang='lat' dir='ltr'><strong>tius</strong></span> <span class='ocrx_word' id='word_1_478' title='bbox 2169 3660 2222 3705; x_wconf 90' lang='lat' dir='ltr'><strong>et</strong></span> <span class='ocrx_word' id='word_1_479' title='bbox 2250 3646 2595 3704; x_wconf 86' lang='lat' dir='ltr'><strong>doctissimus</strong></span> <span class='ocrx_word' id='word_1_480' title='bbox 2635 3643 2969 3706; x_wconf 84' lang='lat' dir='ltr'><strong>Gallaudius.</strong></span> <span class='ocrx_word' id='word_1_481' title='bbox 3014 3642 3151 3698; x_wconf 88' lang='lat' dir='ltr'><strong>Hinc</strong></span> <span class='ocrx_word' id='word_1_482' title='bbox 3191 3639 3448 3698; x_wconf 89' lang='lat' dir='ltr'><strong>emendes</strong></span> <span class='ocrx_word' id='word_1_483' title='bbox 3476 3639 3639 3695; x_wconf 83' lang='lat' dir='ltr'><strong>velim</strong></span> 
     </span>
    </p>
   </div>
   <div class='ocr_carea' id='block_1_73' title="bbox 2034 3733 3646 3813">
    <p class='ocr_par' dir='ltr' id='par_1_73' title="bbox 2034 3733 3646 3813">
     <span class='ocr_line' id='line_1_74' title="bbox 2034 3733 3646 3813; baseline -0.004 -15"><span class='ocrx_word' id='word_1_484' title='bbox 2034 3758 2155 3813; x_wconf 62' lang='lat' dir='ltr'><strong>quae</strong></span> <span class='ocrx_word' id='word_1_485' title='bbox 2195 3743 2438 3813; x_wconf 84' lang='lat' dir='ltr'><strong>intomo</strong></span> <span class='ocrx_word' id='word_1_486' title='bbox 2470 3739 2645 3811; x_wconf 90' lang='lat' dir='ltr'><strong>primo</strong></span> <span class='ocrx_word' id='word_1_487' title='bbox 2687 3736 2914 3808; x_wconf 85' lang='lat' dir='ltr'><strong>hujusce</strong></span> <span class='ocrx_word' id='word_1_488' title='bbox 2954 3735 3296 3791; x_wconf 81' lang='lat' dir='ltr'><strong>bibliotheca:</strong></span> <span class='ocrx_word' id='word_1_489' title='bbox 3344 3733 3506 3805; x_wconf 87' lang='lat' dir='ltr'><strong>paulo</strong></span> <span class='ocrx_word' id='word_1_490' title='bbox 3548 3735 3646 3791; x_wconf 86' lang='lat' dir='ltr'><strong>du-</strong></span> 
     </span>
    </p>
   </div>
   <div class='ocr_carea' id='block_1_74' title="bbox 2034 3826 3643 3935">
    <p class='ocr_par' dir='ltr' id='par_1_74' title="bbox 2034 3826 3643 3935">
     <span class='ocr_line' id='line_1_75' title="bbox 2034 3826 3643 3935; baseline -0.004 -46"><span class='ocrx_word' id='word_1_491' title='bbox 2034 3832 2339 3935; x_wconf 48' lang='lat' dir='ltr'><strong>riora.tli§it</strong></span> <span class='ocrx_word' id='word_1_492' title='bbox 2364 3831 2414 3887; x_wconf 72' lang='grc' dir='ltr'><strong>Ι.</strong></span> <span class='ocrx_word' id='word_1_493' title='bbox 2450 3831 2586 3903; x_wconf 87' lang='lat' dir='ltr'><strong>Aug.</strong></span> <span class='ocrx_word' id='word_1_494' title='bbox 2621 3828 2839 3885; x_wconf 86' lang='lat' dir='ltr'><strong>Nossclt</strong></span> <span class='ocrx_word' id='word_1_495' title='bbox 2870 3828 2923 3881; x_wconf 93' lang='lat' dir='ltr'><strong>in</strong></span> <span class='ocrx_word' id='word_1_496' title='bbox 2955 3827 3337 3883; x_wconf 85' lang='lat' dir='ltr'><strong>dissertatione</strong></span> <span class='ocrx_word' id='word_1_497' title='bbox 3361 3868 3376 3893; x_wconf 88' lang='lat'><strong>,</strong></span> <span class='ocrx_word' id='word_1_498' title='bbox 3427 3826 3643 3898; x_wconf 77' lang='lat' dir='ltr'><strong>egregia</strong></span> 
     </span>
    </p>
   </div>
   <div class='ocr_carea' id='block_1_75' title="bbox 2036 3917 3643 3994">
    <p class='ocr_par' dir='ltr' id='par_1_75' title="bbox 2036 3917 3643 3994">
     <span class='ocr_line' id='line_1_76' title="bbox 2036 3917 3643 3994; baseline -0.004 -14"><span class='ocrx_word' id='word_1_499' title='bbox 2036 3918 2252 3981; x_wconf 87' lang='lat' dir='ltr'><strong>aliunde</strong></span> <span class='ocrx_word' id='word_1_500' title='bbox 2270 3917 2331 3979; x_wconf 85' lang='lat' dir='ltr'><strong>&#39;et</strong></span> <span class='ocrx_word' id='word_1_501' title='bbox 2357 3939 2487 3979; x_wconf 85' lang='lat' dir='ltr'><strong>sane</strong></span> <span class='ocrx_word' id='word_1_502' title='bbox 2515 3922 2835 3994; x_wconf 88' lang='lat' dir='ltr'><strong>gravissima</strong></span> <span class='ocrx_word' id='word_1_503' title='bbox 2857 3961 2872 3987; x_wconf 96' lang='lat'><strong>,</strong></span> <span class='ocrx_word' id='word_1_504' title='bbox 2902 3933 3060 3990; x_wconf 88' lang='lat' dir='ltr'><strong>quam</strong></span> <span class='ocrx_word' id='word_1_505' title='bbox 3089 3919 3141 3973; x_wconf 93' lang='lat' dir='ltr'><strong>in</strong></span> <span class='ocrx_word' id='word_1_506' title='bbox 3170 3917 3490 3973; x_wconf 86' lang='lat' dir='ltr'><strong>Tertulliani</strong></span> <span class='ocrx_word' id='word_1_507' title='bbox 3516 3931 3643 3987; x_wconf 92' lang='lat' dir='ltr'><strong>pro-</strong></span> 
     </span>
    </p>
   </div>
   <div class='ocr_carea' id='block_1_76' title="bbox 2038 4015 2705 4089">
    <p class='ocr_par' dir='ltr' id='par_1_76' title="bbox 2038 4015 2705 4089">
     <span class='ocr_line' id='line_1_77' title="bbox 2038 4015 2705 4089; baseline -0.009 -15"><span class='ocrx_word' id='word_1_508' title='bbox 2038 4017 2339 4089; x_wconf 89' lang='lat' dir='ltr'><strong>legomenis</strong></span> <span class='ocrx_word' id='word_1_509' title='bbox 2365 4015 2705 4086; x_wconf 87' lang='lat' dir='ltr'><strong>protulimus.</strong></span> 
     </span>
    </p>
   </div>
   <div class='ocr_carea' id='block_1_77' title="bbox 2109 4101 3643 4163">
    <p class='ocr_par' dir='ltr' id='par_1_77' title="bbox 2109 4101 3643 4163">
     <span class='ocr_line' id='line_1_78' title="bbox 2109 4101 3643 4163; baseline -0.003 -2"><span class='ocrx_word' id='word_1_510' title='bbox 2109 4109 2196 4163; x_wconf 83' lang='lat' dir='ltr'><strong>Vl.</strong></span> <span class='ocrx_word' id='word_1_511' title='bbox 2261 4108 2402 4163; x_wconf 90' lang='lat' dir='ltr'><strong>Inter</strong></span> <span class='ocrx_word' id='word_1_512' title='bbox 2449 4106 2809 4163; x_wconf 85' lang='lat' dir='ltr'><strong>vetustissima</strong></span> <span class='ocrx_word' id='word_1_513' title='bbox 2861 4103 3003 4160; x_wconf 89' lang='lat' dir='ltr'><strong>tertii</strong></span> <span class='ocrx_word' id='word_1_514' title='bbox 3052 4103 3136 4158; x_wconf 89' lang='lat' dir='ltr'><strong>vel</strong></span> <span class='ocrx_word' id='word_1_515' title='bbox 3189 4102 3372 4159; x_wconf 88' lang='lat' dir='ltr'><strong>forsan</strong></span> <span class='ocrx_word' id='word_1_516' title='bbox 3417 4101 3643 4158; x_wconf 88' lang='lat' dir='ltr'><strong>secundi</strong></span> 
     </span>
    </p>
   </div>
   <div class='ocr_carea' id='block_1_78' title="bbox 2035 4194 3646 4267">
    <p class='ocr_par' dir='ltr' id='par_1_78' title="bbox 2035 4194 3646 4267">
     <span class='ocr_line' id='line_1_79' title="bbox 2035 4194 3646 4267; baseline -0.005 -9"><span class='ocrx_word' id='word_1_517' title='bbox 2035 4194 2223 4259; x_wconf 71' lang='lat' dir='ltr'><strong>saeculi</strong></span> <span class='ocrx_word' id='word_1_518' title='bbox 2254 4199 2594 4267; x_wconf 86' lang='lat' dir='ltr'><strong>rudera,&#39;din</strong></span> <span class='ocrx_word' id='word_1_519' title='bbox 2638 4195 2933 4253; x_wconf 90' lang='lat' dir='ltr'><strong>admodum</strong></span> <span class='ocrx_word' id='word_1_520' title='bbox 2975 4195 3188 4251; x_wconf 86' lang='lat' dir='ltr'><strong>delituit</strong></span> <span class='ocrx_word' id='word_1_521' title='bbox 3224 4194 3494 4267; x_wconf 80' lang='lat' dir='ltr'><strong>quoddam</strong></span> <span class='ocrx_word' id='word_1_522' title='bbox 3535 4209 3646 4250; x_wconf 86' lang='lat' dir='ltr'><strong>nou</strong></span> 
     </span>
    </p>
   </div>
   <div class='ocr_carea' id='block_1_79' title="bbox 2037 4287 3646 4364">
    <p class='ocr_par' dir='ltr' id='par_1_79' title="bbox 2037 4287 3646 4364">
     <span class='ocr_line' id='line_1_80' title="bbox 2037 4287 3646 4364; baseline -0.005 -14"><span class='ocrx_word' id='word_1_523' title='bbox 2037 4293 2238 4351; x_wconf 90' lang='lat' dir='ltr'><strong>nullius</strong></span> <span class='ocrx_word' id='word_1_524' title='bbox 2268 4292 2425 4364; x_wconf 89' lang='lat' dir='ltr'><strong>pretii</strong></span> <span class='ocrx_word' id='word_1_525' title='bbox 2454 4292 2812 4361; x_wconf 85' lang='lat' dir='ltr'><strong>fragmentum</strong></span> <span class='ocrx_word' id='word_1_526' title='bbox 2844 4287 3164 4359; x_wconf 88' lang='lat' dir='ltr'><strong>acephalum</strong></span> <span class='ocrx_word' id='word_1_527' title='bbox 3203 4287 3273 4343; x_wconf 90' lang='lat' dir='ltr'><strong>de</strong></span> <span class='ocrx_word' id='word_1_528' title='bbox 3302 4287 3522 4343; x_wconf 89' lang='lat' dir='ltr'><strong>Canone</strong></span> <span class='ocrx_word' id='word_1_529' title='bbox 3556 4300 3646 4342; x_wconf 83' lang='lat' dir='ltr'><strong>sa—</strong></span> 
     </span>
    </p>
   </div>
   <div class='ocr_carea' id='block_1_80' title="bbox 2038 4380 3647 4457">
    <p class='ocr_par' dir='ltr' id='par_1_80' title="bbox 2038 4380 3647 4457">
     <span class='ocr_line' id='line_1_81' title="bbox 2038 4380 3647 4457; baseline -0.006 -13"><span class='ocrx_word' id='word_1_530' title='bbox 2038 4403 2253 4446; x_wconf 86' lang='lat' dir='ltr'><strong>crarum</strong></span> <span class='ocrx_word' id='word_1_531' title='bbox 2299 4386 2740 4457; x_wconf 83' lang='lat' dir='ltr'><strong>Scripturarum;</strong></span> <span class='ocrx_word' id='word_1_532' title='bbox 2785 4381 3189 4454; x_wconf 86' lang='lat' dir='ltr'><strong>quod-tandem</strong></span> <span class='ocrx_word' id='word_1_533' title='bbox 3232 4380 3411 4437; x_wconf 89' lang='lat' dir='ltr'><strong>medio</strong></span> <span class='ocrx_word' id='word_1_534' title='bbox 3455 4380 3647 4435; x_wconf 90' lang='lat' dir='ltr'><strong>ultimo</strong></span> 
     </span>
    </p>
   </div>
   <div class='ocr_carea' id='block_1_81' title="bbox 2048 4471 3646 4549">
    <p class='ocr_par' dir='ltr' id='par_1_81' title="bbox 2048 4471 3646 4549">
     <span class='ocr_line' id='line_1_82' title="bbox 2048 4471 3646 4549; baseline -0.006 -12"><span class='ocrx_word' id='word_1_535' title='bbox 2048 4481 2258 4537; x_wconf 73' lang='lat' dir='ltr'><strong>smculo</strong></span> <span class='ocrx_word' id='word_1_536' title='bbox 2283 4479 2486 4549; x_wconf 87' lang='lat' dir='ltr'><strong>primus</strong></span> <span class='ocrx_word' id='word_1_537' title='bbox 2517 4477 2659 4533; x_wconf 89' lang='lat' dir='ltr'><strong>eruit</strong></span> <span class='ocrx_word' id='word_1_538' title='bbox 2700 4475 2772 4531; x_wconf 91' lang='lat' dir='ltr'><strong>el.</strong></span> <span class='ocrx_word' id='word_1_539' title='bbox 2813 4476 2896 4530; x_wconf 88' lang='lat' dir='ltr'><strong>vir</strong></span> <span class='ocrx_word' id='word_1_540' title='bbox 2943 4473 3266 4529; x_wconf 88' lang='lat' dir='ltr'><strong>Muratorins</strong></span> <span class='ocrx_word' id='word_1_541' title='bbox 3292 4490 3305 4527; x_wconf 88' lang='lat'><strong>:</strong></span> <span class='ocrx_word' id='word_1_542' title='bbox 3334 4471 3496 4544; x_wconf 90' lang='lat' dir='ltr'><strong>idque</strong></span> <span class='ocrx_word' id='word_1_543' title='bbox 3538 4472 3646 4529; x_wconf 80' lang='lat' dir='ltr'><strong>ite-</strong></span> 
     </span>
    </p>
   </div>
   <div class='ocr_carea' id='block_1_82' title="bbox 2043 4562 3649 4637">
    <p class='ocr_par' dir='ltr' id='par_1_82' title="bbox 2043 4562 3649 4637">
     <span class='ocr_line' id='line_1_83' title="bbox 2043 4562 3649 4637; baseline -0.006 -8"><span class='ocrx_word' id='word_1_544' title='bbox 2043 4589 2165 4630; x_wconf 89' lang='lat' dir='ltr'><strong>rum</strong></span> <span class='ocrx_word' id='word_1_545' title='bbox 2205 4586 2327 4629; x_wconf 90' lang='lat' dir='ltr'><strong>cnm</strong></span> <span class='ocrx_word' id='word_1_546' title='bbox 2368 4568 2670 4626; x_wconf 89' lang='lat' dir='ltr'><strong>innumeris</strong></span> <span class='ocrx_word' id='word_1_547' title='bbox 2704 4566 2804 4623; x_wconf 80' lang='lat' dir='ltr'><strong>:evi</strong></span> <span class='ocrx_word' id='word_1_548' title='bbox 2836 4567 2994 4637; x_wconf 86' lang='lat' dir='ltr'><strong>longe</strong></span> <span class='ocrx_word' id='word_1_549' title='bbox 3024 4564 3291 4635; x_wconf 86' lang='lat' dir='ltr'><strong>sequioris</strong></span> <span class='ocrx_word' id='word_1_550' title='bbox 3329 4579 3391 4620; x_wconf 92' lang='lat' dir='ltr'><strong>ac</strong></span> <span class='ocrx_word' id='word_1_551' title='bbox 3425 4562 3649 4620; x_wconf 90' lang='lat' dir='ltr'><strong>omnino</strong></span> 
     </span>
    </p>
   </div>
   <div class='ocr_carea' id='block_1_83' title="bbox 2044 4654 3651 4736">
    <p class='ocr_par' dir='ltr' id='par_1_83' title="bbox 2044 4654 3651 4736">
     <span class='ocr_line' id='line_1_84' title="bbox 2044 4654 3651 4736; baseline -0.005 -17"><span class='ocrx_word' id='word_1_552' title='bbox 2044 4664 2347 4736; x_wconf 87' lang='lat' dir='ltr'><strong>disparibus</strong></span> <span class='ocrx_word' id='word_1_553' title='bbox 2378 4659 2764 4723; x_wconf 87' lang='lat' dir='ltr'><strong>monumentis,</strong></span> <span class='ocrx_word' id='word_1_554' title='bbox 2798 4659 2851 4715; x_wconf 91' lang='lat' dir='ltr'><strong>in</strong></span> <span class='ocrx_word' id='word_1_555' title='bbox 2880 4658 2984 4714; x_wconf 86' lang='lat' dir='ltr'><strong>hac</strong></span> <span class='ocrx_word' id='word_1_556' title='bbox 3008 4656 3151 4713; x_wconf 87' lang='lat' dir='ltr'><strong>mole</strong></span> <span class='ocrx_word' id='word_1_557' title='bbox 3191 4670 3386 4725; x_wconf 84' lang='lat' dir='ltr'><strong>magna</strong></span> <span class='ocrx_word' id='word_1_558' title='bbox 3433 4654 3651 4711; x_wconf 83' lang='lat' dir='ltr'><strong>Italica-</strong></span> 
     </span>
    </p>
   </div>
   <div class='ocr_carea' id='block_1_84' title="bbox 2044 4747 3652 4847">
    <p class='ocr_par' dir='ltr' id='par_1_84' title="bbox 2044 4747 3652 4847">
     <span class='ocr_line' id='line_1_85' title="bbox 2044 4747 3652 4847; baseline -0.006 -32"><span class='ocrx_word' id='word_1_559' title='bbox 2044 4775 2164 4815; x_wconf 89' lang='lat' dir='ltr'><strong>rum</strong></span> <span class='ocrx_word' id='word_1_560' title='bbox 2197 4755 2499 4847; x_wconf 43' lang='lat' dir='ltr'><strong>tuedii‘aevi</strong></span> <span class='ocrx_word' id='word_1_561' title='bbox 2528 4753 2927 4825; x_wconf 76' lang='lat' dir='ltr'><strong>Antiquitatum</strong></span> <span class='ocrx_word' id='word_1_562' title='bbox 2973 4752 3122 4807; x_wconf 89' lang='lat' dir='ltr'><strong>visus</strong></span> <span class='ocrx_word' id='word_1_563' title='bbox 3156 4757 3240 4806; x_wconf 87' lang='lat' dir='ltr'><strong>est</strong></span> <span class='ocrx_word' id='word_1_564' title='bbox 3276 4747 3652 4814; x_wconf 87' lang='lat' dir='ltr'><strong>abscondisse.</strong></span> 
     </span>
    </p>
   </div>
   <div class='ocr_carea' id='block_1_85' title="bbox 2046 4844 3651 4923">
    <p class='ocr_par' dir='ltr' id='par_1_85' title="bbox 2046 4844 3651 4923">
     <span class='ocr_line' id='line_1_86' title="bbox 2046 4844 3651 4923; baseline -0.005 -15"><span class='ocrx_word' id='word_1_565' title='bbox 2046 4852 2351 4923; x_wconf 88' lang='lat' dir='ltr'><strong>iterumque</strong></span> <span class='ocrx_word' id='word_1_566' title='bbox 2373 4844 2653 4922; x_wconf 84' lang='lat' dir='ltr'><strong>sepelisse.</strong></span> <span class='ocrx_word' id='word_1_567' title='bbox 2675 4848 2788 4904; x_wconf 81' lang='lat' dir='ltr'><strong>Hoc</strong></span> <span class='ocrx_word' id='word_1_568' title='bbox 2816 4862 2943 4904; x_wconf 89' lang='lat' dir='ltr'><strong>vero</strong></span> <span class='ocrx_word' id='word_1_569' title='bbox 2965 4844 3305 4916; x_wconf 83' lang='lat' dir='ltr'><strong>Opuseulum,</strong></span> <span class='ocrx_word' id='word_1_570' title='bbox 3327 4844 3450 4899; x_wconf 86' lang='lat' dir='ltr'><strong>licet</strong></span> <span class='ocrx_word' id='word_1_571' title='bbox 3472 4844 3651 4914; x_wconf 87' lang='lat' dir='ltr'><strong>capite</strong></span> 
     </span>
    </p>
   </div>
   <div class='ocr_carea' id='block_1_86' title="bbox 2048 4936 3648 5015">
    <p class='ocr_par' dir='ltr' id='par_1_86' title="bbox 2048 4936 3648 5015">
     <span class='ocr_line' id='line_1_87' title="bbox 2048 4936 3648 5015; baseline -0.003 -16"><span class='ocrx_word' id='word_1_572' title='bbox 2048 4946 2334 5009; x_wconf 86' lang='lat' dir='ltr'><strong>minutum,</strong></span> <span class='ocrx_word' id='word_1_573' title='bbox 2365 4944 2548 5015; x_wconf 89' lang='lat' dir='ltr'><strong>ignoto</strong></span> <span class='ocrx_word' id='word_1_574' title='bbox 2580 4951 2731 5013; x_wconf 89' lang='lat' dir='ltr'><strong>patre</strong></span> <span class='ocrx_word' id='word_1_575' title='bbox 2759 4952 2963 5006; x_wconf 89' lang='lat' dir='ltr'><strong>natum,</strong></span> <span class='ocrx_word' id='word_1_576' title='bbox 2996 4939 3203 4996; x_wconf 88' lang='lat' dir='ltr'><strong>incerta</strong></span> <span class='ocrx_word' id='word_1_577' title='bbox 3231 4947 3393 4993; x_wconf 68' lang='lat' dir='ltr'><strong>(etate</strong></span> <span class='ocrx_word' id='word_1_578' title='bbox 3417 4936 3648 5005; x_wconf 85' lang='lat' dir='ltr'><strong>editum.</strong></span> 
     </span>
    </p>
   </div>
   <div class='ocr_carea' id='block_1_87' title="bbox 2049 5032 3654 5105">
    <p class='ocr_par' dir='ltr' id='par_1_87' title="bbox 2049 5032 3654 5105">
     <span class='ocr_line' id='line_1_88' title="bbox 2049 5032 3654 5105; baseline -0.004 -12"><span class='ocrx_word' id='word_1_579' title='bbox 2049 5036 2269 5093; x_wconf 87' lang='lat' dir='ltr'><strong>horrida</strong></span> <span class='ocrx_word' id='word_1_580' title='bbox 2309 5051 2583 5093; x_wconf 79' lang='lat' dir='ltr'><strong>ntevornm</strong></span> <span class='ocrx_word' id='word_1_581' title='bbox 2625 5033 2788 5091; x_wconf 90' lang='lat' dir='ltr'><strong>sorde</strong></span> <span class='ocrx_word' id='word_1_582' title='bbox 2838 5032 3179 5105; x_wconf 87' lang='lat' dir='ltr'><strong>squalidum,</strong></span> <span class='ocrx_word' id='word_1_583' title='bbox 3220 5042 3451 5101; x_wconf 87' lang='lat' dir='ltr'><strong>utraque</strong></span> <span class='ocrx_word' id='word_1_584' title='bbox 3487 5047 3654 5088; x_wconf 88' lang='lat' dir='ltr'><strong>manu</strong></span> 
     </span>
    </p>
   </div>
   <div class='ocr_carea' id='block_1_88' title="bbox 2050 5125 3650 5204">
    <p class='ocr_par' dir='ltr' id='par_1_88' title="bbox 2050 5125 3650 5204">
     <span class='ocr_line' id='line_1_89' title="bbox 2050 5125 3650 5204; baseline -0.004 -16"><span class='ocrx_word' id='word_1_585' title='bbox 2050 5140 2324 5204; x_wconf 85' lang='lat' dir='ltr'><strong>gratanter</strong></span> <span class='ocrx_word' id='word_1_586' title='bbox 2380 5130 2692 5201; x_wconf 84' lang='lat' dir='ltr'><strong>excepimus</strong></span> <span class='ocrx_word' id='word_1_587' title='bbox 2737 5146 2749 5181; x_wconf 90' lang='lat'><strong>:</strong></span> <span class='ocrx_word' id='word_1_588' title='bbox 2800 5125 3108 5183; x_wconf 89' lang='lat' dir='ltr'><strong>nitidiorem</strong></span> <span class='ocrx_word' id='word_1_589' title='bbox 3163 5139 3226 5179; x_wconf 89' lang='lat' dir='ltr'><strong>ac</strong></span> <span class='ocrx_word' id='word_1_590' title='bbox 3289 5125 3650 5182; x_wconf 87' lang='lat' dir='ltr'><strong>recentiorem</strong></span> 
     </span>
    </p>
   </div>
   <div class='ocr_carea' id='block_1_89' title="bbox 2051 5215 3655 5287">
    <p class='ocr_par' dir='ltr' id='par_1_89' title="bbox 2051 5215 3655 5287">
     <span class='ocr_line' id='line_1_90' title="bbox 2051 5215 3655 5287; baseline -0.006 -5"><span class='ocrx_word' id='word_1_591' title='bbox 2051 5225 2174 5283; x_wconf 86' lang='lat' dir='ltr'><strong>Joh.</strong></span> <span class='ocrx_word' id='word_1_592' title='bbox 2204 5224 2523 5280; x_wconf 86' lang='lat' dir='ltr'><strong>Kirchhofer</strong></span> <span class='ocrx_word' id='word_1_593' title='bbox 2550 5220 2921 5278; x_wconf 91' lang='lat' dir='ltr'><strong>recensiouem</strong></span> <span class='ocrx_word' id='word_1_594' title='bbox 2962 5215 3334 5281; x_wconf 80' lang='lat' dir='ltr'><strong>exhibuimus;</strong></span> <span class='ocrx_word' id='word_1_595' title='bbox 3370 5217 3438 5273; x_wconf 91' lang='lat' dir='ltr'><strong>de</strong></span> <span class='ocrx_word' id='word_1_596' title='bbox 3477 5231 3655 5287; x_wconf 83' lang='lat' dir='ltr'><strong>eoque</strong></span> 
     </span>
    </p>
   </div>
   <div class='ocr_carea' id='block_1_90' title="bbox 2054 5308 3657 5384">
    <p class='ocr_par' dir='ltr' id='par_1_90' title="bbox 2054 5308 3657 5384">
     <span class='ocr_line' id='line_1_91' title="bbox 2054 5308 3657 5384; baseline -0.007 -9"><span class='ocrx_word' id='word_1_597' title='bbox 2054 5319 2288 5377; x_wconf 88' lang='lat' dir='ltr'><strong>libenter</strong></span> <span class='ocrx_word' id='word_1_598' title='bbox 2313 5316 2638 5373; x_wconf 78' lang='lat' dir='ltr'><strong>adduximus</strong></span> <span class='ocrx_word' id='word_1_599' title='bbox 2679 5320 2942 5384; x_wconf 90' lang='lat' dir='ltr'><strong>quotquot</strong></span> <span class='ocrx_word' id='word_1_600' title='bbox 2977 5316 3330 5366; x_wconf 89' lang='lat' dir='ltr'><strong>occurrerunt</strong></span> <span class='ocrx_word' id='word_1_601' title='bbox 3378 5308 3657 5365; x_wconf 90' lang='lat' dir='ltr'><strong>disseren-</strong></span> 
     </span>
    </p>
   </div>
   <div class='ocr_carea' id='block_1_91' title="bbox 2057 5398 3657 5480">
    <p class='ocr_par' dir='ltr' id='par_1_91' title="bbox 2057 5398 3657 5480">
     <span class='ocr_line' id='line_1_92' title="bbox 2057 5398 3657 5480; baseline -0.008 -11"><span class='ocrx_word' id='word_1_602' title='bbox 2057 5420 2159 5476; x_wconf 87' lang='lat' dir='ltr'><strong>tes,</strong></span> <span class='ocrx_word' id='word_1_603' title='bbox 2193 5425 2385 5480; x_wconf 88' lang='lat' dir='ltr'><strong>nempe</strong></span> <span class='ocrx_word' id='word_1_604' title='bbox 2416 5408 2507 5462; x_wconf 88' lang='lat' dir='ltr'><strong>Dr.</strong></span> <span class='ocrx_word' id='word_1_605' title='bbox 2540 5404 2896 5469; x_wconf 88' lang='lat' dir='ltr'><strong>Freindaller,</strong></span> <span class='ocrx_word' id='word_1_606' title='bbox 2928 5400 3159 5458; x_wconf 83' lang='lat' dir='ltr'><strong>Herard.</strong></span> <span class='ocrx_word' id='word_1_607' title='bbox 3195 5398 3420 5466; x_wconf 90' lang='lat' dir='ltr'><strong>Stosch,</strong></span> <span class='ocrx_word' id='word_1_608' title='bbox 3445 5415 3509 5455; x_wconf 90' lang='lat' dir='ltr'><strong>ac</strong></span> <span class='ocrx_word' id='word_1_609' title='bbox 3541 5414 3657 5469; x_wconf 75' lang='lat' dir='ltr'><strong>pm</strong></span> 
     </span>
    </p>
   </div>
   <div class='ocr_carea' id='block_1_92' title="bbox 2054 5489 3652 5562">
    <p class='ocr_par' dir='ltr' id='par_1_92' title="bbox 2054 5489 3652 5562">
     <span class='ocr_line' id='line_1_93' title="bbox 2054 5489 3652 5562; baseline -0.01 -3"><span class='ocrx_word' id='word_1_610' title='bbox 2054 5503 2306 5559; x_wconf 81' lang='lat' dir='ltr'><strong>erunibus</strong></span> <span class='ocrx_word' id='word_1_611' title='bbox 2329 5499 2483 5555; x_wconf 88' lang='lat' dir='ltr'><strong>Mart.</strong></span> <span class='ocrx_word' id='word_1_612' title='bbox 2506 5497 2621 5553; x_wconf 86' lang='lat' dir='ltr'><strong>Jos.</strong></span> <span class='ocrx_word' id='word_1_613' title='bbox 2649 5494 2853 5562; x_wconf 78' lang='lat' dir='ltr'><strong>Routh,</strong></span> <span class='ocrx_word' id='word_1_614' title='bbox 2881 5493 3246 5556; x_wconf 88' lang='lat' dir='ltr'><strong>clarissimum</strong></span> <span class='ocrx_word' id='word_1_615' title='bbox 3271 5490 3484 5561; x_wconf 89' lang='lat' dir='ltr'><strong>collegii</strong></span> <span class='ocrx_word' id='word_1_616' title='bbox 3506 5489 3652 5561; x_wconf 82' lang='lat' dir='ltr'><strong>Mag-</strong></span> 
     </span>
    </p>
   </div>
   <div class='ocr_carea' id='block_1_93' title="bbox 2054 5581 3657 5662">
    <p class='ocr_par' dir='ltr' id='par_1_93' title="bbox 2054 5581 3657 5662">
     <span class='ocr_line' id='line_1_94' title="bbox 2054 5581 3657 5662; baseline -0.009 -8"><span class='ocrx_word' id='word_1_617' title='bbox 2054 5598 2283 5662; x_wconf 70' lang='lat' dir='ltr'><strong>dalenw,</strong></span> <span class='ocrx_word' id='word_1_618' title='bbox 2338 5589 2660 5649; x_wconf 78' lang='lat' dir='ltr'><strong>Oxoniensis</strong></span> <span class='ocrx_word' id='word_1_619' title='bbox 2714 5586 2999 5659; x_wconf 63' lang='lat' dir='ltr'><strong>praesidem</strong></span> <span class='ocrx_word' id='word_1_620' title='bbox 3029 5585 3115 5641; x_wconf 92' lang='lat' dir='ltr'><strong>cui</strong></span> <span class='ocrx_word' id='word_1_621' title='bbox 3170 5583 3353 5640; x_wconf 88' lang='lat' dir='ltr'><strong>felices</strong></span> <span class='ocrx_word' id='word_1_622' title='bbox 3408 5581 3657 5652; x_wconf 70' lang='lat' dir='ltr'><strong>plurimae</strong></span> 
     </span>
    </p>
   </div>
   <div class='ocr_carea' id='block_1_94' title="bbox 2055 5673 3657 5753">
    <p class='ocr_par' dir='ltr' id='par_1_94' title="bbox 2055 5673 3657 5753">
     <span class='ocr_line' id='line_1_95' title="bbox 2055 5673 3657 5753; baseline -0.01 -6"><span class='ocrx_word' id='word_1_623' title='bbox 2055 5687 2424 5747; x_wconf 88' lang='lat' dir='ltr'><strong>restitutiones</strong></span> <span class='ocrx_word' id='word_1_624' title='bbox 2470 5699 2535 5740; x_wconf 90' lang='lat' dir='ltr'><strong>ac</strong></span> <span class='ocrx_word' id='word_1_625' title='bbox 2573 5690 2864 5753; x_wconf 88' lang='lat' dir='ltr'><strong>perpetuus</strong></span> <span class='ocrx_word' id='word_1_626' title='bbox 2894 5678 3134 5751; x_wconf 86' lang='lat' dir='ltr'><strong>ejusdem</strong></span> <span class='ocrx_word' id='word_1_627' title='bbox 3171 5673 3477 5747; x_wconf 89' lang='lat' dir='ltr'><strong>argumenti</strong></span> <span class='ocrx_word' id='word_1_628' title='bbox 3504 5688 3657 5732; x_wconf 56' lang='lat' dir='ltr'><strong>com.</strong></span> 
     </span>
    </p>
   </div>
   <div class='ocr_carea' id='block_1_95' title="bbox 2056 5776 2666 5840">
    <p class='ocr_par' dir='ltr' id='par_1_95' title="bbox 2056 5776 2666 5840">
     <span class='ocr_line' id='line_1_96' title="bbox 2056 5776 2666 5840; baseline -0.018 1"><span class='ocrx_word' id='word_1_629' title='bbox 2056 5779 2352 5840; x_wconf 84' lang='lat' dir='ltr'><strong>mentarius</strong></span> <span class='ocrx_word' id='word_1_630' title='bbox 2380 5776 2666 5835; x_wconf 85' lang='lat' dir='ltr'><strong>debentur.</strong></span> 
     </span>
    </p>
   </div>
   <div class='ocr_carea' id='block_1_96' title="bbox 2922 5861 2970 5927">
    <p class='ocr_par' dir='ltr' id='par_1_96' title="bbox 2922 5861 2970 5927">
     <span class='ocr_line' id='line_1_97' title="bbox 2922 5861 2970 5927; baseline 0.021 -1"><span class='ocrx_word' id='word_1_631' title='bbox 2922 5861 2970 5927; x_wconf 87' lang='lat' dir='ltr'><strong>l.</strong></span> 
     </span>
    </p>
   </div>
  </div>
