3982 6310
384 241 416 280 ιι
1812 198 2203 261 ΡΒΑΞῈᾹΤῙΟ.
2496 240 2501 247 .
3602 190 3662 250 iv

361 241 416 281 ιιι
1815 241 1833 261 ι
1858 241 2002 261 luxus
2024 241 2100 260 ιιι
2118 241 2203 259 ιν.
2496 241 2501 247 ι
3603 241 3620 248 ,
3639 241 3655 250 ,

390 289 395 292 ’
436 335 549 391 VII.
590 334 694 401 At,
750 331 804 388 in
860 327 1198 387 excurrendo
1240 323 1458 381 Minucii
1499 320 1697 378 Felicis
1746 320 1970 375 Octavio
2064 317 2359 391 indagatio,
2390 328 2509 388 quae
2540 319 2710 370 totum
2738 306 3256 385 DialogiMinuciani
3282 296 3659 382 argumenttim

362 430 535 499 major
564 440 787 496 campus
815 431 931 491 est;
962 423 1127 479 immo
1157 434 1285 477 vera
1312 416 1576 483 acerrime
1604 414 1957 497 pugnantium

359 521 525 577 acies.
557 518 708 576 Unus
746 526 923 573 tamen
970 525 1147 571 textus
1190 514 1244 568 in
1288 526 1395 577 uno
1443 508 1633 577 codice
1671 514 1958 575 servatus,

362 629 467 669 una
494 610 807 670 certaminis
833 624 1016 665 causa.
1040 607 1146 662 Vix
1171 620 1301 661 vero
1324 602 1586 660 credibile
1613 616 1773 672 quam
1807 599 1960 655 miris

360 704 541 760 modis
585 703 729 759 hunc
772 701 990 759 unicum
1042 707 1246 755 textum
1284 696 1401 753 ausi
1436 696 1543 751 sint
1581 694 1957 765 distorquere,

362 808 492 871 quot
532 799 709 853 varias
748 812 815 855 ex
853 810 961 851 uno
1004 793 1150 853 fonte
1195 791 1458 854 lectiones
1501 786 1803 859 hauserint,
1830 793 1962 859 quot

361 890 554 965 iisdem
588 888 770 951 verbis
798 902 991 949 sensus
1030 885 1266 951 absonos
1303 880 1656 948 intmert'nt,
1685 887 1818 963 quot
1844 877 1959 933 ina-

360 982 525 1039 nibus
552 980 913 1047 commentis,
944 992 1008 1033 ac
1047 975 1259 1032 stolidis
1300 970 1727 1043 conjectionibus
1766 976 1961 1025 cuncta

361 1074 636 1147 susdeque
671 1069 1075 1129 intricaverint!
1101 1066 1265 1124 Nobis
1292 1072 1472 1121 autem
1501 1063 1554 1119 id
1582 1062 1635 1118 in
1667 1060 1851 1133 primis
1881 1060 1961 1114 in-

361 1168 621 1225 cumbere
648 1165 935 1233 duximus,
968 1171 1173 1219 textum
1206 1173 1403 1230 nempe
1426 1159 1573 1214 hune
1606 1156 1861 1220 unicum,
1891 1166 1960 1207 ex

361 1277 509 1319 nova
535 1270 590 1318 et
618 1258 1032 1331 diligentissima
1062 1255 1220 1311 unius
1260 1252 1465 1309 codicis
1502 1249 1854 1313 recensione,
1887 1248 1961 1302 ita

361 1372 558 1429 purum
581 1362 766 1426 putum
788 1343 1080 1417 exhibere;
1099 1356 1159 1406 ut
1185 1346 1318 1403 nihil
1336 1344 1639 1417 adjiciatur,
1661 1339 1797 1397 nihil
1816 1339 1964 1397 aufe-

364 1459 538 1517 ratur,
557 1462 659 1504 nec
680 1447 913 1518 ipsamet
931 1442 1212 1500 manifesta
1232 1437 1640 1497 amanuensium
1662 1433 1964 1507 sphalmate

364 1545 778 1605 omitterentur;
809 1554 875 1596 ac
906 1537 1002 1593 vix
1045 1535 1291 1609 pauculae
1331 1529 1704 1589 tantummodo
1737 1526 1961 1594 vocula,

362 1637 430 1692 ad
474 1650 692 1693 sensum
734 1632 1186 1705 qualemcumque
1225 1625 1606 1692 excitandum,
1661 1622 1719 1678 in
1754 1619 1966 1677 uncinis

365 1731 755 1786 insererentur.
786 1725 1024 1782 Summae
1053 1723 1214 1795 igitur
1260 1718 1505 1792 religioni
1546 1715 1831 1772 habuimus
1869 1726 1965 1768 ve-

363 1839 480 1878 ram
503 1822 634 1879 dare
676 1835 737 1877 ac
762 1819 1052 1892 genuinam
1099 1815 1242 1872 unici
1284 1812 1487 1871 codicis
1527 1809 1759 1882 efﬁgiem
1799 1822 1829 1862 a
1858 1806 1967 1877 pri—

365 1930 536 1971 macva
563 1913 700 1970 facie
727 1913 795 1968 ad
827 1913 1004 1968 vivum
1035 1922 1373 1981 expressam.
1401 1906 1593 1973 Porro,
1613 1903 1785 1975 posita
1807 1900 1969 1971 huius

363 2007 619 2077 palmaris
665 2014 844 2061 textus
898 2001 1232 2065 sinceritate,
1276 2013 1345 2054 ne
1395 1997 1572 2053 dicam
1614 1994 1741 2051 data
1781 2003 1970 2048 rursus

365 2097 618 2154 editionis
648 2095 905 2168 principis
934 2093 1187 2159 veritate,
1215 2088 1417 2161 duplici
1446 2083 1850 2158 explanationis
1873 2097 1987 2153 ge-

365 2206 520 2258 nere,
546 2199 605 2245 ut
630 2188 835 2255 caeteri,
855 2186 1113 2243 Octavius
1142 2182 1448 2247 instruitur,
1477 2178 1800 2248 duobusque
1816 2188 1968 2231 eom-

364 2290 727 2340 mentatorum
780 2280 968 2336 cuneis
1007 2277 1136 2332 hinc
1176 2286 1233 2332 et
1277 2272 1405 2329 inde
1448 2269 1805 2340 constipatur.
1841 2265 1965 2333 Alii,

366 2372 837 2447 grammaticorum
865 2372 1061 2435 instar,
1090 2369 1159 2426 de
1189 2368 1372 2424 littera
1398 2372 1634 2426 certant,
1664 2362 1806 2417 inter
1832 2373 1969 2431 quos

361 2468 586 2525 laudare
626 2467 785 2537 juvat
832 2463 1160 2529 lieraldum,
1201 2458 1567 2522 Wowerium,
1600 2452 1965 2515 Grenovium,

363 2561 692 2628 Grunerum,
714 2556 1201 2621 Elmenhorstium,
1230 2551 1541 2623 Rigaltium,
1563 2547 1966 2613 Heumannum,

367 2653 684 2718 Cellarium,
719 2649 1096 2707 Menckeninm
1120 2691 1135 2716 ,
1158 2647 1433 2703 Davisium
1454 2686 1471 2713 ,
1502 2642 1804 2709 Ouzelium,
1831 2639 1969 2697 Wu-

362 2746 645 2818 pkenium,
677 2745 1030 2811 Lindnerum,
1069 2739 1435 2804 Gallandium,
1468 2736 1787 2799 Meursium,
1818 2734 1972 2790 Peri-

367 2841 614 2908 zonium,
658 2848 764 2895 etc.
816 2837 873 2893 In
916 2838 1238 2893 immensum
1282 2831 1550 2888 crevisset
1596 2827 1764 2885 libelli
1811 2826 1972 2896 hujus

368 2929 812 2996 commentarius,
844 2928 946 2985 nisi
976 2927 1205 2983 fuissent
1246 2925 1437 2982 sedulo
1484 2921 1845 2995 prurientium
1888 2918 1973 2973 in-

366 3032 667 3094 terpretum
701 3021 1044 3092 loquaciores
1073 3018 1261 3089 rejecti
1280 3059 1296 3085 ,
1326 3016 1434 3073 nisi
1463 3016 1687 3071 omissa:
1714 3013 1798 3069 vel
1827 3010 1971 3083 opti-

369 3129 581 3173 morum
648 3114 947 3168 innumera:
994 3120 1167 3176 noue,
1200 3118 1557 3179 netarumque
1584 3103 1973 3178 superefﬂuen-

367 3207 503 3262 tium
545 3206 755 3261 luxuria
797 3204 1055 3260 dissecta.
1102 3203 1197 3260 Sat
1236 3212 1415 3258 tamen
1446 3214 1720 3272 superque
1745 3197 1973 3254 efﬂuunt

366 3300 590 3358 selectae
636 3298 746 3354 illae
798 3298 1075 3370 reliquim,
1132 3307 1187 3352 ut
1241 3295 1367 3352 inde
1419 3310 1515 3366 per
1568 3303 1653 3361 te,
1715 3293 1821 3359 sis,
1874 3306 1970 3346 ex—

367 3394 606 3465 periare,
657 3393 849 3458 lector,
899 3390 1096 3461 quibus
1124 3388 1364 3445 salebris
1417 3386 1699 3443 terendum
1735 3386 1807 3440 sit
1842 3384 1968 3450 iter,

372 3493 433 3540 ut
478 3493 744 3556 perpetuo
802 3481 1035 3537 decursu
1111 3481 1386 3536 variorum
1433 3474 1857 3534 commentarius
1902 3473 1971 3529 ad

373 3576 536 3633 finem
578 3591 750 3647 usque
793 3574 1077 3640 deveniat;
1104 3583 1224 3640 sat,
1260 3573 1516 3643 inquam,
1563 3583 1866 3640 superque,
1916 3574 1973 3622 ut

370 3671 652 3739 speciatim
669 3684 930 3742 agnoscas
949 3684 1015 3725 eo
1036 3683 1205 3737 usque
1216 3666 1810 3724 Trans-Rhenanorum
1838 3678 1971 3719 eru-

372 3766 607 3824 ditorum
638 3766 852 3837 garrula
881 3765 1049 3821 libido
1073 3778 1195 3819 sese
1225 3763 1437 3819 eﬂraena
1460 3762 1628 3833 jactet
1670 3770 1725 3816 et
1768 3759 1970 3816 debac-

372 3860 583 3917 chetur.

446 3949 583 4005 VIII.
624 3949 705 4006 Ne
731 3951 892 4022 igitur
918 3951 1142 4006 nimium
1176 3949 1405 4004 tinniant
1443 3963 1603 4005 aures
1642 3963 1707 4004 ex
1751 3949 1857 4004 hoc
1883 3949 1972 4004 lit-

370 4043 622 4101 toralium
636 4051 1122 4099 commentatorum
1145 4058 1345 4099 vesano
1367 4043 1620 4110 tumultu,
1640 4043 1970 4115 curavimus,

373 4136 488 4192 sive
516 4136 568 4191 in
601 4135 904 4207 prooemiis,
937 4136 1053 4192 sive
1080 4137 1133 4191 in
1172 4135 1370 4192 ﬁnibus
1412 4136 1667 4192 extremis
1710 4136 1871 4207 hujus
1910 4136 1975 4191 li-

374 4227 526 4297 belli,
560 4228 698 4285 alios
739 4227 1039 4286 audiendos
1079 4228 1318 4285 melioris
1343 4228 1513 4300 frugis
1538 4230 1683 4283 viros
1710 4228 1777 4283 ad
1803 4243 1974 4299 gene-

370 4322 542 4379 ralem
568 4320 775 4379 Octavii
806 4322 1032 4378 criticen
1073 4322 1455 4379 adstruendam
1496 4337 1671 4393 gnave
1714 4338 1835 4379 sese
1880 4337 1974 4378 ac-

371 4415 672 4486 cingentes.
701 4413 839 4470 Hinc
886 4429 916 4468 a
963 4414 1137 4485 primo
1171 4415 1358 4470 limine
1405 4414 1571 4470 habes
1612 4414 1676 4468 D.
1718 4413 1970 4470 Gothofr.

371 4508 611 4578 Lumper
654 4508 720 4563 de
767 4508 839 4562 Μ.
891 4508 1111 4563 Minucii
1148 4508 1447 4579 apologette
1483 4509 1612 4573 vita,
1663 4509 1972 4580 eloquentia

373 4611 429 4657 et
478 4601 715 4670 scriptis,
747 4612 939 4657 cuncta
988 4611 1144 4657 antea
1176 4611 1230 4657 et
1256 4617 1416 4674 quam
1456 4606 1659 4681 optime
1706 4602 1847 4658 dicta
1884 4601 1971 4658 di-

371 4700 685 4764 gerentem;
741 4694 911 4763 prima
960 4693 1159 4749 iterum
1212 4694 1389 4751 fronte
1442 4695 1752 4767 appendere
1795 4694 1975 4752 decuit

371 4786 724 4856 principalem
768 4786 1038 4843 Francisci
1083 4786 1330 4843 Balduini
1371 4787 1835 4859 dissertationem,
1870 4805 1975 4862 qua

371 4878 579 4949 primus
606 4893 706 4933 suo
737 4893 864 4933 vero
886 4880 1092 4935 auctori
1116 4878 1398 4935 Octavium
1429 4880 1686 4937 restituit.

441 4967 540 5024 Cui
583 4969 940 5025 annexuimus
978 4971 1291 5042 praeclaram
1314 5013 1329 5039 ,
1361 4985 1439 5027 ac.
1466 4973 1520 5028 in
1567 4975 1685 5031 viro
1715 4974 1784 5031 de
1809 4990 1974 5047 grege

369 5061 999 5134 pseudoreformatorum
1062 5065 1582 5138 commendabilem,
1643 5067 1768 5124 Joh.
1832 5069 1970 5151 Aug.

368 5155 587 5213 Ernesti
617 5158 925 5229 epistolam,
964 5160 1149 5230 primae
1175 5160 1435 5217 Lindneri
1457 5162 1683 5218 editioni
1718 5162 1971 5226 affixam;

370 5251 425 5306 in
453 5269 580 5324 qua,
613 5256 682 5309 ab
716 5254 922 5310 Octavii
951 5255 1350 5327 elegantissima
1395 5257 1761 5313 concinnitate
1783 5272 1969 5312 ansam

369 5346 656 5416 arripiens,
678 5347 907 5402 multum
930 5356 984 5402 et
1000 5349 1196 5405 eximie
1219 5358 1334 5404 tum
1359 5349 1426 5405 de
1460 5360 1703 5405 veterum
1727 5350 1970 5417 Patrum,

369 5445 479 5492 tum
505 5437 573 5494 de
606 5441 992 5505 recentiormn,
1031 5454 1094 5495 ac
1129 5439 1182 5494 in
1226 5442 1414 5511 primis
1450 5441 1518 5497 de
1561 5441 1666 5496 divi
1710 5441 1970 5497 Bernardi

365 5528 674 5599 eloquentia
705 5529 963 5600 disputat.

438 5624 651 5684 Claudit
671 5626 886 5683 demum
920 5627 1036 5683 haec
1061 5627 1393 5698 longiuscula
1422 5627 1805 5699 prolegomena
1826 5627 1971 5698 ejus-

365 5720 486 5780 dem
516 5718 770 5779 Gottlieb.
818 5719 1073 5777 Lindneri
1115 5722 1313 5793 prmvia
1363 5719 1669 5792 compendii
1713 5720 1968 5793 analytici

2064 411 2165 477 sub
2185 423 2295 477 uno
2310 406 2593 489 synoptico
2612 415 2666 475 et
2685 404 2964 462 dialectico
2984 409 3280 475 conspectu
3304 401 3666 475 comprehen-

2062 517 2185 569 lum
2209 500 2453 567 exhibet.

2135 596 2266 651 Haec
2304 602 2393 651 est
2433 591 2501 647 ad
2545 590 2828 648 Octavium
2866 598 3037 646 strata
3063 588 3147 645 via
3178 605 3191 643 :
3223 595 3445 660 totoque
3468 602 3661 660 opere,

2065 704 2174 744 non
2205 686 2545 744 thIantihus
2574 685 2777 741 morosi
2806 669 3180 741 commentarii
3207 680 3459 748 fastidiis,
3490 681 3667 739 conti-

2062 799 2175 850 nuo
2215 797 2376 847 cursu
2410 787 2730 861 peragrato,
2761 775 3044 835 recreandi
3070 777 3236 833 animi
3261 792 3461 857 causa,
3492 791 3665 833 venu-

2061 888 2203 949 stam
2246 878 2407 941 Lucae
2446 872 2715 941 Holstenii
2750 871 3035 951 epistolam
3081 870 3152 933 ad
3198 870 3292 927 Fr.
3329 868 3664 933 cardinalem

2065 970 2448 1035 Barbarinum,
2480 966 2548 1023 de
2574 965 2822 1022 Verubus
2863 964 3050 1019 Diana:
3081 963 3330 1036 Ephesia:
3359 964 3414 1019 in
3443 962 3668 1020 Octavio

2065 1063 2401 1128 memoratis,
2434 1076 2501 1117 eo
2529 1059 2785 1117 libentius
2809 1057 3126 1131 collegimus
3146 1099 3161 1124 ,
3184 1056 3330 1130 quod
3370 1057 3423 1113 in
3461 1058 3669 1115 recenti

2062 1160 2388 1216 collectione
2411 1157 2638 1213 ἀραῖος.
2668 1155 2768 1213 viri
2794 1154 3157 1227 Epistolarum
3183 1170 3216 1211 a
3247 1155 3310 1210 D.
3336 1152 3670 1210 Boissonade

2065 1251 2289 1308 Parisiis
2317 1249 2439 1307 data
2462 1292 2477 1317 ,
2505 1249 2778 1306 immerito
2819 1261 3044 1320 prorsus
3083 1245 3225 1304 desit
3257 1246 3377 1304 haec
3408 1245 3670 1303 disserta-

2067 1345 2327 1402 tiuncnla.

2139 1438 2348 1510 Agmm
2375 1444 2557 1493 autem
2588 1442 2672 1492 tot
2693 1434 2857 1515 1min
2878 1432 3048 1494 libelli
3073 1438 3585 1498 commutaturum,
3612 1438 3673 1486 ut

2066 1526 2255 1600 incipit
2304 1528 2370 1585 D.
2417 1527 2676 1597 Lumper,
2716 1524 2791 1583 ita
2829 1525 3072 1598 ejusdem
3121 1523 3329 1587 ordinis
3374 1523 3674 1587 monachus

2071 1623 2136 1679 Β.
2166 1620 2340 1679 alieni.
2371 1620 2450 1680 Le
2475 1621 2694 1695 Nourry
2722 1619 2952 1693 perﬁcit.
2989 1619 3208 1688 Quanto
3250 1625 3412 1681 enim
3451 1617 3671 1681 laudum

2070 1717 2332 1789 applausu
2373 1716 2620 1788 ejusdem
2656 1714 2731 1773 de
2770 1714 3094 1773 Tertulliani
3136 1711 3492 1785 apologaieis
3519 1710 3677 1771 libris

2070 1809 2510 1871 dissertetionem
2536 1808 2869 1880 excepimus,
2887 1816 3042 1873 tanto
3060 1807 3225 1865 etiam
3242 1819 3386 1871 nunc
3404 1803 3679 1869 extollen-

2070 1902 2200 1958 dum
2220 1910 2308 1961 est
2326 1902 2433 1959 hoc
2446 1901 2650 1974 egregii
2665 1901 2766 1958 viri
2783 1901 3059 1973 egregium
3079 1913 3241 1970 opus,
3264 1898 3381 1959 haec
3403 1896 3677 1959 uberrima

2069 2008 2252 2051 rerum
2277 2001 2520 2051 veterum
2550 2008 2617 2050 oe
2646 2006 2906 2057 novarum
2933 1992 2987 2049 in
3009 1992 3232 2049 Octavio
3270 1991 3450 2053 retusa
3484 2004 3674 2063 seges;

2072 2085 2179 2143 hoc
2197 2100 2266 2142 ex
2287 2086 2508 2157 optimis
2530 2087 2773 2143 omnium
2797 2094 3016 2142 tet-tum
3042 2100 3106 2141 ac
3129 2083 3529 2156 provinciarum
3556 2082 3679 2155 phic

2071 2180 2337 2251 losophis,
2363 2180 2557 2251 poetis,
2575 2180 2962 2252 grammaticis,
2980 2178 3288 2237 oratoribus
3304 2178 3671 2249 spicilegium;

2071 2272 2208 2329 nihil
2232 2274 2514 2340 intactum,
2541 2273 2675 2329 nihil
2697 2273 3044 2345 irrepertum,
3070 2271 3204 2328 nihil
3229 2280 3353 2342 post
3372 2270 3490 2342 ejus
3514 2268 3677 2328 vcsti-

2070 2363 2157 2436 gia
2182 2364 2588 2436 requirendum.

2143 2459 2235 2514 1X.
2277 2458 2532 2515 Succedit
2579 2459 2834 2530 anonymi
2903 2458 3145 2514 auctoris
3209 2455 3520 2514 Ghronicon
3575 2455 3677 2513 sub

2072 2550 2384 2607 Alexandro
2441 2551 2647 2608 Severo
2699 2551 3102 2622 conscriptum;
3155 2550 3396 2606 omnium
3452 2547 3677 2621 proinde

2074 2642 2445 2721 hujuscemodi
2494 2650 3008 2715 monumentorum,
3052 2642 3105 2697 in
3150 2640 3381 2698 decursu
3427 2639 3678 2703 christia-

2074 2736 2260 2799 nitatis
2310 2743 2417 2799 tam
2476 2734 2860 2806 frequentium,
2914 2734 3167 2811 primum,
3217 2741 3269 2797 et
3324 2731 3377 2788 in
3433 2730 3676 2788 Ecclesia

2073 2829 2262 2899 Latina
2295 2827 2489 2885 saltem
2532 2827 3006 2899 antiquissimum;
3055 2824 3208 2897 cujus
3234 2823 3427 2897 opella:
3451 2832 3678 2880 vetusta:

2077 2936 2140 2986 ea
2168 2919 2272 2983 fuit
2321 2920 2439 2979 laus
2486 2919 2734 2992 insignis,
2769 2927 2827 2974 ut
2854 2918 2998 2973 Patri
3026 2917 3167 2973 inter
3193 2916 3375 2990 plures
3418 2916 3675 2985 maxime,

2074 3025 2263 3080 sancto
2293 3028 2491 3086 nempe
2516 3011 2828 3093 Hippolyto,
2850 3010 3086 3068 Ostiensi
3116 3010 3391 3093 epiSCOpo,
3418 3009 3679 3064 tribuere-

2075 3116 2184 3189 tur,
2220 3118 2387 3180 utque
2412 3123 2555 3175 eam,
2587 3106 2638 3171 in
2670 3106 3053 3163 dissertatione
3082 3120 3241 3187 quam
3275 3112 3396 3177 post
3423 3104 3483 3160 D.
3517 3102 3679 3160 Lum-

2076 3218 2264 3273 perum
2296 3201 2588 3268 edidimus,
2619 3200 3017 3261 illustrissimus
3063 3196 3384 3254 Franciscus
3427 3195 3677 3259 Blanchi-

2076 3302 2202 3369 nius
2231 3300 2557 3367 delinearet,
2590 3307 2953 3378 accuratoque
2979 3295 3187 3355 calculo
3215 3294 3557 3375 rependerat.

2151 3393 2219 3448 Χ.
2260 3391 2500 3464 Carptim
2531 3390 2762 3455 subinde
2802 3398 3173 3457 memorantur
3216 3403 3283 3445 ex
3327 3386 3515 3447 ordine
3545 3394 3680 3447 tem-

2076 3502 2296 3560 porum,
2344 3496 2775 3563 argumentoque
2822 3485 2971 3553 brevi
3018 3483 3388 3563 indigitantur,
3438 3481 3682 3561 plurimae

2075 3582 2470 3651 confessorem,
2487 3579 2607 3643 sive
2620 3578 3009 3644 Romanorum,
3027 3577 3142 3643 sive
3153 3574 3681 3652 Carthaginensium,

2077 3674 2342 3749 epistolae,
2374 3672 2515 3735 infra
2558 3672 2701 3737 inter
2726 3687 2894 3745 opera
2921 3672 2981 3727 D.
3013 3669 3267 3749 Cypriani
3321 3667 3678 3733 remittenda.

2079 3766 2194 3835 Hoc
2220 3769 2366 3833 cnim
2396 3768 2577 3831 animo
2606 3766 3119 3845 prmoccupavimns,
3148 3763 3381 3837 quoties,
3410 3763 3481 3819 ob
3502 3778 3683 3820 rerum

2078 3863 2475 3927 connexionem
2519 3877 2584 3923 ac
2624 3869 2924 3939 temporum
2967 3859 3188 3933 seriem,
3216 3857 3470 3916 nonnulla
3515 3872 3679 3933 opus-

2078 3956 2201 4021 cula
2228 3972 2297 4023 ex
2327 3956 2507 4033 ampla
2554 3955 2873 4020 collectione
2896 3952 3238 4029 decerpenda
3275 3951 3485 4022 forent,
3518 3951 3683 4009 toties

2080 4063 2267 4115 eorum
2319 4048 2553 4105 dandam
2600 4062 2723 4114 esse
2762 4061 2860 4103 suo
2911 4061 3054 4101 anno
3096 4054 3150 4102 et
3188 4045 3307 4111 loco
3351 4045 3683 4103 mentionem

2079 4151 2398 4222 argumento
2429 4156 2607 4207 rerum
2650 4139 3008 4209 elucidatam;
3041 4153 3110 4195 ne
3160 4140 3364 4211 integra
3391 4153 3455 4205 ea
3484 4139 3683 4196 collec-

2081 4231 2175 4300 tio,
2209 4246 2240 4287 e
2269 4246 2372 4302 qua
2402 4231 2782 4299 desumuntur,
2812 4229 3052 4298 nomine,
3082 4230 3324 4313 pondere
3370 4244 3457 4303 ac,
3505 4239 3565 4286 ut
3609 4231 3683 4286 ita

2078 4322 2278 4390 dicam,
2336 4322 2518 4387 habitu
2574 4331 2630 4378 et
2669 4323 2818 4389 vultu
2887 4321 3189 4393 notissima,
3224 4322 3537 4381 immutetur
3590 4332 3685 4395 aut

2078 4414 2395 4491 dissipetur.

2153 4506 2243 4561 XI.
2285 4503 2439 4573 Nunc
2484 4522 2611 4564 vero
2659 4506 2837 4565 debita
2884 4523 3006 4565 cum
3057 4508 3382 4584 reverentia,
3431 4506 3580 4571 cultu
3628 4516 3685 4564 et

2078 4612 2241 4677 cura,
2276 4599 2329 4656 in
2353 4599 2531 4657 lucem
2562 4600 2827 4681 prodeant
2877 4600 3149 4672 pontiﬁcia
3192 4599 3377 4661 saeculi
3408 4616 3466 4655 ιιι
3492 4615 3685 4656 monu-

2080 4703 2294 4769 menta;
2328 4693 2413 4750 itis
2464 4695 2725 4775 prommia
2771 4694 3032 4759 historica
3075 4711 3143 4751 ex
3190 4693 3409 4769 optimis
3444 4692 3685 4755 fontibus

2079 4787 2314 4845 adducta
2343 4790 2772 4863 prmambulent;
2822 4790 2939 4847 haec
2966 4789 3111 4846 unde
3142 4799 3197 4849 et
3237 4802 3472 4860 quanam
3502 4802 3683 4846 rerum

2079 4889 2404 4953 tempestate
2448 4882 2711 4948 oriantur,
2760 4881 2963 4942 diserta
3011 4882 3394 4955 prolegomena
3435 4897 3685 4953 praenun-

2084 4975 2254 5041 tient;
2297 4973 2490 5029 horum
2521 4976 2565 5030 si
2611 4976 2895 5045 nonnulla,
2928 4975 3029 5032 :evi
3069 4975 3338 5035 edacitate
3374 4974 3680 5049 absumpta,

2081 5064 2485 5131 desiderentur,
2537 5069 2792 5147 specialis
2842 5068 3032 5125 notitia
3087 5076 3451 5141 prmmoneat;
3490 5068 3683 5126 horum

2082 5160 2323 5215 omnium
2357 5176 2710 5233 quaecumque
2742 5177 3027 5234 superesse
3057 5162 3301 5233 contigit,
3333 5172 3516 5218 textus
3540 5162 3684 5225 inte-
3782 5164 3789 5171 ’

2078 5254 2228 5326 grior
2281 5255 2346 5310 ad
2400 5254 2642 5311 melioris
2693 5256 2946 5314 editionis
2999 5271 3246 5312 normam
3302 5264 3683 5323 recensentur;

2080 5347 2245 5402 vari:e
2296 5349 2553 5411 lectiones
2592 5348 2861 5406 indefessa
2905 5364 3071 5422 opera
3117 5349 3464 5427 colligantur,
3492 5346 3684 5409 confe-

2081 5449 2289 5507 rantur,
2313 5440 2699 5515 dispiciantur;
2728 5457 2919 5507 sensus
2935 5443 3176 5514 judicum
3198 5444 3441 5499 omnium
3464 5439 3687 5505 calculis
3730 5450 3739 5457 '

2081 5536 2469 5609 perpendatur,
2502 5541 2744 5599 omnium
2775 5537 3107 5602 eruditorum
3146 5538 3499 5611 religiositate
3526 5535 3681 5592 resti-

2083 5637 2264 5686 tuatur
2317 5642 2408 5688 aut
2457 5643 2736 5703 servetur;
2784 5632 3021 5695 omnium
3069 5633 3428 5711 interpretum
3466 5627 3688 5699 indaga-

2087 5720 2233 5779 tione
2262 5721 2585 5780 elucidetur.
2635 5725 2728 5783 His
2775 5724 2992 5783 demum
3039 5725 3298 5789 accedant
3342 5720 3544 5798 quaevis
3587 5721 3690 5781 sub
