3982 6310
416 304 487 343 vtt
982 300 985 303 ‘
1020 218 1025 225 ‘
1887 266 2280 328 PREFATIO.

416 402 634 459 mutatis
673 400 887 470 quidem
939 395 1246 463 mutandis,
1278 395 1341 449 Ι).
1384 390 1658 465 Cypriano
1701 391 2014 447 adscribere

416 498 609 554 ausim.
648 496 1034 552 Verumtamen
1061 533 1076 559 ,
1108 491 1337 546 multum
1387 504 1481 559 per
1527 503 1740 542 omnem
1792 483 2013 540 modum

412 590 555 644 absit
582 596 640 642 ut
667 603 790 643 cum
823 586 1079 641 ltmretico
1108 583 1415 639 contumaci
1450 590 1504 634 et
1533 580 1799 650 pervicaci
1826 577 2014 633 catho-

414 680 576 736 licum
604 688 658 734 et
681 686 928 735 sanctum
956 676 1230 732 doctorem
1258 716 1273 741 ,
1305 689 1426 727 cum
1454 672 1687 743 superbo
1714 681 1767 726 et
1795 668 2015 742 dyscolo

416 769 735 843 presbytero
788 771 1100 842 episcopum
1142 766 1438 836 legitimum
1490 773 1544 820 et
1576 760 2009 834 pientissimum,

411 880 536 919 cum
561 863 880 918 Montanista
907 873 1160 931 perverso
1176 868 1230 913 et
1250 871 1455 913 vesano
1485 856 1758 927 egregium
1793 856 2014 911 unitatis

413 957 675 1013 Ecclesiae
701 965 1026 1011 assertorem
1049 993 1065 1020 ,
1111 968 1232 1007 cum
1281 950 1641 1006 hmresiarcha
1677 958 1967 1021 martyrem
1993 989 2009 1014 ,

414 1068 536 1107 cum
556 1052 682 1122 lupo
700 1059 967 1121 pastorem
982 1046 1230 1103 conferre
1248 1046 1453 1099 videar.
1469 1044 1582 1099 Etsi
1602 1059 1738 1098 unus
1758 1044 1824 1097 ab
1839 1043 2013 1098 altero

412 1146 578 1201 totius
608 1146 728 1199 caeli
760 1151 933 1198 tractu
957 1140 1155 1207 distet,
1189 1149 1315 1195 sunt
1347 1151 1526 1195 tamen
1558 1140 1698 1194 inter
1727 1149 2012 1209 utrumque

410 1254 519 1294 non
542 1237 715 1293 solum
741 1235 983 1306 originis,
1008 1234 1195 1305 patriae
1219 1242 1274 1289 et
1291 1234 1573 1301 natalium,
1593 1233 1687 1288 sed
1714 1243 1767 1289 et
1788 1232 2008 1304 ingenii,

408 1331 774 1386 doctrinarum
804 1338 856 1383 et
887 1327 1241 1398 expositionis
1270 1328 1639 1399 apologeticae,
1670 1327 2005 1397 dogmaticre,

409 1423 493 1478 vel
524 1420 866 1493 partenetica:
911 1420 1184 1475 nonnullae
1226 1420 1537 1485 relationes,
1567 1434 1702 1490 quas
1733 1421 2011 1490 speciatim

405 1514 749 1587 explicandas
793 1514 900 1568 alio
939 1513 1076 1569 alius
1109 1520 1280 1568 curet.
1311 1512 1500 1566 Mirum
1535 1521 1713 1567 tamen
1743 1512 1899 1566 nobis
1930 1512 2011 1566 vi-

404 1624 522 1664 sum
552 1616 635 1663 est
662 1606 839 1679 quod,
873 1622 994 1662 cum
1024 1607 1282 1661 neoterici
1321 1606 1376 1661 in
1409 1621 1533 1661 suas
1578 1615 1759 1676 partes
1789 1605 2010 1661 Tertul-

402 1702 604 1757 lianum
654 1701 887 1757 libenter
930 1699 1219 1768 adducere,
1266 1688 1709 1771 Cyprianumque
1756 1714 2012 1754 amovere

404 1796 689 1860 deberent,
721 1795 887 1849 immo
913 1809 978 1849 eo
1007 1795 1240 1863 priorem
1273 1794 1451 1848 acrius
1480 1793 1713 1848 aversati
1743 1792 1872 1858 sint,
1903 1806 2011 1863 quo

404 1887 695 1956 posteriori
730 1887 1026 1941 studiosius
1066 1886 1416 1943 adhrcserint.
1452 1885 1640 1942 Infelix
1692 1884 2011 1941 infaustum-

406 1996 513 2051 que
546 1981 644 2035 fuit
671 1996 883 2051 semper
900 1980 1171 2035 haereticis
1190 1979 1429 2035 lneretici
1447 1980 1762 2036 Tertulliani
1785 1996 2006 2048 nomen,

400 2090 653 2145 magnum
669 2089 798 2130 vero
815 2084 871 2131 et
890 2090 918 2128 a
934 2076 1161 2131 summis
1182 2075 1322 2130 inter
1337 2075 1644 2130 Catholicos
1661 2075 2011 2129 commenda-

405 2180 539 2224 tum.
561 2166 716 2224 Unde
734 2168 851 2223 haec
878 2167 1039 2224 habet
1062 2167 1130 2223 de
1158 2166 1487 2222 'l‘ertulliano
1511 2166 1775 2237 Georgius
1804 2167 2011 2223 Roseu-

399 2263 633 2320 muller:
672 2282 690 2315 ι
732 2261 831 2318 Hie
860 2262 961 2326 vir,
994 2271 1052 2316 ut
1082 2261 1372 2332 primarius
1407 2250 1692 2315 latinitatis
1722 2260 2012 2317 ecclesias-

402 2355 522 2411 ticae
549 2365 735 2411 auctor
763 2356 882 2421 fuit,
916 2355 986 2410 ita
1017 2353 1179 2410 etiam
1222 2356 1275 2409 in
1320 2353 1436 2424 ejus
1476 2354 1628 2408 libris
1671 2355 1843 2424 prima
1885 2362 2012 2408 sunt

400 2448 611 2502 semina
661 2447 945 2518 thenlogiac
974 2446 1245 2501 Africaine
1270 2458 1323 2502 et
1351 2446 1560 2501 Latinae
1604 2462 1724 2517 qua:
1763 2456 1843 2501 tot
1871 2447 2010 2500 mala

400 2539 663 2595 Ecclesia:
709 2548 763 2594 et
808 2539 1057 2608 religioni
1108 2538 1304 2593 attulit.
1356 2538 1691 2609 Quamquam
1746 2541 1890 2594 enim
1941 2537 2010 2593 ad

399 2632 753 2689 Montanistas
783 2631 1001 2696 defecit,
1034 2630 1136 2686 hoc
1164 2642 1341 2686 tamen
1372 2633 1680 2687 auctoritati
1709 2632 1826 2703 ejus
1864 2631 2009 2702 apud

401 2723 715 2777 Catholicos
738 2738 928 2793 parum
950 2722 1199 2778 detraxit.
1226 2724 1439 2780 Etenim
1469 2725 1759 2780 maximam
1782 2741 2007 2795 operum

400 2830 623 2871 suorum
648 2827 853 2886 partem
871 2816 925 2870 in
948 2815 1345 2873 Catltolicorum
1366 2817 1747 2874 communione
1768 2819 2027 2889 scripsit;

403 2918 458 2963 et
498 2909 892 2964 montanismus
930 2908 1051 2973 ille,
1084 2924 1244 2979 quem
1281 2920 1500 2966 secutus
1526 2922 1631 2979 est,
1665 2911 2006 2982 disciplinam

402 3000 820 3056 ecclesiasticam
863 3010 1067 3058 tantum
1104 3003 1446 3071 sollicitavit,
1479 3005 1637 3061 fidem
1680 3021 1784 3062 non
1835 3007 2005 3063 viola-

399 3094 493 3148 vit.
527 3094 748 3149 Accedit
770 3097 911 3166 quod
942 3094 1243 3168 Cyprianus
1273 3115 1463 3170 magna
1492 3099 1810 3157 eruditionis
1839 3111 1893 3157 et
1917 3118 2008 3158 or-

400 3184 668 3240 tltodoxia:
689 3186 847 3247 laude
876 3187 929 3241 in
953 3189 1170 3259 antiqua
1193 3189 1432 3246 Ecclesia
1464 3190 1683 3258 florens,
1716 3203 2004 3263 perpetuus

400 3277 717 3334 Tertulliani
752 3280 989 3337 imitator
1013 3282 1133 3348 fuit,
1164 3300 1395 3356 eumque
1421 3286 1557 3341 adeo
1597 3287 1894 3342 admiratus
1922 3298 2005 3343 est

404 3379 461 3425 ut
484 3387 630 3439 eum,
662 3374 772 3428 κατ’
798 3375 1005 3446 ἐξοχήν,
1036 3377 1354 3448 magistrum
1377 3379 1748 3453 vocitaret(I).
1767 3400 1785 3434 ι
1808 3381 2003 3451 Spbal-

395 3472 539 3517 mata
581 3464 706 3517 hinc
751 3463 875 3520 inde
917 3481 1162 3537 respersa
1196 3470 1248 3523 in
1278 3469 1359 3525 his
1383 3472 1561 3527 verbis
1600 3473 1643 3526 si
1677 3473 1999 3543 neglexeris,

396 3556 451 3611 id
481 3555 636 3611 facile
662 3558 842 3613 animo
867 3561 1136 3628 attendes,
1172 3573 1378 3621 tantum
1409 3568 1490 3623 his
1517 3570 1686 3623 minui
1716 3569 2002 3625 Tertullia-

395 3664 549 3716 num,
572 3657 829 3720 quantum
860 3651 1050 3707 iisdem
1079 3656 1262 3711 extolli
1289 3656 1636 3730 Cyprianum.

470 3741 532 3797 ll.
566 3740 843 3799 Undenam
889 3754 1037 3801 tanto
1066 3747 1179 3803 viro
1225 3750 1442 3822 indigna
1473 3754 1631 3808 laus?
1659 3754 1811 3811 Unde
1844 3756 1999 3812 triste

396 3835 765 3907 praeconium?
797 3838 875 3893 Ex
906 3838 1074 3910 ipsius
1104 3856 1225 3897 cum
1267 3844 1537 3914 Stephano
1567 3846 1829 3905 Pontifice
1864 3865 1999 3910 con-

401 3926 569 3982 flictu.
631 3929 765 3985 llinc
801 3931 852 3985 in
905 3947 1027 3987 eum
1070 3932 1296 3989 conﬂata
1344 3940 1738 3995 neotericornm
1785 3944 1994 4016 studia,

397 4020 642 4091 tantique
698 4023 925 4093 impensi
955 4025 1197 4093 labores;
1232 4027 1355 4083 hinc
1410 4031 1692 4100 splendida
1738 4035 1824 4091 illa
1865 4054 1995 4110 ope-

389 4129 512 4169 rum
567 4114 683 4183 ejus
713 4114 878 4170 editio
929 4115 1121 4173 Oxouii
1174 4120 1337 4189 data;
1380 4122 1505 4181 hinc
1558 4127 1826 4185 indefessa
1865 4132 1993 4189 Fel-

386 4203 460 4269 Ii,
511 4204 821 4272 Pearsonii,
870 4208 1169 4279 Dodwelli,
1216 4213 1466 4285 Rigaltii,
1514 4218 1765 4288 Ruuthii,
1826 4225 1996 4279 Mars-

391 4297 555 4363 chall,
590 4298 776 4367 Poole,
807 4299 1069 4358 Mattltiesi
1097 4318 1286 4374 opera,
1312 4321 1501 4364 cuncta
1536 4313 1613 4367 rei
1656 4312 1993 4385 Cyprianicze

391 4398 662 4445 momenta
684 4431 699 4456 ,
742 4390 885 4446 haud
915 4392 1033 4449 sine
1060 4395 1242 4467 iniquo
1274 4399 1500 4469 partium
1531 4402 1734 4472 favore,
1788 4424 1988 4479 pensa,

390 4482 612 4552 probata
637 4486 987 4555 reprobatave
1004 4529 1017 4553 ,
1047 4498 1101 4544 et
1128 4491 1429 4549 decretorio
1450 4496 1652 4565 judicio
1677 4504 1988 4559 constituta.

464 4572 575 4627 Ilue
625 4575 782 4644 igitur
826 4579 1007 4634 oneris
1052 4581 1321 4639 catholico
1363 4588 1583 4644 cuilibet
1631 4592 1688 4646 S.
1735 4593 1990 4664 Cypriani

391 4665 582 4722 edituri
617 4669 908 4741 incumbit,
948 4685 1035 4743 ut,
1070 4675 1295 4731 sublatis
1341 4679 1479 4736 unde
1518 4682 1656 4753 apud
1686 4686 1990 4744 neotericos

393 4776 587 4816 nomen
620 4762 738 4831 ejus
761 4765 1001 4821 clevetur
1032 4769 1426 4837 fundamentis,
1470 4784 1674 4831 tantum
1718 4780 1856 4849 apud
1884 4779 1989 4835 Ec-

388 4852 567 4908 clesiae
617 4855 755 4911 filios
798 4870 1006 4916 crescat
1045 4877 1167 4917 vera
1193 4863 1310 4934 ejus
1358 4869 1685 4939 auctoritas,
1729 4884 1985 4943 quantum

389 4945 529 5015 apud
560 4954 846 5005 extraneos
882 4953 1109 5025 deprimi
1140 4957 1404 5013 videatur.
1441 4960 1633 5018 Totam
1664 4965 1823 5034 igitur
1863 4982 1987 5022 nos-

390 5048 526 5092 tram
555 5038 620 5095 de
646 5043 961 5101 auctoritate
989 5047 1243 5120 Cypriani
1274 5051 1703 5123 disquisitionem
1739 5060 1789 5112 in
1817 5062 1988 5130 expli-

390 5132 559 5222 canda
613 5135 778 5204 ipsius
823 5144 1086 5196 sententia
1120 5144 1262 5200 circa
1306 5148 1636 5216 pontificiam
1670 5155 1986 5222 praecellen-

389 5221 515 5279 tiam
539 5228 890 5298 colligendam
912 5247 1033 5289 esse
1057 5238 1301 5293 arbitrati
1330 5254 1537 5296 sumus.

458 5320 544 5375 III.
577 5323 926 5383 Abomnibus
972 5344 1248 5403 receptum
1288 5346 1371 5392 est
1417 5340 1737 5409 scriptorem
1791 5359 1983 5415 quem-

387 5410 517 5467 libet
564 5414 915 5483 judicandum
946 5436 1087 5488 esse,
1114 5441 1216 5481 non
1244 5444 1306 5483 ex
1342 5445 1449 5485 uno
1486 5432 1727 5491 alterove
1781 5410 1985 5494 sermo-

388 5520 514 5560 num
546 5507 662 5577 ejus
692 5511 881 5580 verbo;
916 5515 1013 5571 sed
1041 5531 1108 5572 ex
1139 5522 1397 5579 continuo
1443 5524 1706 5583 doctrinae
1759 5537 1981 5599 tenore;

441 5701 538 5785 ι
570 5702 1069 5785 Histor._futerpt'et.
1100 5713 1273 5769 libror.
1302 5718 1406 5775 SS.
1436 5721 1487 5777 in
1520 5722 1750 5782 Ecclesia
1779 5728 1953 5785 christ.

383 5768 702 5852 Hildburgh.
732 5781 886 5851 1798,
912 5768 1050 5855 part.
1083 5799 1142 5856 ιι,
1166 5768 1220 5858 p.
1250 5768 1406 5842 2."'

3625 272 3723 318 VIII

2123 402 2230 441 non
2263 401 2329 440 ex
2361 380 2668 454 improvisis
2712 379 2888 437 eﬂ‘atis
2919 380 2975 435 in
3005 376 3332 435 commercio
3377 375 3676 432 litterarum
3704 414 3720 442 ,

2123 486 2372 534 movente
2397 477 2576 531 subito
2602 490 2784 530 rerum
2809 473 3059 540 tumultu,
3088 470 3357 537 excitatis,
3391 468 3484 525 sed
3508 484 3576 523 ex
3605 479 3725 523 rata

2120 572 2369 642 serioque
2399 578 2621 624 tractata
2650 568 2938 635 sententia,
2972 582 3078 623 non
3102 581 3167 620 ex
3213 564 3468 634 Opinione
3495 561 3725 633 carptim

2121 663 2339 718 defensa
2376 672 2431 717 et
2460 661 2715 731 deinceps
2759 668 2984 727 mutata,
3025 657 3120 715 sed
3144 673 3211 712 ex
3239 655 3395 712 firmo
3415 696 3431 722 ,
3468 670 3724 726 peremp-

2123 758 2259 812 torio
2280 772 2343 811 ac
2363 755 2583 811 definito
2608 753 2833 823 judicio.
2865 753 3121 824 Quisquis
3144 759 3343 817 autem,
3375 748 3597 804 attentis
3636 746 3724 804 bis

2120 850 2399 921 principiis
2418 892 2433 916 ,
2457 848 2775 921 Cyprianica
2802 861 2965 917 opera
2992 845 3281 911 evolvet-it,
3333 842 3530 898 nedum
3561 854 3723 896 sanc-

2122 953 2234 998 tum
2267 942 2584 999 Pontificem
2609 941 2765 997 Sedis
2790 941 3047 995 Romana:
3066 938 3456 1009 refragatorem
3488 936 3719 1004 habeat,

2120 1052 2244 1093 eum
2273 1039 2452 1108 potius
2484 1038 2535 1091 in
2562 1036 2748 1107 primis
2784 1035 3151 1090 Romanorum
3187 1030 3590 1104 privilegiorum
3630 1045 3723 1086 as-

2119 1131 2439 1197 sertoribus,
2482 1145 2545 1185 ac
2576 1145 2713 1201 pene
2741 1128 2916 1185 dicam
2946 1128 3313 1183 Romanorum
3346 1125 3723 1196 theologorum

2123 1224 2537 1295 antesignanum
2565 1221 2957 1294 deprehendet.

2190 1317 2278 1373 IV.
2314 1317 2441 1373 Ilaec
2469 1316 2613 1373 enim
2638 1324 2793 1384 sunt,
2840 1331 2908 1371 ne
2951 1314 3204 1370 allusisse
3238 1313 3459 1380 videar,
3493 1313 3724 1383 ipsamet

2117 1409 2366 1479 dogmata
2406 1426 2528 1481 quae
2575 1412 2776 1480 passim
2804 1409 2859 1463 in
2907 1408 3076 1463 sancti
3107 1408 3354 1463 Doctoris
3380 1406 3632 1477 scriptis,
3664 1411 3725 1462 ut

2117 1503 2404 1559 luminaria
2436 1502 2706 1571 emicant,
2740 1502 2996 1557 nimirum
3029 1520 3044 1555 :

2191 1598 2247 1651 1⁰
2288 1596 2623 1664 Ecclesiam,
2671 1604 2824 1653 extra
2872 1611 3032 1667 quam
3078 1610 3239 1653 nemo
3289 1595 3474 1651 vivere
3520 1593 3723 1665 possit,

2117 1703 2239 1745 esse
2271 1704 2430 1743 unam
2451 1705 2466 1756 ;

2185 1781 2243 1835 2°
2289 1780 2462 1838 Unam
2510 1782 2651 1838 hanc
2702 1781 3004 1838 Ecclesiam
3049 1798 3171 1840 esse
3220 1782 3578 1849 catholicam,
3623 1769 3723 1839 seti

2116 1858 2214 1947 per
2245 1886 2414 1932 totum
2440 1877 2626 1933 orbem
2658 1876 2939 1945 diffusam;

2186 1968 2245 2024 5°
2279 1968 2448 2024 Unam
2499 1969 2742 2034 hancet
2781 1970 3100 2026 catholicam
3151 1970 3450 2028 Ecclesiam
3503 1970 3725 2042 insuper

2115 2075 2235 2116 esse
2285 2061 2618 2131 Romanam,
2671 2063 2722 2116 in
2766 2062 2926 2118 Petro
2972 2062 3284 2132 fundatam,
3325 2079 3425 2120 nec
3460 2079 3489 2119 a
3538 2074 3725 2122 sancta

2113 2153 2255 2210 Sede
2314 2155 2556 2210 Romana
2611 2155 2957 2223 distinctam,
3012 2171 3112 2212 nec
3149 2171 3179 2210 a
3208 2171 3422 2213 summo
3464 2156 3726 2213 Pontifice

2116 2246 2383 2302 diversam
2407 2265 2423 2314 ;

2186 2340 2244 2395 4°
2276 2340 2446 2396 Unam
2471 2340 2609 2397 hanc
2635 2341 2958 2397 catholicam
2998 2350 3053 2397 et
3090 2342 3389 2405 Romanam
3425 2343 3724 2402 Ecclesiam

2115 2449 2256 2500 esse,
2288 2434 2357 2489 ad
2376 2443 2609 2491 mentem
2633 2435 2910 2508 Cypriani,
2945 2436 3068 2492 fidei
3098 2426 3339 2509 regulam
3365 2439 3724 2496 certissimam

2118 2546 2219 2585 nec
2267 2529 2470 2585 erroris
2514 2529 2677 2586 ullius
2732 2530 2852 2587 labe
2898 2531 3304 2601 intaminatam,
3354 2548 3453 2590 nec
3506 2532 3724 2590 intami-

2116 2623 2370 2679 nandanL

2190 2716 2249 2770 V.
2295 2716 2469 2772 Velim
2501 2718 2618 2773 sine
2647 2732 2800 2775 mora
2841 2718 3030 2775 audias
3073 2720 3364 2792 ipsummet
3392 2722 3724 2796 Cyprianum

2113 2809 2470 2866 disserentem
2490 2832 2501 2863 :
3702 2817 3706 2821 ‘

2185 2905 2241 2958 I"
2284 2902 2359 2959 De
2380 2905 2574 2959 unitate
2596 2904 2863 2962 Ecclesite.
2894 2906 2953 2963 In
2973 2907 3114 2965 libro
3154 2910 3232 2965 sic
3277 2910 3572 2982 inscripto,
3617 2904 3722 2984 Cy-

2111 3000 2338 3069 prianus
2366 3000 2483 3071 ipse
2512 3010 2741 3056 testatur
2767 3017 2825 3058 se
2864 3018 3080 3059 omnem
3122 3018 3297 3071 suam,
3328 3013 3587 3075 quantum
3619 3021 3719 3077 po-

2111 3094 2233 3161 tuit,
2266 3106 2501 3150 mentem
2532 3095 2599 3151 de
2639 3095 2884 3152 Ecclesia
2930 3096 3211 3155 infudisse.
3251 3099 3358 3155 Sed
3390 3110 3445 3155 et
3477 3119 3498 3153 ‹
3532 3101 3720 3157 catho-

2112 3185 2229 3241 lica:
2270 3186 2527 3242 Ecclesiae
2555 3192 2815 3244 unitatem
2835 3232 2847 3254 ,
2886 3208 2904 3241 ι
2952 3190 3146 3262 inquit,
3180 3210 3200 3244 ‹
3228 3205 3485 3265 quantum
3510 3195 3715 3265 potuit,

2109 3280 2377 3349 expressit
2421 3289 2605 3336 nostra
2654 3281 3023 3337 mediocritas.
3061 3301 3079 3335 ι
3132 3304 3151 3337 ι
3184 3285 3241 3340 In
3290 3286 3415 3353 illo,
3469 3305 3488 3339 ι
3541 3286 3717 3359 inquit

2107 3369 2365 3427 diaconus
2394 3372 2617 3429 Pontius
2638 3416 2653 3442 ,
2684 3375 2808 3430 vitae
2836 3385 2891 3430 et
2937 3377 3136 3431 mentis
3183 3378 3426 3449 magistri
3459 3380 3542 3435 sui
3573 3378 3716 3436 inte-

2106 3465 2370 3533 gerrimus
2399 3467 2551 3521 testis
2573 3509 2587 3535 ,
2627 3485 2646 3518 ι
2676 3466 2860 3523 docuit
2881 3468 3163 3525 veritatem
3192 3472 3511 3540 haereticos,
3542 3473 3716 3530 schis-

2107 3558 2332 3614 maticos
2384 3559 2667 3629 unitatem,
2723 3561 2861 3615 filios
2916 3562 3011 3617 Dei
3046 3578 3232 3633 pacem
3268 3563 3427 3637 (1):»
3490 3566 3571 3621 Ex
3612 3566 3715 3624 hoc
3752 3570 3765 3581 ’

2105 3659 2282 3705 autem
2313 3652 2493 3707 libello
2531 3653 2620 3708 :I°
2655 3673 2673 3706 ι
2711 3654 3002 3711 Ecclesiam
3031 3672 3191 3711 unam
3218 3658 3518 3716 inCantico
3544 3662 3716 3717 canti-

2104 3760 2290 3801 corqu
2319 3747 2551 3817 Spiritus
2578 3757 2797 3805 sanctus
2827 3767 2895 3807 ex
2926 3766 3157 3821 persona
3206 3752 3419 3809 Domini
3459 3754 3713 3826 designat

2102 3846 2155 3893 et
2194 3837 2326 3893 dicit
2349 3838 2521 3909 (Cant.
2547 3856 2630 3907 vr,
2659 3841 2692 3897 9
2719 3840 2737 3915 )
2773 3860 2786 3897 :
2822 3841 2939 3896 Una
2964 3853 3038 3898 est
3068 3845 3303 3900 columba
3330 3864 3461 3915 mea,
3485 3852 3712 3922 perfecta

2100 3946 2242 3996 mea,
2282 3948 2385 3986 una
2438 3943 2511 3988 est
2558 3935 2737 3989 matris
2782 3952 2918 4003 suae,
2949 3937 3106 3992 electa
3133 3939 3393 4009 genitricis
3419 3958 3527 3996 sum
3544 3941 3645 4015 (ἂ).
3683 3962 3703 3997 s

2099 4024 2158 4078 2°
2197 4044 2215 4076 ‹
2252 4024 2451 4081 Beatus
2475 4029 2752 4096 apostolus
2783 4030 2981 4085 Paulus
3022 4031 3126 4088 hoc
3154 4034 3293 4089 idem
3329 4036 3509 4105 docet,
3536 4047 3592 4093 et
3615 4054 3707 4095 sa-

2102 4130 2442 4174 cramentum
2469 4122 2687 4176 unitatis
2717 4123 2972 4191 ostendit,
2997 4124 3182 4183 dicens
3201 4125 3419 4199 (Ep/tes.
3452 4146 3529 4199 tv,
3558 4130 3702 4203 4-6):

2105 4209 2277 4265 Unum
2330 4229 2514 4284 corpus
2560 4223 2604 4267 et
2650 4231 2783 4270 unus
2815 4217 3056 4287 spiritus,
3114 4237 3215 4291 una
3264 4238 3379 4292 spes
3428 4225 3705 4281 vocationis

2098 4312 2305 4366 vestrm;
2354 4321 2486 4358 unus
2528 4304 2802 4375 Dominus,
2856 4325 2959 4363 una
3007 4310 3155 4380 ﬁdes,
3212 4330 3372 4368 unum
3411 4316 3697 4387 baptisma,

2098 4412 2227 4450 unus
2255 4397 2393 4451 Deus
2421 4396 2520 4471 (5).
2560 4418 2577 4451 ι
2617 4401 2673 4454 5°
2708 4420 2727 4451 ε
2762 4400 2932 4468 Quam
2963 4405 3225 4461 unitatem
3256 4407 3483 4465 firmiter
3513 4419 3702 4470 tenere

2097 4497 2151 4543 et
2173 4488 2444 4545 vindicare
2473 4490 2755 4557 debemus,
2782 4498 3013 4552 maxime
3032 4498 3402 4571 episcopi,qui
3431 4502 3485 4557 in
3514 4503 3701 4560 Eccle-

2097 4580 2173 4633 sia
2206 4580 2589 4655 prtesidetnus,
2623 4594 2681 4640 ut
2700 4585 3073 4658 episcopatum
3095 4592 3501 4662 quoqueipsum
3533 4605 3698 4652 unum

2171 4736 2247 4806 (1)
2293 4736 2392 4819 Ep.
2440 4754 2513 4807 LI,
2550 4748 2681 4821 tom.
2715 4757 2786 4821 tv,
2815 4742 2922 4821 _c_ol.
2981 4744 3254 4821 545:1!“
3298 4748 3424 4803 liber
3475 4752 3696 4821 scriptus

2094 4817 2165 4887 est
2192 4812 2455 4887 occasione
2485 4812 2770 4887 schistttatis
2802 4813 3086 4870 Novatiani
3118 4828 3165 4870 et
3205 4821 3444 4887 factionis
3469 4812 3691 4878 Felicis-

2093 4879 2227 4957 simi.
2262 4882 2435 4957 pupin
2456 4924 2471 4946 ,
2493 4881 2819 4957 _Bibl._t1uct.,
2854 4894 2893 4939 t.
2915 4902 2952 4951 ι,
2983 4902 3037 4957 p.
3066 4879 3356 4955 260,'edit.
3389 4893 3480 4946 lat.
3506 4910 3518 4946 :
3541 4892 3695 4950 Liber

2096 4949 2175 5032 _Itic
2205 4950 2273 5003 ad
2292 4949 2906 5032 solvendum_Novatigui
2941 4949 3163 5012 scitisttta
3180 4949 3528 5032 conscriptus.
3571 4949 3694 5022 Fel-

2092 5020 2209 5105 [ιιιξζ
2243 5037 2304 5105 pr;
2320 5023 2456 5105 104.,
2476 5026 2569 5105 ed.
2601 5026 2781 5081 Brem.
2807 5025 3003 5105 Parum
3033 5032 3188 5105 abest,
3213 5020 3690 5105 inquit'Rollenus,

2090 5090 2373 5169 aibtgss.
2392 5093 2602 5169 rei.
2628 5113 2708 5164 ιιι,
2750 5113 2802 5167 ρ.
2848 5098 2974 5161 492,
3005 5103 3125 5169 quin
3151 5090 3353 5157 credam
3382 5105 3519 5159 hunc
3546 5090 3693 5163 ubeil

2090 5164 2197 5244 lutu
2219 5165 2280 5244 de
2300 5163 2507 5220 Unitate
2532 5163 2773 5244 Ecclesia}
2787 5163 3065 5244 orationem
3090 5189 3198 5227 esse
3225 5191 3375 5244 quam
3402 5174 3692 5244 Cyprianus

2091 5235 2162 5310 ad
2176 5236 2473 5310 episcopos,
2506 5239 2795 5310 clarumque
2820 5242 2873 5295 in
2890 5259 3045 5297 causa
3087 5235 3376 5301 schisiuatis
3407 5235 3692 5305 Novatiaui

2092 5306 2302 5387 tollendi
2323 5320 2656 5387 congregatos
2682 5306 2857 5366 habuit
2876 5314 3057 5387 ;_Itanc
3100 5318 3447 5384 coniectura»:
3476 5336 3688 5387 sequen-

2091 5378 2162 5429 tia
2227 5378 2452 5458 cjusdetit
2499 5378 2751 5458 tractatus
2815 5384 2963 5438 verba
3022 5402 3124 5440 non
3163 5378 3349 5458 parum
3402 5378 3643 5447 roborant
3669 5408 3690 5448 :

2096 5465 2113 5497 ι
2148 5464 2300 5530 quam
2345 5453 2587 5530 uuitateut
2614 5455 2829 5530 ﬁrmiter
2857 5466 3025 5530 tenere
3052 5467 3099 5511 et
3139 5453 3395 5516 vindicare
3448 5461 3688 5519 debemus

2089 5525 2310 5603 maxime
2332 5525 2553 5603 episcopi
2578 5526 2664 5596 qui
2693 5526 2745 5579 in
2775 5525 3007 5582 Ecclesia
3035 5531 3366 5603 prwsidentus
3408 5541 3463 5586 ut
3485 5535 3686 5603 episco-

2089 5600 2263 5657 patum
2287 5609 2483 5664 quoque
2501 5599 2667 5665 ipsum
2689 5614 2847 5652 unum
2871 5609 3023 5668 atque
3048 5602 3319 5657 indivisum
3341 5599 3629 5673 probemus.
3660 5622 3679 5662 ι

2087 5660 2170 5715 Cf.
2204 5670 2245 5717 t.
2273 5679 2351 5723 tv.
2380 5667 2484 5720 col.
2528 5668 2657 5723 501.

2158 5699 2170 5713 .
2204 5670 2245 5717 t.
2273 5679 2351 5727 tv,
2380 5670 2484 5720 col.
2528 5670 2657 5724 501.

2414 5737 2477 5791 de
2501 5736 2706 5813 imitate
2732 5740 2898 5809 Eccl.,
2932 5753 2969 5800 t.
3005 5760 3082 5813 tv,
3113 5745 3220 5802 col.
3244 5744 3371 5802 500.

2162 5804 2243 5879 (5)
2267 5804 2399 5862 Ibid.
2433 5808 2538 5863 col.
2572 5810 2695 5866 501.
