4050 6308
333 337 391 384 ιι
1781 317 2177 376 ΡΒιΕΕΑΤΙΟ.
3612 332 3646 370 x

334 446 498 509 atque
535 438 827 496 indivisum
856 437 1148 509 probemus
1169 436 1272 510 (l).
1308 455 1325 490 ι
1352 437 1410 492 4ο
1444 455 1461 489 ι
1498 434 1780 507 Quomodo
1807 436 1936 491 solis

332 530 487 587 multi
517 529 697 599 radii,
724 530 819 586 sed
858 530 1040 587 lumen
1068 546 1265 597 unum;
1292 539 1345 585 et
1363 530 1498 585 rami
1529 529 1738 584 arboris
1762 527 1935 596 multi,

330 624 428 683 Sed
458 625 633 681 robur
662 641 823 680 unum
858 624 1033 680 tenaci
1064 623 1247 680 radice
1297 622 1607 689 fundatum;
1642 631 1695 676 et
1719 636 1838 675 eum
1871 619 1940 675 de

329 718 485 776 fonte
508 734 619 774 uno
641 718 744 774 rivi
762 718 976 789 plurimi
999 717 1333 781 deﬂuunt...,
1356 718 1533 772 unitas
1557 726 1733 771 tamen
1756 730 1940 769 serva-

330 824 419 869 tur
481 814 535 869 in
587 813 864 883 origine...
912 813 1003 868 Sic
1063 821 1118 867 et
1158 812 1399 868 Ecclesia
1464 811 1745 865 Domini...
1774 808 1873 881 (ἕξ).
1913 827 1932 861 ι

330 906 388 963 5°
422 925 443 958 ι
479 905 789 962 Adulterari
840 922 947 962 non
992 896 1169 976 potest
1212 920 1407 976 sponsa
1436 903 1709 960 Christi...
1761 901 1937 958 Unam

329 998 550 1054 domum
570 1001 743 1065 novit,
771 999 927 1054 unius
947 999 1177 1056 cubiculi
1201 998 1538 1054 sanctitatem
1558 1007 1708 1053 casto
1734 995 1940 1067 pudore

328 1092 637 1149 custodit...
666 1092 803 1166 (5).»
839 1093 895 1148 6°
929 1111 947 1144 ι
980 1091 1097 1147 Una
1128 1100 1213 1147 est
1241 1102 1393 1147 extra
1417 1106 1578 1162 quam
1609 1089 1751 1144 haud
1780 1104 1939 1144 secus

327 1200 390 1241 ac
416 1195 574 1241 extra
603 1200 786 1240 arcam
808 1183 940 1249 Noe,
964 1199 1125 1238 nemo
1155 1183 1339 1239 salvus
1364 1182 1575 1250 evadit;
1603 1181 1806 1237 habere
1825 1181 1938 1250 jam

326 1294 433 1335 non
462 1288 647 1349 potest
700 1278 867 1332 Deum
896 1286 1127 1346 patrem,
1160 1278 1249 1347 qui
1291 1276 1591 1331 Ecclesium
1622 1290 1730 1330 non
1777 1273 1940 1328 habet

324 1380 557 1427 matrem
585 1368 689 1442 (4).
725 1388 745 1422 ι
778 1369 845 1424 Et
866 1370 1037 1424 alibi:
1076 1389 1094 1421 ι
1130 1368 1242 1425 Nec
1282 1377 1471 1437 putent
1511 1368 1614 1424 sibi
1668 1368 1793 1421 vita:
1847 1374 1940 1422 aut

325 1464 518 1520 Salutis
542 1471 793 1518 constare
825 1464 1113 1530 rationem,
1144 1462 1189 1516 si
1238 1463 1510 1531 episcopis
1540 1468 1596 1515 et
1643 1459 1939 1514 sacerdoti-

325 1554 428 1610 bus
444 1554 833 1625 obtemperare
856 1554 1200 1608 noluerint...
1221 1552 1409 1624 Neque
1432 1552 1576 1606 enim
1598 1552 1782 1606 vivere
1805 1550 1939 1605 furis

324 1654 578 1718 possunt,
604 1661 726 1701 cum
755 1644 947 1701 domus
972 1645 1066 1700 Dei
1094 1660 1197 1699 una
1220 1646 1309 1709 sit,
1340 1653 1394 1699 et
1424 1644 1625 1699 nemini
1648 1643 1792 1698 salus
1818 1656 1939 1697 esse

324 1742 428 1798 nisi
458 1744 510 1796 in
546 1739 789 1796 Ecclesia
816 1740 988 1810 possit
1009 1736 1221 1811 (5).»7°
1242 1756 1261 1789 ι
1294 1737 1432 1791 Dicit
1453 1737 1711 1791 Dominus
1736 1735 1756 1808 (
1777 1736 1934 1789 Joan.

322 1851 381 1902 ι,
403 1834 510 1905 50)
535 1850 550 1886 :
582 1832 696 1901 Ego
722 1842 769 1887 et
804 1830 962 1887 Pater
983 1848 1142 1886 unum
1165 1846 1355 1886 sumus.
1374 1829 1442 1884 Et
1469 1829 1661 1884 iterum
1686 1828 1752 1882 de
1778 1827 1940 1882 Patre

324 1927 537 1982 etFilio
582 1936 639 1981 et
692 1924 894 1994 Spiritu
938 1936 1128 1981 sancto
1184 1923 1442 1993 scriptum
1491 1930 1574 1977 est
1628 1918 1811 1991 (Joan.
1877 1935 1936 1984 1,

326 2038 378 2089 v,
410 2024 466 2093 7)
493 2040 506 2076 :
544 2019 613 2075 Et
641 2021 695 2074 hi
721 2030 821 2074 tres
839 2036 995 2075 unum
1020 2028 1157 2075 sunt.
1188 2019 1254 2073 Et
1275 2018 1558 2089 quisquam
1586 2016 1762 2072 credit
1798 2015 1939 2070 hanc

326 2115 664 2168 unitatem...
694 2111 869 2167 scindi
912 2112 968 2166 in
1016 2109 1258 2166 Ecclesia
1287 2109 1546 2180 posse...?
1574 2108 1722 2163 llanc
1765 2108 1940 2162 unita-

330 2215 435 2260 tem
464 2204 561 2274 qui
589 2219 699 2258 non
723 2212 889 2268 tenet,
923 2203 1018 2258 Dei
1056 2203 1231 2273 legem
1274 2218 1379 2257 non
1415 2210 1590 2267 tenet;
1636 2216 1742 2254 non
1795 2208 1941 2254 tenet

329 2300 506 2357 Patris
523 2311 580 2356 et
606 2300 730 2356 Filii
760 2299 944 2366 ﬁdem,
965 2299 1129 2354 vitam
1157 2313 1266 2353 non
1290 2305 1437 2353 tenet
1460 2305 1515 2353 et
1541 2295 1768 2352 salutem
1794 2293 1931 2363 (6).»

328 2393 387 2449 8⁸
417 2414 437 2447 ι
474 2394 589 2449 lloc
617 2394 841 2449 unitatis
870 2403 1335 2448 sacramentum...
1380 2390 1684 2447 ostenditur
1723 2388 1940 2459 quando

330 2487 382 2543 in
415 2487 714 2556 Evangelio
740 2488 917 2542 tunica
941 2486 1153 2541 Domini
1179 2486 1305 2541 Jesu
1326 2483 1526 2541 Christi
1553 2501 1658 2539 non
1687 2483 1940 2538 dividitur

330 2581 551 2635 omnino
572 2594 674 2634 nec
694 2579 960 2634 scinditur
983 2576 1160 2650 (7)....
1189 2578 1487 2645 lndividua,
1513 2577 1780 2647 copulata,
1808 2590 1940 2630 con-

330 2686 469 2729 nexa
500 2670 739 2728 ostendit
759 2671 940 2743 populi
971 2674 1139 2725 nostri
1160 2712 1175 2738 ,
1205 2672 1296 2741 qui
1326 2671 1598 2725 Christum
1629 2669 1900 2724 induimus
1919 2709 1937 2733 ,

330 2767 678 2823 concordiam
706 2766 1147 2821 cohaerentem...
1183 2784 1201 2816 ι
1225 2765 1282 2820 9°
1308 2783 1325 2815 ι
1352 2764 1532 2819 Monet
1556 2765 1670 2833 ipse
1690 2764 1740 2817 in
1762 2763 1938 2818 Evan-

331 2859 473 2931 gelio
503 2872 603 2914 suo
627 2866 684 2913 et
705 2857 883 2924 docet,
918 2857 1104 2912 dicens
1135 2856 1315 2930 (Joan.
1343 2873 1396 2922 χ,
1432 2856 1518 2925 16)
1543 2876 1553 2909 ;
1587 2856 1654 2910 Et
1686 2857 1779 2911 erit
1807 2873 1940 2912 unus

330 2968 455 3024 grex
498 2962 546 3007 et
591 2968 724 3005 unus
774 2961 952 3023 pastor
982 2950 1083 3022 (8).
1127 2969 1145 3001 ι
1183 2950 1272 3006 10⁸
1303 2950 1424 3005 Sint
1463 2950 1720 3004 clausula:
1768 2951 1940 3004 instar

334 3044 450 3099 hnc
476 3044 564 3114 pie
608 3043 881 3115 precantis
919 3043 1082 3098 verba
1115 3062 1127 3099 :
1160 3062 1178 3095 ‹
1212 3042 1351 3113 Opto
1391 3043 1673 3113 equidem,
1702 3042 1938 3098 dilecﬁs-

333 3136 454 3191 simi
486 3134 706 3202 fratres,
737 3144 791 3191 et
817 3135 1042 3191 consulo
1060 3135 1268 3207 pariter
1306 3144 1360 3191 et
1384 3135 1608 3201 suadeo,
1637 3144 1713 3203 ut,
1747 3135 1792 3189 si
1822 3133 1937 3189 ﬁeri

333 3242 535 3304 potest,
574 3248 739 3288 nemo
763 3232 833 3289 de
881 3233 1134 3288 fratribus
1182 3242 1386 3303 pereat,
1443 3242 1498 3288 et
1550 3231 1939 3287 consentientis

332 3328 516 3400 populi
566 3343 764 3400 corpus
799 3344 962 3384 unum
991 3329 1199 3400 gremio
1229 3343 1327 3383 suo
1368 3329 1611 3399 gaudens
1658 3338 1830 3382 mater
1856 3327 1939 3382 in-

332 3423 589 3478 cludat...
621 3424 760 3480 Deus
808 3439 944 3479 unus
990 3434 1095 3492 est,
1147 3433 1202 3479 et
1256 3424 1504 3479 Christus
1535 3438 1693 3487 unus,
1726 3432 1781 3478 et
1832 3437 1940 3478 una

333 3514 586 3571 Ecclesia
614 3519 754 3587 ejus,
783 3526 837 3572 et
878 3516 1012 3572 ﬁdes
1040 3532 1174 3582 una,
1227 3527 1282 3572 et
1305 3517 1456 3587 plebs
1500 3533 1601 3573 una
1630 3518 1682 3572 in
1709 3517 1939 3572 solidam

334 3611 582 3680 corporis
605 3611 908 3666 concordia:
930 3611 1134 3680 glutino
1162 3611 1409 3682 copulata
1443 3610 1538 3679 (9).
1566 3630 1584 3663 ι

410 3695 499 3750 VI.
541 3696 602 3751 2°
644 3696 723 3751 De
762 3695 993 3751 Ecclesia
1050 3714 1154 3751 una
1205 3706 1251 3751 et
1298 3697 1568 3752 catholica.
1616 3696 1741 3752 Haec
1776 3694 1940 3752 modo

335 3791 567 3861 carptim
622 3790 824 3856 allata,
889 3791 942 3845 in
1004 3791 1196 3847 eodem
1267 3792 1404 3847 libro
1458 3802 1512 3847 et
1572 3793 1698 3847 alibi
1776 3793 1941 3849 habet

336 3885 640 3955 Cyprianus
691 3904 702 3937 :
780 3904 798 3936 t
835 3883 1078 3940 Ecclesia
1150 3901 1252 3940 una
1299 3895 1384 3941 est
1426 3903 1546 3957 qua:
1600 3887 1654 3941 in
1699 3888 1938 3943 multitu-

339 3978 518 4034 dinem
546 3978 710 4033 latius
742 3979 1076 4035 incremento
1102 3979 1466 4036 faecunditatis
1506 3981 1936 4038 extenditur”...

336 4072 624 4142 Quomodo
675 4072 807 4128 solis
876 4074 1029 4127 multi
1082 4073 1264 4139 radii,
1336 4074 1429 4128 sed
1484 4074 1664 4128 lumen
1712 4089 1876 4127 unum
1922 4091 1937 4140 ;

335 4175 389 4222 et
446 4167 583 4220 rami
639 4164 851 4219 arboris
914 4165 1114 4228 multi,
1168 4164 1262 4218 scd
1315 4165 1483 4218 robur
1537 4180 1700 4218 unutn
1765 4164 1939 4220 tenaci

333 4259 520 4315 radice
561 4258 838 4312 fundatum
880 4276 892 4311 :
941 4267 996 4314 et
1048 4272 1170 4313 cum
1203 4257 1269 4313 de
1310 4256 1459 4313 fonte
1504 4272 1615 4313 uno
1665 4258 1765 4314 rivi
1819 4259 1937 4330 pltt-

337 4355 459 4408 rimi
503 4353 750 4408 defluunt
783 4395 798 4418 ,
852 4353 1218 4409 numerositas
1281 4353 1408 4409 licet
1454 4353 1647 4409 ditl'usa
1696 4354 1943 4411 videatur

337 4448 675 4504 exundantis
718 4448 889 4517 copia:
969 4448 1235 4519 largitate,
1310 4447 1489 4503 unitas
1572 4456 1749 4503 tamen
1826 4463 1940 4503 ser—

342 4553 497 4597 vatur
552 4544 605 4596 in
655 4542 1001 4611 origine....:
1055 4541 1132 4596 sic
1179 4550 1233 4597 et
1255 4540 1497 4596 Ecclesia
1547 4539 1758 4595 Domini
1821 4540 1942 4597 luce

339 4636 559 4708 perfusa
610 4651 708 4706 per
768 4635 954 4690 orbem
1027 4642 1200 4689 totum
1254 4633 1438 4689 radios
1492 4648 1624 4690 suos
1674 4633 1938 4703 porrigit;

339 4747 505 4785 unum
539 4739 721 4784 tamen
743 4728 924 4783 lumen
946 4736 1049 4791 est,
1082 4726 1226 4798 quod
1250 4727 1449 4797 ubique
1477 4725 1818 4795 diffunditur,
1844 4740 1944 4782 nec

340 4825 521 4879 unitas
547 4823 798 4893 corporis
827 4832 1111 4893 separatur
1135 4838 1150 4887 ;
1176 4837 1358 4878 ramos
1387 4837 1516 4878 suos
1547 4823 1599 4877 in
1632 4823 1942 4878 universam

343 4928 543 4974 terram
587 4918 742 4988 copia
771 4917 1033 4972 ubertatis
1070 4916 1332 4983 extendit,
1367 4916 1698 4987 proﬂuentes
1727 4918 1944 4989 largiter

345 5012 487 5068 rivos
513 5012 675 5068 latius
694 5012 951 5083 expandit
972 5010 1155 5084 (10)...
1184 5011 1442 5068 Ecclesia:
1464 5014 1728 5069 universa:
1752 5028 1848 5083 per
1864 5022 1943 5069 to-

417 5195 499 5335 (1)
524 5192 646 5249 Lib.
679 5194 743 5247 de
772 5192 980 5249 Unimte
1004 5191 1149 5247 Eccl.
1185 5202 1223 5248 t.
1246 5206 1323 5261 tv,
1353 5192 1459 5248 col.
1493 5191 1619 5248 501.

417 5267 475 5332 (2
529 5265 687 5329 lbid.,
717 5264 820 5319 col.
855 5265 981 5320 50:2.

416 5264 499 5332 (2)
529 5265 687 5329 lbid.,
717 5264 820 5319 col.
855 5265 981 5320 50:2.

419 5338 501 5407 (δ)
534 5336 696 5403 lbid.,
736 5337 842 5391 col.
872 5337 1001 5403 sua,
1034 5336 1157 5393 505.

417 5406 495 5480 (ι)
519 5408 680 5480 tum,
710 5406 817 5463 col.
854 5407 979 5465 sua.

419 5479 496 5550 (5)
530 5479 704 5547 Epist.
726 5495 856 5550 1.7x",
884 5480 992 5536 col.
1018 5479 1143 5545 570,
1177 5480 1300 5536 371.

423 5549 499 5625 (6⁷)
526 5551 717 5625 bib.de
750 5549 1099 5625 UinitaEcclq
1132 5561 1169 5608 t.
1199 5568 1277 5621 tv,
1311 5551 1416 5609 col.
1450 5550 1575 5606 504.

421 5621 502 5694 ('7)
528 5621 693 5694 tua,
721 5624 829 5678 col.
853 5622 980 5678 504.

445 5693 500 5760 8)
526 5693 688 5760 lbid.,
711 5696 817 5748 col.
849 5694 973 5749 505.

449 5765 699 5832 0)ἷ11›ἰ(1.,
726 5765 973 5820 col.5l7.

445 5696 477 5748 8
526 5696 688 5760 lbid.,
711 5696 817 5748 col.
849 5696 973 5749 505.

449 5696 699 5839 ﬁgflbid”
726 5765 973 5820 col.5l7.

377 5906 392 5918 ο
423 5696 538 5908 iam
562 5835 695 5892 Ibid.
732 5836 837 5891 col.
871 5835 993 5906 501,
1020 5837 1142 5891 502.

2052 443 2163 489 tum
2197 435 2456 489 mumlum
2484 431 2766 489 nobiscum
2813 434 3037 489 unitatis
3067 432 3283 490 vinculo
3310 434 3644 506 copulatae...

2051 525 2201 582 Unde
2214 526 2353 582 scire
2367 526 2606 583 debes...
2624 528 2820 583 frustra
2839 529 2940 583 sibi
2959 528 3188 583 blandiri
3210 544 3306 585 eos
3328 530 3438 600 qui,
3457 544 3644 600 pacem

2046 633 2169 697 cum
2217 620 2591 675 sacerdotibus
2620 620 2712 676 Dei
2741 636 2847 675 non
2876 620 3160 688 habentes,
3197 623 3464 692 obrepunt
3490 633 3544 677 et
3573 623 3651 677 la-

2048 722 2223 769 tenter
2244 714 2384 784 apud
2412 714 2673 785 quosdam
2700 720 3103 773 communicare
3118 732 3178 773 se
3202 717 3450 781 credunt,
3474 732 3650 787 quan-

2046 808 2116 862 do
2148 809 2545 881 Ecclesia,qu:e
2576 811 2844 866 catholica
2875 822 2929 867 et
2960 828 3062 866 una
3087 822 3190 879 est,
3222 814 3391 868 scissa
3420 828 3525 868 non
3554 814 3647 879 sit,

2046 918 2222 973 neque
2256 903 2448 971 divisa,
2480 903 2575 959 sed
2601 906 2671 959 sit
2697 905 2881 975 utique
2911 906 3155 961 connexa
3185 915 3240 961 et
3260 906 3647 963 cohaerentium

2046 998 2147 1052 sibi
2181 998 2412 1052 invicem
2443 998 2785 1054 sacerdotum
2808 1000 3014 1070 glutino
3042 1001 3292 1070 cepulata
3315 1001 3416 1074 (1).
3442 1021 3462 1055 ι

2119 1088 2230 1146 Vll.
2267 1089 2360 1144 His
2385 1100 2440 1144 et
2488 1090 2609 1145 aliis
2639 1090 2776 1145 bene
2825 1093 3007 1147 multis
3046 1109 3166 1163 qua:
3210 1094 3515 1149 meridiano
3540 1095 3655 1148 sole

2044 1183 2275 1237 clariora
2304 1193 2451 1249 sunt,
2498 1184 2752 1239 nebulam
2793 1185 3077 1242 ol'fundere
3126 1188 3381 1244 videntur
3424 1204 3487 1244 ea
3537 1204 3658 1257 qua!

2044 1288 2363 1347 sequuntur,
2395 1276 2537 1333 haud
2560 1279 2729 1334 semel
2762 1280 3189 1349 praecedentibus
3213 1298 3458 1337 annexa:
3491 1301 3509 1333 ι
3539 1283 3657 1337 Sci-

2044 1387 2105 1427 re
2126 1371 2293 1425 debes
2322 1373 2633 1441 episcopum
2670 1372 2723 1426 in
2756 1372 2998 1429 Ecclesia
3027 1388 3147 1429 esse
3180 1385 3234 1429 et
3272 1375 3570 1430 Ecclesiam
3601 1375 3653 1428 in

2044 1464 2303 1533 episcopo
2331 1463 2437 1535 (2).
2481 1463 2610 1519 Inde
2637 1465 2782 1518 enim
2823 1466 3008 1534 plures
3039 1465 3337 1521 intulerunt
3382 1464 3655 1537 Cypriano

2044 1556 2284 1626 ignotam
2306 1556 2472 1611 fuisse
2497 1557 2784 1626 genuinam
2806 1558 3029 1612 unitatis
3047 1558 3326 1613 catholica:
3351 1559 3653 1623 notionem,

2046 1647 2213 1702 immo
2239 1664 2361 1702 cum
2389 1649 2647 1712 sensisse.
2678 1648 2822 1719 quod
2857 1649 3019 1703 etiam
3054 1665 3196 1703 nunc
3223 1650 3374 1704 multi
3403 1650 3557 1704 bonae
3588 1652 3651 1703 li-

2045 1741 2130 1797 dei
2160 1742 2530 1797 Protestantes
2560 1742 2927 1808 admitterent,
2959 1743 3218 1797 unitatem
3240 1752 3519 1798 externam
3545 1744 3653 1797 Ec-

2045 1835 2228 1891 clesia:
2260 1836 2331 1890 ita
2366 1837 2569 1891 sensim
2623 1836 2741 1890 sine
2769 1850 2931 1891 sensu
2959 1837 3282 1899 accrevisse,
3333 1847 3392 1890 ut
3431 1836 3655 1907 singuhe

2045 1928 2310 1995 ecclesite,
2334 1928 2509 2000 primo
2534 1929 2873 1984 solainterua
2904 1928 3026 1985 ﬁdei
3061 1938 3118 1985 et
3146 1930 3421 1985 charitatis
3448 1930 3653 1983 unitatc

2047 2024 2294 2093 vigentes
2322 2021 2737 2086 etcoadunatae,
2766 2038 2980 2079 omnem
3037 2024 3089 2079 in
3129 2037 3229 2078 suo
3273 2038 3500 2094 qumque
3543 2024 3656 2093 epi-

2045 2129 2211 2183 scopo
2238 2114 2635 2169 communionis
2657 2114 2941 2169 catholicae
2965 2116 3075 2167 vim
3100 2123 3150 2169 et
3170 2114 3442 2169 vinculum
3461 2127 3656 2183 posue-

2045 2204 2176 2271 rint,
2198 2220 2371 2274 eoque
2391 2206 2616 2260 interna:
2634 2207 2849 2260 virtutis
2867 2206 3068 2261 inﬁuxu
3085 2206 3330 2261 excitatae
3358 2206 3559 2260 fuerint
3586 2207 3651 2259 ad

2046 2298 2145 2353 sibi
2175 2298 2311 2352 alias
2339 2299 2596 2353 ecclesias
2629 2299 2819 2354 eodem
2842 2300 3060 2354 vinculo
3088 2299 3499 2367 coadunandas;
3530 2300 3655 2353 hinc

2046 2406 2175 2461 ergo
2203 2399 2482 2460 separatas
2514 2392 2745 2460 primum
2779 2390 3053 2445 Ecclesias
3077 2391 3129 2445 in
3162 2407 3328 2445 unum
3362 2405 3484 2445 sese
3523 2405 3657 2461 pau-

2047 2481 2196 2535 latim
2226 2482 2582 2546 convertisse,
2608 2482 2732 2544 sibi.
2766 2481 3075 2537 labentibus
3108 2481 3341 2545 smculis,
3374 2482 3506 2535 alias
3526 2481 3651 2537 aliis

2046 2574 2403 2639 assimilasse,
2457 2589 2486 2627 a
2530 2574 2838 2645 pluralitate
2892 2574 2960 2628 ad
2991 2574 3250 2629 unitatem
3300 2572 3653 2638 conﬂuxisse,

2047 2682 2146 2723 nec
2199 2677 2376 2723 tamen
2433 2669 2645 2738 penitus
2700 2668 2947 2723 amisisse
2988 2669 3260 2739 primaeva:
3297 2667 3560 2723 libertatis
3600 2675 3656 2721 et

2046 2760 2400 2829 singularium
2421 2760 2869 2815 communitatum
2893 2760 3014 2829 jura
3044 2758 3445 2814 indcfectibilia.

2118 2855 2466 2910 Gravissima:
2499 2855 2658 2926 hujus
2690 2856 3076 2910 controversia:
3118 2854 3455 2926 Cyprianicae
3489 2852 3654 2909 cardo

2048 2956 2193 3003 totus
2224 2949 2452 3003 vertitur
2501 2951 2552 3001 in
2601 2964 2667 3003 eo
2708 2948 2852 3019 quod
2889 2946 3193 3020 Cyprianus
3230 2947 3298 3002 de
3339 2949 3655 3017 episcopatu

2046 3042 2312 3107 senserit;
2344 3041 2509 3112 idque
2532 3043 2599 3097 ab
2617 3057 2677 3098 ea
2699 3058 2857 3113 quam
2888 3042 2989 3097 sibi
3018 3041 3292 3097 effinxerit
3318 3040 3652 3111 apostolatus

2046 3133 2163 3188 idea
2195 3133 2471 3189 derivasse
2505 3143 2672 3203 patet.
2722 3133 3025 3204 Utrumque
3056 3148 3185 3203 ergo
3216 3132 3401 3201 paucis
3430 3131 3653 3185 investi-

2044 3228 2298 3299 gandum.
2325 3228 2495 3283 Porro
2511 3227 2807 3300 Cyprianus
2829 3227 2961 3282 illud
2986 3227 3200 3297 penitus
3223 3226 3275 3281 in
3304 3235 3486 3281 mente
3511 3240 3651 3296 prte-

2045 3331 2362 3392 conceptum
2413 3320 2640 3386 habuit,
2702 3320 2995 3391 Apostolos
3051 3321 3103 3373 in
3159 3318 3356 3389 quibus
3402 3318 3650 3374 Ecclesia

2045 3416 2290 3471 subsedit
2319 3430 2382 3470 ac
2411 3413 2671 3470 aediﬁcata
2704 3414 2820 3479 fuit,
2872 3413 3183 3482 neutiquam
3214 3412 3379 3466 fuisse
3421 3411 3555 3465 alios
3579 3410 3647 3465 ab

2044 3508 2165 3563 aliis
2210 3507 2520 3576 sejunctos,
2581 3506 2649 3560 ab
2704 3521 2811 3561 uno
2854 3505 3069 3560 Christo
3108 3505 3337 3560 seorsim
3379 3517 3474 3557 sua
3500 3503 3645 3573 jura,

2045 3618 2197 3657 suam
2231 3610 2553 3674 potestatem
2612 3601 2906 3666 habentes;
2956 3599 3122 3653 immo
3171 3613 3302 3653 vero
3358 3612 3547 3652 omnes
3594 3606 3650 3651 et

2045 3711 2482 3767 unumquemque
2525 3697 2578 3750 in
2610 3710 2773 3749 unum
2824 3692 3076 3763 idemque
3120 3705 3317 3760 corpus
3362 3688 3644 3755 conﬂatos,

2048 3787 2117 3843 ab
2158 3788 2349 3843 eadem
2372 3787 2670 3849 voluntate,
2698 3786 2749 3840 in
2775 3784 2963 3842 eadem
2981 3784 3179 3838 virtute
3199 3782 3264 3837 ad
3292 3798 3455 3836 unum
3483 3781 3645 3835 ﬁnem

2046 3883 2397 3947 convenisse;
2430 3895 2707 3951 unumque
2742 3880 2960 3935 Petrum
3003 3892 3125 3933 esse
3158 3879 3325 3932 totius
3363 3874 3645 3946 apostolici

2046 3976 2293 4044 corporis
2337 3983 2517 4043 caput,
2565 3972 2786 4026 unitatis
2826 3978 3070 4026 centrum
3106 3978 3161 4023 ct
3199 3968 3502 4037 fastigium;
3535 3980 3645 4020 non

2047 4077 2251 4123 tantum
2276 4081 2405 4138 ergo
2427 4081 2593 4120 unum
2612 4077 2733 4120 esse
2751 4062 3035 4134 apostolici
3050 4060 3261 4132 collegii
3284 4069 3463 4130 caput,
3483 4057 3579 4115 sed
3592 4067 3647 4115 et

2047 4178 2207 4217 unam
2231 4160 2581 4232 apostolicam
2616 4172 2922 4228 personam.
2945 4156 3080 4210 Ilinc
3096 4156 3149 4210 in
3166 4156 3282 4226 ipso
3309 4155 3649 4225 rebaptizan-

2049 4256 2175 4309 tium
2217 4252 2445 4309 tumultu
2476 4252 2590 4305 haec
2615 4247 2917 4322 Cyprianus
2936 4246 3001 4301 ad
3040 4246 3360 4302 Jubaianum
3389 4264 3401 4301 :
3430 4264 3449 4298 ι
3483 4245 3648 4301 Petro

2047 4348 2279 4417 primum
2303 4344 2566 4400 Dominus
2593 4356 2756 4412 super
2782 4355 2943 4411 quem
2972 4338 3255 4392 aediﬁcavit
3286 4336 3546 4391 Ecclesia.
3581 4335 3649 4390 Et

2050 4442 2195 4497 unde
2220 4439 2440 4496 unitatis
2462 4437 2722 4508 originem
2747 4433 2977 4490 instituit
3014 4444 3069 4489 ct
3111 4431 3366 4497 ostendit,
3405 4437 3649 4501 potesta-

2050 4544 2155 4590 tem
2190 4533 2346 4589 istam
2373 4532 2543 4595 dedit,
2584 4537 2643 4583 ut
2669 4528 2721 4583 id
2764 4527 3068 4583 solveretur
3095 4527 3149 4581 in
3180 4526 3355 4592 cmlis,
3385 4523 3527 4596 quod
3555 4523 3651 4580 ille

2049 4627 2298 4681 solvisset
2327 4625 2377 4679 in
2412 4623 2591 4679 terris.
2620 4622 2681 4676 Et
2716 4630 2833 4690 post
2867 4619 3318 4676 resurrectionem
3342 4632 3557 4689 quoque
3578 4616 3649 4672 ad

2050 4719 2338 4791 Apostolos
2365 4717 2623 4789 loquitur,
2653 4715 2874 4770 dicens:
2910 4715 3058 4770 Sicut
3077 4714 3214 4767 misit
3244 4729 3343 4780 me,
3371 4720 3479 4769 etc.
3509 4711 3642 4784 (3)..

2049 4814 2258 4869 Clamat
2287 4812 2546 4867 Dominus
2565 4852 2579 4877 ,
2611 4817 2667 4864 ut
2686 4810 2773 4878 qui
2798 4809 2923 4875 sitit,
2954 4809 3190 4861 veniat...
3218 4804 3285 4861 ad
3323 4805 3645 4872 Ecclesium,

2050 4922 2168 4977 qua:
2193 4921 2296 4959 una
2322 4913 2403 4959 est
2430 4911 2487 4959 et
2516 4916 2680 4973 super
2708 4916 2871 4955 unum
2894 4942 2908 4966 ,
2951 4899 3041 4969 qui
3068 4908 3123 4953 et
3151 4898 3329 4953 claves
3351 4898 3466 4970 ejus
3487 4912 3648 4953 acce-

2049 4999 2162 5070 pit,
2194 4998 2402 5052 Domini
2446 5010 2579 5050 voce
2628 4993 2847 5048 fundata
2889 5000 2971 5047 est
3016 4990 3113 5063 (4).
3150 4991 3381 5061 Spiritus
3428 4998 3649 5046 sanctus

2050 5105 2211 5157 unus,
2244 5098 2298 5145 et
2337 5104 2438 5143 una
2467 5086 2712 5143 Ecclesia
2758 5100 2789 5140 a
2833 5083 3049 5139 Christo
3079 5083 3306 5138 Domino
3352 5098 3514 5153 super
3541 5082 3645 5139 Pe-

2052 5194 2191 5239 trum
2224 5182 2430 5251 origine
2455 5179 2677 5234 unitatis
2705 5186 2759 5232 et
2803 5176 3014 5230 ratione
3055 5174 3273 5231 fundata
3320 5174 3419 5245 (5).
3463 5172 3645 5242 Unde,

2048 5278 2158 5348 jam
2180 5274 2390 5330 laudata
2430 5286 2708 5328 resumere
2745 5268 2924 5341 juvat,
2962 5286 2982 5319 ε
3014 5277 3071 5323 ut
3100 5268 3357 5323 unitatem
3387 5264 3648 5321 manifes-

2054 5380 2213 5437 taret,
2246 5382 2404 5424 unam
2434 5365 2744 5423 cathedram
2785 5362 3083 5430 constituit,
3136 5360 3354 5418 unitatis
3399 5359 3644 5431 ejusdem

2126 5548 2208 5619 (1)
2237 5548 2340 5619 Ep.
2376 5562 2522 5614 LXIX,
2546 5554 2588 5619 ι.
2614 5560 2689 5611 tv,
2714 5543 2819 5600 col.
2843 5543 2970 5600 106.

2131 5618 2206 5688 (2)
2236 5618 2371 5673 lbid.
2400 5620 2502 5673 loc.
2538 5618 2634 5675 cit.

2124 5682 2204 5759 (⁵5)
2242 5690 2412 5759 Epist.
2442 5704 2603 5743 Lxxut
2631 5704 2685 5742 n.
2710 5688 2765 5748 7.
2802 5697 2933 5743 tom.
2964 5702 3043 5754 ιιι,
3067 5687 3172 5742 col.
3200 5682 3356 5759 1114.

2130 5755 2212 5833 (ι’)
2241 5755 2412 5833 Epist.
2447 5775 2631 5824 LXXIII,
2661 5775 2717 5833 η.
2744 5761 2834 5829 11,
2867 5768 2996 5817 tom.
3025 5774 3103 5828 ιιι,
3136 5755 3238 5813 col.
3270 5755 3432 5812 1116.

2128 5831 2212 5902 (5)
2246 5832 2417 5903 Epist,
2446 5846 2570 5901 1.3x,
2602 5846 2654 5886 n.
2688 5831 2739 5887 5.
