3982 6310
225 300 308 345 xtu
1648 261 1795 341 ΡΜ

1909 265 2040 340 ΤῘΟ.
3080 247 3086 255 ⁸
3404 299 3494 339 xtv

222 402 305 458 das
344 395 562 455 mandat
590 401 716 454 oves
766 403 910 455 suas.
941 393 1008 456 at
1037 401 1281 472 quamvis
1314 383 1586 471 Apostous‘
1613 397 1788 454 omni-

221 493 308 551 bu's
475 485 932 548 resurrectionem
955 493 1108 548 suam
1134 495 1319 564 parent
1351 489 1676 562 potestatem
1694 489 1790 546 tri-

218 587 328 645 sua:
347 585 403 644 et
430 579 582 642 ditat
601 579 779 644 fﬂicttt
806 587 945 643 misit
967 589 1046 642 Hic"
1076 577 1314 655 Patcf,et
1333 591 1427 658 ego
1445 588 1590 641 mitto
1610 589 1794 651 κόμη(

218 681 398 749 tmen,
433 669 495 736 ut
547 673 802 736 unitatem
856 673 1250 747 manifestaret,
1283 681 1444 736 unam
1482 672 1793 736 cathedram

217 769 499 838 constituit,
557 761 782 828 unitatis
818 761 1064 842 ejusdem
1116 771 1383 844 originem
1422 765 1488 827 ab
1519 767 1626 826 ilhc
1655 770 1787 826 inci-

213 867 434 938 pientem
462 863 564 921 sita
603 860 920 921 auctoritate
963 857 1252 934 dispesu‘it.
1284 856 1396 920 Hoc
1425 865 1580 920 erant
1609 865 1662 920 et
1692 863 1794 919 cai-

213 951 300 1015 teri
323 949 569 1028 Apostuli
587 948 732 1030 quod
762 953 861 1014 fuit
891 951 1106 1026 Petrus,
1141 961 1254 1029 pari
1282 943 1557 1014 causortio
1586 955 1794 1028 prmditi

212 1049 259 1112 et
295 1045 514 1110 honoris
547 1049 602 1110 et
635 1046 953 1126 potestatis;
1011 1055 1108 1111 sed
1140 1049 1419 1112 exordium
1467 1047 1536 1110 ab
1590 1053 1792 1109 unitate

212 1147 572 1217 proﬁciscitur,
599 1157 653 1202 et
679 1147 945 1217 primatus
978 1147 1138 1202 Petro
1167 1147 1345 1214 datur,
1377 1156 1435 1202 ut
1464 1155 1566 1202 una
1594 1137 1793 1202 Christi

212 1239 428 1296 Ecclesia
457 1249 515 1297 et
537 1241 794 1296 cathedra
823 1256 927 1296 una
958 1250 1289 1297 monstretur
1313 1240 1419 1312 (1).
1450 1261 1470 1295 ι

271 1332 388 1389 Haec
417 1333 471 1387 in
518 1333 639 1402 ipso
667 1333 1067 1405 rebaptismatis
1100 1335 1347 1401 tumultu,
1379 1343 1441 1389 ut
1466 1333 1628 1390 modo
1656 1333 1792 1389 dixi-

211 1438 334 1491 mus,
355 1421 420 1478 ad
445 1415 776 1479 Jubaianum
803 1411 1010 1488 scribit,
1043 1425 1234 1482 dicens
1266 1444 1278 1478 :
1315 1443 1334 1478 ι
1370 1413 1532 1482 Petro
1563 1426 1794 1495 primum

213 1514 470 1582 Dominus,
503 1529 674 1586 super
702 1529 863 1588 quem
895 1517 1192 1572 aditicavit
1235 1505 1558 1587 Ecciesiam,
1576 1527 1630 1574 et
1653 1517 1799 1574 unde

209 1605 406 1663 tinitatis
462 1608 736 1679 originem
786 1597 1021 1666 iﬁStituit
1079 1604 1133 1665 et
1179 1601 1437 1678 ostendit,
1469 1613 1792 1681 patéstate'in

213 1698 346 1753 istam
373 1698 547 1766 dedit,
583 1699 641 1754 ut
681 1700 734 1756 id
767 1687 1067 1758 solveretur
1115 1702 1166 1756 in
1195 1699 1348 1759 coelis
1374 1703 1515 1775 quod
1563 1695 1652 1759 ille
1678 1703 1792 1759 sol-

219 1792 365 1848 visset
388 1793 441 1848 in
473 1794 641 1849 terris
687 1793 789 1865 (2).
819 1796 1028 1850 Clamat
1060 1794 1318 1852 Dominus
1362 1806 1420 1852 ut
1443 1799 1528 1868 qui
1564 1799 1691 1865 sitit,
1712 1814 1796 1854 υσ-

212 1887 302 1942 ιιὶιιι
347 1891 392 1942 et
422 1877 562 1944 bibit!
603 1887 670 1946 de
710 1889 1022 1946 fluminibus
1065 1893 1217 1962 aqthn
1251 1892 1393 1947 vita!
1427 1897 1548 1964 quas
1585 1891 1654 1949 (ιε
1679 1892 1794 1964 ejus

213 1983 374 2037 vehtr‘e
453 1969 757 2037 fluxerunt.
814 1981 934 2049 Quo
1002 1971 1266 2038 venturus
1339 1991 1419 2039 est
1486 1985 1576 2055 qui
1635 1977 1798 2039 sitit?

215 2084 438 2131 utrumne
467 2076 539 2130 ad
568 2074 950 2142 hmreticos...,
980 2089 1048 2131 au
1080 2079 1145 2133 ad
1173 2077 1501 2145 Ecclesium,
1539 2088 1658 2148 qua:
1690 2085 1796 2133 una

217 2167 528 2240 estetsuper
551 2171 743 2235 unum,
774 2169 864 2239 Qui
891 2177 945 2224 et
970 2170 1150 2223 claves
1177 2170 1296 2240 ejus
1317 2172 1543 2240 accepit,
1582 2158 1797 2225 Domini

217 2267 325 2315 voce"
349 2249 569 2314 fundata
601 2259 730 2316 est?
760 2249 890 2316 Haec
917 2269 998 2315 est
1030 2265 1131 2315 una
1163 2269 1281 2331 quae
1306 2267 1452 2316 tenet
1473 2263 1527 2316 et
1556 2253 1798 2332 possidet

217 2367 405 2408 omnem
456 2355 652 2424 sponsi
681 2354 764 2408 sui
793 2363 847 2408 et
872 2353 1075 2408 domini
1123 2363 1441 2424 potestatem
1482 2354 1582 2426 (3).
1617 2375 1635 2407 ι
1673 2341 1798 2412 ilice

220 2447 381 2502 eadem
413 2447 558 2502 intra
603 2446 1106 2518 Carthaginiensium
1147 2447 1476 2520 synodorum
1507 2449 1798 2503 conciones

220 2537 498 2608 etdecrctd,
528 2540 624 2598 vel
667 2542 1014 2611 semetipsum
1063 2539 1416 2597 damnaturus
1446 2542 1642 2610 sanxit,
1671 2553 1796 2596 cum

220 2633 330 2690 dixit
367 2655 378 2688 :
420 2655 438 2688 ι
470 2633 718 2707 Spiritus
773 2645 992 2690 sanctus
1048 2652 1207 2703 unus,
1246 2645 1301 2692 et
1347 2651 1452 2691 una
1498 2635 1737 2692 Ecclesia
1765 2652 1794 2690 a

221 2726 407 2784 Christo
438 2731 682 2786 Domino
711 2745 872 2800 super
904 2730 1121 2785 Petrum
1142 2729 1351 2802 origine
1381 2732 1600 2787 unitatis
1623 2740 1678 2787 et
1705 2745 1797 2786 ras

223 2821 356 2878 tionis
380 2813 602 2879 fundata
633 2823 734 2896 (4).
769 2840 786 2877 ι

275 2911 336 2967 Χ.
367 2901 588 2971 Nullum
642 2932 751 2971 non
807 2927 1093 2974 moverum
1121 2917 1352 2988 lapidem
1386 2917 1528 2986 quia
1560 2901 1665 2973 ﬁde
1694 2917 1795 2974 Ro-

223 3023 353 3062 mana
381 3009 726 3077 defecerunt,
753 3019 810 3065 ut
838 3011 978 3066 hanc
1010 3011 1440 3066 testimoniorum
1468 3011 1666 3065 molem
1687 3011 1796 3067 dis-

223 3097 388 3169 sipent.
437 3101 567 3168 Alii,
621 3101 784 3156 dente
812 3101 993 3157 invido
1033 3103 1193 3158 verba
1225 3102 1376 3173 quasi
1421 3100 1793 3171 corradentes,

224 3193 444 3250 nonfiulla
473 3194 758 3252 excidisse
780 3198 831 3252 in
856 3187 1129 3252 nunnullis
1147 3195 1424 3253 codicibus
1453 3214 1796 3269 summopere

220 3284 411 3352 iactant.
443 3287 652 3357 Quidni
702 3303 829 3343 vero
867 3289 1034 3344 refert
1073 3285 1331 3344 exciderit
1374 3301 1440 3345 ex
1475 3292 1557 3346 his
1588 3306 1689 3345 una
1720 3291 1797 3346 al-

224 3387 379 3437 terave
403 3382 624 3447 vocula,
653 3381 947 3437 dummodo
974 3387 1116 3437 Sient
1137 3381 1377 3437 czetcrtt?
1406 3380 1558 3437 Stant
1592 3389 1720 3438 vero
1741 3389 1796 3438 et

223 3469 348 3540 plura
373 3477 553 3539 ;stant
587 3475 782 3530 invicta
813 3486 864 3528 et
894 3473 1280 3530 lneluctabilia.
1303 3473 1407 3528 Alii
1434 3477 1652 3528 Sensum
1684 3471 1792 3530 dis-

223 3573 463 3636 torquent,
496 3576 578 3630 et,
623 3565 838 3622 Pctrutn
868 3565 1015 3621 velut
1057 3555 1410 3622 umbraticum
1458 3566 1667 3636 signum
1697 3580 1796 3633 pro

223 3653 374 3712 derisu
425 3657 713 3724 habentes,
742 3656 816 3713 nil
849 3659 946 3712 uisi
976 3671 1200 3712 vacuum
1229 3657 1466 3726 episcopi
1511 3655 1798 3728 cujuslibet

223 3757 380 3821 typum
408 3752 458 3808 in
487 3765 558 3809 eo
587 3749 1020 3822 deprehendunt,
1051 3760 1141 3804 aut
1165 3748 1446 3819 quamdam
1475 3745 1587 3805 fere
1616 3748 1796 3802 evani-

224 3844 323 3901 dam
350 3849 506 3904 totius
538 3847 888 3917 episcopatus
937 3845 1248 3916 imaginem,
1302 3844 1454 3912 cujus
1486 3843 1551 3898 ad
1583 3858 1797 3898 succes-

223 3956 350 3997 sores
374 3959 470 3998 nec
500 3943 642 3998 levis
688 3942 874 3996 umbra
928 3939 1255 4010 pertransiit.
1283 3938 1404 4003 Alii,-
1448 3954 1510 3992 ac
1534 3939 1798 4008 praecipue

226 4032 342 4090 inter
382 4043 655 4091 noetrates
701 4031 1014 4104 gallicanos,
1048 4019 1314 4085 suhtitiori
1338 4028 1570 4098 quodam
1605 4029 1797 4082 intuitu

223 4125 390 4184 Sedcm
441 4145 470 4183 a
501 4123 732 4184 sedente
777 4126 1167 4204 discernentes,
1215 4121 1473 4193 quidquid
1525 4129 1794 4187 sanctum,

225 4234 446 4291 magnum
477 4237 543 4276 ac
591 4218 903 4290 primarium
931 4225 1014 4272 cst
1055 4215 1180 4274 Sedi
1213 4215 1380 4270 effuse
1413 4215 1677 4278 tribuunt,
1711 4230 1797 4268 se-

226 4314 450 4372 dentibus
466 4323 649 4370 autcm
671 4313 1017 4368 Pontiﬁcibus
1033 4310 1422 4373 infirmitatem,
1446 4307 1794 4362 imbecillita-

229 4413 334 4473 tem,
357 4413 597 4465 errorem‘
617 4406 944 4472 coudonant,
966 4419 1163 4474 easque
1182 4400 1534 4473 prurientium
1557 4399 1797 4455 scholas-

229 4499 427 4555 ticorum
451 4504 614 4557 tricas
644 4498 1004 4556 venerandam
1027 4497 1404 4566 antiquitatem
1438 4509 1500 4547 ac
1523 4493 1579 4548 in
1609 4493 1798 4563 primis

230 4590 526 4663 Cyprianum
587 4591 746 4664 pleno
791 4591 1036 4660 amplexu
1087 4589 1382 4658 excepisse,
1441 4585 1657 4652 fovisse,
1703 4585 1799 4640 do-

232 4688 383 4744 cuisse
409 4695 798 4746 centestautur.
829 4685 1004 4741 Testis
1033 4691 1208 4739 tamen
1241 4689 1358 4737 esto
1401 4683 1514 4753 ipse
1559 4675 1798 4751 pontifex

232 4788 277 4834 et
315 4791 527 4855 martyr,
573 4784 663 4854 qui
707 4780 820 4836 haec
872 4788 1056 4851 aperte
1098 4784 1410 4832 asseverat:
1445 4769 1497 4830 l"
1525 4772 1797 4829 Christum

235 4868 459 4931 fundasse
489 4874 751 4930 unitatem
783 4873 908 4926 ﬁdei
937 4882 990 4926 et
1019 4869 1421 4925 communionis
1443 4867 1721 4924 catholica:
1744 4869 1797 4922 in

238 4962 372 5021 Petro
397 4984 410 5034 ;
435 4967 493 5023 2"
523 4969 576 5022 in
609 4967 755 5022 Petri
784 4965 960 5021 locum
989 4964 1318 5020 successisse
1343 4963 1582 5035 legitimo
1612 4969 1666 5017 et
1696 4962 1798 5032 plc-

240 5057 568 5132 uissimojure
596 5059 928 5127 Cornelium,
956 5055 1198 5123 Lucium,
1223 5053 1554 5128 Stephanum
1582 5073 1596 5121 ;
1628 5054 1683 5110 5⁸
1707 5053 1797 5127 qui

240 5163 340 5205 cum
366 5155 460 5209 illis
492 5155 828 5219 nominatim,
856 5168 954 5208 nec
1002 5160 1207 5207 tantum
1247 5167 1366 5207 cum
1410 5151 1627 5206 illorum
1658 5149 1798 5208 Sede

244 5242 443 5304 inaniter
471 5250 526 5304 in
552 5249 827 5304 abstracto
854 5245 1217 5318 apprehensa,
1241 5246 1622 5313 communicat,
1652 5257 1797 5300 com-

245 5339 485 5398 municztre
507 5346 628 5399 cum
661 5340 898 5398 Ecclesia
928 5341 1191 5396 catholica
1222 5357 1236 5407 ;
1269 5339 1327 5395 4ο
1359 5339 1448 5410 qui
1479 5353 1606 5394 vero
1645 5338 1798 5395 abiis

307 5519 375 5593 (l)
398 5523 456 5578 ι..
485 5525 547 5580 de
569 5523 711 5580 Unit.
744 5522 967 5589 Eodem,
997 5531 1040 5580 t.
1073 5538 1146 5588 tv,
1177 5522 1279 5579 col.
1310 5519 1434 5578 500.

305 5593 372 5666 (2)
395 5593 486 5666 Ep.
520 5611 708 5660 uxm,
743 5605 783 5651 t.
815 5609 891 5660 ιιι,
921 5596 1025 5651 col.
1063 5595 1221 5651 HM.

310 5665 376 5737 (ὅ)
411 5665 506 5737 Ep.
529 5683 708 5734 Lxxiu,
737 5678 776 5722 t.
804 5681 880 5734 ιιι,
900 5667 1004 5722 col.
1040 5666 1199 5722 1116.
1399 5736 1404 5737 ί
1491 5736 1512 5737 ἡ
1769 5687 1774 5694 '

311 5735 380 5805 (4)
406 5735 599 5793 Concil.
653 5737 905 5810 Carthag.
952 5739 1052 5796 sub
1088 5737 1254 5811 Cypr.
1284 5753 1334 5804 v,
1379 5736 1446 5793 de
1488 5736 1690 5808 Baptis.
1715 5753 1748 5792 ιι
1784 5777 1800 5800 ,

319 5823 369 5869 tt,
394 5808 488 5866 col.
516 5808 673 5869 1045.

303 5823 369 5876 ιι,
394 5811 488 5866 col.
516 5811 673 5869 1045.

1901 395 2275 465 PontifiCibtis,
2312 403 2417 455 non
2473 403 2680 455 tantum
2721 397 2790 456 ah‘
2843 399 3057 456 illorum
3087 397 3230 457 sedis
3281 401 3489 465 umbra,

1898 497 2228 561 discesserit,
2244 512 2364 550 eum
2385 496 2680 551 Ecclesium
2697 495 2939 562 scidisse,
2960 495 3119 551 fidem
3137 493 3496 565 destruxisse,

1897 591 2087 646 contra
2137 590 2430 646 Ecclesiam‘
2464 599 2514 646 ct
2550 591 2642 647 Dei
2689 591 3095 662 dispositionem
3144 593 3492 663 reptignaSSe,

1901 699 1996 755 pro
2025 683 2132 740 ﬁde
2161 685 2448 755 perﬁdum,
2494 699 2594 740 nec
2620 685 2687 738 ab
2729 685 2958 756 ipsamet
2989 685 3111 741 ﬁdei
3138 699 3258 741 cum
3291 687 3496 756 marty-

1900 777 1979 833 rio
2007 775 2349 833 confessione
2377 777 2724 847 expiandum.
2760 776 2884 832 llaec
2930 778 3061 832 satis
3095 785 3253 833 sunto
3289 777 3354 832 ad
3387 785 3498 832 sta-

1897 871 2172 935 tuendam,
2227 878 2282 925 ut
2334 871 2628 934 voluimus,
2675 871 3096 940 propositionem
3131 879 3368 926 nostram
3401 887 3414 922 :
3445 870 3497 924 in

1897 972 2078 1019 mente
2108 977 2302 1035 nempe
2338 963 2590 1036 Cypriani
2644 959 2942 1018 Ecclesiam
2991 967 3150 1019 unam‘
3196 973 3250 1020 et
3277 964 3500 1020 catholi-

1897 1059 2016 1111 eam
2043 1061 2149 1111 non
2181 1056 2344 1111 fuisse
2374 1069 2402 1109 a
2435 1055 2676 1110 Romana
2706 1045 2834 1110 sede
2863 1055 3184 1125 seiunctam.

1969 1141 2059 1202 XI.
2089 1145 2146 1202 4°
2177 1143 2415 1202 Ecclesia
2454 1147 2571 1202 haec
2621 1159 2744 1214 una,
2777 1145 3064 1213 catholica,
3115 1147 3394 1213 Romana,
3431 1147 3500 1203 ad

1899 1247 2134 1294 mentem
2157 1238 2435 1311 Cypriani,
2458 1253 2575 1292 vera
2595 1247 2667 1293 est
2687 1245 2733 1292 et
2757 1241 2904 1293 unica
2928 1235 3048 1308 ﬁdei
3069 1239 3245 1311 regula
3281 1239 3500 1295 certissi-

1899 1341 1999 1397 ma,
2033 1344 2123 1385 nec
2151 1332 2338 1386 erroris
2363 1331 2519 1386 ullius
2550 1329 2663 1386 labe
2701 1331 3007 1385 inluminant
3054 1348 3145 1386 nec
3187 1332 3502 1386 inluminan-

1899 1422 2041 1478 dam.

1972 1517 2117 1579 ilice,
2149 1518 2252 1572 etsi
2282 1517 2524 1587 pluribus
2569 1519 2678 1574 sint
2741 1519 2966 1589 prodigii
2996 1519 3214 1587 similia,
3244 1535 3311 1576 ex
3341 1517 3499 1577 antea

1899 1609 2055 1664 dictis
2105 1609 2273 1664 ﬁuere
2323 1624 2386 1664 ac
2443 1611 2758 1666 necessario
2829 1611 3046 1685 tramite
3097 1612 3290 1667 deduci
3333 1620 3499 1682 patet.

1898 1704 2090 1760 Nonne
2135 1703 2206 1759 ibi
2257 1703 2360 1759 erit
2402 1703 2525 1759 fidei
2566 1704 2749 1774 regula
2803 1718 2929 1760 vera
2960 1713 3017 1760 et
3069 1705 3246 1773 unica,
3301 1704 3388 1760 ubi
3420 1705 3506 1761 est

1906 1803 1926 1852 ι
1957 1813 2058 1854 una
2087 1808 2141 1853 et
2190 1800 2425 1868 perfecta
2471 1797 2569 1853 Dei
2611 1797 2858 1854 columba
2885 1815 2898 1863 ;
2939 1817 2956 1850 ι
2985 1798 3072 1854 ubi
3107 1817 3126 1851 ‹
3157 1813 3296 1854 unus
3323 1798 3504 1854 Domi-

1901 1905 2022 1957 nus,
2055 1905 2156 1943 una
2215 1890 2370 1954 ﬁdes,
2401 1903 2540 1945 unus
2572 1889 2756 1957 Deus;
2791 1905 2812 1943 ι
2847 1890 2936 1946 ubi
2973 1907 2992 1943 ι
3036 1905 3176 1946 unus
3208 1897 3290 1947 est
3335 1906 3398 1947 ac
3427 1893 3506 1946 in-

1900 1983 2108 2040 divisus
2136 1984 2513 2055 episcopatus;
2543 2003 2562 2037 ι
2591 1984 2682 2040 ubi
2705 2002 2726 2037 ι
2755 1984 3097 2040 immaculata
3127 1998 3327 2056 sponsa
3349 1984 3507 2041 Chri-

1902 2079 1992 2142 s‘ti,
2027 2092 2131 2131 una
2162 2077 2307 2132 illius
2336 2077 2555 2144 domus,
2588 2077 2748 2133 unius
2778 2078 3012 2134 cubiculi
3041 2079 3328 2144 sanctitas;
3368 2095 3386 2130 ι
3416 2077 3509 2132 ubi

1907 2187 1926 2221 ι
1966 2185 2066 2224 una
2113 2170 2241 2225 vitae
2295 2178 2350 2226 et
2390 2170 2578 2225 salutis
2608 2171 2792 2236 ratio;
2832 2187 2850 2222 ι
2886 2172 3024 2226 adeo
3064 2180 3121 2226 ut
3153 2188 3173 2223 ι
3203 2179 3353 2227 extra
3384 2187 3506 2227 eam

1902 2277 2062 2318 nemo
2095 2264 2276 2318 vivere
2333 2264 2523 2333 possit,
2556 2273 2656 2319 nec
2687 2265 2854 2319 Deum
2911 2265 3106 2321 habeat
3145 2266 3360 2322 Patrem
3417 2265 3510 2336 qui

1901 2371 2022 2412 eam
2057 2371 2165 2412 non
2196 2356 2354 2411 habet
2405 2366 2670 2422 matrem;
2707 2371 2806 2412 nec
2850 2357 2946 2412 Dei
2986 2358 3183 2426 legem,
3208 2371 3306 2412 nec
3334 2358 3510 2414 Patris

1901 2452 1959 2506 et
1992 2449 2109 2505 Filii
2137 2450 2295 2505 ﬁdem
2331 2460 2509 2506 teneat
2533 2452 2622 2518 qui
2649 2456 2766 2506 eam
2801 2466 2905 2506 non
2937 2459 3085 2507 tenet
3111 2455 3323 2508 onicam
3379 2453 3506 2510 ﬁdei

1900 2543 2196 2614 regulam?
2229 2560 2248 2594 ι
2282 2542 2475 2598 Nonne
2523 2558 2629 2598 una
2676 2553 2762 2599 est
2810 2554 2863 2598 et
2911 2559 3039 2600 vera
3075 2553 3130 2600 et
3155 2545 3358 2600 erraris
3412 2559 3478 2601 ex

1903 2651 2026 2706 pers
2053 2637 2177 2692 ﬁdei
2206 2638 2410 2708 regula,
2440 2637 2528 2691 illa
2551 2637 2790 2692 Ecciesia
2810 2652 2950 2708 qum,
2981 2638 3224 2694 «Domini
3249 2637 3368 2694 luce
3392 2653 3507 2709 per-

1901 2729 2042 2797 fusa,
2072 2745 2168 2800 per
2192 2730 2379 2785 orbem
2410 2739 2580 2785 totum
2627 2729 2808 2785 radios
2835 2744 2964 2786 suos
2991 2731 3234 2801 porrigit,
3263 2745 3386 2801 quae
3412 2745 3508 2800 per

1901 2825 2076 2878 tutum
2128 2822 2317 2878 orbem
2361 2821 2583 2878 unitatis
2609 2823 2825 2878 vinculo
2870 2823 3152 2892 copulatur
3181 2841 3195 2889 ;
3233 2843 3251 2876 ι
3285 2822 3397 2888 illa,
3428 2823 3509 2879 in-

1900 2931 2090 2988 quam,
2119 2917 2362 2973 Ecclesia
2412 2931 2538 2984 una,
2595 2917 2882 2982 catholica,
2916 2915 3178 2983 Romana,
3211 2935 3231 2968 ‹
3263 2918 3406 2974 unde
3431 2933 3490 2973 sa

1900 3011 2190 3067 cerdotalis
2220 3011 2396 3066 unitas
2422 3020 2610 3066 exorta
2639 3021 2743 3077 est,
2774 3009 3126 3066 ecclesiarum
3153 3011 3394 3066 omnium
3426 3027 3509 3066 ra-

1901 3103 1990 3158 dix
2017 3113 2072 3159 et
2119 3103 2337 3169 matrix,
2367 3117 2398 3157 a
2423 3109 2528 3173 qua
2555 3103 2718 3159 tremo
2765 3102 3013 3170 diséedit,
3045 3103 3172 3172 quin
3227 3103 3388 3158 fidem
3415 3103 3511 3158 de-

1901 3203 2096 3260 struat,
2151 3193 2450 3251 Ecclesiam
2503 3194 2734 3260 scindat,
2791 3209 2978 3265 pacem
3028 3195 3227 3262 turbet,
3273 3209 3422 3250 arma
3453 3198 3509 3249 in

1902 3285 2069 3341 Deum
2101 3285 2256 3356 ferat,
2288 3288 2491 3344 Christi
2541 3287 2764 3342 rebellis
2798 3288 2990 3342 evadat
3038 3297 3091 3342 et
3122 3303 3218 3358 pro
3246 3289 3352 3344 ﬁde
3382 3304 3508 3359 per-

1900 3381 2041 3437 fidus
2068 3396 2082 3446 ;
2119 3399 2138 3434 ι
2170 3382 2280 3448 illa,
2313 3382 2558 3452 inquam,
2588 3380 2953 3436 Romanorum
2981 3380 3297 3437 Pontificum
3347 3397 3510 3438 uuam

1900 3484 1954 3532 et
1980 3475 2314 3531 iufallibilem'
2361 3476 2485 3532 ﬁdei
2529 3475 2803 3544 regulam,
2843 3476 3159 3545 quibuscum
3203 3478 3509 3532 communi-

1899 3583 2026 3626 care
2047 3570 2269 3640 perinde
2296 3583 2358 3625 ac
2386 3571 2452 3624 sit
2483 3569 2889 3625 communicare
2914 3569 3194 3626 catholicae
3215 3571 3508 3635 Ecclesiae;

1900 3664 2220 3734 quibuscum
2248 3662 2620 3727 constituitur,
2648 3670 2707 3716 ut
2733 3663 2786 3716 in
2812 3676 2916 3716 uno
2935 3660 3116 3727 Petro,
3140 3663 3315 3716 omnis
3340 3660 3507 3716 πριιιι-

1901 3756 2046 3812 catio
2071 3753 2336 3811 Ecclesiae
2362 3769 2527 3825 quam
2579 3768 2684 3809 non
2713 3755 2928 3809 vincent
2973 3763 3143 3824 porta:
3175 3755 3330 3811 inferi
3359 3770 3374 3820 ;
3404 3766 3507 3810 una

1902 3861 2100 3917 nempe
2154 3845 2432 3911 cathedra,
2484 3845 2702 3901 unitatis
2754 3845 2968 3914 ejudetn
3022 3847 3196 3916 Origo,
3251 3847 3508 3916 primatus

1903 3939 2064 3994 Petro
2093 3938 2270 4005 datus,
2303 3947 2361 3992 ut
2407 3952 2510 3992 una
2536 3939 2738 3993 Christi
2770 3937 3006 3994 Ecclesia
3036 3948 3089 3993 et
3115 3939 3374 3993 cathedra
3404 3953 3506 3992 una

1904 4041 2253 4087 monstretur.
2282 4030 2422 4099 Quid
2450 4031 2594 4101 quod
2624 4046 2731 4086 non
2785 4040 2992 4086 tantum
3029 4033 3112 4086 via
3142 4031 3506 4097 deductionis.

1903 4127 2000 4184 sed
2040 4127 2172 4197 ipsis
2218 4125 2477 4196 Cypriani
2506 4125 2687 4180 verbis
2737 4124 2851 4180 haec
2889 4124 3079 4180 eadem
3109 4125 3365 4181 Ecclesia:
3393 4125 3506 4180 Ro:

1903 4234 2080 4276 mante
2128 4218 2421 4274 auctoritas
2473 4216 2776 4272 infallibilis
2802 4226 2990 4288 aperte
3039 4217 3398 4287 praedicatur?
3426 4218 3507 4272 En

1901 4313 2053 4368 enim
2103 4327 2166 4367 os
2213 4320 2375 4366 omne
2428 4309 2812 4381 refragantium
2865 4309 3157 4365 obtrudunt
3203 4309 3506 4364 clarissima

1904 4406 2020 4460 hinc
2045 4402 2113 4460 ad
2137 4401 2446 4459 Cornelium
2469 4415 2664 4472 papam
2689 4400 2760 4456 de
2782 4397 3093 4455 Novatianis
3117 4409 3171 4454 et
3197 4408 3506 4469 perempto-

1904 4499 1984 4554 ria
2014 4497 2181 4554 verba
2213 4514 2225 4550 :
2257 4513 2277 4548 ι
2317 4496 2448 4552 Post
2472 4495 2574 4550 ista
2599 4493 2776 4548 adhuc
2803 4495 3020 4563 insuper
3044 4489 3508 4562 pseudoepiscopo

1903 4591 2006 4648 sibi
2035 4590 2104 4646 ab
2134 4585 2406 4645 haereticis
2433 4587 2706 4642 constituo
2733 4585 2990 4655 navigare
3009 4583 3210 4640 audent
3235 4593 3290 4638 et
3317 4581 3386 4638 ad
3412 4582 3508 4639 Pe-

1906 4685 1972 4740 tri
2004 4683 2314 4741 cathedram
2343 4691 2506 4752 atque
2529 4679 2596 4734 ad
2629 4677 2928 4734 Ecclesiam
2957 4676 3334 4748 principalem,
3366 4676 3509 4730 unde

1904 4779 2084 4832 unitas
2113 4775 2470 4831 sacerdotalis
2497 4783 2688 4828 exorta
2715 4779 2820 4839 est,
2847 4783 2876 4823 a
2909 4769 3267 4825 schismaticis
3301 4778 3354 4825 et
3380 4781 3508 4839 pro.

1904 4873 2044 4930 fanis
2097 4873 2302 4927 litteras
2332 4870 2493 4934 ferre,
2523 4876 2624 4922 nec
2669 4866 2908 4938 cogitare
2961 4877 3055 4919 eos
3079 4877 3201 4919 esse
3230 4863 3504 4919 Romanos

1905 4973 2132 5038 quorum
2182 4963 2314 5018 ﬁdes
2363 4959 2624 5031 Apostolo
2671 4955 3234 5029 praedicantehudata
3277 4965 3362 5011 est
3393 4973 3407 5022 ;
3435 4956 3506 5011 ad

1905 5063 2040 5132 quos
2089 5055 2309 5128 perﬁdia
2363 5053 2567 5109 habere
2617 5050 2855 5106 nondum
2906 5050 3098 5118 potuit,
3151 5050 3314 5103 immo
3355 5049 3505 5106 nullo

1906 5165 2158 5224 umquam
2191 5159 2432 5220 tempore
2459 5147 2660 5203 habere
2685 5145 2852 5216 possit
2879 5157 3154 5200 accessum
3178 5144 3309 5214 (1).»
3331 5143 3503 5200 Nemo

1904 5253 2037 5304 ‘sane
2062 5253 2146 5302 est
2173 5243 2545 5313 theologorum
2569 5239 2825 5294 Romanae
2853 5236 2981 5294 Sedi
3007 5236 3498 5293 addictissimom’m

1906 5338 1995 5411 qui
2047 5336 2116 5393 de
2155 5335 2397 5391 Romana
2438 5330 2814 5388 infallibililale
2859 5327 3076 5386 uberius
3106 5337 3160 5384 et
3190 5327 3500 5400 praeclarius

1906 5431 2122 5488 dixerit.

1977 5525 2095 5583 Xll.
2137 5521 2255 5582 Jam
2285 5524 2434 5596 plura
2463 5519 2880 5591 supersedemus
2922 5519 3227 5576 testimonia
3278 5517 3498 5576 aﬁerre.

1909 5620 2102 5677 Paucis
2132 5628 2311 5675 tamen
2341 5632 2501 5688 quam
2529 5614 2638 5671 cito
2667 5613 3062 5671 occurrendum
3101 5624 3184 5670 est
3236 5614 3375 5670 tritae
3407 5629 3501 5685 per

1908 5862 1920 5878 ι
1985 5801 2064 5874 (1)
2090 5799 2188 5872 Ep.
2221 5814 2308 5874 LV,
2336 5797 2468 5860 alias
2498 5797 2565 5856 ad
2590 5796 2756 5858 Corn.
2781 5812 2880 5870 xu,
2911 5805 2950 5858 t.
2981 5813 3055 5873 ut,
3087 5796 3192 5859 col.
3221 5797 3349 5859 8l8.
3381 5875 3384 5878 ῃ
