3982 6310
410 267 480 309 xv
1869 249 2261 312 PREFATIO.
3617 264 3708 307 xt't

410 367 650 425 omnium
682 382 776 425 ora
795 367 1086 440 objectioni
1118 382 1184 423 ex
1214 367 1437 425 dissidio
1463 366 1715 442 Cypriani
1734 382 1854 424 cum
1878 367 1998 425 Ste-

409 462 592 532 phano
619 462 844 518 obortas.

483 554 599 611 Non
629 556 786 611 nobis
812 556 1025 611 animus
1056 565 1157 622 est,
1192 569 1291 611 nec
1311 555 1419 610 ulla
1444 569 1576 611 sane
1602 555 1896 611 necessitas
1923 556 2003 611 in-

408 648 635 712 cumbit,
655 648 715 704 8.
735 646 1068 719 Stephanum
1082 649 1233 719 quasi
1254 646 1456 703 erroris
1480 655 1572 701 aut
1591 646 1833 702 criminis
1851 660 2001 701 reum

406 740 735 799 defendendi
764 758 777 794 :
800 740 950 797 fuere
968 740 1215 796 satmulti
1239 740 1328 811 qui
1359 740 1495 794 hanc
1519 739 1848 811 provinciam
1867 748 2003 798 stre-

402 851 514 892 nue
539 851 827 906 accepere,
861 837 934 892 uti
976 835 1159 892 videre
1188 835 1350 891 estin
1380 834 1481 891 hoc
1519 835 1634 905 ipso
1678 851 1878 906 opere;
1918 843 2005 891 sat

404 928 559 983 multi
591 928 658 982 ab
680 928 878 1000 iniquis
906 927 1079 984 Vossii
1100 970 1115 994 ,
1142 926 1408 984 Blondelli
1433 969 1448 995 ,
1488 927 1754 999 Basnagii,
1785 928 1999 983 Antonii

402 1018 476 1074 de
503 1019 1030 1087 Dominis,Launoii,
1060 1019 1293 1092 Dupinii,
1318 1029 1448 1088 etc.,
1470 1021 1728 1075 conviciis
1754 1031 2000 1077 sanctum

401 1110 694 1183 Martyrem
748 1111 1120 1180 vindicantes,
1173 1111 1402 1169 ﬁrmiter
1449 1121 1687 1169 statuere
1715 1128 1839 1169 eum
1890 1129 2000 1170 non

401 1207 574 1263 solum
594 1208 646 1264 in
670 1207 918 1264 haeresim
949 1222 1056 1263 non
1074 1207 1355 1276 cecidisse,
1383 1207 1478 1263 sed
1512 1218 1621 1263 tum
1644 1207 1997 1279 antiquitatis,

400 1311 516 1355 tum
547 1301 786 1357 veritatis
828 1311 1154 1356 assertorem
1178 1342 1192 1365 ,
1223 1315 1321 1356 nec
1349 1316 1379 1355 a
1408 1316 1536 1356 vera
1581 1300 1842 1357 doctrinae
1873 1300 1954 1356 via
1980 1345 1996 1371 ,

396 1409 501 1450 nec
531 1411 560 1450 a
588 1406 736 1450 recto
762 1395 976 1450 tramite
1002 1393 1298 1465 apostolico
1326 1393 1650 1451 declinasse.

469 1508 607 1566 XIII.
654 1509 820 1566 Multo
869 1510 1039 1580 magis
1088 1509 1318 1565 tuendus
1356 1506 1661 1581 Cyprianus
1710 1509 2000 1581 cmterique

393 1602 793 1674 rebaptismatis
833 1602 1108 1659 fautores:
1136 1603 1228 1658 alii
1260 1603 1417 1658 aliam
1445 1607 1585 1658 viam
1613 1604 1714 1659 sibi
1750 1603 1818 1659 ad
1857 1604 1998 1660 hunc

390 1695 557 1755 ﬁnem
585 1709 870 1763 stravere;
903 1698 1145 1770 plerique
1186 1698 1322 1753 nihil
1351 1698 1453 1753 nisi
1497 1698 1898 1770 disciplinarem
1945 1700 1998 1755 in

391 1803 455 1845 re
481 1790 719 1845 nondum
750 1790 973 1847 deﬁnita
1030 1806 1242 1846 natvum
1282 1791 1724 1862 deprehendere,
1780 1793 1855 1846 nil
1895 1792 2001 1848 nisi

388 1882 446 1937 in
498 1898 661 1938 unum
684 1881 1024 1947 Pontificem,
1066 1884 1216 1939 salva
1242 1898 1471 1940 summa:
1498 1882 1653 1939 Sedis
1695 1884 1996 1955 majestate,

390 1974 678 2044 offensam,
712 1976 993 2033 catholica:
1019 1978 1412 2045 communioni,
1446 1978 1672 2049 zeloque
1703 1979 1999 2051 episcopali

387 2069 571 2141 aliquo
619 2069 782 2126 modo
830 2070 1367 2126 accommodandam.
1399 2070 1600 2136 Porro,
1658 2072 1711 2126 in
1741 2070 1996 2144 Cypriani

306 2146 309 2151 ’
386 2175 553 2219 causa
582 2162 951 2229 defendenda,
982 2162 1189 2218 nullum
1222 2162 1535 2233 peritiorem
1557 2204 1572 2228 ,
1597 2163 1801 2218 nullum
1830 2162 1997 2221 bene-

388 2253 756 2310 volentiorem
785 2262 1070 2325 patronum
1106 2269 1267 2326 quam
1298 2254 1658 2324 Augustinum
1700 2270 1999 2326 agnoscen-

381 2356 505 2412 tes,
563 2346 763 2417 duplici
822 2355 1029 2401 tantum
1069 2362 1177 2417 quo
1227 2359 1355 2401 usus
1395 2355 1511 2413 est,
1571 2347 1832 2404 utendum
1876 2364 2001 2405 esse

387 2451 710 2512 argumento
755 2440 1106 2496 arbitramur.
1153 2442 1262 2496 Aut
1288 2443 1435 2498 enim
1484 2457 1607 2497 cum
1640 2442 1734 2497 illo
1768 2443 2001 2498 candide

389 2530 759 2589 conﬁtendum
814 2547 1066 2603 peccasse
1111 2531 1475 2605 Cyprianum,
1515 2550 1781 2607 suamque
1822 2537 2001 2592 minus

385 2634 597 2683 rectam
627 2627 953 2682 sententiam
985 2635 1171 2698 postea
1201 2627 1526 2696 correxisse,
1560 2628 1629 2682 ab
1659 2644 1835 2700 eoque
1864 2645 2000 2699 pra:-

384 2726 561 2785 terea,
593 2718 736 2790 quod
763 2727 882 2774 erat
900 2718 1300 2775 emendandum
1330 2734 1589 2790 purgasse
1616 2720 1832 2777 Patrem
1861 2720 1999 2778 falce

384 2814 690 2885 passionis;
748 2823 842 2868 aut
889 2824 1077 2883 aperte
1132 2814 1555 2871 asseverantium
1608 2830 1709 2871 nec
1763 2815 2001 2872 sensisse

392 2920 495 2961 nec
518 2906 804 2977 scripsisse
828 2904 1157 2978 Cyprianum
1175 2922 1295 2975 quae
1316 2906 1364 2961 ei
1396 2906 1749 2976 epistolarum
1781 2922 1998 2962 suarum

393 3000 630 3056 audaces
686 3001 1126 3072 interpellatores
1150 3000 1578 3071 adscripserunt.
1612 3002 1782 3056 Immo
1811 3002 2000 3057 audia-

392 3110 515 3149 mus
536 3093 595 3150 8.
621 3094 906 3151 Doctorem
931 3094 982 3149 in
1007 3094 1251 3165 Epistola
1278 3093 1349 3148 ad
1371 3092 1716 3149 Vincentium:
1741 3092 1999 3167 «Cypria.

392 3202 498 3242 nus
539 3187 777 3242 sensisse
832 3186 989 3242 aliter
1038 3186 1107 3242 de
1146 3186 1464 3255 Baptismo,
1513 3201 1672 3257 quam
1724 3186 1897 3241 forma
1944 3196 2001 3242 et

389 3279 727 3337 consuetudo
750 3279 982 3335 habebat
1010 3279 1299 3346 Ecclesiae,
1340 3295 1445 3335 non
1478 3278 1530 3335 in
1559 3280 1835 3336 canonicis
1857 3322 1871 3344 ,
1905 3280 2001 3336 sed

390 3374 448 3428 in
490 3373 602 3429 suis
655 3381 712 3428 et
765 3372 818 3427 in
871 3371 1087 3429 concilii
1138 3372 1332 3428 litteris
1359 3373 2004 3440 invenitur;correxisse

393 3473 574 3521 autem
624 3465 778 3519 istam
834 3463 1161 3519 sententiam
1191 3479 1298 3519 non
1330 3464 1603 3520 invenitur
1632 3482 1645 3517 :
1680 3478 1786 3519 non
1817 3464 2003 3520 incon-

395 3564 656 3627 gruenter
671 3567 846 3611 tamen
864 3555 932 3611 de
949 3555 1039 3626 tali
1052 3557 1167 3610 viro
1186 3555 1602 3611 existimandum
1621 3564 1706 3611 est
1721 3555 1863 3627 quod
1882 3572 2005 3612 cor-

356 3690 359 3695 μ
394 3649 618 3715 rexerit,
636 3658 690 3705 et
702 3649 930 3704 fortasse
948 3663 1299 3720 suppressum
1321 3650 1387 3703 sit
1406 3650 1477 3703 ab
1488 3648 1566 3703 eis
1582 3649 1672 3718 qui
1694 3648 1796 3703 hoc
1815 3663 2004 3705 crrorc

394 3745 623 3801 nimium
671 3742 923 3800 delectati
954 3751 1099 3806 sunt,
1129 3750 1184 3797 et
1211 3749 1360 3796 tanto
1388 3741 1542 3795 velut
1569 3742 1870 3811 patrocinio
1914 3757 2005 3797 ca-

394 3852 521 3893 rere
540 3836 845 3891 noluerunt.
867 3833 1200 3904 Quamquam
1228 3848 1333 3888 non
1350 3832 1530 3887 desint
1555 3833 1643 3903 qui
1662 3831 1766 3888 hoc
1782 3830 2004 3904 Cypria-

398 3944 527 3983 num
571 3943 792 3999 prorsus
840 3942 946 3982 non
989 3927 1227 3981 sensisse
1253 3925 1603 3990 contendant,
1632 3926 1726 3982 sed
1755 3927 1857 3982 sub
1887 3928 2004 3997 ejus

398 4020 620 4076 nomine
649 4037 677 4075 a
723 4019 1206 4090 prmsumptoribus
1243 4030 1405 4090 atque
1443 4020 1796 4077 mendacibus
1836 4021 2003 4080 fuisse

397 4110 728 4176 conﬁctum;
787 4126 959 4181 neque
1009 4112 1153 4165 enim
1194 4110 1274 4166 sic
1326 4111 1502 4181 potuit
1531 4111 1810 4183 integritas
1843 4124 2004 4184 atque

396 4203 588 4258 notitia
637 4202 937 4258 litterarum
971 4201 1129 4256 unius
1169 4202 1465 4271 quamlibet
1508 4204 1734 4259 illustris
1764 4206 2001 4276 episc0pi

396 4293 683 4357 custodiri,
710 4293 1166 4364 quemadmodum
1188 4293 1454 4366 scriptura
1478 4297 1761 4363 canonica,
1794 4306 1872 4352 tot
1899 4297 2002 4351 liu-

395 4404 623 4460 guarum
653 4388 868 4453 litteris,
900 4395 955 4443 et
978 4388 1169 4443 ordine
1191 4429 1205 4453 ,
1230 4397 1287 4444 et
1310 4388 1653 4445 successione
1682 4390 2004 4447 celebratio-

398 4481 487 4535 nis
513 4480 895 4536 ecclesiastica:
926 4480 1250 4544 custoditur,
1280 4489 1470 4536 contra
1497 4496 1659 4551 quam
1690 4492 1868 4538 tamen
1895 4499 2002 4539 non

398 4573 690 4631 defuerunt
741 4575 832 4645 qui
887 4575 987 4629 sub
1031 4573 1343 4629 nominibus
1397 4575 1778 4645 Apostolorum
1832 4576 1999 4632 multa

396 4667 773 4739 conﬁngerent
800 4685 814 4722 :
846 4666 1047 4722 frustra
1074 4666 1289 4737 quidem
1310 4708 1326 4734 ,
1354 4667 1479 4738 quia
1506 4667 1596 4723 illa
1624 4668 1703 4724 sic
1723 4683 2001 4726 commen-

398 4760 522 4816 data
542 4801 557 4826 ,
586 4761 665 4815 sic
693 4760 966 4816 celebrata
991 4802 1008 4830 ,
1040 4758 1120 4815 sic
1146 4769 1269 4814 uota
1300 4769 1384 4815 est
1411 4777 1424 4814 :
1452 4774 1637 4815 verum
1670 4761 1799 4831 quid
1831 4764 2003 4832 possit

398 4851 659 4908 adversus
685 4853 912 4919 litteras,
947 4867 1054 4907 non
1077 4851 1335 4906 canonica
1363 4852 1684 4908 auctoritate
1714 4853 1962 4910 fundatas
1982 4898 1997 4925 ,

396 4945 562 5002 etiam
617 4943 743 4999 hinc
783 4943 1176 5001 demonstravit
1226 4943 1405 5014 impia:
1458 4954 1687 5001 conatus
1728 4945 1997 5015 audaciae,

397 5037 542 5108 quod
567 5045 624 5092 et.
646 5036 908 5093 adversus
936 5052 1030 5094 eas
1048 5051 1171 5108 quae
1195 5045 1337 5092 tanta
1361 5037 1568 5093 notitiae
1595 5037 1736 5093 mole
1777 5039 2001 5094 firmata:

400 5138 548 5195 sunt,
598 5143 722 5183 sese
785 5129 994 5199 erigere
1044 5144 1151 5185 non
1200 5128 1563 5199 prretermisit.
1594 5128 1762 5184 Porro
1817 5138 1996 5187 autem

399 5220 722 5294 Cyprianus,
753 5230 845 5276 aut
874 5237 978 5276 non
1006 5222 1175 5278 sensit
1199 5220 1422 5277 omnino
1446 5221 1587 5292 quod
1612 5236 1732 5276 eum
1764 5222 2000 5277 sensisse

398 5317 639 5373 recitatis
663 5334 679 5383 ;
708 5325 800 5373 aut
822 5317 927 5372 hoc
957 5328 1139 5388 postea
1168 5296 1405 5374 corresit
1434 5319 1485 5373 iu
1518 5320 1699 5390 regula
1720 5320 1995 5387 veritatis;

398 5421 491 5467 aut
545 5410 688 5467 hunc
727 5412 880 5483 quasi
936 5427 1146 5466 naevum
1192 5411 1276 5469 sui
1334 5410 1703 5467 candidissimi
1762 5414 1997 5483 pectoris

396 5507 676 5578 cooperuit
719 5508 885 5563 ubere
935 5506 1215 5563 cbaritatis
1240 5551 1256 5573 ,
1285 5507 1411 5563 dum
1444 5507 1699 5564 unitatem
1739 5507 1997 5564 Ecclesia:

397 5610 515 5655 toto
558 5599 691 5656 orbe
735 5600 1064 5665 crescentis,
1118 5607 1174 5656 et
1214 5602 1587 5673 capiosissime
1629 5600 1906 5670 defendit,
1939 5611 1994 5660 et

400 5693 937 5764 perseverantissime
983 5693 1153 5748 tenuit
1202 5694 1470 5751 vinculum
1511 5695 1701 5767 pacis:
1733 5696 1992 5767 scriptum

393 5794 477 5842 est
504 5786 648 5848 enim
675 5804 687 5841 :
719 5785 957 5845 Charitas
984 5787 1212 5871 coeperit
1236 5787 1613 5846 multitudinem
1642 5796 1981 5861 peccatorum.

2110 368 2339 425 accessit
2367 367 2473 423 huc
2491 365 2676 436 etiam,
2701 365 2841 439 quod
2872 374 3142 438 tamquam
3183 371 3518 424 sarmentum
3563 366 3708 424 fruc-

2111 463 2508 531 tuosissimum,
2558 463 2603 518 si
2654 461 2782 534 quid
2833 462 2888 517 in
2936 476 3003 517 eo
3046 460 3223 519 fuerat
3265 460 3661 519 emendandum
3688 505 3704 528 ,

2108 556 2355 629 purgavit
2379 556 2540 613 Pater
2566 555 2703 612 falce
2741 556 3011 627 passionis
3040 574 3055 611 :
3084 554 3417 612 Sarmentum
3436 556 3593 622 enim,
3626 556 3708 612 ait

2109 649 2393 719 Dominus,
2419 649 2558 721 quod
2581 650 2634 703 in
2662 664 2742 704 nte
2765 650 2852 703 dat
2874 649 3100 720 fructum
3123 691 3139 718 ,
3170 660 3352 721 purgat
3377 650 3511 705 illud
3541 649 3708 705 Pater

2106 759 2248 799 meus
2271 785 2287 811 ,
2335 753 2393 798 ut
2433 743 2681 812 maiorem
2726 744 2950 814 fructum
2989 740 3195 810 afferat.
3224 741 3377 798 Unde
3397 742 3422 797 ‘l
3446 743 3546 798 nisi
3579 743 3707 813 quia

2110 836 2322 892 ltaarens
2373 836 2426 891 in
2464 835 2752 892 diﬁ‘usione
2803 837 2962 903 vitis,
3015 834 3249 891 radicem
3303 850 3412 891 non
3467 835 3707 892 deseruit

2107 927 2349 983 unitatis.
2378 926 2535 992 Nam,
2558 928 2659 983 etsi
2687 926 2923 984 traderet
2948 941 3146 998 corpus
3172 942 3328 983 suum
3359 936 3420 983 ut
3452 926 3698 994 arderet,

2106 1022 2423 1079 cbaritatem
2469 1032 2648 1080 autem
2702 1037 2810 1079 non
2880 1022 3135 1090 haberet,
3187 1022 3322 1078 nihil
3375 1023 3425 1079 ei
3477 1021 3706 1094 prodes-

2106 1123 2188 1170 set
2217 1111 2316 1187 (l).
2357 1132 2375 1167 ι

2177 1363 2263 1437 (1)
2288 1364 2538 1421 Pluribus
2572 1375 2821 1423 reccnter
2857 1366 3030 1437 visum
3077 1374 3161 1421 est
3203 1365 3342 1420 haud
3369 1365 3546 1436 exigui
3587 1380 3710 1421 mo-

2103 1436 2271 1513 menti
2286 1451 2408 1513 esse
2422 1437 2552 1513 illud
2564 1439 2609 1513 ⁸Α
2620 1437 2850 1513 ugustini
2864 1436 3081 1492 dubiutn
3100 1436 3169 1513 de
3195 1440 3490 1513 moto-{nrt
3503 1437 3682 1513 episto
3693 1467 3710 1478 -

2105 1507 2279 1563 larum
2319 1506 2763 1580 Cyprianicarum
2794 1510 2845 1564 in
2871 1523 3030 1580 causa
3060 1506 3711 1580 rebajitizantium.’l_uter

2104 1593 2199 1634 eos
2220 1578 2419 1649 primas
2439 1590 2617 1649 partes
2635 1589 2820 1635 tenent
2842 1579 2947 1635 PP.
2972 1580 3271 1643 Missorius,
3294 1591 3348 1635 et
3374 1579 3530 1635 Mich.
3563 1578 3705 1635 Mol-

2103 1649 2353 1706 kenbuhr
2380 1694 2394 1719 ,
2427 1663 2658 1722 uterque
2688 1652 2897 1706 ordinis
2926 1650 2982 1707 S.
3013 1650 3287 1707 Francisci
3310 1694 3324 1715 ,
3355 1662 3409 1706 et
3436 1651 3496 1706 P.
3528 1650 3707 1706 Tour—

2104 1723 2323 1778 nemine
2351 1740 2381 1778 e
2409 1723 2670 1778 societate
2698 1723 2824 1778 .lesu
2850 1740 2865 1789 ;
2900 1737 3129 1791 quorum
3167 1724 3313 1793 prior
3338 1732 3394 1779 et
3432 1724 3708 1792 posterior

2104 1793 2159 1848 in
2189 1794 2434 1850 eamdem
2456 1795 2785 1849 sententiam
2810 1836 2825 1855 ,
2855 1793 3047 1850 eodem
3089 1802 3362 1863 tempore.
3392 1793 3546 1849 inscii
3575 1808 3710 1848 eon-

2105 1879 2313 1922 venere
2335 1876 2391 1922 et
2419 1867 2711 1936 scripsere.
2737 1865 3020 1936 Edidimus
3044 1867 3111 1921 ad
3133 1867 3335 1921 calcem
3359 1865 3517 1935 hujus
3549 1866 3706 1920 volu-

2102 1936 2268 1991 minis
2324 1935 2650 2005 praecipuam
2699 1936 2769 1992 Μ.
2825 1935 3181 1992 Molkenbuhr
3230 1936 3702 2001 dissertationem,
3760 1970 3767 1975 -

2104 2006 2247 2079 haud
2278 2008 2375 2063 abs
2400 2025 2459 2064 re
2492 2009 2670 2063 forsan
2702 2009 2805 2064 erit
2832 2009 3099 2079 praecipua
3130 2009 3231 2063 PP.
3255 2008 3617 2063 'I‘ournemine
3651 2020 3708 2063 et

2103 2078 2335 2151 Missorii
2389 2091 2707 2151 argumenta
2761 2078 2839 2136 eo
2879 2078 3224 2135 loci’cursim
3281 2079 3706 2150 relegere;ha:c

2104 2150 2266 2221 longe
2295 2150 2541 2206 breviora
2572 2166 2637 2207 ac
2657 2151 2771 2207 fere
2799 2151 3071 2221 generalia
3100 2152 3261 2206 habet
3286 2154 3432 2221 prior
3457 2168 3470 2204 :
3504 2152 3558 2206 l‘
3584 2150 3704 2205 Divi

2103 2222 2389 2292 Augustini
2431 2222 2595 2278 dubia
2644 2222 2899 2289 relricat,
2943 2239 3062 2291 quae
3118 2221 3280 2278 modo
3331 2223 3702 2289 exposuimus.

2101 2292 2160 2347 2⁸
2214 2292 2398 2364 Longe
2432 2309 2462 2348 a
2518 2308 2652 2349 vero
2691 2294 2933 2366 alienum
2977 2302 3218 2366 autumat
3267 2292 3595 2366 Cyprianum
3635 2310 3705 2350 eo

2104 2366 2473 2420 conviciorum
2504 2374 2659 2419 aceto
2686 2365 2737 2419 in
2765 2380 3034 2418 summum
3066 2365 3380 2420 Pontilicem
3409 2365 3700 2432 exarsisse,

2104 2437 2301 2506 quippe
2330 2438 2420 2506 qui
2452 2446 2558 2491 tam
2589 2435 2957 2497 vehementer.
2975 2446 3032 2490 ut
3054 2435 3309 2499 vidimus,
3329 2436 3704 2506 schismaticos

2106 2505 2485 2575 increpaverit.
2543 2508 2599 2563 3°
2639 2507 2859 2561 Multum
2909 2506 3120 2561 diversa
3154 2509 3207 2563 in
3253 2507 3335 2563 his
3364 2505 3705 2579 Cyprianicis

2106 2578 2365 2647 principia
2412 2578 2673 2633 doctrina:
2696 2593 2772 2650 ac,
2802 2579 2852 2633 in
2883 2580 3095 2634 caeteris
3131 2579 3283 2634 libris
3307 2578 3557 2650 genuinis
3600 2580 3703 2635 de-

2106 2650 2414 2722 prehendit.
2449 2650 2505 2704 4⁰
2534 2650 2706 2722 Immo
2735 2649 2965 2722 duriora
3009 2649 3405 2705 Donatistarum
3450 2651 3704 2722 dogmata

2103 2731 2291 2792 aperte
2318 2721 2591 2777 docuisset
2613 2722 2669 2778 S.
2698 2721 2897 2792 Martyr
2922 2739 2936 2775 :
2969 2722 3111 2776 unde
3133 2722 3483 2777 vehementer
3507 2721 3702 2778 harum

2104 2791 2404 2847 litterarum
2419 2805 2694 2848 auctorem
2712 2791 2897 2847 verum
2921 2808 3043 2847 esse
3064 2794 3349 2863 quemdam
3368 2794 3704 2850 Donatistam

2103 2864 2323 2934 criticus
2352 2874 2539 2921 noster
2568 2865 2894 2934 suSpicatur,
2912 2879 3011 2919 nec
3035 2865 3187 2921 iSIius
3205 2864 3351 2919 modi
3380 2864 3582 2921 fraudis
3606 2882 3705 2921 eos

2105 2933 2392 2990 haereticos
2434 2952 2557 2991 eSse
2583 2933 2851 2992 immunes
2881 2936 3132 2991 ostendit.
3178 2937 3235 2993 5°
3269 2936 3528 2991 Eamdem
3574 2938 3705 2992 ada-

2106 3007 2766 3081 nt‘ussim_similitudinem
2800 3008 2998 3081 tum_in
3039 3007 3124 3081 his
3158 3008 3403 3073 epistolis
3429 3007 3707 3081 Cypriane

2104 3076 2414 3148 adscriptis,
2443 3090 2551 3133 tum
2585 3079 2637 3133 in
2672 3095 2734 3132 ea
2763 3094 2883 3143 qua:
2915 3078 3210 3133 Firmiliani
3230 3080 3448 3134 nomine
3469 3076 3707 3135 circum-

2106 3146 2303 3215 fertur,
2329 3159 2438 3203 tttm
2464 3150 2515 3204 in
2543 3150 2827 3205 sententiis
2866 3159 2919 3204 et
2951 3149 3145 3205 litteris
3179 3150 3529 3206 conciliorum
3557 3150 3703 3208 Afri—

2105 3234 2363 3293 canorum
2379 3236 2715 3293 nequaquam
2736 3221 3105 3276 intercessisse
3124 3221 3350 3293 ﬁrmiter
3364 3223 3555 3290 credit,
3570 3224 3700 3293 quin

2106 3290 2297 3345 horum
2354 3292 2612 3347 similium
2658 3301 3131 3347 monumentorum
3181 3292 3321 3347 idem
3364 3295 3436 3349 sit
3470 3304 3527 3349 et
3563 3290 3704 3349 unus

2104 3369 2311 3418 auctor.
2368 3363 2424 3419 6°
2476 3365 2700 3419 Planum
2753 3363 2823 3419 de
2875 3378 2938 3419 ea
2993 3366 3359 3419 controversia
3426 3366 3702 3421 silentium

2107 3433 2279 3507 Pontii
2298 3434 2541 3490 diac0nis
2567 3435 2619 3489 in
2643 3435 2759 3489 Vita
2782 3434 3038 3507 Cypriani
3068 3436 3380 3491 nonnullius
3404 3451 3527 3492 esse
3544 3439 3701 3505 pretii

2104 3505 2171 3559 ad
2199 3521 2349 3560 suam
2377 3508 2696 3562 sententiam
2721 3505 3037 3560 ﬁrmandam
3061 3507 3161 3561 sub
3184 3507 3345 3561 finem
3369 3523 3481 3562 sua:
3500 3507 3705 3564 disser-

2106 3577 2414 3633 tatiuncula:
2444 3578 2837 3632 animadvertit.
2868 3576 2887 3646 (
2909 3576 3154 3631 lliémoire
3183 3578 3246 3632 de
3281 3577 3547 3642 Tréuoux,
3572 3596 3700 3635 ann.

2107 3647 2267 3713 1854,
2292 3657 2415 3702 tom.
2447 3665 2520 3715 tv,
2549 3652 2684 3715 déc.,
2717 3667 2766 3716 ρ.
2796 3648 3138 3703 22458262.
3175 3649 3192 3721 )
3218 3679 3290 3690 —
3309 3651 3539 3705 Missorii
3558 3667 3706 3707 stunc

2108 3722 2376 3791 praecipua
2412 3731 2727 3789 argumenta
2771 3720 2946 3774 obiter
2990 3724 3416 3791 perstringemus
3460 3740 3473 3775 :
3512 3723 3707 3785 positis

2108 3790 2290 3844 multis
2332 3792 2689 3846 axiomatibus
2741 3790 3001 3862 praeviis,
3039 3806 3103 3846 ex
3137 3790 3434 3861 septuplice
3478 3793 3702 3848 theore-

2108 3873 2251 3916 male
2281 3870 2447 3917 totam
2481 3864 2673 3917 thesim
2715 3878 2866 3916 suam
2896 3862 3134 3917 instruit.
3181 3866 3241 3917 ιιι
3272 3865 3347 3918 Ex
3393 3867 3702 3921 Donatista-

2106 3947 2225 3986 rum
2276 3943 2571 4006 systemate
2609 3932 2791 4006 infert
2831 3949 2991 4006 mera
3032 3934 3246 4006 horum
3320 3937 3701 3993 luereticorum

2106 4004 2407 4060 commenta
2436 4020 2558 4061 esse
2592 4004 2940 4076 Cyprianicas
2974 4004 3262 4074 epistolas;
3306 4022 3401 4062 eos
3431 4008 3577 4063 enim
3607 4010 3706 4065 de-

2106 4076 2393 4145 prehendit
2418 4085 2530 4131 lum
2560 4092 2681 4141 esse
2705 4076 2988 4131 calumnia:
3019 4076 3405 4145 peritissimos,
3437 4078 3704 4135 affectam:

2107 4148 2442 4210 sanctitatis,
2491 4160 2760 4216 certaeque
2809 4148 3121 4215 impietatis,
3178 4148 3325 4204 falsa:
3354 4150 3615 4205 doctrinm
3648 4166 3705 4205 et

2107 4217 2332 4272 modica:
2353 4220 2593 4274 scientia:
2620 4259 2632 4281 ,
2660 4230 2770 4271 tum
2800 4222 3135 4287 excogitasse
3156 4235 3398 4275 errorem
3449 4222 3698 4289 fallaciis,

2109 4291 2244 4342 adeo
2259 4289 2514 4354 obsitum,
2533 4298 2587 4342 ιιι
2602 4294 2666 4344 sit
2689 4290 2969 4358 perpaucis
2982 4289 3204 4354 obvius;
3231 4291 3372 4347 unde
3385 4304 3435 4347 et
3457 4294 3699 4349 locorum

2107 4362 2267 4426 ratio,
2299 4370 2684 4434 etgtemporum
2716 4363 2849 4434 ordo
2869 4400 2890 4434 ,γ
2914 4369 2968 4414 ct
2996 4374 3175 4414 rermn
3197 4362 3366 4418 series
3388 4405 3402 4427 ,
3435 4374 3491 4419 et
3512 4380 3703 4434 ρει-ευ.

2108 4445 2294 4484 narum
2324 4430 2624 4505 diSpositio.
2649 4439 2702 4486 et
2722 4431 2981 4505 doctrinae
3003 4440 3174 4505 ortus,
3206 4430 3546 4505 progressus,
3579 4439 3704 4492 exi-

2108 4508 2297 4571 tusque
2313 4502 2641 4570 eitplicatur;
2662 4518 2724 4557 ac
2744 4503 2971 4574 multum
2988 4503 3185 4558 exinde
3207 4502 3431 4574 patescit
3450 4506 3702 4564 Donatis-

2108 4574 2621 4649 tarum___p_e_rtinac_ia
2677 4573 2906 4649 stolida,
2962 4576 3159 4628 astutia
3185 4573 3218 4640 ,7
3254 4576 3657 4649 falsiloquentia
3682 4624 3700 4649 ,

2108 4643 2555 4719 incredibilisque
2571 4645 2623 4699 in
2662 4645 3296 4719 antiquisAtnottumeutis
3334 4643 3702 4719 depravandis

2105 4715 2346 4793 audacia.
2403 4715 2466 4769 2°
2518 4716 2596 4770 Ex
2646 4716 2925 4793 Augustini
2964 4728 3287 4793 systentate,
3318 4715 3699 4793 seu'Cypriaui

2104 4785 2419 4861 defensione
2448 4802 2607 4857 supra
2629 4787 2826 4861 allata,
2859 4785 3127 4861 ostendit,
3148 4790 3262 4861 sive
3288 4785 3557 4861 absolute,
3586 4796 3702 4852 sive

2104 4857 2450 4929 hypothetice
2516 4858 2842 4927 intelligatur
2909 4858 3026 4913 ham
3098 4858 3384 4927 defensio,
3448 4857 3703 4922 similiter

2102 4929 2423 5001 [ejiciendus
2470 4944 2592 4984 esse
2627 4929 2976 5001 Cyprianicas
3018 4932 3303 5001 epistolas.
3338 4934 3401 4989 3°
3428 4933 3508 4990 Ex
3541 4935 3701 4994 libris

2071 5040 2078 5048 .
2103 4998 2159 5055 S.
2189 4998 2366 5065 Optati
2391 5043 2405 5069 ,
2431 5016 2526 5056 seu
2557 4998 2733 5071 potius
2752 5017 2818 5056 ex
2864 5001 2971 5054 alto
3001 4998 3179 5071 optati
3200 5004 3449 5072 silentio,
3474 5021 3701 5064 asserta:

2104 5071 2443 5127 conﬁctionis
2490 5072 2727 5140 suspicio
2776 5074 3141 5128 confirmatur.
3186 5076 3249 5129 4ο
3296 5077 3373 5130 [th
3423 5071 3701 5135 nonnullis

2107 5142 2229 5198 aliis
2269 5143 2409 5198 idem
2439 5142 2726 5221 evincitur.
2754 5158 2948 5221 nempe
2973 5159 3038 5198 ex
3052 5144 3204 5221 _diac_.
3238 5145 3414 5202 Pontii
3438 5149 3656 5206 silemio
3681 5195 3696 5221 ,

2107 5229 2173 5269 ex
2200 5215 2452 5287 anonymi
2483 5214 2550 5269 de
2579 5213 2955 5287 ha-_reticoru_m
2988 5217 3370 5287 rebaptisntate
3399 5213 3698 5287 sententia,

2104 5300 2170 5339 ex
2201 5284 2427 5365 Eusebii
2444 5301 2565 5365 cum
2590 5284 2740 5365 _Afris
2765 5327 2779 5350 ,
2814 5296 2869 5365 et
2894 5285 3092 5365 Ruffiui
3119 5290 3505 5365 gttn_Ettscbio
3533 5284 3699 5365 repué

2100 5358 2337 5435 guantia.
2370 5358 2428 5413 5°
2447 5356 2737 5435 speciatim
2778 5356 2843 5410 ad
2874 5357 3089 5435 concilii
3121 5356 3562 5435 Carthagini-usis
3590 5356 3697 5435 in,

2101 5428 2235 5482 alias
2264 5445 2339 5491 IIl,
2365 5429 2741 5485 confictionem
2765 5428 3110 5501 asserendam
3135 5428 3513 5501 expenduntur
3532 5428 3700 5494 dubia

2100 5501 2412 5573 Augustini,
2447 5512 2745 5571 temporqu
2788 5500 3301 5573 perturbat_a_ratio,
3350 5516 3473 5561 octo
3505 5508 3701 5573 [πίητε-

2101 5572 2260 5626 tionis
2288 5572 2423 5630 loca.
2443 5570 2718 5629 conclusio
2741 5571 2980 5639 epistola:
3007 5571 3071 5625 ad
3102 5570 3447 5632 Jubaianum.
3482 5570 3542 5632 6°
3562 5578 3699 5637 Tota

2098 5643 2742 5716 resumituriiupugnatio
2785 5643 2860 5716 in_
2890 5642 3147 5711 epistolas
3196 5645 3548 5716 Cyprianicas
3600 5652 3698 5708 dc-

2100 5714 2400 5784 Baptismo,
2434 5712 2930 5793 absurdaqueusive
2951 5712 3425 5793 cotttntttrtia,'_sive
3453 5726 3693 5793 propria,

2098 5783 2469 5855 recensentur,
2493 5783 2763 5856 respuitur
2798 5783 2977 5840 ﬁctum
3000 5785 3257 5856 Stephani
3277 5783 3598 5865 decretum',
3631 5783 3696 5853 ac
