3982 6310
217 263 307 308 sm
692 320 697 325 _
1609 236 1997 298 PWATIO.

686 422 1095 483 ABTICULUS.
1139 421 1207 480 111
1215 468 1225 480 .

313 648 373 689 bl
409 645 507 687 USU
544 644 724 686 SANCTI
765 643 1009 685 CYPRIANI
1051 642 1101 683 lN
1140 642 1210 682 RE
1248 640 1618 683 DISCIPLINARI.

264 853 299 909 1.
332 851 489 909 Nemo
510 866 617 907 non
639 849 800 906 sentit
820 862 978 918 quam
1001 846 1324 903 uberrimam
1350 844 1530 902 rerum
1554 844 1761 901 utilium

208 947 381 1018 copiam
408 942 750 1015 suppeditent
774 941 888 995 divi
916 938 1171 1013 Cypriani
1202 953 1388 1008 Opera,
1420 938 1537 993 sive
1564 937 1634 993 de
1663 952 1761 994 ex-

208 1040 391 1113 egeticis
408 1034 794 1110 quaestionibus
815 1034 1184 1098 consuluntur,
1203 1032 1315 1087 sive
1346 1030 1412 1087 ad
1443 1030 1761 1087 stabilienda

208 1134 423 1190 Ecclesia:
439 1131 692 1201 dogmata
713 1126 1071 1194 adducantur,
1086 1126 1200 1181 sive
1227 1126 1279 1179 in
1300 1124 1381 1181 eis
1404 1137 1527 1179 vera
1552 1138 1761 1179 morum

205 1225 347 1282 atatis
368 1238 474 1279 sua:
503 1221 714 1294 efﬁgies
740 1221 808 1276 ad
836 1220 1013 1276 vivum
1035 1210 1389 1291 exprimatur,
1414 1218 1528 1274 sive
1555 1227 1762 1288 tempo-

203 1336 297 1376 rum
330 1319 479 1381 ratio,
505 1329 881 1386 annorumque
924 1314 1091 1380 vices,
1126 1312 1472 1383 virorumque
1517 1311 1761 1367 clarissi-

203 1427 375 1467 tnorum
401 1423 631 1481 persona
651 1407 719 1464 de
751 1407 956 1462 tumulo
982 1405 1247 1462 excitetur
1276 1405 1331 1459 in
1361 1403 1593 1459 medium
1620 1402 1762 1459 redi-

202 1509 311 1562 viva.
338 1508 609 1571 Attamen’,
633 1502 850 1558 omissis
869 1516 990 1573 qua
1018 1498 1084 1555 ad
1105 1497 1358 1572 Cypriani
1389 1512 1542 1552 usum
1572 1511 1765 1568 exege-

201 1602 349 1668 ticum,
377 1598 765 1671 dogmaticum,
791 1594 1074 1656 moralem.
1099 1593 1483 1648 historicumve
1505 1590 1758 1658 attinent,

200 1710 263 1749 ne
282 1693 473 1763 longius
502 1688 928 1761 prooemiHiues
951 1686 1233 1753 excedam,
1295 1685 1539 1742 nonnihil
1582 1684 1763 1755 profu-

199 1796 340 1841 turum
385 1798 548 1855 pauca
598 1783 664 1838 de
709 1781 950 1852 ejusdem
1009 1795 1109 1836 usu
1163 1780 1214 1833 in
1273 1793 1333 1834 re
1383 1778 1713 1847 disciplinari
1743 1820 1758 1844 ,

198 1893 332 1948 eaque
372 1885 554 1932 cuncta
591 1874 979 1947 propemodum
1031 1888 1061 1931 e
1112 1873 1171 1927 D.
1221 1871 1472 1941 Ltunperi
1532 1868 1764 1925 Historia

198 1971 644 2043 theologica-critica
698 1968 913 2023 Patrum
965 1968 1045 2037 (1)
1106 1974 1328 2036 accepta
1368 1964 1543 2021 obiter
1599 1963 1760 2019 atlino

198 2080 293 2135 gere
310 2067 467 2120 visum
487 2072 600 2121 est.

251 2181 451 2238 Sanctus
495 2180 792 2251 episcopus
827 2174 1269 2247 Carthaginensis
1310 2183 1366 2230 et
1409 2183 1616 2246 martyr
1660 2171 1764 2245 Cy-

200 2278 376 2347 prianus
398 2276 648 2333 omnium
681 2284 993 2331 sanctorum
1022 2272 1238 2326 Patrum
1265 2269 1473 2340 primus
1495 2267 1564 2322 de
1592 2266 1761 2321 disci-

205 2373 313 2441 plina
339 2370 598 2426 Ecclesia:
629 2366 903 2423 uberrime
929 2362 1222 2428 disseruit;
1249 2362 1301 2417 in
1331 2361 1451 2432 ejus
1483 2360 1759 2431 operibus,

205 2466 427 2536 praeipue
459 2477 597 2519 vero
623 2460 676 2517 in
699 2458 978 2537 Epistolis,
1010 2458 1305 2511 innumera:
1337 2464 1552 2510 exstant
1584 2452 1761 2523 magni

205 2557 417 2613 momenti
460 2552 857 2610 instructiones
907 2559 1070 2620 atque
1111 2547 1429 2614 sententiae,
1461 2560 1527 2601 ex
1568 2544 1763 2615 quibus

202 2651 372 2704 illorum
397 2658 708 2719 temporum
736 2642 1023 2713 disciplina
1063 2640 1431 2696 ecclesiastica
1454 2680 1468 2704 ,
1502 2636 1762 2692 exterior-

203 2759 281 2815 que
307 2743 554 2800 Ecclesiae
592 2751 763 2796 status
794 2739 913 2793 luce
930 2735 1226 2792 meridiana
1248 2734 1448 2789 clarius
1478 2731 1762 2802 cognosci-

204 2846 281 2891 tur.
305 2837 415 2907 Agit
457 2836 610 2891 enim
648 2847 757 2888 non
809 2831 982 2887 solum
1011 2831 1080 2883 de
1120 2827 1406 2897 disciplina
1457 2825 1510 2879 in
1542 2838 1759 2893 genere,

201 2929 271 2985 sed
290 2929 402 2984 etin
430 2927 746 2999 particulari
777 2925 918 2981 circa
940 2930 1277 2979 sacramenta
1311 2916 1758 2985 administranda,

203 3031 463 3092 luctatores
499 3018 884 3090 corripiendos
920 3026 977 3071 et
1009 3013 1463 3079 reconciliandos,
1494 3012 1562 3067 de
1598 3009 1763 3065 disci-

201 3116 314 3187 plina
341 3116 573 3188 antiquae
618 3112 877 3169 Ecclesia:
904 3111 1080 3183 quoad
1123 3109 1522 3181 paenitentiam,
1559 3108 1625 3163 de
1675 3107 1759 3162 in-

203 3207 552 3280 dulgentiarum
586 3222 690 3263 usu
731 3215 897 3277 utque
944 3206 1146 3272 abusu,
1188 3204 1418 3276 aliisque
1459 3202 1762 3275 disciplinte

202 3302 546 3360 ecclesiasticae
572 3298 811 3373 punctis.

203 3567 861 3643 pseudo-Cyprianisecum
916 3576 980 3643 et
1009 3582 1130 3643 eum
1185 3565 1457 3643 Cypriane
1509 3568 1762 3643 antilogia

202 3638 493 3708 prepouitur'.
536 3642 606 3696 7°
662 3639 885 3694 Dcmum
917 3638 1190 3694 Missorius
1234 3638 1526 3709 explodere
1578 3638 1765 3695 nititur

201 3711 590 3768 adversariorum
641 3720 932 3767 momenta.
976 3742 1045 3751 —
1081 3710 1206 3764 Haae
1259 3728 1365 3765 non
1413 3712 1612 3780 judicis
1667 3726 1765 3767 nec

201 3786 438 3841 assertoris
470 3785 679 3848 animo,
710 3782 805 3837 sed
832 3783 981 3837 testis
1007 3783 1346 3837 solummodo
1372 3795 1463 3837 aut
1489 3784 1764 3837 collatoris

202 3853 380 3909 indubia
410 3856 514 3911 ﬁde
556 3854 774 3923 collegi.
806 3853 901 3907 Fr.
938 3852 1401 3925 Rnym._1llissorii
1450 3854 1765 3923 Disputatio-

202 3940 267 3979 nes
294 3928 464 3982 critica
488 3928 543 3981 in
572 3926 702 3980 duas
726 3924 964 3980 celeberr.
988 3923 1106 3992 epp.
1134 3923 1430 3980 Firmiliani
1450 3938 1495 3978 et
1517 3924 1766 3996 Cypriani

203 3997 291 4067 ade.
312 3998 497 4053 Decret.
519 3999 587 4055 S.
615 3997 867 4064 Stephani
981 3996 1164 4067 Ejusd.
1198 3996 1399 4067 Disput.
1426 3998 1479 4050 in
1506 3996 1670 4065 Epist.
1696 3997 1764 4051 ad

202 4063 480 4141 fompeiunt.
495 4109 534 4125 ..
559 4087 662 4141 qua
684 4063 827 4124 illam
849 4085 950 4122 una
971 4063 1085 4121 cum
1106 4063 1470 4141 aliisiqttinque
1485 4081 1529 4122 et
1548 4063 1765 4141 concilio

201 4135 548 4212 Carthaginiensi
572 4135 740 4195 'tertio
783 4140 1025 4212 hactenus
1072 4154 1163 4207 pro
1210 4135 1531 4209 cyprinnicis
1580 4140 1765 4212 (rabilis

204 4210 936 4290 nuncprimuntndjndicat_nc
986 4210 1268 4290 Donatistis
1304 4213 1536 4290 tribuit;
1589 4210 1760 4290 Venet.

202 4282 490 4351 ἱη-«1⁹,1“ῖ5ἰ’›
532 4283 657 4339 Vid.
681 4286 802 4338 infr.
834 4284 902 4338 de
932 4282 1512 4352 eadetndisquisitione
1539 4284 1764 4338 aliorum

204 4364 334 4420 opera
361 4357 495 4411 inter
527 4356 717 4410 Annal.
756 4356 912 4410 litter.

261 4424 318 4480 Ut
344 4437 397 4481 ut
419 4430 488 4482 sit
518 4429 588 4482 de
614 4427 714 4481 hac
755 4427 985 4483 Missorii
1025 4428 1508 4496 argumentatione,
1540 4427 1625 4482 cui
1655 4428 1768 4482 suf-

202 4492 437 4570 fragantur
472 4500 700 4570 doctiss.
752 4498 990 4554 Mareelli
1020 4500 1072 4555 in
1091 4492 1281 4570 'Africa
1310 4515 1488 4563 sacra;
1516 4498 1608 4553 Fr.
1637 4499 1768 4553 Mol-

205 4563 433 4636 keulnthr,
457 4572 511 4625 in
546 4569 761 4624 Dissert.
794 4570 1047 4636 laudatis;
1079 4563 1309 4625 eximius
1345 4571 1683 4626 ﬂehertnann
1714 4572 1765 4626 in

204 4634 575 4698 Institutionibus
589 4640 928 4713 Thcologicis,
954 4644 1017 4698 de
1028 4634 1343 4711 Baptismate
1360 4660 1378 4697 :
1397 4644 1637 4712 quisquis
1653 4640 1768 4698 haec

205 4716 373 4786 attente
396 4714 758 4786 perpenderit.
782 4716 931 4786 haud
958 4730 1088 4786 sane
1112 4716 1321 4783 ineptas
1350 4729 1470 4768 esse
1500 4714 1769 4786 reputahit

206 4782 556 4849 cavillationes,
585 4800 683 4840 nec
705 4785 1141 4855 indiglrahundns
1169 4782 1290 4841 com
1320 4782 1767 4840 Martino’Routh

208 4855 516 4933 inclamabit:
533 4856 746 4933 insigne
760 4858 1044 4928 exemplum
1065 4856 1290 4933 fallacia:
1310 4873 1423 4928 quw
1441 4857 1629 4933 dicitur
1641 4858 1769 4927 prti.

210 4926 571 5004 tionisprincipii
589 4929 609 4982 !
617 5002 625 5004 _
634 4926 716 4999 fac
740 4926 914 5004 autent
931 4926 1164 4999 esse,‘qui
1185 4926 1477 5004 Ituusmodi
1493 4926 1738 5004 argutum
1751 4960 1767 4972 -

213 4999 264 5046 lis
285 4999 468 5072 scientes
492 4999 861 5072 prudentesque
879 5001 932 5055 in
964 5004 1111 5055 rebus
1133 5001 1263 5055 tanti
1292 5001 1530 5072 momenti
1547 4999 1624 5055 usi
1641 5003 1765 5068 sint,

212 5068 406 5131 “deﬁat
421 5072 705 5135 totinsﬁdet'
721 5068 944 5127 historia:
961 5074 1212 5135 interitus,
1228 5073 1405 5136 quidni
1424 5071 1585 5127 Deum
1600 5074 1770 5143 depre-

214 5150 287 5220 ter
303 5156 411 5195 mea
421 5144 715 5220 animietne
736 5145 801 5220 sit
823 5146 879 5220 in
893 5147 1082 5220 futuro,
1100 5147 1430 5220 saguloucunt
1448 5146 1769 5220 tamjm'qut's

215 5216 252 5259 et
272 5214 486 5286 improbis
501 5215 1035 5284 sopltistis!—Annot.
1067 5218 1118 5269 in
1139 5215 1342 5271 Firmit.
1364 5217 1431 5270 nd
1461 5216 1520 5271 S.
1547 5214 1767 5286 Cypria-

216 5285 471 5359 "ﬂg‘gpisl:
518 5289 568 5340 in
593 5296 723 5359 toni.
750 5303 781 5359 _t_
811 5286 1064 5359 Scriptor.
1088 5288 1286 5343 Eccles.
1319 5304 1525 5358 apuscc.
1553 5285 1763 5359 praecip.

217 5351 386 5435 tt-
407 5354 487 5435 Cl'.
508 5359 626 5435 iter.
660 5351 1036 5435 Molitenluihr,
1075 5351 1603 5435 quphemeridihus
1626 5351 1770 5435 theo-

218 5419 387 5490 logicis.
410 5430 507 5482 sub
529 5430 630 5481 hoc
655 5429 813 5483 titulo
840 5448 853 5483 :
884 5430 984 5484 Die
1000 5419 1393 5486 mastiaux'sclte
1414 5432 1648 5485 literatur
1666 5434 1769 5487 zei-

219 5496 475 5575 lfng.-lie[t.
500 5501 558 5575 _7,
586 5500 745 5575 1822,
773 5500 822 5575 lt.
858 5502 909 5567 4,
942 5502 1100 5557 1825.
1131 5533 1197 5542 ——-
1229 5504 1286 5556 D.
1318 5502 1617 5575 Wolfgangﬁ
1638 5503 1769 5559 Fro-

218 5560 380 5641 eblich.
405 5568 464 5624 0.
495 5560 554 5627 8.
586 5571 644 5626 Β.
671 5560 742 5625 ἱιί
763 5560 1098 5641 lnquisitione
1134 5576 1311 5629 critica
1342 5575 1394 5627 in
1422 5560 1543 5628 life.
1573 5560 1761 5630 Euseb.

222 5631 383 5694 Posou.
408 5641 553 5697 1808.
583 5642 792 5699 Videsis
818 5631 1040 5699 annales
1064 5646 1356 5702 Iitterarios
1381 5646 1517 5702 infra
1540 5648 1643 5703 col.
1673 5648 1760 5703 ‘24.

280 5774 344 5842 (1)
366 5775 504 5835 Tom.
538 5795 629 5849 xu,
658 5796 708 5853 p.
744 5780 941 5846 1-112,
972 5781 1190 5851 passim.

3325 250 3465 294 XVII!

2211 401 2232 462 §
2260 399 2299 450 ι.
2329 425 2390 436 -
2411 397 2489 450 De
2513 397 2779 464 Disciplina
2800 400 2851 450 in
2874 410 3088 464 genere.

1940 599 2003 656 ll.
2033 620 2051 653 ι
2082 600 2139 656 lu
2164 598 2454 671 Scripturis
2481 598 2682 654 sanctis
2711 599 3019 670 frequenter
3044 606 3097 654 et
3124 596 3324 669 ubique
3351 595 3464 652 dis-

1869 695 2066 765 ciplina
2086 693 2415 765 praecipitur,
2448 713 2467 746 ι
2505 692 2678 764 inquit
2701 691 2759 748 S.
2793 691 3094 764 Cyprianus
3123 691 3177 746 in
3197 705 3295 746 suo
3325 698 3465 746 trac-

1872 795 1984 841 tatu
2005 786 2069 841 de
2097 784 2288 840 Habitu
2320 784 2584 855 Virginum
2616 783 2716 856 (1),
2748 802 2767 836 ε
2791 793 2843 839 et
2875 782 3280 838 fundamentum
3303 796 3466 838 omne

1868 877 2147 948 religionis
2177 892 2241 933 ac
2272 876 2396 932 ﬁdei
2428 877 2494 932 de
2519 876 2897 932 observatione
2919 891 2981 931 ac
3009 876 3201 931 timore
3225 872 3467 945 proﬁsci-

1868 970 2059 1025 scitur.
2098 990 2117 1021 ι
2149 999 2215 1043 έ-
2239 967 2403 1023 Facili
2430 966 2645 1039 negorio
2675 967 3029 1039 dignoscitur,
3064 966 3196 1021 nihil
3236 975 3340 1020 tam
3372 980 3467 1021 ne-

1868 1062 2164 1119 cessarium
2191 1076 2314 1117 esse
2340 1061 2609 1132 praecipue
2627 1060 2679 1114 in
2702 1059 2844 1115 bello
2870 1057 3281 1130 persecutionis,
3301 1072 3462 1129 quam

1869 1157 2107 1213 debitam
2139 1155 2489 1211 severitatem
2518 1154 2689 1209 divini
2719 1155 2920 1226 vigoris
2950 1162 3153 1218 tenere,
3183 1167 3343 1224 quam
3373 1151 3465 1221 qui

1867 1252 2160 1319 remiserit,
2191 1251 2367 1321 inquit
2397 1250 2674 1305 Romanus
2702 1248 2896 1305 Clerus
2930 1247 3009 1320 (2)
3055 1247 3122 1302 ad
3153 1246 3211 1303 S.
3240 1244 3466 1319 Cypria-

1870 1361 1995 1401 num
2039 1344 2314 1411 scribens,
2348 1342 2587 1399 instabili
2632 1358 2818 1398 rerum
2850 1356 3010 1398 cursu
3058 1347 3204 1396 erret
3250 1353 3467 1408 semper

1868 1454 2095 1495 necesse
2122 1447 2239 1506 est,
2269 1449 2323 1494 et
2356 1437 2462 1493 huc
2499 1446 2660 1508 atque
2686 1437 2813 1492 illuc
2851 1434 3018 1490 variis
3049 1433 3270 1490 incertis
3294 1445 3464 1503 nego-

1871 1535 2068 1589 tiorum
2113 1530 2525 1602 tempestatibus
2551 1530 2867 1601 dissipetur,
2892 1537 2947 1584 et
2973 1527 3127 1598 quasi
3151 1534 3366 1583 extorto
3395 1524 3465 1581 de

1871 1624 2123 1680 manibus
2150 1624 2498 1680 consiliorum
2535 1621 2925 1693 gubernaculo,
2959 1621 3140 1675 navim
3178 1618 3465 1674 ecclesias-

1872 1720 1991 1775 ticae
2019 1718 2211 1774 salutis
2242 1718 2415 1773 illidat
2446 1719 2500 1773 in
2523 1716 2798 1786 scopulos,
2826 1725 2883 1770 ut
2910 1723 3191 1786 appareat,
3221 1727 3325 1768 non
3364 1710 3465 1766 ali-

1872 1826 1953 1872 ter
1982 1814 2140 1871 saluti
2183 1813 2571 1869 ecclesiastica:
2596 1809 2803 1866 consuli
2837 1823 3015 1879 posse,
3051 1807 3153 1862 nisi
3194 1806 3239 1861 si
3281 1805 3372 1877 qui
3414 1812 3471 1860 et

1869 1916 2058 1964 contra
2090 1906 2261 1977 ipsam
2309 1905 2511 1961 faciunt
2534 1948 2547 1970 ,
2583 1904 2734 1975 quasi
2765 1901 2981 1973 quidam
3014 1899 3228 1956 adversi
3271 1899 3469 1955 ﬂuctus

1870 2000 2224 2072 repellantur,
2247 2009 2302 2054 et
2323 1996 2808 2069 disciplinazipsius
2824 2010 3039 2065 semper
3051 1992 3316 2051 custodita
3331 1992 3469 2047 ratio

1869 2096 2024 2167 quasi
2064 2095 2304 2148 salutare
2333 2090 2551 2161 aliquod
2587 2087 3015 2160 gubernaculum
3055 2087 3109 2142 in
3150 2093 3469 2156 tempestate

1869 2196 2137 2244 servetur.
2191 2187 2481 2257 Oporteret
2531 2184 2753 2255 insuper
2815 2181 3073 2237 Ecclesiae
3123 2178 3467 2250 disciplinam

1870 2281 2191 2338 uniformem
2243 2293 2385 2345 esse,
2408 2287 2668 2348 quantum
2713 2275 2831 2329 ﬁeri
2859 2283 3058 2344 potest,
3092 2273 3145 2329 in
3183 2269 3470 2343 praecipuis

1868 2377 2051 2442 rebus,
2085 2374 2242 2429 sicuti
2271 2374 2323 2427 in
2350 2369 2667 2442 poenitentia
2698 2387 2711 2424 :
2745 2368 2887 2439 quod
2916 2383 3044 2423 sane
3075 2368 3338 2422 monitum
3369 2379 3470 2421 suo

1868 2470 2016 2525 clero
2061 2466 2265 2539 przehet
2312 2464 2371 2520 S.
2420 2462 2721 2535 Cyprianus
2770 2460 2997 2531 epistola
3040 2475 3133 2514 sua
3193 2457 3468 2530 trigesima

1869 2570 2057 2633 quarta
2106 2558 2206 2633 (5).
2236 2556 2450 2613 Mandat
2499 2557 2744 2625 insuper,
2777 2554 2916 2607 hanc
2958 2551 3186 2607 consilio
3226 2550 3466 2605 omnium

1870 2653 2262 2723 Epismporum
2307 2665 2429 2705 esse
2460 2644 2940 2719 prteseribendam,
2973 2654 3119 2707 ιιι,οχ
3148 2642 3468 2714 quibusdam

1869 2746 1992 2801 aliis
2028 2745 2139 2800 suis
2169 2742 2427 2815 Epistolis
2454 2741 2729 2811 colligitur
2763 2738 2869 2813 (4).
2903 2740 3027 2793 llaec
3057 2738 3222 2793 habet
3249 2746 3470 2793 sanctus

1869 2841 2166 2914 Cyprianus
2197 2839 2263 2894 de
2291 2838 2574 2908 disciplina
2614 2836 2665 2890 in
2696 2849 2914 2906 genere.
2945 2833 3240 2887 Videamus
3280 2830 3465 2900 modo,

1869 2951 1987 3006 qum
2018 2933 2087 2989 de
2126 2932 2411 3001 disciplina
2450 2932 2501 2985 in
2538 2928 2847 3001 partic’ulari
2874 2928 2925 2983 in
2963 2927 3079 2997 ejus
3126 2924 3345 2996 scriptis
3367 2924 3467 2981 de-

1868 3032 2298 3104 prehenduntur.

2086 3211 2113 3276 §
2136 3209 2199 3261 II.
2225 3236 2285 3248 —
2301 3209 2378 3261 De
2413 3208 2680 3274 Disciplina
2705 3207 2863 3273 quoad
2886 3208 3197 3273 baptismum.

1938 3381 2023 3437 111.
2058 3380 2352 3436 Benedictio
2380 3396 2525 3451 aqum
2547 3396 2663 3451 qua:
2681 3381 2750 3434 ad
2764 3379 3083 3451 Baptismum
3102 3380 3344 3434 inservire
3372 3378 3466 3433 de-

1871 3475 1971 3529 bet.
1994 3502 2064 3513 —
2084 3472 2326 3527 Primum
2350 3516 2365 3539 ,
2400 3472 2544 3543 quod
2570 3471 2953 3527 observatione
2984 3472 3202 3543 dignum
3232 3471 3469 3526 occurrit

1870 3568 1923 3623 in
1957 3575 2170 3623 vetusto
2218 3566 2320 3621 hoc
2358 3566 2519 3621 Patre
2554 3564 2730 3635 quoad
2776 3566 3108 3634 Baptismum
3153 3574 3273 3632 est,
3325 3566 3466 3636 quod

1869 3675 1968 3714 suo
2000 3675 2116 3713 aevo
2153 3659 2262 3729 jam
2310 3673 2501 3728 aquam
2532 3657 2790 3727 Baptismi
2826 3657 3209 3712 benedictione
3234 3655 3469 3711 donabat

1870 3753 2176 3823 episcopus.
2209 3770 2228 3803 ι
2258 3753 2485 3823 Oportet
2513 3768 2664 3821 ergo,
2699 3770 2717 3802 ι
2758 3752 2930 3822 inquit
2977 3750 3135 3806 divus
3165 3749 3468 3822 Cyprianus

1870 3846 2112 3916 Epistula
2142 3861 2269 3908 Lxx,
2299 3861 2417 3915 quae
2446 3855 2528 3899 est
2557 3844 2621 3899 ad
2653 3845 2961 3899 Januarium
2995 3856 3048 3898 et
3071 3853 3298 3898 carteros
3325 3846 3468 3914 cpis-

1871 3952 2036 4005 c0pos
2086 3936 2365 4002 Numidas,
2425 3955 2443 3987 ‹
2482 3936 2732 3991 mandari
2786 3946 2838 3991 et
2895 3935 3222 3990 sanctiﬁcari
3274 3951 3465 4005 aquam

1871 4029 2022 4099 prius
2053 4046 2080 4082 a
2112 4029 2416 4096 sacerdote,
2453 4038 2510 4083 ut
2563 4029 2733 4098 possit
2780 4028 3053 4098 Baptismo
3095 4044 3194 4083 suo
3251 4038 3467 4099 peccata

1874 4121 2129 4187 hominis,
2164 4122 2252 4191 qui
2300 4122 2619 4191 baptizatur,
2647 4121 2869 4177 abluere
2896 4120 2996 4193 (5).
3036 4142 3054 4174 ι
3091 4121 3260 4190 Quam
3300 4122 3464 4177 disci-

1874 4214 2076 4285 plinam
2107 4215 2393 4269 coulirmat
2431 4213 2520 4267 ille
2549 4212 2651 4267 hoc
2685 4213 2988 4269 Ezechielis
3019 4215 3239 4269 oraculo
3292 4230 3307 4269 :
3366 4212 3466 4286 Ef-

1874 4311 2088 4380 fundant
2115 4325 2268 4378 super
2323 4324 2408 4362 vos
2461 4324 2648 4379 aquam
2700 4307 2964 4371 mundam,
2996 4307 3467 4361 etetnundabimini

1872 4405 1936 4458 ab
1957 4404 2188 4457 omnibus
2218 4403 2613 4467 inquinamentis
2642 4403 2835 4468 vestris,
2860 4411 2906 4455 et
2953 4402 3016 4455 ab
3057 4402 3287 4456 omnibus
3316 4401 3469 4456 idolis

1872 4496 2049 4550 vestris
2077 4495 2329 4549 mandabo
2358 4511 2444 4550 vos
2475 4493 2576 4569 (6).
2606 4515 2625 4547 ι

1947 4589 2036 4643 ιν.
2069 4587 2357 4644 Exorcismi
2401 4589 2453 4643 in
2497 4588 2785 4660 Baptisnto.
2812 4620 2881 4631 ——
2926 4588 3183 4661 Baptismi
3210 4603 3469 4645 cmremo-

1876 4684 2021 4739 niam
2065 4683 2447 4755 prmcedebant
2479 4683 2767 4738 esorcismi
2791 4726 2805 4751 ,
2838 4694 2996 4753 prout
3040 4682 3255 4738 tradunt
3286 4690 3467 4753 patres

1875 4777 2436 4833 celeberrimiconcilii
2456 4776 2919 4849 Carthagiuensis,
2938 4777 3090 4847 cujus
3105 4776 3267 4831 veluti
3290 4776 3464 4830 anima

1875 4854 2031 4925 divus
2054 4868 2357 4942 Cyprianus
2406 4880 2524 4925 erat.
2576 4880 2628 4925 et
2662 4869 2979 4926 habebatur.
3010 4868 3150 4942 Lege
3184 4884 3305 4940 qua:
3360 4878 3469 4924 tra-

1949 5069 2024 5143 (1)
2058 5071 2116 5127 S.
2144 5070 2424 5142 Cyprian.,
2458 5073 2519 5127 de
2545 5070 2832 5143 Disciplina
2863 5081 2909 5126 et
2946 5070 3138 5127 Habitu
3175 5070 3463 5141 Virginum,

1876 5158 2061 5213 parum
2090 5152 2211 5212 post
2231 5144 2460 5209 initium,
2488 5160 2526 5197 t.
2558 5159 2635 5208 tv,
2666 5144 2771 5199 col.
2801 5144 2897 5199 Ml
2934 5160 2984 5200 Β.

1949 5211 2028 5353 (⁸2)
2062 5211 2231 5281 Idem,
2264 5214 2363 5284 Ep.
2394 5231 2543 5281 xxxi,
2577 5223 2616 5269 t.
2648 5230 2719 5282 Iv,
2748 5231 2798 5270 c.
2833 5215 2940 5270 505
2969 5232 3020 5270 Α.

1975 5288 2031 5353 5)
2069 5287 2238 5352 Epist.
2269 5302 2455 5353 xxvm,
2482 5296 2611 5340 tum.
2639 5303 2711 5351 tv,
2742 5301 2789 5340 c.
2817 5287 2914 5343 ¹501
2946 5306 2999 5343 Α.

1975 5288 2031 5356 5)
2069 5287 2238 5352 Epist.
2269 5302 2455 5353 xxvut,
2482 5296 2611 5340 tom.
2639 5303 2711 5351 tv,
2742 5301 2789 5340 c.
2817 5287 2914 5343 501
2946 5306 2999 5343 Α.

1951 5356 2033 5430 (4)
2080 5356 2208 5430 Vide
2237 5356 2392 5430 Epp.
2444 5374 2521 5422 χι,
2569 5367 2699 5430 tom.
2754 5374 2825 5423 tv,
2860 5374 2910 5414 c.
2953 5360 3079 5425 275,
3123 5357 3188 5412 ad
3233 5357 3461 5430 plebem,

1878 5437 1918 5484 t.
1962 5428 2034 5494 iv,
2062 5445 2110 5483 c.
2143 5428 2290 5491 256;
2325 5445 2448 5495 xui,
2480 5430 2548 5482 ad
2586 5429 2786 5484 Clarum
2827 5448 2997 5493 suum,
3033 5442 3070 5484 t.
3126 5446 3197 5495 tv,
3236 5428 3292 5484 re.
3326 5428 3462 5495 260;

1876 5517 1963 5555 Xix
1983 5542 1996 5562 ,
2029 5501 2097 5553 ad
2136 5501 2478 5573 Chaldoninm
2499 5543 2513 5566 ,
2560 5517 2740 5573 xxviii,
2772 5504 2839 5555 ad
2871 5502 3104 5573 Presbyt.
3136 5512 3181 5555 et
3208 5500 3464 5573 pineam,

1878 5583 2020 5699 tcomb
2027 5588 2115 5698 71v,
2158 5587 2208 5627 c.
2254 5572 2393 5640 300;
2443 5589 2604 5637 xxxr,
2635 5571 2770 5628 Cleri
2818 5571 3041 5629 Romani
3071 5574 3146 5645 ad
3190 5571 3464 5645 Cyprian.,

1913 5670 1982 5698 ..›
2065 5684 2075 5697 .

1876 5658 1926 5699 ς.
1954 5658 2075 5699 δυΙ.

1949 5714 2028 5786 (5)
2058 5715 2334 5786 Cyprian.,
2360 5717 2459 5787 Ep.
2493 5732 2616 5780 Lxx,
2653 5727 2691 5773 t.
2726 5735 2798 5785 Ill,
2834 5732 2883 5773 c.
2918 5716 3054 5776 1050
3081 5734 3132 5772 Α.

1950 5789 2030 5862 (:2)
2064 5787 2331 5856 Ezechiel,
2359 5804 2539 5855 xxxvi,
2569 5788 2659 5844 23.
