3982 6310
419 228 512 287 ω
1868 200 2253 290 retento.
3639 221 3733 289 ἰἱ
3782 309 3788 312 Α

422 347 555 403 dunt
573 345 820 403 Caecilius
838 344 907 403 de
930 345 1089 419 Bilta,
1106 354 1238 401 tom.
1262 359 1340 414 tu,
1363 344 1471 401 colt
1488 343 1648 411 to“;
1672 343 2016 402 Crescentius

423 441 492 497 de
521 442 663 497 Cirta
694 440 798 496 col.
832 439 991 506 1058,
1044 439 1296 495 editionis
1324 437 1686 504 Oxoniensis;
1738 447 1793 492 et
1822 436 2019 494 Lucius

425 534 496 591 de
523 533 815 600 Thebeste,
844 534 935 605 qui
964 548 1152 589 omnes
1181 532 1249 588 de
1279 532 1379 587 hac
1410 533 1560 603 praxi
1586 538 1872 586 testantur.
1907 531 2020 588 Mos

425 635 543 684 erat
570 626 770 698 pariter
807 612 1140 682 exorcismos
1168 625 1447 681 instituere
1476 628 1638 695 super
1668 637 1765 679 eos
1790 623 1878 694 qui
1917 622 2018 679 ob-

424 706 563 777 sessi
584 727 741 775 erant
778 734 808 774 a
855 706 1152 786 daemoniis,
1183 706 1273 790 qui
1302 717 1531 790 adjurati
1578 716 1631 771 in
1662 712 1879 774 nomine
1909 717 2018 772 reri

426 806 522 875 Dei
547 818 741 874 cedere
768 816 1119 888 cogebantur,
1147 823 1200 871 et
1230 806 1298 870 de
1330 810 1436 869 illis
1467 814 1790 885 corporibus
1815 813 2017 868 exiere.

432 932 450 964 ‹
481 912 545 968 lli
571 921 751 968 tamen
773 909 1003 982 adiurati
1024 925 1122 982 per
1146 909 1310 964 Deum
1332 924 1519 963 verum
1545 922 1572 961 a
1599 908 1774 975 nobis,
1808 928 1826 960 ›
1855 908 2024 977 inquit

426 1004 485 1063 S.
511 1006 813 1078 Cyprianus
829 1005 880 1059 in
900 1019 1000 1059 suo
1019 1010 1248 1058 tractatu
1272 991 1599 1058 tleVanitate
1628 1000 1898 1056 [dolorum
1919 1001 1963 1073 (l
1979 1000 2020 1072 ),

433 1114 454 1151 ι
486 1099 663 1153 statim
693 1097 910 1161 cedunt,
935 1095 1082 1151 etde
1123 1096 1362 1152 obsessis
1393 1095 1717 1166 corporibus
1750 1095 1900 1150 exire
1931 1109 2023 1150 co-

428 1201 646 1261 guntur.
679 1176 872 1247 Videas
903 1189 1049 1257 illos,
1088 1207 1106 1241 ι
1140 1188 1412 1260 subiungit
1433 1187 1493 1243 S.
1520 1188 1737 1252 Doctor,
1780 1204 1799 1239 ε
1840 1197 2023 1244 nostra

429 1297 581 1350 voce,
613 1292 667 1338 et
693 1272 1011 1353 operatione
1061 1280 1357 1351 majestatis
1390 1280 1622 1347 occulta,
1652 1278 1832 1351 ﬂagris
1863 1279 2022 1347 cmdi,

431 1375 554 1447 igne
587 1375 1167 1441 torreri;iucremento
1194 1389 1366 1445 ptenac
1392 1375 1738 1447 propagautis
1778 1376 2021 1443 extendi,

430 1464 655 1551 ejulare,
679 1484 918 1540 gemere,
948 1469 1265 1539 deprecari;
1298 1470 1440 1526 unde
1463 1472 1703 1538 veniant,
1728 1479 1783 1525 et
1809 1469 2025 1539 quando

431 1546 737 1631 discedunt,
772 1563 903 1633 ipsis
949 1561 1155 1629 etiam,
1186 1564 1275 1633 qui
1323 1577 1381 1618 se
1428 1562 1612 1618 colunt
1658 1563 2024 1625 audientibus,

432 1655 711 1722 conﬁteri;
745 1666 799 1712 et
828 1656 908 1711 vel
936 1657 1409 1724 exsiliuntstatim,
1443 1658 1530 1712 vel
1553 1667 2023 1727 evanescuntgra-

435 1748 628 1817 dalim,
661 1758 821 1819 prout
867 1749 1001 1806 tides
1043 1750 1295 1820 patientis
1329 1750 1577 1822 adjuvat,
1608 1758 1701 1806 aut
1728 1751 1899 1821 gratia
1937 1763 2022 1804 cu-

434 1828 606 1895 rantis
645 1841 867 1911 aspirat.
908 1860 926 1894 »
958 1840 1306 1897 [labebantur
1348 1842 1509 1912 igitur
1542 1841 1770 1912 duplicis
1816 1842 2029 1912 generis

435 1923 759 2001 exorcismi;
795 1932 847 1988 hi
883 1933 1102 2005 quidem
1141 1949 1305 2005 super
1340 1949 1436 1991 eos
1468 1936 1558 2006 qui
1588 1935 2030 2006 praeparabantur

440 2025 749 2097 Baptismo,
792 2014 869 2082 illi
903 2041 1033 2083 vero
1080 2043 1242 2100 super
1292 2042 1711 2099 energumenos.
1761 2027 1928 2083 Primi
1975 2028 2027 2083 in

441 2106 674 2175 ecclesia
706 2118 1120 2192 peragebantur,
1164 2134 1348 2176 coram
1379 2119 1665 2189 ﬁdelibus;
1707 2122 1897 2193 reliqui
1929 2122 2027 2177 ibi-

441 2195 565 2267 dem
585 2213 945 2268 cemmuniter
965 2228 1071 2269 non
1096 2214 1506 2285 peragebantur,
1524 2214 1670 2284 quia,
1692 2223 1748 2268 ut
1769 2214 2023 2282 vidimus,

437 2304 639 2361 ethnici
684 2294 1006 2378 quandoque
1054 2309 1153 2380 ipsi
1200 2307 1446 2365 aderant.
1491 2309 1785 2364 Exorcistte
1822 2310 2025 2379 itaque,

435 2388 689 2469 quoniam
708 2401 786 2456 sic
811 2415 949 2472 opus
974 2412 1120 2469 erat,
1159 2401 1225 2457 ad
1252 2404 1369 2459 illos
1390 2402 1691 2474 migrabant
1719 2402 1810 2473 qui
1837 2417 2028 2458 eorum

436 2492 749 2565 indigebant
775 2496 1093 2551 ministerio.

508 2585 573 2641 ν.
608 2585 827 2657 Signum
847 2588 1013 2642 crucis
1043 2587 1097 2641 in
1114 2591 1281 2658 fronte
1303 2603 1476 2643 eorum
1493 2588 1579 2659 qui
1598 2587 2032 2643 abluebantur.—

440 2674 663 2748 Signutn
693 2678 871 2734 crucis
898 2678 952 2733 in
983 2678 1160 2734 fronte
1186 2693 1372 2735 eorum
1400 2680 1490 2751 qui
1520 2679 1884 2751 ﬁngebantur,
1911 2689 2027 2735 erat

438 2767 543 2823 alia
583 2770 907 2824 caeremouia
947 2759 1189 2825 adhibita
1228 2758 1281 2824 in
1322 2771 1613 2826 collatione
1639 2770 1919 2840 Baptismi.
1956 2770 2033 2826 De

438 2852 541 2917 Itac
595 2862 747 2932 praxi
801 2846 1171 2918 testiinonium
1239 2850 1488 2933 perbibet
1544 2850 2029 2918 luculentissitnum

437 2965 657 3014 sanctus
689 2954 989 3029 Cyprianus
1020 2956 1080 3010 1ο
1113 2958 1166 3011 in
1196 2972 1295 3012 suo
1325 2964 1557 3012 tractatu
1588 2957 1655 3012 de
1686 2948 1875 3028 Lapsis
1910 2974 1922 3010 :
1958 2953 2031 3011 ibi

440 3050 707 3122 siquidem
747 3051 816 3106 de
858 3051 966 3106 illis
995 3050 1160 3105 verba
1189 3050 1392 3105 iaciens
1428 3050 1518 3120 qui
1552 3051 1603 3105 in
1654 3036 2037 3120 persecutione

443 3144 787 3201 confessores
813 3144 1150 3210 exstiterant,
1175 3143 1252 3198 ait
1283 3143 1489 3198 frontes
1516 3142 1694 3199 crucis
1721 3144 1875 3214 signo
1901 3157 2033 3198 con-

426 3247 701 3301 ,secratas.
735 3255 754 3290 t
784 3236 960 3292 Frons
984 3251 1123 3291 cum
1152 3233 1309 3306 signo
1344 3224 1436 3290 Dei
1468 3249 1620 3305 pura,
1646 3229 1846 3290 diaboli
1875 3249 2034 3291 coro-

442 3345 565 3385 nam
612 3329 754 3386 l‘erre
780 3346 888 3386 non
935 3330 1143 3402 potuit,
1188 3344 1407 3385 corona;
1449 3331 1659 3385 Domini
1698 3344 1757 3385 se
1791 3343 2035 3386 reserva-

440 3422 519 3478 vit
540 3420 644 3495 (2).
667 3442 687 3475 ι
711 3422 776 3478 20
798 3421 856 3478 In
878 3429 1108 3479 tractatu
1135 3423 1206 3479 de
1228 3422 1444 3479 Unitate
1473 3406 1732 3478 Ecclesiae
1756 3421 2034 3479 disserens

440 3514 509 3572 de
537 3513 686 3583 Ozia,
710 3516 798 3587 qui
827 3515 996 3586 leprte
1019 3516 1278 3572 varietate
1308 3516 1361 3571 in
1394 3515 1570 3572 fronte
1599 3516 1903 3571 maculatus
1926 3526 2031 3585 est,

442 3606 606 3664 tradit
630 3607 767 3664 hanc
791 3623 914 3665 esse
941 3623 1058 3664 eam
1082 3608 1332 3679 corporis
1359 3617 1566 3677 partem
1588 3639 1603 3673 ,
1632 3608 1725 3664 ubi
1754 3608 2035 3679 signantur

443 3701 531 3773 qui
559 3699 819 3772 Baptismi
848 3715 986 3772 aqua
1029 3701 1321 3756 abluuntur
1363 3716 1378 3754 :
1415 3719 1433 3752 t
1475 3698 1579 3755 Ubi
1606 3700 1911 3771 signantur,
1941 3700 2034 3771 qui

444 3793 732 3850 Dominum
758 3803 1138 3865 promerentur
1167 3792 1269 3867 (3).
1308 3812 1327 3846 ι
1359 3793 1421 3849 5°
1446 3791 1503 3848 lu
1530 3800 1759 3848 tractatu
1776 3788 2035 3848 adversus

445 3886 847 3945 Demetrianum
878 3889 1219 3961 apertissime
1245 3904 1367 3943 cum
1394 3886 1675 3944 Ezechiele
1707 3887 1786 3961 (4)
1815 3888 2031 3953 asserit,

444 3979 587 4052 quod
616 3980 651 4035 ii
702 3982 804 4037 soli
836 3981 968 4037 salvi
998 3991 1158 4037 erunt
1207 3981 1297 4052 qui
1334 3981 1507 4037 renati
1559 3990 1613 4037 et
1656 3981 1811 4051 signo
1836 3980 2034 4038 Christi

444 4075 638 4148 signati
660 4075 857 4132 iuerint
886 4076 993 4149 (5).
1027 4095 1047 4128 ι

516 4167 605 4225 Vl.
641 4168 871 4224 Editorit
908 4169 1213 4225 Oxoniensis
1255 4180 1378 4225 nam
1422 4169 1518 4225 huc
1551 4184 1705 4239 super
1743 4184 1798 4223 re
1835 4167 2035 4241 refelli-

444 4271 547 4318 tur.
579 4292 649 4303 —
674 4262 1088 4318 Observavimus
1127 4263 1237 4335 jam
1283 4263 1337 4319 in
1393 4262 1762 4333 superioribus
1784 4262 1941 4318 tomis
1969 4276 2039 4318 ex

446 4355 720 4411 nonnullis
745 4355 1010 4420 Patribus,
1027 4357 1300 4426 praecipue
1316 4370 1444 4410 vero
1467 4370 1533 4410 ex
1552 4353 1905 4419 Tertulliano,
1925 4356 2035 4424 sig-

446 4462 572 4502 num
603 4448 778 4504 crucis
798 4446 939 4518 apud
955 4457 1169 4504 veteres
1192 4447 1379 4502 ﬁdeles
1403 4446 1842 4518 frequentissimo
1864 4449 1916 4501 iu
1940 4460 2040 4501 usu

445 4539 630 4596 fuisse.
661 4539 985 4598 Oxoniensis
1015 4540 1124 4596 divi
1151 4539 1407 4612 Cypriani
1445 4540 1621 4596 editor
1647 4540 1877 4610 idipsum
1910 4540 2041 4593 tate-

449 4643 558 4701 tur,
586 4643 642 4691 et
671 4635 831 4693 tradit
855 4635 908 4691 in
934 4634 1166 4706 quadam
1193 4644 1317 4689 nota
1351 4635 1403 4690 in
1427 4649 1594 4689 unum
1620 4646 1685 4689 ex
1711 4648 1872 4704 supra
1901 4632 2041 4688 reei-

450 4727 572 4783 tatis
599 4727 657 4784 S.
693 4728 936 4784 [lectoris
965 4727 1331 4783 testimonium
1362 4745 1375 4783 :
1417 4725 1573 4783 tNon
1599 4737 1806 4784 tantum
1832 4727 1937 4801 (6),-
1962 4728 2043 4783 in-

449 4829 530 4876 ter
564 4819 823 4890 Baptismi
854 4820 1116 4877 solemnia
1136 4858 1153 4888 ,
1193 4818 1460 4876 frontibus
1498 4820 1675 4877 crucis
1696 4820 1907 4892 signum
1938 4820 2040 4876 im-

448 4910 755 4984 primebant
801 4908 1127 4983 Christiani,
1176 4911 1273 4970 sed
1314 4912 1384 4968 ad
1428 4928 1646 4970 omnem
1696 4929 2040 4986 progressum

520 5096 601 5171 (l)
630 5098 912 5171 Cyprian..
964 5099 1057 5157 lib.
1106 5096 1169 5152 de
1214 5086 1414 5152 Idolor.
1472 5094 1725 5165 Vanltnt.,
1772 5106 1904 5154 tom.
1958 5113 2047 5164 tv.

449 5184 499 5280 (ἲ.
523 5170 909 5316 (527)76yprian.,
940 5241 1033 5316 lib.
1055 5241 1122 5316 de
1148 5242 1354 5316 Leptis,
1378 5254 1429 5298 c.
1453 5240 1559 5315 4‘66
1589 5257 1637 5297 Β.

549 5312 605 5385 5)
638 5306 931 5385 Ide-mulli).
965 5314 1028 5368 de
1052 5306 1196 5375 Unit.
1224 5306 1446 5381 Eodem,
1481 5309 1518 5368 t.
1544 5329 1620 5381 iv,
1651 5324 1699 5367 c.
1728 5310 1831 5368 5M
1851 5331 1904 5369 it.

548 5378 605 5454 4)
644 5378 916 5449 Ezechiel,
946 5400 1020 5454 tit,
1055 5387 1108 5440 6.

549 5318 605 5385 ὅ)
638 5318 807 5378 litem,
840 5318 931 5371 lib.
965 5318 1028 5368 de
1052 5318 1196 5375 Unit.
1224 5318 1446 5381 ﬂectet,
1481 5323 1518 5368 ι.
1544 5329 1620 5381 iv,
1651 5324 1699 5367 c.
1728 5318 1831 5368 5M
1851 5331 1904 5369 it.

548 5385 583 5440 4
644 5378 916 5449 Ezechiel,
946 5400 1020 5454 tit,
1055 5387 1108 5440 6.

524 5318 605 5530 ἒξ)
659 5457 959 5530 Cyprian..
1004 5464 1212 5530 tractat.
1279 5457 1396 5512 adu.
1448 5455 1820 5530 Demetrium,
1861 5465 1899 5512 t.
1965 5472 2049 5526 tv,

2128 354 2287 418 atque
2314 355 2649 419 promotum,
2681 346 2749 404 ad
2773 362 2991 406 omnem
3032 348 3235 406 aditum
3283 360 3335 408 et
3372 350 3604 420 exitum,
3652 352 3731 407 ad

2132 439 2380 494 vestitum
2422 449 2475 494 et
2506 439 2836 507 calceatum,
2870 423 2935 497 ad
2964 424 3198 509 lavacra,
3231 441 3298 498 ad
3346 458 3562 499 mensas
3585 484 3601 510 ,
3653 443 3731 498 atl

2128 531 2331 596 limina,
2362 531 2427 586 ad
2456 530 2670 597 cubilia,
2700 531 2765 587 ad
2813 533 3021 602 sedilia,
3048 549 3388 606 quacumque
3425 534 3548 590 illos
3583 550 3731 590 con-

2127 619 2361 679 versatio
2390 620 2625 692 exercet,
2657 618 2889 680 frontem
2918 614 3108 683 (ξι-(ιρἰ
3124 627 3399 699 signaculo
3418 614 3727 684 terebant.»

2130 716 2329 772 Verum
2359 716 2540 772 subdit
2570 717 2854 789 episcopus
2885 719 2986 775 iste
3006 762 3019 786 ,
3048 720 3137 790 qui
3175 722 3315 778 inter
3353 721 3734 781 Protestantes

2129 808 2273 865 haud
2294 810 2544 866 ultimum
2574 812 2753 867 locum
2782 813 2964 881 habet,
2997 813 3139 885 quod
3170 815 3404 871 trandum
3428 816 3604 872 cultus
3634 812 3736 875 re-

2128 901 2348 973 tigiosus
2384 903 2741 973 praestabatur
2774 902 2935 961 Cruci
2964 912 2979 962 ε
3016 912 3037 958 t
3068 896 3290 962 interim
3307 908 3483 964 cultus
3510 910 3739 982 religio:

2128 1001 2222 1053 sus
2241 994 2455 1052 aberat:
2480 1002 2499 1051 ι
2521 998 2767 1069 hancque
2788 990 3079 1056 falsitatem
3099 1006 3152 1056 ut
3174 1002 3511 1073 comprobet,
3537 1008 3702 1074 quem
3718 1018 3741 1045 δ

2129 1089 2255 1145 dam
2276 1089 2481 1162 profert
2509 1096 2721 1147 textum
2761 1082 2979 1148 Minucii
3014 1093 3229 1159 Felicis,
3258 1096 3311 1149 iii
3338 1107 3446 1167 quo
3471 1094 3739 1153 Oetavius

2130 1182 2382 1239 observat
2418 1190 2471 1240 et
2514 1186 2708 1240 asserit
2748 1183 3082 1243 Christianus
3122 1190 3459 1259 nequaquam
3498 1190 3744 1247 adorare

2130 1274 2358 1333 Crucem
2398 1296 2411 1333 ε
2451 1288 2472 1331 4
2499 1276 2701 1335 Cruces
2742 1282 2845 1335 itee‘
2888 1280 3137 1338 catinius.»
3174 1286 3195 1335 δ
3228 1282 3399 1350 quem
3441 1288 3573 1339 sane
3605 1290 3743 1339 tex-

2134 1377 2245 1426 tum
2273 1380 2375 1427 sua
2401 1368 2525 1427 loco
2566 1372 2761 1441 protuli
2793 1364 2845 1427 et
2879 1372 3174 1444 explicati,
3216 1374 3433 1445 illicque
3467 1374 3741 1431 lectorem

2132 1464 2350 1518 remitto
2380 1461 2477 1535 (i).
2517 1460 2694 1520 Unum
2718 1462 3063 1520 selnmmuen‘
3094 1462 3180 1521 bit:
3205 1465 3432 1533 addam,
3463 1480 3619 1523 usum
3651 1467 3741 1522 vid

2131 1553 2331 1610 delieet
2355 1553 2583 1626 alicujus
2614 1554 2692 1610 rei
2724 1554 2780 1609 in
2805 1563 3145 1627 quocumque
3176 1556 3451 1628 religienis
3475 1567 3596 1614 actu
3626 1560 3744 1631 sig-

2132 1650 2259 1703 nu‘m
2291 1646 2432 1714 esse,
2462 1660 2570 1719 quo
2590 1648 2766 1720 majus
2793 1658 2900 1704 non
2930 1649 3090 1705 datur
3114 1644 3260 1706 aliud
3290 1649 3524 1722 religiosi
3554 1652 3742 1708 cultus

2132 1756 2259 1813 erga
2283 1748 2397 1798 rem
2422 1742 2690 1799 eamdem.
2714 1738 2812 1799 Ast
2832 1742 3156 1799 Oxonleusis
3177 1744 3465 1815 epitcupus
3483 1788 3497 1813 ,
3516 1745 3741 1803 Tertul-

2136 1834 2261 1890 liani
2293 1837 2617 1893 auctoritate
2646 1845 2888 1901 coactus,
2930 1837 3145 1900 fatetur,
3172 1836 3512 1894 Christianos
3543 1840 3739 1910 primis

2135 1927 2398 1985 Ecclesia:
2418 1928 2632 1985 sat-culis
2657 1929 2710 1985 id
2736 1931 3041 2001 peregisse:
3060 1924 3324 1985 Catholici
3344 1930 3538 2001 ergoin
3559 1931 3734 2000 cultu,

2134 2036 2295 2092 quem
2327 2032 2588 2092 praestant
2613 2022 2801 2090 Cruci,
2833 2022 3116 2078 beatorum
3165 2022 3381 2078 illorum
3429 2028 3736 2095 temporum

2134 2113 2345 2184 praxim
2370 2114 2532 2170 hodie
2552 2125 2870 2186 sequuntur.

2207 2204 2319 2261 VII.
2362 2206 2459 2262 Sal
2492 2208 2546 2262 in
2579 2224 2666 2262 ore
2698 2223 2874 2262 eorum
2904 2207 2990 2279 qui
3020 2205 3432 2280 baptizabantur.
3456 2240 3526 2253 —-
3552 2209 3736 2266 Caere-

2136 2302 2437 2357 moniarunt
2482 2301 2739 2372 Baptismi
2784 2317 2887 2358 una
2934 2303 3137 2375 pariter
3164 2312 3269 2371 est,
3297 2303 3438 2375 quod
3468 2302 3550 2359 sal
3577 2305 3734 2375 poni-

2138 2402 2227 2448 tur
2268 2395 2320 2448 itt
2352 2408 2468 2460 ore,
2502 2403 2594 2449 aut
2623 2409 2787 2465 super
2830 2395 3012 2466 lingua
3066 2394 3209 2451 illius
3247 2396 3337 2468 qui
3382 2395 3733 2467 baptizatur;

2135 2487 2373 2559 dumque
2399 2488 2451 2543 id
2475 2489 2680 2561 peragit
2717 2489 3109 2555 ministerlhtec
3135 2488 3340 2561 profert
3358 2491 3521 2547 verba
3548 2510 3561 2547 :
3589 2491 3733 2548 «Ac-

2136 2584 2260 2655 cipe
2288 2583 2457 2640 salem
2484 2584 2784 2654 sapientiai,
2815 2593 2921 2641 etc.
2949 2596 2971 2637 ι
3019 2584 3134 2655 Ego
3172 2592 3353 2639 autem
3380 2598 3528 2653 reor,
3556 2585 3735 2655 inquit

2138 2678 2207 2734 cl.
2243 2678 2551 2734 Bernardns
2580 2676 2865 2733 Marechall
2890 2686 3074 2734 noster
3097 2675 3199 2751 (2),
3240 2676 3378 2732 hanc
3404 2677 3610 2747 praxim
3637 2676 3735 2733 de-

2139 2770 2339 2841 signari
2370 2770 2421 2825 in
2451 2769 2806 2827 celeberrimo
2827 2769 3058 2825 concilio
3076 2767 3509 2841 Carthaginensi,
3529 2768 3598 2824 de
3622 2785 3734 2838 quo

2139 2863 2388 2932 superius
2418 2861 2581 2918 verba
2616 2861 2748 2929 feci;
2780 2864 2833 2918 in
2863 2876 2930 2917 eo
2957 2862 3224 2934 siquidem
3265 2860 3465 2917 Lucius
3507 2858 3575 2916 de
3600 2859 3736 2917 Cas-

2141 2955 2418 3026 tregalba,
2446 2964 2505 3011 ut
2533 2954 2724 3027 probet
2750 2955 3128 3011 seltismaticos
3158 2955 3395 3026 legitime
3422 2969 3531 3009 non
3557 2953 3735 3024 bapti-

2139 3064 2284 3119 zare,
2307 3062 2400 3104 eos
2427 3047 2499 3102 ait
2526 3064 2631 3103 non
2669 3061 2826 3119 posse
2854 3047 2984 3104 dare
3007 3047 3179 3103 salem
3204 3047 3484 3117 sapientiai
3512 3045 3736 3117 spirita-

2140 3142 2208 3198 lis
2234 3160 2249 3197 :
2289 3161 2307 3195 t
2336 3140 2721 3199 Scitismaticus
2753 3157 2857 3196 non
2892 3156 3051 3212 posse
3075 3140 3296 3197 condire
3335 3140 3595 3212 sapientia
3624 3140 3739 3209 spi-

2139 3226 2317 3295 rituali
2346 3279 2360 3305 ,
2409 3254 2530 3294 cum
2573 3239 2673 3309 ipsi
2698 3239 2766 3294 ab
2794 3238 3034 3295 Ecclesia
3075 3238 3390 3296 recedentes
3417 3238 3734 3294 inl‘atttati...

2142 3331 2265 3387 facti
2296 3331 2404 3387 sint
2432 3330 2515 3405 ('5)
2542 3350 2560 3384 ι
2587 3330 2792 3401 Quibus
2817 3346 2946 3387 sane
2972 3331 3150 3386 verbis
3194 3331 3496 3402 respexisse
3524 3331 3739 3387 videtur

2143 3433 2254 3479 tum
2278 3422 2654 3479 cteremouiam
2679 3423 2747 3478 de
2765 3438 2869 3494 qua
2895 3438 3076 3479 sermo
3103 3434 3208 3492 est,
3238 3432 3348 3479 tutn
3379 3423 3496 3480 lucc
3522 3423 3683 3479 verba
3718 3441 3732 3478 :

2148 3536 2167 3569 ε
2198 3516 2399 3589 Accipe
2424 3518 2594 3572 salem
2623 3517 2921 3587 sapientiae.
2961 3536 2980 3569 ι

2214 3609 2351 3666 Vill.
2382 3610 2814 3683 lnterrogtitt’onds
2853 3611 2907 3667 in
2939 3596 3224 3683 Baptisnto.
3267 3641 3339 3653 —
3364 3613 3404 3666 Α
3449 3607 3739 3683 rieupltytis

2142 3702 2451 3781 pritisqnam
2480 3698 2531 3763 in
2567 3723 2703 3779 aqua
2735 3708 3213 3779 itnmcrgercntur,
3246 3696 3620 3780 inquirebatur
3651 3710 3738 3763 in-

2145 3810 2226 3856 ter
2246 3810 2464 3869 czetera,
2495 3814 2621 3856 num
2647 3802 2931 3859 crederent
2960 3802 3122 3857 vitam
3152 3806 3430 3870 aeternam,
3466 3808 3521 3859 ct
3548 3802 3741 3858 remis-

2143 3894 2352 3950 sionem
2382 3900 2725 3965 peccatorum
2756 3898 2849 3965 per
2877 3900 3117 3951 Sanctam
3150 3893 3471 3950 Eccleéiatn.
3505 3893 3625 3965 ipse
3656 3893 3743 3949 di-

2144 3996 2242 4044 vus
2262 3978 2560 4063 Cyprianus
2582 3978 3062 4045 luculentissimum
3085 3986 3152 4045 de
3174 3986 3272 4043 hac
3292 3988 3352 4043 re
3372 3988 3744 4044 testimonium

2147 4074 2394 4154 perbibet
2421 4068 2659 4153 Epistola‘
2692 4097 2836 4145 ιιιι.
2854 4080 3161 4152 energicam
3180 4079 3416 4151 praefatae
3432 4080 3740 4149 interroga-

2149 4174 2310 4229 tionis
2347 4174 2454 4229 vim
2500 4172 2808 4238 adhibens,
2856 4169 2915 4229 ut
2962 4171 3214 4228 ostendat
3257 4171 3740 4243 interrogationem

2148 4270 2289 4326 hanc
2312 4284 2417 4325 non
2436 4274 2594 4341 posse
2618 4264 2813 4325 abillis
2849 4258 2963 4324 lleri
2999 4266 3089 4338 qui
3121 4264 3189 4322 ab
3213 4260 3470 4323 Ecclesiae
3498 4270 3743 4322 commu-

2150 4363 2313 4418 nione
2341 4370 2466 4417 sunt
2488 4361 2721 4434 separati
2746 4379 2759 4415 :
2783 4378 2802 4413 t
2831 4358 2965 4416 Nam
2987 4374 3111 4415 cum
3125 4347 3310 4414 dicunt
3334 4376 3354 4412 ι
3383 4349 3467 4432 (S.
3486 4344 3742 4431 Cypriani

2151 4455 2416 4526 ipsis'sinia
2445 4461 2572 4511 sunt
2599 4454 2785 4521 verba,
2815 4454 2906 4526 qui
2931 4452 3002 4509 de
3041 4451 3309 4509 hiereticis
3338 4461 3395 4508 et
3432 4451 3741 4509 schismatia

2149 4549 2227 4606 cis
2263 4548 2522 4622 loquitur)
2553 4566 2566 4603 :
2599 4564 2617 4602 t
2650 4542 2842 4605 Credis
2882 4546 3255 4603 remissmnem
3299 4546 3642 4616 peccatorum
3689 4546 3744 4601 et

2150 4640 2315 4699 viiat'n
2342 4640 2600 4699 alternam
2647 4644 2745 4714 per
2773 4638 3014 4698 sanctam
3048 4626 3382 4695 Ecciesiam?
3412 4637 3744 4693 mentiuntur

2151 4736 2206 4794 in
2224 4736 2666 4808 interrogatione,
2684 4733 2900 4805 quando
2917 4748 3024 4789 non
3041 4732 3273 4789 habeant
3288 4730 3585 4787 Ecclesiatn
3603 4730 3702 4801 (4).
3716 4746 3737 4780 ι

2153 4820 2323 4902 Hujus
2345 4829 2586 4900 ejusdem
2613 4823 3019 4884 consuetudinis
3033 4823 3160 4880 alibi
3185 4822 3426 4880 meminit
3458 4821 3605 4877 hisce
3626 4836 3745 4877 ver-

2152 4924 2275 4981 bis:
2313 4942 2332 4975 t
2367 4921 2487 4991 Ipsa
2516 4918 2861 4991 interrogatio
2888 4932 3009 4989 qua:
3047 4914 3107 4972 ﬁt
3140 4915 3194 4972 in
3241 4908 3551 4986 Baptismo‘,
3595 4913 3744 4970 testis

2154 5025 2239 5073 est
2261 5015 2422 5088 hujus
2450 5013 2693 5071 veritatis
2720 5011 2889 5086 (quod
2927 5011 3044 5068 sola
3083 5009 3323 5067 Ecclesia
3360 5008 3585 5066 remittit
3619 5020 3745 5080 pee-

2154 5109 2298 5183 eata)
2321 5127 2333 5164 :
2359 5120 2506 5175 nam,
2534 5120 2657 5164 cuin
2677 5105 2905 5162 dicimus
2930 5121 2943 5160 :
2966 5101 3157 5161 Credis
3184 5101 3239 5159 in
3264 5100 3430 5159 vitam
3447 5108 3705 5158 attentam
3727 5141 3742 5171 ,

2230 5313 2307 5389 (l)
2330 5313 2404 5389 p.
2429 5311 2683 5389 Lumper,
2703 5307 2985 5389 Historiam
3008 5304 3255 5389 fleeing.
3284 5302 3459 5360 Critic.
3489 5309 3631 5375 part.
3650 5306 3744 5372 vlt,

2158 5378 2297 5443 sect.
2324 5384 2382 5452 2,
2406 5398 2525 5455 cap.
2556 5378 2612 5448 9,
2641 5391 2745 5437 art.
2771 5382 2824 5447 7,
2852 5393 2974 5504 pit}.
3009 5378 3271 5433 185-189.

2234 5456 2312 5504 (‘2)
2356 5454 2664 5504 Marechall.
2703 5451 2899 5504 Cancer
2944 5491 2957 5504 .
2991 5447 3096 5504 SS.
3140 5447 3262 5503 PP.

2234 5446 2664 5530 (2)_Mare_chall.
2693 5446 2957 5530 Concord.
2991 5447 3096 5506 SS.
3140 5447 3262 5503 PP.
3302 5456 3341 5504 t.
3374 5450 3433 5515 Ii,
3471 5460 3594 5519 pag.
3623 5446 3744 5515 H5,

453 5542 504 5583 c.
534 5524 658 5584 '526
699 5524 761 5595 ἐξ
793 5537 848 5585 et
904 5529 1283 5598 Testimonium,
1326 5530 1446 5599 libi,
1494 5544 1552 5597 tt,
1594 5540 1713 5598 cap.
1757 5527 1851 5597 22,
1896 5538 1936 5585 t.
1968 5524 2052 5600 tv,
2161 5524 2301 5600 edit.
2318 5526 2436 5600 Lat.
2470 5527 2657 5600 Venet.
2684 5524 2845 5600 l76_7.
2900 5532 2909 5538 ’

808 5672 1113 5729 Bremensis
1131 5672 1288 5730 Joan.
1307 5672 1441 5730 Felli
1454 5670 1626 5730 Oxon.
1643 5673 1910 5745 episcop.,
1928 5683 2050 5745 pag.

2160 5599 2313 5731 mg)
2331 5596 2523 5724 ιξέοησξι
2549 5595 2849 5667 Curtltagt'n.
2883 5607 2977 5664 vn,
3018 5608 3113 5651 seu
3144 5606 3203 5650 ιιι
3231 5592 3293 5649 de
3318 5589 3498 5663 Bapt.,
3518 5592 3558 5646 t.
3591 5604 3670 5656 ιιι,
3696 5604 3745 5645 c.

2162 5811 2166 5817 ,
2237 5741 2315 5818 (t)
2344 5740 2601 5814 Cyprian.
2629 5738 2731 5812 Ep.
2759 5752 2905 5798 utx.
2960 5796 2973 5813 κ
