4050 6308
496 309 629 367 xxni

498 434 607 483 tur.
642 445 662 481 ι
688 426 845 495 Quod
873 442 1016 485 nunc
1044 444 1258 503 quoque
1282 430 1423 505 apud
1452 447 1547 489 nos
1573 434 1816 505 geritur;
1847 440 2018 509 utqui
2046 420 2096 495 in

499 519 743 577 Ecclesia
784 520 1119 591 oﬁ'erantur,
1173 537 1227 582 et
1276 541 1372 597 per
1417 538 1655 584 nostram
1699 530 1997 586 orationem
2037 547 2100 589 ac

499 629 693 672 manus
735 617 1133 688 impositionem
1182 619 1439 691 Spiritum
1482 633 1729 679 sanctum
1766 640 2099 699 consequan-

500 714 606 775 tur,
639 718 693 765 et
722 709 1001 782 signaculo
1030 712 1310 769 Dominico
1336 726 1725 772 consumenlur
1752 716 1853 791 (l).
1887 739 1907 773 ι

573 822 693 880 XV.
743 824 1004 898 Baptizati
1045 828 1267 899 infantes
1322 830 1376 885 in
1422 832 1701 888 nativitatis
1746 836 1976 889 exordio.
2030 867 2101 877 —

498 912 703 973 Morem
736 919 968 977 infantes
997 920 1050 975 in
1094 922 1387 978 nativitatis
1418 924 1643 981 exordio
1673 926 1976 997 baptizandi
2000 928 2100 984 du-

496 1008 625 1080 plici
666 1011 720 1066 in
753 1012 872 1070 loco
896 1025 1285 1071 commemorat
1316 1017 1476 1073 divus
1510 1016 1833 1090 Cyprianus,
1863 1022 1915 1076 in
1965 1030 2102 1078 traco

496 1110 613 1159 tatu
662 1105 869 1162 scilicet
921 1106 990 1163 de
1039 1107 1228 1179 Lapsis
1252 1150 1268 1175 ,
1316 1110 1405 1165 ubi
1455 1111 1643 1167 scribit
1673 1130 1685 1165 :
1722 1130 1741 1165 ι
1772 1114 1851 1169 Ac
1880 1129 1950 1169 ne
1974 1114 2101 1185 quid

496 1195 714 1255 deesset
744 1199 810 1254 ad
853 1201 1095 1257 criminis
1121 1202 1438 1271 cumulum,
1492 1202 1726 1261 infantes
1769 1222 1983 1278 quoque
2012 1222 2105 1278 pa-

496 1300 708 1346 rentum
739 1293 987 1349 manibus
1019 1295 1103 1351 vel
1136 1295 1397 1367 impositi,
1425 1297 1509 1352 vel
1537 1300 1773 1363 attracti,
1804 1302 2106 1357 amiserunt

496 1385 704 1455 parvuli
766 1386 908 1456 quod
963 1389 1016 1443 in
1076 1389 1253 1459 primo
1297 1391 1477 1446 statim
1545 1393 1839 1448 nativitatis
1883 1396 2106 1452 exordio

493 1476 708 1534 fuerant
737 1482 1036 1536 consecuti.
1071 1501 1091 1534 »
1127 1481 1191 1538 Et
1215 1483 1266 1537 in
1294 1484 1519 1554 epistola
1550 1484 1618 1539 ad
1659 1485 1850 1541 Fidum
1885 1488 1984 1559 (2),
2014 1489 2104 1545 ubi

495 1572 684 1629 scribit
732 1573 878 1630 hunc
925 1575 978 1631 in
1020 1575 1241 1632 modum
1286 1595 1297 1630 :
1361 1596 1380 1630 ι
1412 1577 1665 1635 Universi
1705 1580 2104 1650 judicavimus,

495 1664 627 1720 nulli
658 1664 939 1722 hominum
993 1676 1121 1723 nato
1162 1669 1590 1726 misericordiam
1633 1673 1727 1730 Dei
1772 1687 1827 1730 et
1877 1676 2103 1746 gratiam

496 1772 619 1815 esse
640 1758 1105 1832 denegandam...
1138 1764 1281 1820 Esse
1307 1766 1451 1836 apud
1491 1782 1681 1825 omnes
1700 1771 1819 1826 sive
1849 1772 2100 1839 infantes,

495 1853 612 1911 sive
659 1855 892 1923 majores
920 1867 1068 1927 natu,
1123 1875 1284 1916 unam
1340 1860 1505 1917 divini
1552 1865 1792 1921 muneris
1830 1868 2107 1936 aequalita-

496 1952 729 2002 tem.....
759 1948 890 2004 Nam
926 1950 1085 2018 Deus,
1113 1960 1171 2007 ut
1197 1967 1485 2022 personam
1516 1971 1622 2011 non
1656 1958 1871 2028 accipit,
1899 1959 1979 2015 sic
2008 1976 2106 2015 nec

500 2047 714 2095 aetatem
740 2059 755 2108 ;
799 2056 922 2099 cum
960 2058 1019 2101 se
1066 2047 1318 2103 omnibus
1344 2047 1409 2103 ad
1437 2049 1675 2106 caelestis
1704 2051 1893 2122 gratim
1917 2068 2108 2109 conse-

498 2130 796 2202 cntionem,
820 2134 1128 2206 aequalitate
1155 2138 1370 2207 librata,
1397 2141 1636 2211 prmbeat
1662 2153 1890 2213 patrem.

747 2313 773 2378 δ
805 2313 895 2365 Ill.
921 2340 983 2350 —
1004 2314 1273 2381 Disciplina
1290 2317 1452 2382 quoad
1471 2318 1842 2372 Eueharistiam.

572 2481 715 2540 XVI.
738 2482 948 2541 Fideles
993 2502 1109 2540 cum
1153 2485 1415 2558 Episcopo
1454 2488 1510 2542 in
1544 2504 1703 2543 unum
1724 2493 2107 2561 conveniebant,

499 2583 557 2630 ut
583 2574 967 2630 Eueharistiam
994 2578 1322 2633 celebrarent.
1350 2607 1421 2619 —-
1441 2578 1657 2634 Fideles
1682 2583 2029 2640 consucvisse
2057 2585 2109 2639 in

503 2683 671 2723 unum
713 2682 834 2724 cum
865 2669 1123 2740 episcOpo
1154 2672 1483 2737 convenire,
1528 2680 1586 2726 ut
1630 2672 1808 2727 divina
1855 2676 2111 2746 mysteria

502 2760 886 2837 celebrarent,
934 2776 999 2817 ex
1047 2771 1275 2817 tractatu
1323 2762 1430 2817 divi
1472 2761 1725 2834 Cypriani
1761 2764 1827 2820 de
1856 2764 2112 2823 Oratione

505 2852 786 2910 Dominica
832 2853 1150 2928 eruitur(3)
1205 2874 1216 2908 :
1278 2872 1297 2906 ι
1356 2854 1421 2909 Et
1450 2854 1687 2925 quando,
1722 2876 1740 2908 ›
1792 2857 1963 2928 inquit
1989 2859 2108 2925 ille,

511 2965 530 3000 ι
567 2947 618 3002 in
650 2962 815 3002 unum
844 2962 966 3004 cum
1016 2945 1272 3003 fratribus
1310 2949 1705 3016 convenimus,
1755 2960 1810 3004 et
1850 2950 2111 3006 sacriﬁcia

506 3039 689 3096 divina
736 3054 859 3096 cum
920 3039 1017 3095 Dei
1070 3040 1351 3096 sacerdote
1403 3040 1765 3096 celebramus.
1804 3061 1823 3096 ι
1880 3042 2113 3113 llujuscc

506 3140 806 3189 conventus
835 3132 985 3189 locus
1014 3132 1386 3203 appellabatur
1430 3153 1449 3185 ‹
1481 3134 1836 3202 Dominicum,
1871 3153 1890 3187 ›
1946 3136 2022 3190 uti
2047 3152 2113 3191 ex

505 3223 700 3281 eodem
749 3225 871 3281 divo
920 3225 1189 3298 Cypriano
1228 3226 1343 3281 erui
1394 3241 1552 3297 posse
1607 3226 1819 3283 videtur
1851 3269 1867 3293 ,
1916 3230 2006 3299 qui
2061 3230 2112 3283 in

511 3324 741 3374 tractatu
769 3317 836 3375 de
860 3316 1037 3389 Opere
1061 3326 1115 3372 et
1144 3318 1501 3392 Eleemosyna
1536 3320 1791 3375 mulieres
1818 3319 2011 3376 divites
2038 3321 2116 3376 sic

508 3410 800 3481 alloquitur
821 3408 902 3483 (ι)
929 3428 941 3464 :
973 3428 993 3464 ι
1026 3410 1292 3481 Locuples
1314 3422 1368 3466 et
1391 3411 1544 3467 dives
1571 3426 1665 3478 es;
1698 3421 1753 3468 et
1780 3412 2113 3467 Dominicum

510 3508 789 3565 celebrare
817 3517 868 3563 te
890 3508 1085 3575 credis,
1112 3523 1234 3580 quae
1254 3509 1547 3563 corbonam
1574 3507 1795 3561 omnino
1823 3522 1929 3560 non
1947 3507 2115 3576 respi-

510 3604 626 3671 cis;
666 3619 787 3675 qua:
833 3604 885 3659 in
913 3604 1250 3659 Dominicum
1294 3603 1413 3658 sine
1458 3599 1721 3656 sacriﬁcio
1761 3599 1945 3664 venis;
1997 3616 2116 3670 qua:

512 3704 719 3766 partem
748 3696 817 3751 de
842 3695 1125 3762 sacriﬁcio,
1151 3694 1295 3766 quod
1326 3708 1530 3765 pauper
1555 3694 1771 3759 obtulit,
1798 3692 1986 3747 sumis.
2020 3710 2039 3744 ι

584 3788 747 3844 XVII.
777 3788 999 3858 Tempus
1021 3789 1308 3844 celebrandi
1320 3798 1551 3843 sanctum
1580 3784 1987 3857 sa'criﬁcium.—
2003 3788 2118 3844 Divi

513 3881 768 3955 Cypriani
817 3892 978 3938 aetate
1030 3882 1369 3938 Eueharistia
1425 3882 1731 3937 celebratur
1780 3891 1889 3936 tum
1947 3890 2119 3937 matu-

515 3975 653 4040 tino,
689 3982 801 4030 tum
852 3976 1164 4046 vespertino
1220 3983 1483 4045 tempore.
1541 3974 1805 4029 Probatur
1852 3974 1905 4030 id
1960 3974 2121 4043 Epis-

516 4067 623 4121 tola
651 4068 984 4135 sexagesima
1016 4067 1173 4122 tertia
1203 4066 1429 4137 hujusce
1460 4068 1631 4123 sancti
1660 4066 1939 4133 Doctoris;
1983 4068 2035 4122 in
2058 4083 2120 4123 ea

514 4158 784 4231 siquidem
826 4170 1014 4215 contra
1044 4175 1139 4215 eos
1165 4160 1438 4216 disserens
1459 4161 1547 4231 qui
1577 4160 1828 4215 nolebant
1853 4161 2035 4214 vinum
2068 4162 2119 4216 in

518 4249 689 4306 calice
731 4250 1016 4307 infundere
1062 4252 1114 4306 in
1164 4252 1449 4308 sacriﬁciis
1497 4252 1793 4318 matutinis,
1836 4268 1902 4307 ne
1939 4251 2124 4307 ﬁdeles

516 4351 641 4417 post
673 4344 1104 4400 communionem
1133 4345 1313 4400 vinum
1343 4344 1649 4401 redolentes
1694 4344 1762 4398 ab
1789 4344 2017 4399 ethnicis
2039 4344 2120 4399 di-

516 4448 945 4507 gnoscerentur;
976 4438 1090 4495 haec
1118 4438 1281 4495 habet
1308 4437 1389 4508 (5)
1421 4456 1435 4493 :
1472 4457 1490 4490 ι
1520 4437 1603 4493 An
1650 4438 1739 4492 illa
1777 4438 1970 4507 aliquis
2015 4438 2115 4491 sibi

519 4532 979 4603 contemplatione
1005 4531 1300 4596 blanditur,
1326 4530 1491 4601 quod,
1525 4532 1625 4585 etsi
1659 4545 1817 4586 mane
1838 4545 1973 4600 aqua
2003 4530 2114 4584 sola

522 4621 708 4679 offerri
738 4624 971 4691 videtur,
1012 4633 1191 4678 tamen
1223 4640 1343 4680 cum
1374 4624 1439 4678 ad
1479 4625 1800 4679 commodum
1846 4625 2117 4691 venimus,

521 4716 749 4771 mixtum
789 4718 1015 4774 calicem
1046 4716 1425 4772 oll‘erimus?...
1463 4737 1482 4769 ι
1536 4716 1897 4771 Nihilominus
1933 4732 1993 4772 ea
2038 4728 2121 4772 est

522 4808 775 4884 Cypriani
800 4826 974 4878 mens,
996 4811 1140 4882 quod
1186 4810 1450 4865 matutino
1481 4810 1678 4881 potius,
1715 4826 1874 4880 quam
1896 4824 2120 4880 vesper-

525 4904 638 4959 tino
670 4912 911 4974 tempore
955 4902 1279 4958 sacriﬁcium
1309 4901 1634 4957 celebretur.
1685 4902 1763 4956 Ad
1815 4902 1943 4956 illud
1993 4918 2123 4958 vero

526 4996 670 5069 quod
699 4996 865 5067 aliqui
891 4996 1551 5068 objicicbant,Dominum
1581 4997 1789 5051 scilicet
1812 5010 1916 5050 non
1941 5010 2121 5064 mane,

528 5090 624 5147 sed
654 5100 775 5161 post
803 5105 1012 5147 caenam
1044 5091 1271 5146 mixtum
1309 5090 1534 5146 calicem
1559 5090 1852 5156 obtulisse;
1895 5090 2012 5146 haec
2041 5106 2126 5147 re-

529 5185 681 5256 ponit
706 5192 924 5239 sanctus
954 5184 1253 5256 EpiscOpus
1279 5202 1291 5238 :
1321 5184 1595 5240 Christum
1626 5185 1821 5240 offerre
1843 5185 2128 5255 oportebat

530 5277 671 5333 circa
700 5292 986 5349 vesperam
1018 5278 1148 5347 diei,
1175 5278 1376 5335 uthora
1398 5280 1513 5350 ipsa
1540 5277 1788 5335 sacriﬁcii
1817 5279 2130 5335 ostenderet

604 5433 685 5506 (1)
706 5435 892 5506 Cypr.,
914 5434 1013 5506 Ep.
1032 5451 1172 5490 χχιιι
1191 5435 1258 5489 ad
1280 5434 1707 5506 Jubaian..tom.
1733 5448 1811 5500 ιιι,
1837 5446 1887 5487 c.
1912 5433 2054 5492 1115
2075 5453 2127 5493 Α.

596 5504 675 5577 (2)
707 5504 785 5560 Id.
816 5506 915 5576 Ep.
947 5504 1052 5570 itx,
1085 5515 1212 5561 tom.
1237 5523 1327 5571 ιιι,
1358 5522 1406 5563 c.
1436 5505 1594 5562 1016.

614 5577 891 5706 (552)4ldem,
921 5586 1131 5634 tractat.
1172 5579 1234 5632 de
1262 5579 1506 5633 Oratione
1534 5578 1809 5636 Dominica
1831 5622 1846 5647 ,
1892 5594 2023 5642 tom.
2057 5601 2130 5649 1v,

759 5668 811 5704 Α.

538 5661 589 5703 C.
621 5661 729 5704 524l-
759 5668 811 5704 Λ.

612 5721 895 5849 (6")21dem,
920 5730 1128 5778 tractat.
1156 5721 1217 5777 de
1252 5719 1417 5793 Opere
1436 5733 1481 5778 et
1511 5724 1867 5797 Eleemosyna,
1895 5736 2023 5785 tom.
2057 5743 2133 5798 IV,

756 5811 803 5849 ιι.

541 5820 590 5861 ε,
623 5811 728 5849 otz
756 5811 803 5849 ιι.

617 5867 702 5950 (ἶ)
731 5868 981 5943 Cypria“.
1016 5864 1117 5938 Ερο
1155 5882 1301 5941 um,
1333 5880 1465 5928 tom.
1500 5888 1573 5937 tv,
1606 5870 1773 5929 (8.586
1797 5889 1846 5927 Β.

1944 323 2339 384 ΡΒΑΞΡΑΤΙΟ.

3663 357 3787 398 XXIV

2202 458 2474 512 occasum,
2494 454 2548 502 et
2571 462 2851 519 vesperam
2876 451 3058 508 mundi
3082 469 3097 507 :
3120 472 3137 506 ι
3158 453 3267 510 Nos
3292 462 3472 510 autem
3494 455 3785 513 Resurrec-

2205 539 2405 592 tionem
2442 540 2651 596 Domini
2682 558 2838 611 mane
2869 545 3229 602 celebramus.
3270 567 3290 600 ι

2276 630 2441 687 XVII.
2506 634 2748 702 Quotidie
2802 638 3127 707 oﬂ'erebatur,
3180 651 3230 695 et
3279 643 3457 712 ﬁdeles
3512 643 3789 699 Eucharis-

2205 727 2328 779 tiam
2354 729 2708 784 suntcbunL—
2729 729 2983 799 Quotidie
3006 745 3249 790 sanctum
3278 735 3610 792 offerebatur
3631 739 3789 793 sacri-

2205 818 2412 873 ficium.
2443 839 2460 872 ι
2491 822 2591 888 Qui
2619 824 2882 880 sacriﬁcia
2908 828 3149 897 qu0tidie
3178 828 3542 899 celebramus,
3582 850 3601 883 ι
3630 831 3792 902 inquit

2207 911 2583 984 S.C_vpriauus
2602 916 2841 987 Epistula
2863 919 2929 973 ad
2958 918 3265 975 Cornelium
3293 939 3484 992 papam
3515 924 3614 995 (1).
3644 922 3794 980 Fide-

2206 1005 2285 1060 les
2312 1009 2550 1078 quotidie
2574 1010 2962 1066 Eucharistiam
2981 1013 3284 1079 sumebant,
3341 1015 3443 1070 nisi
3490 1017 3671 1085 gravis
3700 1016 3794 1071 ali-

2205 1114 2308 1170 qua
2347 1102 2501 1171 culpa
2550 1104 2947 1160 intercessisset
2975 1104 3056 1178 (‘2)
3088 1126 3101 1162 :
3133 1125 3151 1159 ι
3192 1107 3346 1163 llunc
3373 1119 3557 1163 autem
3608 1124 3792 1180 panem

2207 1191 2360 1245 nobis
2405 1194 2642 1263 quotidie
2685 1197 3037 1266 postulamus,
3084 1213 3151 1254 ne
3186 1200 3346 1270 qui...
3407 1199 3795 1255 Eueharistiam

2208 1289 2447 1356 quotidie
2488 1290 2552 1344 ad
2597 1291 2775 1345 cibum
2831 1293 3020 1348 salutis
3076 1295 3389 1362 accipimus,
3433 1295 3797 1352 intercedente

2207 1382 2388 1452 aliquo
2418 1385 2668 1453 graviore
2719 1384 3009 1452 delicto...,
3040 1401 3068 1439 a
3091 1385 3292 1442 Christi
3316 1403 3550 1458 corpore
3588 1404 3798 1458 separe-

2209 1491 2384 1530 mur.»
2417 1477 2668 1543 Quotidie
2694 1478 2917 1533 calicem
2947 1481 3222 1550 sanguinis
3268 1480 3469 1536 Christi
3527 1482 3795 1549 bibebant,

2216 1586 2234 1617 ‹
2257 1568 2684 1635 considerantes,
2722 1590 2742 1623 ι
2780 1572 2940 1627 verba
2968 1583 3090 1627 sunt
3113 1572 3354 1643 ejusdem
3384 1575 3560 1629 sancti
3609 1574 3798 1629 Docto-

2211 1662 2284 1716 ris
2306 1663 2405 1734 (5),
2443 1663 2679 1719 «idcirco
2709 1678 2768 1720 se
2789 1666 3029 1735 quotidie
3054 1667 3274 1722 calicem
3303 1667 3581 1737 sanguinis
3607 1666 3797 1721 Christi

2209 1755 2413 1825 bibere,
2465 1769 2521 1813 ut
2554 1759 2764 1829 possint
2810 1771 2865 1815 et
2894 1761 2994 1832 ipsi
3021 1771 3239 1831 propter
3281 1760 3562 1816 Christum
3595 1761 3801 1832 sangui-

2209 1866 2331 1907 nem
2365 1852 2606 1909 fundere.
2650 1875 2668 1907 ι

2283 1944 2474 1999 XVIII.
2508 1946 2662 2015 Sa‘pe
2706 1946 2799 2001 sub
2823 1947 2935 2002 sola
2980 1950 3145 2018 specie
3184 1948 3333 2019 panis
3367 1947 3690 2002 Eueharistia
3715 1947 3801 2000 da.

2210 2038 2378 2093 batur.
2399 2069 2471 2079 —
2498 2040 2609 2095 Etsi
2646 2055 2709 2095 ex
2744 2041 2900 2097 dictis
2928 2051 2982 2095 et
3022 2041 3319 2096 innumeris
3349 2040 3473 2095 aliis
3500 2039 3793 2095 vetustissi-

2210 2132 2312 2186 mis
2338 2134 2723 2198 monumentis,
2758 2133 3080 2204 inferrijure
3108 2134 3279 2204 possit
3324 2133 3516 2188 fideles
3551 2132 3651 2188 sub
3684 2132 3798 2187 bina

2211 2225 2393 2295 Specie
2429 2228 2869 2282 communionem
2917 2242 3134 2282 sumere
3178 2227 3531 2283 consuevisse
3555 2275 3569 2292 ,
3602 2232 3799 2280 certum

2212 2317 2562 2373 nihilominus
2592 2328 2675 2374 est
2704 2335 2769 2374 ex
2797 2319 2927 2374 divo
2946 2318 3240 2390 Cypriano,
3271 2318 3462 2374 fideles
3489 2316 3802 2389 quandoque

2213 2414 2310 2468 sub
2333 2416 2445 2468 sola
2476 2416 2656 2479 specie
2679 2414 2829 2484 panis
2847 2415 3187 2470 Eueharistia
3215 2413 3453 2470 refectos
3474 2413 3660 2468 fuisse.

2284 2507 2479 2562 Tribus
2505 2509 2708 2563 vicibus
2738 2508 2983 2564 meminit
3010 2519 3229 2564 sanctus
3261 2507 3568 2580 Cyprianus
3606 2508 3801 2562 Eucha—

2215 2598 2381 2654 ristiu:
2409 2600 2608 2670 duplici
2642 2602 2741 2656 sub
2770 2602 2949 2672 specie
2978 2603 3227 2657 ﬁdelibus
3278 2602 3695 2669 administratae;
3731 2601 3805 2654 ni-

2215 2696 2407 2749 mirum
2440 2696 2490 2749 iu
2540 2696 2777 2765 Epistola
2836 2713 2944 2760 LIV,
2993 2696 3059 2750 ad
3105 2695 3412 2751 Cornelium
3464 2711 3669 2766 papam,
3719 2694 3801 2747 ubi

2214 2787 2401 2842 scribit
2430 2787 2529 2859 (5):
2563 2807 2581 2839 ι
2615 2791 2683 2843 At
2710 2804 2838 2844 vero
2864 2804 3006 2843 nunc
3038 2806 3142 2843 non
3174 2788 3422 2854 inﬁrmis,
3463 2787 3558 2843 sed
3589 2785 3804 2841 fortibus

2218 2897 2318 2951 pax
2361 2883 2661 2935 necessaria
2726 2889 2828 2948 est,
2882 2897 2981 2936 nec
3032 2882 3410 2948 morientibus,
3445 2881 3541 2936 sed
3589 2878 3803 2933 viventi-

2217 2972 2337 3035 bus,
2363 2975 2779 3029 communicatio
2810 2991 2839 3028 a
2870 2974 3025 3028 nobis
3052 2973 3227 3029 danda
3256 2984 3370 3038 est;
3396 2982 3460 3027 ut
3488 2987 3624 3044 quos
3665 2970 3801 3025 exci-

2219 3075 2393 3120 tamus
2410 3076 2462 3121 et
2494 3066 2775 3122 hortamur
2795 3068 2863 3122 ad
2888 3067 3159 3138 prrelium,
3180 3080 3284 3121 non
3312 3067 3555 3122 inermes
3569 3075 3621 3121 et
3644 3063 3804 3119 nudos

2218 3161 2601 3229 relinquamus,
2651 3160 2746 3216 sed
2783 3162 3117 3230 protectione
3157 3161 3439 3232 sanguinis
3480 3171 3535 3216 et
3575 3157 3804 3229 corporis

2215 3254 2415 3311 Christi
2444 3258 2771 3322 muniamus;
2804 3266 2997 3312 etcum
3038 3256 3107 3311 ad
3137 3257 3237 3311 hec
3263 3254 3727 3317 ﬁatEueharistia,
3753 3258 3804 3305 ut

2219 3351 2387 3420 possit
2407 3351 2790 3420 accipientibus
2818 3365 2940 3405 esse
2983 3350 3167 3406 tutela.
3197 3350 3329 3405 Dein
3376 3350 3427 3403 in
3482 3358 3705 3404 tractatu
3743 3345 3803 3399 de

2219 3442 2407 3512 Lapsis
2455 3444 2663 3499 duobus
2714 3445 2765 3499 in
2795 3445 3037 3509 locis,et
3058 3444 3273 3515 quidem
3317 3446 3500 3499 statim
3551 3444 3617 3498 ab
3666 3439 3806 3495 initio

2219 3536 2295 3590 ait
2322 3535 2399 3607 (5)
2423 3555 2434 3590 :
2459 3556 2476 3587 ι
2504 3537 2850 3592 Sanctificata
2877 3552 2969 3592 ora
2994 3535 3308 3592 ccelestibus
3328 3536 3466 3591 cibis
3489 3545 3608 3607 post
3624 3544 3807 3602 corpus

2221 3641 2275 3686 et
2328 3632 2640 3702 sanguinem
2698 3633 2906 3687 Domini
2982 3632 3203 3701 profana
3254 3632 3505 3699 contagia
3551 3639 3605 3685 et
3649 3627 3808 3682 idolo-

2222 3742 2339 3781 rum
2379 3728 2634 3795 reliquias
2683 3734 3025 3797 re5puerunl.
3059 3746 3077 3778 ι
3143 3725 3333 3779 Postea
3385 3724 3530 3779 circa
3588 3721 3806 3777 medium

2222 3818 2420 3873 laudati
2450 3828 2707 3874 tractatus
2735 3819 2923 3873 scribit
2949 3817 3025 3889 (6)
3051 3836 3062 3870 :
3084 3836 3101 3869 ι
3133 3816 3373 3872 Tumens
3402 3817 3617 3871 animus
3644 3823 3695 3869 et
3723 3826 3806 3864 su-

2223 3914 2443 3984 perbus,
2465 3929 2561 3967 nec
2584 3915 2706 3984 quia
2730 3915 2901 3967 victus
2921 3921 3024 3979 est,
3052 3911 3250 3967 fructus
3275 3918 3375 3965 est.
3407 3910 3603 3966 Jacens
3632 3903 3811 3962 stanti'

2224 4010 2323 4064 hus
2350 4018 2401 4064 et
2428 4009 2650 4079 integris
2676 4011 2983 4063 vulneratus
3006 4009 3275 4072 minatur;
3307 4015 3359 4061 et
3380 4006 3523 4077 quod
3554 4020 3655 4059 non
3703 4010 3808 4056 sta-

2226 4104 2320 4158 tim
2354 4102 2785 4172 Dominicorpus
2813 4102 3103 4171 inquinatis
3149 4100 3399 4154 manibus
3431 4098 3678 4169 accipiat,
3727 4098 3812 4147 aut

2225 4213 2322 4253 ore
2353 4198 2557 4267 polluto
2595 4198 2807 4253 Domini
2857 4198 3171 4268 sanguinem
3223 4196 3399 4263 bibat,
3457 4190 3811 4251 sacerdotibus

2227 4291 2523 4360 sacrilegus
2559 4291 2829 4345 irascitur.
2872 4310 2892 4343 ι
2936 4290 2993 4345 1η
3039 4290 3231 4345 eodem
3260 4299 3490 4345 tractatu
3517 4288 3585 4344 de
3635 4281 3811 4354 l.apsis

2227 4383 2381 4453 plura
2410 4383 2656 4452 exempla
2687 4383 2920 4449 adducit,
2947 4400 3010 4437 ex
3040 4385 3235 4455 quibus
3266 4384 3385 4438 luce
3408 4381 3696 4437 meridiana
3716 4377 3811 4431 cla-

2224 4479 2336 4533 rius
2359 4480 2582 4549 patescit
2606 4479 3041 4534 eommunionem
3073 4494 3166 4534 seu
3192 4478 3581 4534 Eueharistiam
3607 4472 3811 4530 unasub

2224 4576 2423 4644 Specie.
2484 4574 2643 4629 modo
2696 4575 2797 4630 sub
2852 4575 2995 4640 vini,
3050 4573 3210 4629 modo
3265 4574 3365 4628 sub
3434 4572 3586 4644 panis
3645 4565 3813 4635 specie

2224 4669 2653 4724 administratam
2681 4669 2847 4723 fuisse
2876 4689 2886 4722 :
2920 4671 2983 4723 Et
3014 4668 3230 4739 quidem
3252 4668 3353 4722 sub
3380 4682 3483 4721 una
3512 4664 3618 4719 vini
3644 4658 3813 4731 Specie

2225 4764 2398 4834 palam
2432 4764 2575 4817 fith
2606 4763 2848 4825 historia,
2883 4778 3041 4832 quam
3106 4772 3325 4816 sanctus
3361 4759 3658 4831 Cyprianus
3687 4752 3814 4806 libro

2226 4857 2293 4912 de
2314 4856 2550 4926 Lapsis.,
2572 4866 2700 4922 t.tv,
2723 4872 2770 4910 c.
2796 4856 2923 4921 484,
2951 4872 3000 4920 c,
3032 4870 3111 4924 sq.
3137 4855 3297 4908 refert
3326 4872 3338 4906 :
3374 4850 3687 4919 Exemplqu
3715 4840 3814 4896 Eu-

2226 4948 2493 5002 eharistia}
2544 4947 2645 5001 sub
2703 4948 2812 5001 sola
2871 4948 3024 5016 panis
3095 4947 3277 5015 specie
3333 4946 3530 5015 smpius
3596 4931 3813 4993 admini-

2227 5048 2411 5094 strata}
2428 5051 2608 5094 narrat
2632 5050 2848 5094 sanctus
2870 5039 3168 5110 Cyprianus
3193 5039 3241 5092 ia
3262 5037 3384 5092 cod.
3412 5038 3569 5101 libro,
3592 5042 3718 5085 tom.
3741 5038 3811 5087 tv.

2228 5147 2278 5187 c.
2329 5131 2434 5186 186
2471 5148 2500 5187 a
2560 5150 2578 5184 ι
2613 5130 2745 5185 Cum
2800 5132 2994 5186 mulier
3033 5130 3280 5200 quaedam
3337 5144 3513 5186 arcam
3567 5135 3735 5181 suam.
3765 5115 3814 5167 ίη

2231 5241 2335 5296 qua
2378 5226 2586 5281 Domini
2615 5235 2859 5281 sanctum
2889 5225 3010 5293 fuit,
3036 5225 3285 5280 manibus
3314 5227 3573 5280 tentasset
3592 5213 3812 5287 aperire.

2341 5366 2386 5436 ι)
2421 5364 2585 5436 Cypr.
2619 5365 2717 5432 Ep.
2750 5380 2855 5427 LIV,
2878 5373 3119 5429 tom.‘tn,
3149 5378 3199 5418 c.
3232 5363 3337 5419 857
3369 5381 3420 5417 Α.

2341 5366 2386 5437 ι)
2421 5366 2585 5436 Cypr.
2619 5366 2717 5432 Ep.
2750 5380 2855 5427 LIV,
2878 5373 3119 5429 tom.‘tn,
3149 5378 3199 5418 c.
3232 5366 3337 5419 857
3369 5381 3420 5417 Α.

2307 5366 2393 5509 i2)
2436 5437 2536 5502 Id.,
2572 5437 2634 5491 de
2659 5437 2803 5509 ornt.
2839 5436 3128 5501 Dominica,
3155 5451 3207 5492 c.
3238 5436 3345 5491 555
3366 5453 3418 5490 Α.
3447 5418 3813 5489 Cani/ferini-

2236 5507 2496 5563 magna.
2532 5524 2567 5562 ιι
2599 5508 2666 5561 ad
2698 5507 2945 5570 Uxorem,
2976 5516 3105 5561 tom.
3132 5524 3169 5560 ι.

2312 5578 2394 5650 (5)
2422 5580 2706 5651 Cyprium,
2737 5580 2836 5649 Ep.
2862 5581 2931 5633 ad
2958 5578 3338 5645 Thibaritmtos,
3370 5595 3474 5644 ωἰ,
3501 5583 3628 5630 tom.
3654 5582 3726 5633 IV,
3764 5575 3811 5615 c-

2238 5653 2344 5709 550
2371 5670 2423 5707 Α.

2314 5725 2395 5793 (4)
2424 5722 2828 5794 Cyprian.,Ep.
2866 5739 2971 5785 uv,
3005 5732 3137 5778 tom.
3172 5740 3251 5789 nt,
3273 5738 3325 5777 c.
3358 5721 3465 5778 856
3491 5735 3545 5773 Β.

2338 5798 2392 5866 5)
2420 5796 2585 5862 Idem,
2603 5803 2831 5852 traeiatu
2851 5797 2914 5850 de
2936 5794 3140 5866 ansis,
3164 5810 3214 5851 c.
3248 5794 3357 5850 466
3383 5812 3433 5850 Α.

2338 5799 2370 5851 5
2420 5799 2585 5862 Idem,
2603 5803 2831 5852 traeiatu
2851 5799 2914 5850 de
2936 5799 3140 5866 ansis,
3164 5810 3214 5851 c.
3248 5799 3357 5850 466
3383 5812 3433 5850 Α.

2315 5799 2407 5939 ini
2437 5866 2538 5929 Id.,
2568 5867 2661 5922 ιιι).
2695 5879 2824 5921 tom.
2860 5883 2931 5933 IV,
2961 5882 3041 5921 cc.
3070 5867 3192 5929 trs,
3224 5867 3327 5921 ira
3369 5886 3421 5929 Α,
3452 5881 3501 5931 ιι,
3532 5858 3633 5915 ist
3675 5849 3742 5917 Α.)
