3982 6310
476 311 607 366 xxxi

478 426 876 497 impleverant:
920 439 940 475 ι
994 420 1234 490 Quorum
1285 418 1656 491 paenitentiam
1715 422 2074 478 satisfactioni

481 517 779 589 proximam
807 515 1151 587 conspicitis,
1188 532 1209 566 ›
1241 513 1414 584 inquit
1442 513 1498 568 S.
1530 513 1728 569 Doctor
1749 515 1799 569 in
1826 514 2073 585 Epistola

477 611 708 685 quadam
739 611 804 666 ad
836 611 1099 682 Martyres
1124 617 1179 664 et
1204 607 1558 663 Confessores
1581 606 1682 680 (l),
1717 608 1770 662 in
1822 624 1925 679 qua
1980 622 2075 664 eos

479 712 661 761 monet
702 718 771 759 ue
810 698 1279 758 indiscriminatim
1332 698 1585 754 omnibus
1634 698 1944 769 petentibus
2007 699 2071 753 li-

480 797 654 853 bellos
698 795 1020 862 concedant,
1060 792 1156 849 sed
1179 799 1383 848 attente
1409 789 1757 847 considerent
1799 798 2072 861 peractam

475 890 586 961 jam
609 888 1004 961 penitentiam,
1032 895 1089 944 et
1115 885 1357 957 singulas
1389 884 1695 956 ponderent
1714 885 2073 941 circumstan-

482 984 602 1039 tias.

550 1074 858 1132 Moderatus
886 1073 1022 1131 adeo
1047 1083 1168 1130 erat
1197 1082 1253 1131 et
1280 1072 1519 1144 prudens
1566 1073 1722 1128 divus
1766 1073 2071 1144 Cyprianus

478 1170 655 1241 quoad
684 1169 779 1224 bas
807 1167 1171 1240 indulgentias
1195 1208 1210 1233 ,
1243 1175 1302 1221 ut
1322 1165 1455 1222 nihil
1485 1165 1661 1237 quoad
1684 1178 1778 1222 eas
1800 1179 1867 1220 ex
1891 1164 2074 1235 seipso

478 1272 717 1318 statuere
745 1260 935 1326 vellet,
991 1260 1087 1317 sed
1140 1268 1349 1316 tantum
1380 1259 1447 1315 de
1475 1259 1703 1314 consilio
1748 1267 2071 1313 caeterorum

476 1357 875 1427 episcoporum.
929 1372 948 1406 ι
985 1352 1100 1409 Hoc
1128 1351 1470 1409 verecundiae
1500 1361 1704 1407 nostra:
1733 1350 2009 1416 convenit,
2047 1369 2066 1401 ι

478 1450 647 1520 inquit
671 1448 761 1504 ille
792 1449 845 1503 in
874 1446 1114 1518 Epistola
1141 1446 1209 1501 ad
1260 1447 1462 1501 clerum
1490 1460 1647 1500 suum
1675 1444 1742 1500 de
1764 1444 1847 1499 bis
1872 1444 1961 1515 qui
2004 1443 2071 1499 ad

478 1556 663 1612 pacem
714 1538 969 1596 festinant
995 1538 1097 1610 (2),
1136 1556 1155 1591 ι
1194 1548 1253 1593 ιιι
1292 1537 1566 1610 praepositi
1590 1552 1711 1593 cum
1759 1536 1906 1592 clero
1936 1551 2070 1591 con-

478 1630 787 1703 venientes,
839 1639 1107 1701 praesente
1148 1630 1309 1687 etiam
1338 1629 1592 1685 stantium
1624 1629 1847 1700 plebe...
1882 1627 2069 1698 dispo-

477 1742 609 1781 nere
638 1726 816 1780 omnia
844 1724 1053 1781 consilii
1084 1725 1390 1781 communis
1417 1724 1679 1796 religione
1723 1724 2014 1795 possimus.
2045 1741 2065 1776 ι

479 1819 545 1875 Et
588 1820 642 1874 in
686 1820 789 1874 alia
819 1818 886 1874 ad
932 1818 1180 1874 eumdem
1227 1820 1429 1874 clerum
1455 1817 1695 1888 Epistola
1728 1816 1898 1887 inquit
1940 1816 2018 1888 (5)
2054 1838 2067 1871 :

484 1932 501 1967 ι
540 1913 665 1985 Legi
707 1913 1081 1968 universorum
1113 1910 1486 1967 conl’essorum
1535 1911 1774 1976 litteras,
1809 1923 1942 1980 quas
1969 1924 2068 1963 vo-

477 2006 695 2063 luerunt
736 2021 831 2077 per
878 2021 965 2061 me
1006 2005 1233 2076 collegis
1260 2004 1509 2059 omnibus
1538 2006 1917 2069 innotescere;
1954 2021 1973 2055 ι
2016 2013 2071 2059 et

476 2100 661 2172 paucis
699 2098 997 2170 interiectis
1044 2099 1122 2154 sic
1173 2100 1552 2169 prosequitur:
1593 2116 1613 2149 ι
1643 2097 1775 2166 Quae
1797 2111 1907 2159 res,
1946 2113 2067 2152 cum

474 2195 716 2250 omnium
744 2204 986 2249 nostrum
1015 2193 1299 2248 consilium
1323 2202 1379 2248 ct
1407 2192 1727 2247 sententiam
1755 2200 2064 2261 exspectet,

477 2287 831 2359 przrjudicare
878 2302 1011 2357 ego,
1057 2297 1111 2342 et
1134 2286 1235 2341 soli
1267 2285 1398 2340 mibi
1429 2301 1539 2341 rem
1571 2299 1912 2341 communem
1945 2284 2067 2339 vin-

473 2378 654 2436 dicare
679 2394 785 2435 non
817 2377 1013 2434 audeo.
1048 2398 1064 2431 ι
1099 2378 1180 2433 Ex
1210 2378 1406 2450 quibus
1436 2386 1671 2445 constat,
1706 2392 1864 2448 quam
1892 2376 2066 2431 ideam

476 2482 601 2528 tunc
652 2472 912 2543 temporis
956 2470 1222 2528 baberent
1272 2470 1458 2526 ﬁdeles
1487 2469 1554 2526 de
1577 2468 1861 2539 disciplina
1890 2467 2070 2540 quoad

475 2564 869 2636 paenitentiam,
919 2574 975 2620 et
1022 2573 1281 2635 quantum
1334 2562 1551 2618 solliciti
1597 2570 1821 2627 essent,
1872 2576 1940 2616 ne
1986 2561 2069 2615 vel

474 2658 694 2713 minima
723 2657 966 2728 ejusdem
998 2671 1121 2728 pars
1149 2657 1532 2713 inlirmaretur.
1564 2673 1583 2707 ι
1615 2656 1753 2722 Quid
1782 2654 1926 2710 enim
1959 2670 2072 2708 ma-

472 2753 553 2824 gis
582 2760 674 2806 aut
703 2752 756 2806 itt
784 2766 915 2822 pace
940 2758 1048 2805 tam
1071 2760 1277 2820 aptutn,
1305 2770 1326 2803 ι
1356 2749 1632 2820 inquiebat
1655 2749 1833 2804 clerus
1862 2747 2067 2802 Roma-

474 2863 577 2905 nus
598 2846 666 2903 ad
689 2845 871 2901 divum
903 2842 1230 2917 Cyprianum
1256 2845 1499 2900 scribens
1532 2843 1635 2913 (.i),
1674 2862 1692 2895 ι
1722 2852 1813 2897 aut
1844 2843 1896 2896 in
1923 2841 2071 2897 bello

475 2940 872 3012 persecutionis
900 2948 1007 2994 tam
1035 2939 1422 3004 necessarium,
1455 2953 1614 3008 quam
1645 2935 1881 2991 debitam
1912 2950 2068 2991 sevc-

476 3038 692 3093 ritatem
751 3035 922 3091 divini
970 3035 1166 3107 rigoris
1208 3046 1424 3099 tenere;
1459 3050 1617 3106 quam
1646 3033 1739 3104 qui
1779 3032 2067 3100 remiserit,

475 3129 712 3187 instabili
759 3143 937 3185 rerum
980 3141 1141 3184 cursu
1188 3137 1333 3183 erret
1385 3142 1601 3197 semper
1627 3142 1850 3183 necesse
1879 3134 1990 3191 est,
2020 3133 2075 3181 et

478 3223 584 3279 ltuc
629 3232 790 3295 atque
820 3222 946 3278 illuc
994 3220 1157 3277 variis
1204 3229 1259 3277 et
1310 3222 1532 3277 incertis
1564 3222 1901 3293 negotiorum
1932 3228 2072 3274 tem-

477 3314 770 3386 pestatibus
815 3313 1136 3382 dissipetur,
1197 3322 1253 3368 et
1308 3312 1458 3383 quasi
1513 3320 1727 3368 extorto
1781 3312 1848 3367 de
1903 3310 2075 3365 mani-

476 3408 576 3465 bus
623 3407 980 3464 consiliorum
1029 3406 1430 3477 gubernaculo,
1462 3406 1640 3460 navim
1690 3403 2074 3461 ecclesiastica:

479 3504 665 3560 salutis
689 3502 861 3559 illidat
892 3503 942 3557 in
974 3501 1269 3573 scopulos;
1318 3509 1377 3556 ut
1422 3508 1711 3571 appareat,
1757 3514 1864 3554 non
1917 3497 2077 3553 aliter

479 3600 638 3657 saluti
685 3597 1069 3655 ecclesiastica:
1114 3595 1327 3652 consuli
1376 3608 1569 3665 posse,
1625 3594 1727 3648 nisi
1776 3590 2077 3662 disciplina:

480 3696 649 3768 ipsius
696 3708 913 3765 semper
955 3691 1223 3749 custodita
1255 3690 1392 3745 ratio
1418 3688 1573 3760 quasi
1605 3688 1838 3745 salutare
1861 3685 2075 3757 aliquod

478 3786 898 3861 gubernaculum
927 3786 979 3841 in
1008 3792 1333 3856 tempestate
1358 3792 1626 3839 servetur.
1663 3801 1682 3835 ι

482 3936 488 3953 κ
555 3902 749 3959 XXXI.
765 3902 843 3958 De
855 3898 1429 3973 lndulgentiis.—Cum
1443 3899 1606 3955 libelli
1622 3906 1913 3971 martyrum
1928 3912 2078 3968 qum-

482 3999 605 4054 datn
625 3994 1301 4068 speciesindulgentiarum
1321 3995 1427 4050 sint
1442 3996 1621 4065 (erant
1635 3991 1778 4048 enim
1795 3991 1989 4046 litterae
2010 3989 2078 4045 ad

483 4090 807 4163 martyribus
827 4090 986 4157 datae,
1012 4090 1208 4161 quibus
1239 4089 1503 4161 rogabant
1530 4089 1817 4159 episc0pos
1847 4102 1877 4141 a
1906 4086 2079 4157 paeni-

484 4184 724 4241 tentibus
736 4184 1079 4255 quibusdam,
1096 4199 1233 4255 quos
1260 4184 1630 4248 nominabant,
1648 4179 1967 4247 condonari,
1988 4188 2083 4235 aut

482 4278 785 4337 abbreviari
811 4288 1022 4350 tempus
1046 4279 1379 4350 paenitentia;
1403 4277 1486 4353 (5)
1511 4296 1523 4333 :
1548 4294 1613 4334 ex
1648 4276 1732 4331 bis
1762 4276 1916 4331 facile
1937 4276 2083 4331 erui-

486 4385 570 4431 tur
598 4374 726 4449 quid
758 4374 814 4431 S.
841 4375 1140 4447 Cyprianus
1162 4376 1230 4432 de
1252 4374 1602 4447 indulgentiis
1629 4372 1877 4429 senserit.
1900 4372 1955 4426 ln
1976 4371 2083 4443 pri-

483 4471 587 4525 tnis
616 4470 696 4525 sic
724 4468 794 4527 de
824 4469 1022 4526 libellis
1050 4479 1347 4541 martyrum
1383 4469 1620 4540 loquitur
1641 4478 1862 4523 sanctus
1884 4467 2083 4522 Doctor

484 4574 594 4619 tum
623 4564 676 4620 in
707 4563 949 4633 Epistola
977 4562 1043 4619 ad
1084 4564 1290 4619 clerum
1322 4563 1509 4618 Romae
1553 4562 1941 4618 consistentem
1968 4601 1981 4625 ,
2015 4559 2083 4615 de

486 4657 666 4714 multis
707 4656 1110 4715 confessoribus
1136 4700 1150 4723 ,
1184 4668 1240 4714 et
1268 4657 1335 4713 de
1361 4656 1583 4713 aniani
1615 4653 1998 4710 inverecundia
2029 4661 2086 4709 et

484 4749 721 4806 Celeritti
759 4747 1091 4806 confessoris
1124 4747 1386 4805 modestia
1415 4789 1431 4817 ,
1456 4747 1646 4803 ordine
1672 4763 1783 4801 xxtt
1832 4745 1897 4819 (ι.
1933 4761 2004 4809 tv,
2030 4760 2080 4802 c.

483 4844 647 4921 282),
681 4852 793 4900 tum
818 4854 873 4903 et
895 4845 947 4899 in
976 4841 1218 4914 pluribus
1248 4842 1366 4897 aliis
1397 4841 1450 4897 in
1480 4840 1727 4897 eamdem
1759 4838 2081 4895 sententiam

485 4936 741 5006 scriptis,
793 4946 851 4992 ut
905 4936 1129 4992 minime
1186 4945 1347 5006 neget
1395 4950 1583 4990 eorum
1641 4933 1849 4988 meritis
1900 4932 2083 5002 lapsos

485 5031 730 5103 adjuvari
760 5046 941 5102 posse.
988 5031 1123 5088 Nam
1168 5030 1222 5086 in
1248 5029 1485 5101 Epistola
1543 5027 1863 5084 duodecima
1908 5025 1975 5098 (t.
2006 5042 2078 5092 tv,

486 5143 535 5184 c.
566 5127 673 5184 259
695 5125 753 5198 Α)
796 5124 995 5196 edicit,
1049 5143 1067 5177 ι
1096 5124 1167 5182 Ut
1207 5123 1298 5195 qtti
1337 5122 1550 5180 libellos
1575 5138 1605 5177 a
1633 5120 1958 5193 martyribus
1987 5133 2081 5175 ac-

560 5348 640 5422 (l)
667 5346 943 5422 Cyprian.,
975 5344 1170 5422 Ep._x,
1202 5354 1335 5422 tom.
1367 5358 1441 5422 tv,
1469 5356 1518 5397 c.
1544 5341 1650 5397 ‘257
1679 5358 1732 5395 Α.

560 5350 609 5422 (l
667 5348 943 5422 Cyprian.,
975 5348 1075 5417 Ep.
1110 5360 1170 5410 x,
1202 5354 1335 5400 tom.
1367 5358 1441 5409 tv,
1469 5356 1518 5397 c.
1544 5348 1650 5397 257
1679 5358 1732 5395 Α.

559 5348 640 5494 (2)
681 5421 783 5485 ld.,
812 5419 916 5491 Ep.
945 5418 1011 5472 ad
1041 5416 1246 5473 Clarum
1266 5415 1539 5487 Carlltag.,
1582 5429 1673 5468 xnt
1693 5455 1707 5480 ,
1744 5420 1874 5467 tom.
1930 5425 2006 5477 tv,
2029 5424 2081 5466 c.

484 5493 785 5693 Ξζὲὅςοιάη
833 5561 936 5634 Ep.
967 5560 1037 5616 ad
1078 5561 1308 5616 eumdem
1362 5558 1567 5616 Clerum
1597 5572 1736 5623 XVII,
1771 5564 1900 5612 tom.
1929 5570 2001 5621 tv,
2031 5568 2078 5609 e,

620 5654 672 5692 Δ.

620 5654 672 5692 Δ.

558 5706 639 5780 (4)
682 5706 783 5778 Ep.
809 5704 940 5780 (geri
970 5703 1225 5769 Romani,
1250 5704 1388 5761 inter
1413 5704 1549 5777 Epp.
1578 5699 1889 5776 Cyprianic.
1925 5712 2078 5765 xm,

486 5777 627 5839 tom.
643 5794 717 5843 tv,
737 5777 795 5833 c.
824 5777 932 5835 508
958 5793 1010 5835 ιι.

558 5852 640 5930 (5)
668 5849 969 5926 Cyprianus
996 5849 1050 5908 in
1076 5847 1332 5923 Epistolis
1362 5849 1581 5921 passim.

1958 291 2354 360 PREFATIO.

3627 306 3783 353 XXXII

2181 427 2460 487 ceperunt,
2511 426 2563 473 et
2618 413 2971 489 praerogativa
3002 429 3190 474 eorum
3237 416 3380 490 apud
3427 415 3599 474 Deum
3626 416 3786 486 adju-

2148 511 2293 565 ~vari
2346 519 2603 583 possunt,
2656 511 2700 567 si
2758 511 3100 567 incommodo
3150 510 3332 583 aliquo
3368 519 3424 568 et
3450 511 3785 567 infirmitatis

2182 604 2423 675 periculo
2477 606 2722 678 occupati
2772 605 3013 673 fuerint,
3074 621 3180 661 non
3237 613 3551 677 exspectata
3606 604 3786 676 ipsius

2181 700 2463 769 praesentia
2488 700 2643 775 apud
2689 700 3061 772 presbyterum
3103 713 3498 772 quemcumque
3538 713 3787 771 prmsen—

2182 798 2311 860 tem,
2344 793 2425 848 vel
2454 793 2497 848 si
2532 793 2811 866 presbyter
2857 804 3103 865 repertus
3129 809 3236 850 non
3268 793 3455 863 fuerit,
3499 802 3557 850 et
3582 807 3786 865 urgere

2180 887 2355 943 exitus
2376 887 2621 957 cmperit,
2650 886 2791 957 apud
2835 886 3123 943 diaconum
3167 902 3383 960 quoque
3426 886 3784 959 exomologe-

2180 979 2262 1034 sin
2292 979 2475 1035 delicti
2525 979 2605 1034 sui
2660 978 2841 1035 facere
2871 981 3114 1050 possint,
3148 988 3252 1036 etc.
3296 1000 3315 1033 ι
3350 979 3621 1037 Credebat
3646 994 3785 1051 ergo

2178 1071 2480 1146 Cyprianus
2510 1082 2807 1146 martyrum
2836 1076 3209 1148 praerogativa,
3230 1075 3339 1142 vel,
3362 1083 3422 1131 ut
3450 1075 3523 1130 ait
3547 1075 3601 1131 in
3627 1074 3787 1147 Epis-

2182 1167 2285 1223 tola
2332 1166 2538 1224 decima
2587 1168 2836 1236 tertia,c.
2869 1167 2978 1224 260
3003 1183 3035 1225 c
3065 1210 3081 1236 ,
3116 1188 3138 1221 r
3169 1168 3369 1225 auxilio
3398 1182 3587 1225 eorum
3614 1158 3803 1239 adju-‘

2179 1260 2290 1315 vari
2317 1260 2457 1330 apud
2488 1260 2774 1317 Dominum
2805 1261 2860 1317 in
2883 1260 3097 1319 delictis
3115 1262 3231 1319 suis
3256 1276 3473 1335 posse.»
3497 1262 3588 1321 Sic
3607 1263 3784 1321 etiam

2178 1354 2233 1409 in
2278 1353 2418 1409 libro
2468 1354 2537 1410 de
2587 1354 2775 1427 Lapsis
2826 1355 3000 1428 (tom.
3046 1370 3138 1423 tv,
3192 1356 3320 1413 coll.
3372 1356 3473 1414 481
3528 1374 3587 1427 Α,
3633 1356 3787 1426 483)

2178 1446 2376 1503 fatetur
2421 1456 2719 1520 martyrum
2773 1448 3041 1505 mandatis
3088 1448 3290 1520 aliquid
3334 1450 3560 1508 concedi
3587 1461 3781 1518 posse,

2184 1555 2203 1589 ι
2240 1539 2285 1593 si
2312 1539 2480 1609 justa,
2512 1538 2561 1594 si
2587 1528 2751 1611 licita,
2777 1540 2821 1596 si
2850 1556 2956 1597 non
3002 1550 3189 1597 contra
3223 1542 3396 1613 ipsum
3424 1540 3712 1596 Dominum
3745 1555 3782 1597 a

2180 1629 2275 1686 Dei
2326 1632 2607 1688 sacerdote
2655 1632 2921 1702 facienda,
2951 1633 2995 1689 si
3024 1633 3450 1705 obtemperantis
3501 1631 3673 1689 facilis
3719 1642 3785 1690 et

2177 1738 2344 1793 prona
2393 1724 2682 1781 consensio
2703 1766 2719 1792 ,
2751 1726 2798 1781 si
2825 1727 3057 1797 petentis
3087 1727 3248 1783 fuerit
3291 1726 3544 1799 religiosa
3583 1724 3783 1783 mode-

2176 1817 2335 1871 ratio.
2374 1835 2395 1869 ι
2467 1818 2647 1886 Quare
2696 1833 2805 1875 non
2860 1820 3032 1891 ipsam
3094 1819 3538 1876 consuetudinem
3568 1861 3583 1887 ,
3651 1835 3784 1893 quae

2175 1909 2376 1965 dudum
2404 1910 2456 1966 in
2491 1912 2727 1968 Ecclesia
2757 1912 2997 1984 vigebat,
3024 1912 3121 1969 sed
3148 1913 3373 1969 abusum
3402 1914 3695 1984 vituperat,
3719 1921 3786 1971 et

2176 2006 2392 2059 nimiam
2424 2005 2804 2061 nonnullorum
2834 2005 3227 2073 confessorum,
3253 2005 3306 2061 in
3337 2007 3522 2077 primis
3543 2005 3777 2062 Luciani

2178 2098 2471 2163 licentiam,
2518 2100 2608 2170 qui
2663 2099 2878 2155 libellos
2915 2100 2970 2154 in
2998 2099 3139 2154 hanc
3183 2102 3506 2156 sententiam
3540 2101 3784 2170 scriptos

2176 2191 2373 2246 dabant
2423 2190 2504 2263 (t.
2559 2207 2631 2250 tv.
2664 2206 2713 2246 c.
2744 2192 2851 2248 255
2880 2190 2993 2263 c):
3033 2210 3053 2244 ι
3088 2192 3451 2249 communicet
3505 2191 3598 2248 ille
3647 2206 3784 2249 cum

2176 2283 2321 2349 suis;
2362 2303 2379 2335 ι
2417 2299 2516 2339 nec
2539 2283 2900 2340 observabant
2925 2283 3067 2355 quod
3091 2283 3418 2357 Cyprianus-
3440 2294 3789 2357 praeceperat

2175 2376 2230 2432 in
2265 2376 2500 2446 Epistola
2525 2376 2733 2435 decima
2763 2376 2829 2448 (t.
2858 2393 2936 2446 tv,
2965 2392 3015 2433 c.
3045 2377 3154 2435 255
3180 2394 3244 2446 Α,
3271 2376 3324 2450 tt)
3347 2420 3363 2447 ,
3401 2396 3421 2430 ι
3451 2388 3511 2434 ιιι
3549 2377 3785 2452 diligen-

2179 2481 2259 2527 ter
2301 2471 2632 2542 inspicerent
2659 2481 2714 2529 et
2740 2481 2920 2527 actum
2957 2481 3011 2529 et
3035 2488 3199 2543 opera
3222 2483 3279 2530 et
3306 2474 3497 2530 merita
3536 2476 3789 2547 singulo-

2177 2580 2294 2619 rum
2313 2606 2329 2633 ,
2364 2565 2604 2635 ipsorum
2644 2580 2859 2638 quoque
2888 2565 3207 2623 delictorum
3238 2581 3439 2637 genera
3461 2578 3516 2624 et
3540 2570 3784 2640 qualita-

2179 2672 2295 2728 tes;
2345 2672 2401 2719 et
2447 2678 2585 2735 quos
2640 2663 2742 2736 ipsi
2782 2674 3077 2733 noverant,
3124 2682 3351 2737 quorum
3399 2668 3786 2740 paenitentiam

2178 2756 2532 2814 satisfactioni
2584 2759 2885 2830 proximam
2936 2761 3378 2832 conSpiciebant,
3432 2778 3526 2819 eos
3593 2766 3785 2821 nomi-

2179 2850 2346 2905 natim
2402 2849 2598 2905 libellis
2632 2851 3000 2923 designarent.
3041 2874 3060 2906 ι
3096 2854 3213 2909 Duo
3241 2865 3419 2911 autem
3467 2855 3647 2913 adhuc
3676 2860 3785 2916 οι».

2180 2945 2441 3000 servanda
2474 2954 2604 3001 sunt
2629 2963 2642 3000 :
2678 2946 2734 3001 1⁸
2762 2945 3115 3003 Confessores
3143 2962 3251 3003 non
3280 2948 3496 3006 dedisse
3549 2966 3738 3023 pacem
3761 2990 3784 3023 ,

2179 3038 2273 3095 sed
2319 3040 2558 3110 petiisse,
2601 3049 2659 3095 ut
2688 3040 2939 3109 daretur;
2987 3042 3046 3095 2°
3079 3057 3146 3098 ne
3177 3042 3307 3098 illud
3352 3041 3569 3114 quidem
3613 3060 3785 3104 ausos

2182 3129 2349 3187 fuisse
2381 3132 2673 3203 pos1ulare,
2705 3145 2759 3189 ut
2787 3144 2915 3189 ante
2942 3133 3172 3189 reditum
3195 3135 3451 3206 Cypriani
3479 3152 3584 3208 pax
3608 3136 3785 3210 lapsis

2179 3224 2425 3295 daretur,
2456 3225 2551 3282 sed
2581 3226 2679 3282 hac
2709 3227 2761 3282 itt
2789 3243 2850 3283 re
2877 3242 3081 3284 morem
3113 3229 3368 3301 episcopo
3393 3246 3493 3287 suo
3518 3232 3782 3303 gessisse.

2180 3319 2360 3386 Quare
2411 3335 2516 3374 non
2568 3336 2755 3377 eorum
2810 3322 3130 3378 auctoritate
3185 3323 3423 3395 quinque
3451 3325 3783 3398 presbyteri,

2182 3412 2276 3468 sed
2328 3427 2422 3467 sua
2475 3413 2821 3485 improbitate
2868 3415 3088 3471 adducti
3120 3424 3273 3484 sunt,
3306 3427 3363 3473 ut
3392 3430 3518 3477 ante
3542 3419 3787 3477 reditum

2183 3505 2462 3577 Episcopi,
2487 3521 2549 3563 ac
2570 3522 2638 3564 eo
2660 3523 2883 3579 prorsus
2912 3509 3217 3567 inconsulto
3237 3510 3420 3583 lapsos
3440 3512 3507 3569 ad
3534 3528 3789 3570 commu-

2184 3600 2401 3656 nionem
2433 3601 2799 3659 admitterent.

2256 3692 2350 3749 XX
2361 3693 2451 3749 XII
2462 3736 2475 3749 .
2494 3694 2856 3766 lndulgcntias
2868 3696 2921 3752 in
2935 3698 3087 3767 praxi
3102 3697 3398 3769 primorum
3416 3699 3675 3757 Ecclesia:
3688 3715 3790 3759 sa:-

2185 3787 2429 3844 culorum
2444 3788 2674 3855 fundari,
2689 3797 2955 3845 testantur
2966 3805 3073 3845 non
3091 3805 3275 3862 pauca:
3287 3792 3342 3849 S.
3361 3793 3616 3866 Cypriani
3631 3794 3791 3867 Epis-

2188 3882 2330 3937 tolzc.
2364 3883 2453 3939 Sic
2475 3882 2715 3954 Epistola
2745 3901 2880 3954 xvtt,
2912 3885 3103 3942 videns
3130 3885 3190 3943 S.
3221 3886 3521 3959 Cyprianus
3552 3888 3788 3946 faculta-

2189 3985 2296 4031 tem
2326 3975 2580 4031 redeundi
2598 3976 2981 4049 Carthaginem
2999 3978 3237 4035 nondum
3260 3994 3320 4034 se
3341 3979 3564 4047 habere,
3591 3989 3647 4037 et
3668 3980 3791 4052 jam

2188 4080 2428 4126 aestatem
2441 4072 2695 4142 coepisse,
2725 4072 2868 4142 quod
2898 4081 3112 4142 tempus
3136 4060 3536 4129 infirmitatibus
3551 4073 3794 4132 assiduis

2188 4174 2242 4221 et
2269 4165 2523 4236 gravibus
2545 4164 2846 4230 infestatur,
2876 4164 3097 4221 mandat
3119 4166 3473 4238 presbyteris,
3493 4176 3550 4223 et
3569 4167 3624 4223 in
3654 4182 3795 4224 casu

2189 4257 2525 4314 necessitatis
2552 4258 2793 4314 diaconis
2819 4259 3065 4315 ecclesiae
3092 4275 3226 4326 suae,
3261 4269 3320 4315 ιιι
3340 4261 3516 4332 aliqua
3553 4279 3573 4314 ι
3600 4261 3794 4317 indul-

2188 4354 2368 4423 gentia
2406 4373 2423 4406 ι
2463 4363 2680 4410 utantur
2708 4370 2832 4426 erga
2860 4355 3078 4426 lapsos,
3108 4355 3153 4411 si
3181 4355 3399 4426 quando
3430 4356 3483 4412 in
3517 4357 3644 4412 vita:
3669 4356 3795 4414 dis-

2189 4449 2417 4505 crimine
2462 4449 2567 4505 sint
2597 4447 2876 4505 constituti
2906 4466 2918 4503 :
2955 4467 2974 4501 ι
3005 4448 3074 4506 Ut
3101 4449 3191 4520 qtti
3232 4449 3445 4506 libellos
3465 4466 3494 4506 a
3524 4451 3789 4523 martyri-

2190 4540 2291 4597 bus
2336 4553 2662 4614 acceperunt
2713 4561 2731 4593 ι
2783 4542 2957 4613 inquit
2993 4552 3232 4600 .sanctus
3283 4542 3479 4598 Doctor
3525 4541 3606 4615 (Ι)
3658 4560 3678 4595 ι
3734 4552 3799 4600 et.

2193 4636 2544 4708 praerogativa
2571 4651 2782 4703 eorum,
2814 4634 2956 4707 apud
2986 4636 3155 4691 Deum
3182 4635 3425 4706 adjuvari
3455 4645 3703 4707 possuttt,
3739 4636 3789 4692 si

2191 4728 2536 4784 incommodo
2576 4729 2789 4799 aliquo,
2819 4736 2873 4783 et
2899 4727 3230 4784 infirmitatis
3262 4727 3504 4798 periculo
3540 4727 3797 4798 occupati

2191 4823 2411 4886 fuerint,
2442 4838 2548 4877 non
2578 4832 2888 4893 exspectata
2921 4820 3213 4893 praesentia
3240 4832 3424 4877 nostra
3454 4820 3595 4893 apud
3635 4834 3795 4889 pres-

2191 4919 2437 4990 byterum
2469 4931 2862 4988 quemcumque
2906 4924 3228 4987 praesentem
3250 4956 3265 4980 ,
3298 4914 3385 4970 vel
3415 4913 3461 4970 si
3502 4913 3795 4985 presbyter

2191 5020 2438 5083 repertus
2470 5026 2575 5065 non
2603 5008 2787 5075 fuerit,
2818 5017 2875 5065 et
2904 5023 3097 5081 urgere
3144 5008 3321 5064 exitus
3365 5006 3613 5076 coeperit,
3645 5006 3794 5077 apud

2192 5105 2476 5161 diaconum
2518 5118 2734 5175 quoque
2775 5102 3200 5173 exomologesim
3244 5101 3420 5157 facere
3473 5099 3658 5156 delicti
3702 5099 3792 5156 sui

2193 5199 2431 5272 possint;
2457 5206 2533 5261 ttt,
2550 5212 2708 5252 manu
2725 5195 2872 5251 eisin
2892 5197 3261 5267 paenitentiam
3281 5193 3555 5264 imposita,
3571 5190 3797 5247 veniant

2192 5293 2259 5349 ad
2287 5293 2570 5349 Dominutn
2598 5306 2721 5347 cum
2753 5305 2914 5361 pace,
2944 5304 3108 5361 quam
3138 5288 3253 5345 dari
3286 5296 3551 5359 martyres
3595 5286 3797 5343 litteris

2192 5388 2258 5443 ad
2277 5401 2379 5443 nos
2398 5386 2551 5443 factis
2568 5384 3064 5443 desideraverunt.)
3086 5382 3321 5453 ldipsum
3341 5380 3535 5450 repetit
3550 5379 3796 5450 Epistola

2195 5499 2285 5539 xttt
2316 5500 2330 5537 :
2368 5504 2386 5537 ι
2420 5482 2682 5550 Quoniam
2715 5490 2926 5546 tamen,
2962 5497 2981 5530 ι
3031 5477 3204 5549 inquit
3229 5475 3320 5532 ille
3344 5474 3626 5545 alloquens
3661 5472 3794 5529 Cle-

2194 5590 2311 5633 runt
2343 5592 2496 5633 suum
2525 5575 2628 5648 (2),
2668 5592 2687 5628 ι
2721 5570 3063 5645 signiﬁcasds
3107 5568 3367 5641 quosdam
3402 5563 3795 5623 immoderatos

2265 5769 2339 5839 (Ι)
2369 5769 2425 5826 S.
2459 5768 2736 5839 Cyprian.,
2760 5765 2859 5837 Ep.
2888 5778 2987 5829 ιιι,
3016 5772 3057 5839 t.
3073 5777 3160 5839 ιγ,
3188 5774 3237 5817 c.
3267 5756 3378 5815 250
3399 5755 3492 5829 Α.)

2265 5771 2310 5838 (Ι
2369 5769 2425 5826 S.
2459 5769 2499 5825 C
2539 5769 2736 5839 prian.,
2760 5769 2859 5837 Ep.
2888 5778 2987 5829 ιιι,
3016 5772 3054 5818 ι.
3085 5777 3160 5830 tv,
3188 5774 3203 5815 t

2199 5905 2203 5910 ,
2268 5769 2344 5916 (ej
2370 5839 2475 5907 ld.,
2499 5785 2597 5913 ἓν.
2632 5854 2747 5910 xttt,
2778 5846 2819 5894 t.
2851 5851 2921 5905 tv,
2952 5849 3003 5892 c.
3025 5832 3135 5893 260
3153 5851 3203 5892 Β.
