3982 6310
217 255 384 316 xxxtit

215 390 367 440 esse,
399 381 457 431 et
491 371 1036 434 communicationem
1079 368 1446 444 accipiendam
1493 367 1813 426 festinanter

218 484 426 541 urgere,
459 477 517 525 et
547 467 896 524 desiderastis
919 469 972 524 in
1007 467 1108 524 hac
1136 482 1194 523 re
1225 465 1456 522 formam
1485 480 1515 520 a
1547 480 1634 519 me
1660 462 1815 519 vobis

215 561 350 631 dari,
380 562 518 618 satis
541 563 698 634 plene
722 562 1007 634 scripsisse
1031 577 1118 618 me
1143 560 1210 617 ad
1240 559 1381 617 hanc
1410 574 1524 615 rem
1555 559 1814 628 proximis

213 657 402 713 litteris
430 657 501 713 ad
529 672 626 715 vos
652 659 808 715 factis
831 657 1019 725 credo,
1042 666 1102 713 ut
1127 656 1217 728 qui
1241 654 1481 711 libellum
1511 668 1540 708 a
1566 650 1815 724 martyri-

215 749 310 806 bus
339 760 694 823 acceperunt.
727 790 742 806 .
773 793 787 806 .
830 751 876 806 si
919 749 1094 822 premi
1152 748 1464 806 inﬁrmitate
1509 747 1708 817 aliqua,
1760 753 1816 801 et

217 844 456 917 periculo
477 846 764 916 ceperint,
810 843 1174 916 exomologesi
1199 841 1368 906 facta,
1397 849 1452 896 et
1487 854 1650 895 manu
1677 838 1757 894 eis
1784 851 1814 891 a

215 939 363 994 vobis
386 937 646 1010 imposita
674 940 727 994 in
757 937 1162 1010 penitentiam,
1185 951 1310 992 cum
1337 949 1470 1005 pace
1498 949 1528 988 a
1560 931 1815 1004 martyri-

217 1033 310 1090 bus
337 1033 444 1090 sibi
470 1034 740 1106 promissa
769 1031 836 1088 ad
864 1032 1153 1090 Dominum
1177 1029 1541 1087 remittantur.
1577 1045 1598 1080 ι

573 1192 682 1258 εν.
703 1190 974 1258 Disciplina
1001 1190 1164 1255 quoad
1188 1189 1441 1242 Ordinem.

284 1343 528 1403 XXXIII.
559 1343 674 1400 Etsi
697 1360 727 1399 a
751 1343 976 1402 Summo
996 1341 1281 1409 Pontiﬁce,
1312 1342 1402 1414 qui
1430 1346 1592 1411 caput
1619 1345 1704 1395 est
1731 1352 1820 1394 ec-

215 1438 505 1496 clesiastici
531 1437 743 1494 ordinis
769 1437 1041 1508 totiusque
1062 1435 1343 1499 Ecclesia,
1376 1432 1589 1488 initium
1619 1431 1820 1487 habere

215 1546 437 1588 necesse
464 1529 630 1595 foret,
659 1544 782 1586 cum
834 1529 1099 1601 permulta
1155 1526 1585 1599 pracedentibus
1623 1525 1822 1581 articu-

214 1625 277 1680 lis
302 1623 372 1679 de
397 1622 596 1679 eodem
622 1631 943 1694 argumento
962 1620 1271 1687 habuimus,
1292 1619 1572 1690 multoque
1589 1618 1741 1688 plura
1766 1616 1820 1672 in

215 1715 693 1773 dissertationibus
721 1714 790 1771 ad
833 1713 996 1786 hujus
1033 1713 1164 1770 tomi
1194 1713 1398 1769 calcem
1438 1712 1698 1784 appositis
1729 1709 1824 1766 ad-

216 1808 391 1866 denda
411 1809 548 1877 sint,
573 1823 734 1864 nemo
753 1807 911 1864 nobis
925 1806 1288 1874 succensebit,
1314 1805 1440 1862 dum
1468 1804 1535 1861 ad
1573 1805 1691 1861 hac
1710 1804 1824 1860 lec—

216 1913 390 1960 torem
420 1902 776 1971 remittimus,
800 1902 1005 1974 absque
1025 1916 1178 1959 mora
1204 1900 1273 1958 de
1301 1900 1515 1958 caeteris
1543 1897 1827 1957 ordinibus

215 1996 544 2070 Cypriauica
574 1995 879 2053 adducturi.

287 2114 496 2170 Eleclio
528 2115 910 2186 episcoporum.
941 2144 1014 2154 —
1037 2110 1193 2181 Quod
1219 2111 1414 2168 attinet
1444 2111 1510 2168 ad
1543 2110 1828 2182 episcopos

221 2222 493 2278 calet-os,
546 2224 737 2266 eorum
786 2207 989 2264 electio
1046 2207 1405 2280 peragebatur
1452 2206 1521 2262 ab
1559 2204 1830 2276 episcopis

222 2303 472 2375 ejusdem
503 2303 799 2376 provincia
830 2317 1012 2359 coram
1045 2302 1194 2358 clero
1243 2310 1298 2358 et
1335 2299 1556 2373 populo,
1589 2315 1744 2355 suum
1777 2307 1832 2355 et

224 2398 352 2468 ipsis
380 2395 704 2470 suﬂ'ragium
744 2395 1065 2452 ferentibus.
1110 2395 1212 2462 Qui
1243 2394 1347 2451 hoc
1389 2390 1627 2465 regulari
1669 2392 1832 2448 modo

226 2491 432 2548 electus
470 2491 646 2546 fuerat
671 2490 959 2561 episcopus
999 2488 1199 2559 deponi
1229 2503 1336 2544 non
1369 2495 1615 2558 poterat,
1648 2496 1705 2541 ut
1735 2486 1833 2542 eli-

224 2596 443 2657 geretur
472 2585 614 2641 alter
638 2627 652 2651 ,
683 2585 788 2640 nisi
819 2591 1030 2654 patrato
1056 2583 1123 2638 ab
1155 2583 1272 2654 ipso
1301 2581 1484 2653 aliquo
1510 2580 1834 2654 gravissimo

227 2680 476 2734 crimine.
509 2677 662 2734 Hanc
692 2677 991 2748 disciplinae
1025 2685 1230 2746 partem
1267 2673 1494 2730 miriﬁce
1522 2673 1715 2744 probat
1744 2687 1836 2728 su-

227 2772 416 2842 perius
442 2779 741 2827 memorata
790 2769 1054 2841 Epistola,
1105 2770 1159 2824 in
1203 2782 1328 2840 qua,
1377 2766 1446 2824 de
1496 2765 1837 2823 ordinatione

231 2867 417 2923 Sabini
447 2866 502 2921 in
524 2865 701 2922 locum
725 2864 976 2921 Basilidis
999 2878 1306 2919 sermonem
1331 2862 1538 2917 habens
1553 2861 1711 2917 divus
1733 2859 1840 2935 Cy-

230 2964 479 3034 prianus,
513 2960 656 3018 hanc
682 2959 882 3016 factam
917 2958 1049 3015 dicit
1083 2981 1101 3012 ι
1131 2957 1200 3014 de
1227 2957 1494 3014 universae
1526 2955 1839 3012 fraternita-

231 3058 299 3113 tis
337 3055 620 3129 suﬁ‘ragio,
652 3065 708 3112 et
752 3054 821 3111 de
853 3056 1264 3126 episcopormn,
1314 3052 1407 3123 qui
1447 3051 1501 3107 in
1547 3049 1839 3120 praseutia

231 3160 622 3209 convenerant.
663 3190 676 3205 .
709 3190 722 3204 .
793 3148 997 3220 judicio
1049 3145 1148 3220 (i).
1204 3165 1224 3199 ι
1278 3144 1570 3203 Contendit
1617 3152 1839 3201 sanctus

234 3245 442 3302 Doctor
470 3245 795 3302 electionem
845 3243 1220 3314 episcoporum
1261 3239 1480 3296 laudato
1524 3237 1686 3295 modo
1723 3237 1836 3292 lac.

234 3347 344 3395 tam
374 3337 672 3409 procedere
707 3356 727 3391 ι
752 3352 781 3392 a
810 3337 990 3393 divina
1021 3333 1360 3402 Traditione,
1387 3352 1406 3387 ι
1443 3335 1495 3388 in
1528 3332 1705 3388 latiori
1731 3331 1839 3388 sci-

233 3434 359 3491 licet
385 3449 554 3491 sensu
578 3441 818 3505 sumpta,
853 3450 873 3486 ι
899 3440 955 3487 et
976 3428 1283 3503 Apostolica
1311 3427 1712 3493 observatione;
1737 3443 1757 3479 ι
1787 3431 1842 3483 et

231 3525 354 3584 ideo
375 3541 564 3583 coram
590 3525 792 3598 populo
813 3524 952 3582 hanc
981 3526 1304 3582 electionem
1329 3522 1445 3580 ﬁeri
1465 3521 1596 3578 dicit
1622 3528 1841 3577 sanctus

234 3620 559 3693 Episcopus,
590 3620 716 3693 quia
763 3618 916 3692 plebs
945 3618 1281 3691 singulorum
1313 3617 1480 3674 vitam
1523 3614 1842 3689 plenissime

233 3716 403 3784 novit,
440 3724 496 3772 et
517 3715 942 3785 uniuscujusque
968 3721 1146 3769 actum
1183 3713 1251 3768 de
1280 3712 1398 3784 ejus
1427 3711 1843 3768 conversatione

233 3807 534 3879 perspexit.
567 3805 860 3878 Eligendos
889 3812 1067 3862 autem
1097 3821 1204 3861 non
1231 3821 1353 3862 esse
1379 3805 1535 3874 alios,
1562 3820 1722 3876 quam
1751 3808 1841 3874 qui

233 3899 570 3964 immaculati
599 3910 656 3955 et
700 3899 895 3971 integri
925 3907 1113 3956 sancte
1139 3908 1194 3956 et
1223 3899 1386 3972 digne
1425 3898 1692 3956 sacriﬁcia
1732 3899 1842 3954 Deo

234 3991 552 4062 oﬁ’erentes,
584 3991 759 4049 audiri
808 3992 862 4048 in
906 3993 1156 4064 precibus
1189 3994 1436 4065 possint,
1480 4006 1614 4063 quas
1641 3991 1843 4048 faciunt

235 4101 329 4157 pro
376 4087 565 4161 plebis
613 4086 912 4144 Dominica
959 4087 1352 4144 incolumitate.
1387 4085 1683 4142 Electionis
1729 4085 1845 4157 epi-

233 4185 471 4257 scOpalis
501 4185 734 4240 formam
767 4182 924 4240 nobis
945 4182 1171 4241 exhibet
1190 4181 1495 4256 Cyprianus
1523 4182 1580 4238 in
1600 4179 1842 4254 Epistola

235 4274 300 4331 ad
327 4277 702 4334 Antonianum
730 4274 839 4350 (2).

305 4390 560 4449 XXXIV.
609 4391 756 4449 Unus
803 4401 1004 4449 tantum
1051 4396 1322 4465 episcopus
1369 4393 1423 4450 in
1473 4410 1578 4449 una
1630 4392 1845 4449 ecclesia

239 4504 342 4544 esse
368 4486 610 4544 debebat.
628 4517 702 4530 -
725 4489 845 4545 Duo
874 4487 1116 4560 episcopi
1156 4487 1246 4544 uni
1282 4487 1568 4558 eidemque
1597 4485 1845 4544 ecclesia

239 4580 431 4638 eodem
459 4590 709 4654 tempore
749 4594 986 4651 praesse
1013 4596 1119 4637 non
1162 4589 1430 4653 poterant.
1465 4579 1740 4636 Habemus
1789 4579 1841 4634 id

239 4687 498 4746 expresse
537 4673 594 4730 in
641 4673 882 4746 Epistola
923 4673 980 4730 8.
1027 4673 1264 4732 Cornelii
1316 4688 1468 4746 papa
1508 4673 1577 4729 ad
1620 4673 1679 4730 8.
1733 4670 1843 4746 Cy-

241 4771 491 4841 prianum
521 4766 592 4823 de
635 4765 1041 4824 conlessoribus
1067 4768 1134 4823 ad
1172 4769 1430 4825 unitatem
1465 4770 1722 4837 reversis,
1751 4767 1844 4839 qui

242 4863 526 4920 declarant
550 4861 630 4935 (3)
660 4878 674 4915 :
703 4879 724 4915 ι
753 4877 921 4918 unum
947 4861 1260 4933 episcopum
1282 4862 1335 4916 in
1362 4861 1625 4918 catholica
1649 4861 1843 4918 Eccle-

245 4959 323 5012 sia
354 4975 480 5017 esse
519 4956 722 5015 debere
754 4976 774 5010 ι
824 4956 930 5012 hoc
985 4966 1091 5020 est,
1143 4956 1198 5011 in
1244 4971 1563 5028 unaquaque
1590 4957 1842 5014 ecclesia.

247 5047 528 5107 Evincitur
547 5051 780 5123 idipsum
800 5049 1003 5123 pariter
1027 5064 1096 5107 ex
1127 5048 1367 5121 Epistola
1397 5047 1455 5106 S.
1489 5049 1746 5123 Cypriani
1775 5051 1844 5108 ad

320 5273 400 5346 (l)
429 5271 620 5346 Cypr.,
645 5273 747 5346 Ep.
775 5287 960 5339 vam,
990 5279 1033 5328 t.
1061 5287 1141 5341 ιιι,
1165 5287 1214 5328 c.
1240 5273 1381 5332 1027
1400 5289 1451 5331 ις.

322 5289 400 5346 u)
429 5289 620 5403 Cypra,
647 5289 747 5344 Ep.
775 5289 960 5339 uvm,
990 5289 1033 5328 ι.
1061 5289 1141 5341 ιιι,
1165 5289 1214 5328 c.
1240 5289 1378 5332 1027
1400 5289 1451 5331 ις.

322 5348 404 5421 (2)
433 5347 456 5404 l
491 5362 612 5408 em.
645 5345 772 5432 'Ep.
828 5361 959 5410 an,
1035 5354 1091 5429 ι..
1150 5360 1242 5411 ιιι,
1299 5361 1352 5404 c.
1417 5346 1521 5404 768
1578 5361 1662 5474 εἶ.
1713 5347 1850 5434 Vide

322 5437 381 5474 ιι.
430 5434 486 5474 ιι
508 5461 526 5474 .
581 5417 726 5473 Hist.
766 5418 988 5474 theoloa.
1015 5425 1132 5471 crit.
1167 5425 1282 5474 sect
1310 5434 1378 5474 ι..
1415 5418 1487 5474 de
1514 5419 1576 5474 S.
1653 5421 1849 5474 amello

430 5434 486 5476 ιι
508 5461 526 5486 ,
581 5417 726 5473 Hist.
766 5418 988 5490 theolog.
1015 5417 1132 5490 crit.
1167 5425 1282 5474 sect
1310 5434 1378 5485 ι,
1415 5418 1487 5474 de
1514 5419 1576 5475 S.
1609 5417 1849 5476 Cornelio

251 5491 320 5548 Β.
346 5492 441 5560 Ρ..
467 5490 625 5547 artic.
658 5491 709 5557 1,
741 5505 861 5562 pag.
890 5488 948 5556 2,
981 5489 1071 5544 ubi
1095 5489 1363 5561 integrum
1385 5491 1566 5547 locum
1590 5493 1849 5548 recitavi-

249 5579 390 5622 mus.

248 5679 258 5704 ,
322 5635 403 5704 (5)
432 5633 604 5698 Idem.
625 5647 716 5704 ep.
740 5647 851 5699 xvi,
884 5641 924 5686 t.
951 5647 1032 5699 ιιι,
1061 5632 1168 5694 col.
1195 5631 1302 5687 722
1329 5649 1384 5689 tt.

325 5704 406 5776 (4)
440 5705 611 5774 Idem,
631 5705 736 5777 Ep.
764 5721 858 5768 ιιι,
887 5711 926 5760 ι.
950 5721 1030 5771 ιιι,
1050 5719 1101 5760 c.
1135 5704 1263 5777 769,
1292 5720 1380 5776 sq.

323 5779 405 5846 (5)
434 5777 602 5847 idem,
626 5776 725 5847 Ep.
753 5793 912 5846 uix,
943 5785 981 5832 t.
1008 5791 1086 5844 tv,
1117 5776 1226 5833 col.
1258 5777 1388 5847 400,
1419 5791 1538 5852 sqq.

655 5871 938 5934 Panos.
980 5869 1091 5933 III.

1643 247 2033 309 PIUEFATIO.

3353 272 3518 316 XXXIV

1926 367 2314 437 Antonianum,
2349 370 2402 426 in
2435 383 2539 442 qua
2569 369 2836 430 deﬁniens
2862 371 2919 431 S.
2955 374 3152 432 Doctor
3193 375 3513 436 electionem

1921 458 2156 516 Cornelii
2183 478 2303 519 esse
2331 462 2625 535 legitimam
2647 507 2662 533 ,
2696 466 2877 523 subdit
2908 468 2986 540 (4)
3033 487 3046 524 :
3088 489 3108 523 ‹
3136 471 3386 543 Quisquis
3405 477 3516 544 jam

1921 553 2222 628 Episcopus
2251 555 2484 631 (Romae)
2513 559 2631 616 ﬁeri
2676 561 2924 628 voluerit,
2973 560 3104 618 foris
3153 562 3245 619 ﬁat
3295 581 3518 623 necesse

1923 656 2042 703 est:
2079 667 2097 702 ι
2129 658 2185 705 et
2209 650 2318 717 ille,
2345 652 2432 722 qui
2457 661 2674 708 creatus
2699 661 2783 708 est
2811 664 2936 726 post
2978 655 3299 713 electionem
3333 659 3510 728 primi,

1929 757 1948 791 ι
1982 755 2087 796 non
2108 740 2219 812 jam
2247 742 2515 800 secundus
2558 744 2647 800 ille
2687 745 2784 800 sed
2823 745 3004 803 nullus
3027 756 3129 804 est.
3177 768 3196 802 ι
3233 749 3378 806 llauc
3405 752 3518 822 epi-

1923 835 2072 904 scopi
2127 835 2384 892 unitatem
2428 845 2582 908 urget
2627 838 2848 909 insuper
2891 838 2948 896 8.
2995 840 3295 913 Cyprianus
3321 841 3376 899 in
3420 859 3518 902 sua

1924 927 2164 998 Epistola
2195 928 2262 984 ad
2291 928 2624 986 Florentium
2657 931 2992 1004 Puppianum
3026 933 3129 1008 (5).

1997 1017 2218 1074 XXXV.
2249 1019 2498 1093 Episcopi
2525 1024 2765 1094 proprias
2811 1024 3054 1096 regebant
3098 1027 3361 1094 ecclesias,
3401 1046 3518 1085 cum

1926 1129 2177 1168 consensu
2213 1130 2274 1168 ac
2321 1117 2537 1171 consilio
2582 1133 2793 1172 suorum
2823 1121 3365 1192 metropolitanorum,
3397 1125 3522 1181 cleri

1925 1217 1971 1261 et
2000 1207 2274 1278 populi.—
2301 1207 2551 1279 Episcopi
2574 1211 3044 1268 communicabant
3063 1216 3276 1285 negotia
3295 1232 3518 1273 suarum

1926 1298 2279 1356 ecclesiarum
2311 1316 2416 1356 non
2465 1303 2637 1358 solum
2669 1317 2790 1359 cum
2819 1319 2918 1362 suo
2948 1309 3396 1380 metropolitano,
3445 1312 3522 1367 uti

1926 1391 2134 1447 eruitur
2161 1408 2228 1448 ex
2256 1393 2498 1465 pluribus
2529 1395 2783 1466 Epistolis
2802 1397 2858 1453 8.
2882 1396 3158 1470 Cypriani,
3183 1412 3236 1456 et
3255 1403 3527 1474 praecipuo

1927 1499 1995 1540 ex
2007 1486 2444 1559 quinquagesima
2459 1491 2634 1556 tertia,
2653 1490 2749 1547 sed
2763 1493 2923 1548 etiam
2938 1509 3058 1550 cum
3072 1495 3216 1552 clero
3231 1512 3292 1552 ac
3305 1499 3524 1568 populo;

1929 1577 2055 1634 hinc
2101 1595 2222 1636 cum
2253 1596 2518 1638 consensu
2567 1585 3127 1656 metropolitanorum,
3159 1589 3291 1644 cleri
3337 1605 3400 1646 ac
3431 1606 3526 1662 po-

1929 1673 2038 1744 puli
2086 1688 2214 1730 suas
2257 1677 2516 1747 regebant
2545 1679 2832 1748 ecclesias;
2865 1681 2934 1736 ab
2979 1681 3191 1753 illisque
3237 1685 3522 1741 consilium

1929 1767 2187 1838 petebant
2211 1769 2372 1824 etiam
2403 1785 2502 1841 pro
2522 1771 2878 1830 Ordinatione
2902 1774 3272 1831 ministrorum
3304 1777 3529 1834 inferio-

1937 1875 2076 1916 rum.
2109 1859 2341 1918 Sanctus
2362 1864 2684 1936 Cyprianus,
2709 1866 2842 1922 nihil
2867 1868 3118 1925 obstante
3138 1871 3401 1943 singulari
3430 1888 3531 1930 suo

1939 1954 2154 2022 merito,
2183 1969 2247 2010 ac
2272 1971 2522 2027 suprema
2551 1957 2810 2030 dignitate
2847 1976 2951 2031 qua
2985 1961 3224 2034 fulgebat
3253 1963 3305 2018 in
3350 1965 3527 2022 eccle-

1933 2050 2012 2106 sia
2057 2050 2506 2123 Carthaginensi,
2560 2063 2890 2124 protestatur
2935 2067 2990 2112 et
3032 2057 3165 2113 dicit
3209 2059 3261 2114 in
3301 2059 3532 2129 quadam

1933 2142 2002 2200 ad
2043 2158 2199 2198 suum
2234 2144 2438 2200 clerum
2489 2146 2750 2216 Epistola,
2783 2149 3037 2204 statuisse
3063 2165 3123 2206 se
3167 2165 3198 2204 a
3231 2150 3531 2220 primordio

1935 2235 2278 2308 episcopatus
2303 2236 2409 2305 sui,
2439 2236 2571 2293 nihil
2598 2252 2693 2293 sua
2717 2241 2986 2296 sententia
3023 2241 3274 2312 privatim
3302 2258 3492 2314 gerere
3511 2285 3528 2312 ,

1936 2339 1990 2387 et
2020 2330 2138 2387 sine
2167 2330 2395 2388 consilio
2423 2346 2487 2386 ac
2513 2346 2780 2388 consensu
2826 2333 2960 2390 cleri
3007 2344 3072 2390 et-
3108 2335 3302 2405 plebis.
3351 2336 3539 2393 Monet

1938 2427 2081 2484 idem
2109 2438 2330 2486 sanctus
2358 2429 2555 2485 Doctor
2577 2428 2782 2486 clerum
2811 2444 2874 2484 ac
2903 2429 3116 2499 plebem
3149 2445 3300 2486 suam
3332 2431 3400 2487 de
3421 2432 3530 2488 0r-

1937 2522 2214 2580 dinatione
2240 2521 2719 2588 subdiaconorum.
2748 2534 3181 2597 caterorumque
3207 2525 3528 2583 inferiorum

1941 2616 2321 2674 ministrorum
2353 2660 2369 2686 ,
2399 2625 2454 2673 et
2479 2617 2766 2673 consilium
2797 2616 2928 2674 cleri
2953 2632 3016 2673 ac
3043 2617 3217 2688 plebis
3244 2617 3345 2675 hac
3376 2633 3542 2690 super

1939 2726 1999 2768 re
2025 2711 2180 2783 petit.
2211 2710 2329 2768 Non
2362 2711 2452 2768 ille
2478 2712 2640 2783 igitur
2669 2720 2788 2767 erat
2815 2712 2871 2768 8.
2900 2709 3207 2782 Cyprianus
3229 2753 3244 2778 ,
3278 2713 3369 2783 qui
3399 2712 3538 2770 dure

1940 2805 2102 2861 nimis
2122 2816 2338 2878 regeret
2366 2804 2656 2862 ecclesiam
2686 2820 2862 2868 suam,
2883 2813 2937 2861 et
2955 2821 3022 2860 ex
3050 2819 3260 2860 summa
3291 2805 3409 2876 ejus
3439 2805 3544 2860 bu-

1940 2900 2172 2958 militate
2197 2900 2515 2966 edocemur,
2545 2898 2852 2955 litteraliter
2881 2907 2934 2954 et
2961 2898 3205 2970 rigorosc
3245 2899 3405 2953 nimis
3433 2915 3541 2955 non

1943 3009 2066 3052 esse
2091 2993 2406 3066 accipienda
2427 3007 2549 3064 quae
2578 2990 2766 3047 scribit
2791 2990 2932 3046 idem
2956 3003 3176 3046 sanetus
3206 2991 3408 3047 Doctor
3431 2992 3541 3047 alio

1945 3089 2089 3155 loco,
2113 3089 2429 3161 episcopum
2457 3086 2666 3144 scilicet
2689 3101 2719 3141 a
2742 3086 2960 3141 nemine
2988 3085 3246 3157 pendere.
3280 3085 3380 3157 ipsi
3407 3101 3538 3142 con-

1944 3196 2156 3240 cessam
2195 3196 2320 3239 esse
2364 3178 2703 3246 libertatem,
2739 3187 2793 3234 ct
2818 3177 3084 3235 rationem
3128 3187 3284 3233 actus
3329 3178 3411 3234 sui
3441 3179 3544 3234 soli

1946 3277 2178 3333 Domino
2207 3290 2329 3332 esse
2357 3273 2722 3331 redditurum.

2014 3368 2262 3428 XXXVI.
2318 3367 2695 3440 Episcoporum
2746 3365 3023 3421 concilium
3074 3366 3348 3436 quotannis
3415 3366 3547 3423 cele-

1945 3467 2148 3524 bratum
2177 3465 2245 3519 ad
2265 3465 2471 3537 negotia
2487 3462 2739 3520 Ecclesia:
2765 3463 3188 3533 disponenda.—
3208 3464 3267 3518 In
3289 3462 3543 3519 Africana

1945 3562 2178 3621 ecclesia
2205 3560 2446 3632 episcopi
2478 3557 2640 3615 simul
2661 3558 3058 3614 conveniebant
3079 3557 3144 3612 ad
3168 3559 3419 3630 graviora
3442 3559 3547 3615 Ec-

1946 3659 2127 3716 clesiae
2153 3655 2368 3729 negotia
2399 3652 2769 3726 disponenda,
2795 3661 2854 3709 ut
2881 3652 3044 3710 docet
3069 3651 3128 3709 S.
3159 3651 3462 3724 Cyprianus
3491 3654 3545 3710 in

1947 3753 2178 3825 quadam
2205 3751 2432 3823 epistola
2463 3749 2530 3805 ad
2557 3765 2714 3806 suum
2742 3749 2973 3815 clerum,
3005 3763 3125 3819 qua
3155 3756 3240 3803 est
3266 3749 3549 3820 trigesima

1948 3847 2186 3906 secunda
2215 3845 2470 3902 editionis
2492 3843 2821 3900 Oxoniensis
2848 3851 2904 3898 et
2931 3841 3153 3897 Pamelii
3185 3839 3288 3914 (6).
3318 3841 3382 3896 Hi
3414 3857 3548 3898 vero

1947 3949 2248 4000 conventus
2265 3954 2359 3995 seu
2382 3939 2500 3993 hac
2523 3937 2752 3993 concilia
2779 3935 3066 4007 quotannis
3087 3933 3229 3989 circa
3251 3933 3386 3990 festa
3413 3933 3546 3989 Pas-

1946 4034 2119 4092 chalia
2151 4030 2415 4089 celebrari
2443 4036 2841 4086 consueverant
2868 4044 2881 4080 :
2911 4045 2929 4078 ι
2963 4026 3362 4083 Persecutionis
3389 4027 3547 4084 istius

1949 4126 2243 4185 novissima
2273 4125 2389 4180 hac
2414 4132 2530 4189 est,
2555 4131 2612 4179 et
2639 4131 2880 4178 extrema
2914 4120 3160 4186 tentatio,
3192 4139 3212 4173 ›
3240 4120 3409 4191 inquit
3436 4119 3542 4193 Cy-

1947 4223 2192 4296 prianus,
2226 4237 2246 4273 ι
2271 4233 2391 4292 qua
2419 4226 2472 4274 et
2497 4217 2614 4288 ipsa
2634 4217 2742 4274 cito
2774 4214 3002 4270 Domino
3032 4223 3346 4285 protegente
3369 4223 3545 4272 trans-

1948 4316 2085 4386 ibit,
2117 4322 2174 4370 ut
2222 4318 2582 4386 reprasenter
2627 4307 2783 4364 vobis
2811 4314 2935 4378 post
2978 4305 3197 4362 Pascha
3233 4306 3376 4365 diem
3419 4321 3543 4362 cum

1947 4410 2172 4483 collegis
2197 4409 2371 4475 meis,
2400 4405 2596 4478 quibus
2640 4400 2998 4476 praesentibus
3045 4402 3346 4458 secundum
3398 4401 3544 4458 arbi-

1948 4505 2110 4562 trium
2134 4517 2349 4575 quoque
2368 4507 2632 4566 vestrum,
2655 4507 2707 4554 et
2729 4496 2969 4554 omnium
2992 4504 3233 4552 nostrum
3257 4509 3547 4552 commune

1948 4599 2259 4666 consilium,
2281 4597 2420 4653 sicut
2441 4594 2608 4652 semel
2639 4592 2859 4664 placuit,
2887 4606 2948 4647 ea
2976 4605 3100 4661 qua
3141 4589 3347 4660 agenda
3395 4597 3542 4654 sunt,

1949 4694 2240 4766 disponere
2276 4691 2479 4764 pariter
2505 4697 2559 4744 et
2585 4688 2777 4743 limare
2808 4683 3108 4756 poterimus
3142 4681 3241 4755 (7).
3275 4680 3546 4750 Quoniam

1951 4785 2280 4858 scripsistis,
2320 4802 2340 4836 ι
2389 4780 2564 4854 inquit
2590 4780 2731 4836 idem
2777 4778 2834 4835 S.
2868 4778 3069 4832 Doctor
3096 4772 3206 4847 (8),
3265 4792 3285 4826 ‹
3340 4784 3398 4830 ut
3422 4789 3542 4832 cum

1950 4878 2196 4953 pluribus
2220 4875 2442 4948 collegis
2466 4874 2536 4930 de
2557 4872 2663 4929 hoc
2695 4872 2815 4942 ipso
2845 4867 3158 4940 plenissime
3186 4875 3414 4922 tractem
3436 4907 3451 4931 ,
3491 4875 3547 4924 et

1951 4991 2041 5034 res
2080 4981 2227 5029 tanta
2285 4970 2449 5040 exigit
2489 4967 2665 5038 majus
2704 4973 2760 5021 et
2797 4963 3096 5033 impensius
3139 4960 3207 5016 de
3251 4960 3544 5016 multorum

1952 5069 2244 5129 collatione
2266 5061 2552 5122 consilium
2575 5100 2590 5122 .
2619 5068 2675 5114 et
2705 5069 2847 5112 nunc
2874 5069 3064 5109 omnes
3091 5052 3205 5108 fere
3235 5053 3375 5108 inter
3419 5051 3553 5109 Pas-

1953 5164 2071 5222 cha
2099 5161 2268 5233 prima
2296 5153 2560 5214 solemnia
2587 5149 2727 5223 apud
2750 5164 2810 5205 se
2831 5163 2954 5204 cum
2981 5146 3238 5203 fratribus
3259 5146 3548 5202 demoran-

1955 5268 2078 5324 tur;
2109 5252 2324 5327 quando
2348 5248 2678 5307 solemnitati
2705 5242 3048 5302 celebranda
3073 5242 3215 5314 apud
3239 5257 3368 5298 suos
3391 5241 3551 5297 satis-

1955 5348 2185 5407 fecerint
2204 5354 2261 5402 et
2279 5343 2346 5400 ad
2370 5356 2457 5399 me
2485 5343 2672 5398 venire
2697 5335 2984 5408 caperint,
3019 5335 3264 5391 tractabo
3285 5347 3408 5390 cum
3431 5334 3549 5390 sin.

1953 5444 2094 5519 gulis
2134 5442 2379 5515 plenius,
2428 5446 2489 5494 ut
2538 5435 2608 5491 de
2655 5448 2721 5490 eo
2758 5429 2902 5504 quod
2927 5427 3308 5497 consuluistis,
3355 5426 3552 5499 ﬁgatur

2021 5623 2108 5706 (6)
2137 5629 2437 5706 ldem,_Ep.
2472 5643 2619 5685 xxxii
2640 5668 2656 5692 ,
2690 5634 2933 5706 tom._ty,
2960 5623 3068 5680 col.
3095 5621 3203 5680 306
3235 5638 3285 5678 υ.

2026 5698 2108 5844 (7)
2139 5706 2282 5762 Idem
2310 5698 2414 5774 Ep'.
2443 5719 2547 5769 XL,
2578 5708 2617 5754 t.
2642 5714 2722 5766 IV,
2745 5713 2796 5755 c.
2829 5698 2935 5754 558
2960 5713 3023 5762 B,
3055 5711 3106 5750 c.
3266 5757 3270 5762 λ

2057 5778 2113 5844 8)
2144 5777 2250 5844 Id.,
2281 5775 2386 5844 Ep.
2423 5791 2551 5842 Lill,
2585 5781 2626 5830 t.
2657 5787 2735 5844 tv,
2763 5784 2816 5828 c.
2849 5769 2954 5828 3&7
2980 5784 3048 5834 c,
3077 5782 3194 5837 seq.

2057 5769 2113 5852 8)
2144 5777 2250 5848 Id.,
2281 5769 2386 5848 Ep.
2423 5791 2551 5842 Lill,
2585 5781 2626 5830 t.
2657 5787 2735 5844 tv,
2763 5784 2816 5828 c.
2849 5769 2954 5828 3&7
2980 5784 3048 5834 c,
3077 5782 3194 5837 seq.

3031 5875 3080 5928 ιι
