3982 6310
384 269 526 310 XXXV

387 369 529 440 apud
561 383 690 432 nos,
727 375 780 424 et
811 367 1141 427 rescribatnr
1169 366 1321 422 vobis
1353 365 1506 421 ﬁrma
1532 365 1820 430 sententia,
1853 367 1992 420 mul—

401 477 578 519 tm'nm
610 461 948 517 sacerdotum
979 461 1207 517 consilio
1239 459 1553 530 ponderata.
1596 478 1615 511 ι

469 580 732 637 XXXVII.
759 579 1001 650 Episcopi
1027 579 1080 632 in
1111 577 1258 633 rebus
1290 577 1501 648 majoris
1529 575 1774 631 momenti
1795 577 1857 630 ab
1879 575 1997 630 aliis

395 675 649 743 episcopis
691 688 809 726 suos
853 672 1132 726 decisioncs
1168 670 1450 735 mittebant,
1509 669 1765 740 prwcipuc
1794 668 1860 722 ad
1893 668 1999 723 Ro—

407 783 619 821 manum
644 765 1054 837 Episcopum.-—
1071 763 1126 818 In
1145 762 1542 832 rebusmajoris
1584 762 1841 830 momenti
1863 759 1995 831 Epi-

398 861 548 933 scopi
577 860 744 916 etiam
772 859 823 914 in
852 857 1082 918 concilio
1109 854 1420 927 congregati
1451 855 1516 910 ad
1547 855 1682 911 alios
1711 853 1998 924 episcopos

393 969 521 1010 suas
551 952 859 1009 decisiones
891 950 1206 1016 mittebant,
1241 947 1604 1020 przestolaturi
1655 948 1723 1004 ab
1773 947 1839 1002 iis
1884 956 1997 1002 tum

395 1045 712 1113 consilium,
744 1052 855 1099 tum
883 1056 1213 1099 consensum
1242 1041 1556 1098 eorumdem
1581 1082 1596 1108 ,
1635 1040 1702 1096 ad
1732 1039 1991 1098 sacerdo-

399 1140 564 1196 talem
595 1137 976 1194 auctoritatem
997 1179 1011 1206 ,
1042 1145 1096 1192 et
1125 1135 1192 1190 ad
1219 1135 1482 1192 Ecclesia:
1510 1132 1795 1190 catholica:
1821 1133 2000 1190 unita~

394 1240 508 1288 tem
559 1231 759 1302 pariter
803 1243 869 1284 ac
915 1227 1233 1300 dignitatem
1282 1229 1474 1299 partim
1527 1227 1996 1294 manifestandam,

397 1323 592 1394 partim
635 1308 1080 1378 consecrandam.
1134 1323 1175 1376 A
1222 1320 1470 1376 Romano
1515 1320 1774 1392 episcopo
1819 1328 1999 1376 autem

398 1418 636 1476 Africani
665 1415 941 1488 praecipue
970 1414 1226 1486 petebant
1249 1413 1539 1470 consilium
1567 1422 1622 1469 et
1648 1427 1996 1479 consensum;

397 1519 610 1568 constat
637 1509 742 1566 hoc
768 1525 834 1565 ex
865 1508 1114 1580 Epistoia
1142 1523 1287 1563 Lxxn
1318 1508 1378 1564 S.
1408 1507 1666 1580 Cypriani
1696 1507 1764 1563 ad
1787 1507 1847 1563 ὃ.
1878 1505 2002 1563 Ste-

398 1605 636 1676 phanum
656 1645 672 1670 ,
702 1604 756 1660 in
783 1617 890 1676 qua
918 1601 1035 1658 haec
1079 1611 1373 1658 occurrunt
1417 1599 1499 1674 (l)
1531 1620 1544 1656 :
1581 1620 1601 1655 ς
1638 1601 1720 1657 Ad
1752 1600 2000 1673 quaedam

398 1694 764 1768 disponenda,
795 1704 852 1754 et
880 1693 1094 1751 consilii
1123 1696 1426 1751 communis
1453 1693 1908 1751 examinationem
1936 1692 2001 1749 li-

399 1792 598 1848 manda
616 1833 632 1860 ,
657 1805 884 1847 necesse
928 1788 1217 1846 habuimus
1237 1835 1250 1856 ,
1283 1789 1454 1846 frater
1483 1788 1811 1846 charissime
1832 1832 1848 1862 ,
1876 1803 2005 1846 con-

397 1885 745 1944 venientibus
773 1883 828 1941 in
879 1899 1042 1940 unum
1089 1884 1332 1955 pluribus
1359 1882 1734 1940 sacerdotibus
1757 1925 1772 1951 ,
1807 1898 2005 1958 cogere

398 1991 455 2038 et
483 1980 771 2038 celebrare
815 1979 1144 2043 concilium,
1193 1977 1249 2032 in
1294 1992 1402 2050 quo
1432 1977 1599 2034 multa
1629 1976 1846 2050 quidem
1880 1991 2005 2052 pro-

396 2074 504 2128 lata
548 2082 712 2145 atque
764 2082 1034 2128 transacta
1081 2079 1257 2127 sunt:
1300 2070 1395 2126 sed
1443 2070 1512 2126 de
1557 2085 1625 2127 eo
1653 2071 1737 2125 vel
1771 2070 2005 2126 maxime

397 2166 496 2221 tibi
523 2164 904 2231 scribendum,
941 2174 996 2219 et
1040 2178 1163 2218 cum
1196 2173 1283 2217 tua
1331 2164 1599 2233 gravitate
1646 2177 1710 2218 ac
1737 2162 2002 2232 sapientia

397 2257 792 2315 conferendum
812 2256 937 2324 fuit,
969 2255 1111 2327 quod
1133 2255 1304 2326 magis
1334 2256 1621 2326 pertineat,
1652 2263 1708 2310 et
1733 2254 1798 2310 ad
1825 2268 2006 2310 sacer-

401 2351 640 2408 dotalem
667 2351 1074 2417 auctoritatem,
1106 2358 1159 2403 et
1187 2349 1253 2403 ad
1283 2348 1544 2405 Ecclesia:
1571 2348 1856 2405 catholica:
1884 2349 2007 2404 uni-

403 2453 570 2500 tatem
602 2444 807 2514 pariter
833 2451 890 2498 et
917 2441 1240 2513 dignitatem
1263 2482 1276 2504 ,
1307 2441 1376 2498 de
1403 2441 1600 2498 divina:
1631 2441 2005 2512 dispositionis

398 2539 742 2596 ordinatione
766 2538 1097 2602 venientem,
1123 2551 1219 2592 eos
1241 2538 1331 2607 qui
1353 2538 1461 2591 sint
1482 2535 1614 2592 foris
1635 2545 1790 2593 extra
1815 2537 2004 2592 Eccle-

397 2633 536 2688 siam
568 2631 750 2697 tincti,
780 2637 836 2687 et
859 2630 1001 2701 apud
1033 2631 1319 2686 hmreticos
1343 2639 1399 2686 et
1423 2631 1801 2688 schismaticos
1827 2631 2005 2703 profa-

403 2742 490 2782 ne
517 2740 675 2796 aqua;
722 2725 846 2779 labe
888 2722 1181 2789 maculati,
1230 2724 1448 2794 quando
1471 2725 1539 2780 ad
1572 2739 1706 2790 nos,
1739 2733 1901 2796 atque
1933 2724 2004 2780 ad

404 2819 748 2884 Ecclesiam,
793 2831 914 2888 qua:
962 2829 1068 2871 una
1109 2826 1226 2881 est,
1259 2817 1528 2883 venerint,
1558 2816 1816 2887 baptizari
1845 2830 2006 2887 opor-

399 2923 550 2981 tere;
582 2928 649 2970 eo
679 2912 821 2985 quod
848 2928 1035 2983 parum
1061 2914 1131 2968 sit
1158 2912 1238 2967 eis
1265 2927 1482 2968 manum
1511 2915 1794 2984 Imponere
1816 2913 1884 2968 ad
1907 2927 2004 2968 cx-

405 3008 715 3080 cipiendnm
749 3005 1011 3078 Spiritum
1053 3018 1298 3063 sanctum
1321 3049 1337 3076 ,
1384 3008 1488 3065 nisi
1516 3010 1785 3080 accipiant
1818 3019 1875 3065 et
1903 3007 2008 3064 Ec-

403 3103 588 3159 clesiae
611 3102 1020 3174 Baptismum...
1050 3101 1175 3157 Ilaec
1200 3101 1267 3157 ad
1291 3103 1677 3159 conscientiam
1702 3111 1870 3169 tuam,
1899 3101 2008 3158 fra-

405 3205 490 3250 ter
516 3194 844 3250 charissima
861 3234 875 3260 ,
905 3205 961 3250 et
991 3209 1088 3264 pro
1115 3195 1323 3250 honore
1345 3197 1641 3263 communi,
1667 3205 1724 3253 et
1747 3210 1847 3268 pro
1870 3197 2006 3253 sim-

400 3288 530 3360 plici
561 3287 852 3343 dilectione
877 3287 1198 3359 pertulimus
1219 3329 1234 3354 ,
1263 3289 1553 3346 credentes
1579 3292 1745 3346 etiam
1777 3289 1870 3345 tibi
1905 3302 2005 3361 pro

402 3380 682 3451 religionis
709 3390 813 3436 tuae
840 3389 895 3436 et
925 3379 1051 3436 fidei
1084 3382 1316 3437 veritate
1361 3382 1609 3453 placere,
1642 3399 1764 3454 quae
1795 3392 1851 3440 et
1876 3383 2006 3439 reli-

403 3475 556 3546 giosa
584 3476 785 3544 pariter
811 3483 866 3530 et
897 3488 1027 3530 vera
1064 3484 1210 3530 sunt.
1253 3491 1274 3528 ι
1303 3475 1576 3548 Colligunt
1605 3479 1729 3533 inde
1753 3478 2003 3549 quidam,

402 3567 514 3639 jam
541 3583 657 3622 tevo
685 3566 946 3639 Cypriani
978 3569 1028 3621 in
1058 3583 1161 3623 nsu
1191 3568 1380 3636 fuisse,
1409 3579 1469 3625 ut
1493 3572 1734 3643 episc0pi
1761 3571 1814 3626 in
1846 3586 2010 3645 syno-

403 3659 489 3715 dis
518 3661 835 3730 congregati
861 3659 1342 3718 conﬁrmationem
1368 3677 1592 3719 suorum
1623 3661 1968 3721 decretorum
1989 3709 2001 3733 ,

403 3768 524 3826 qua:
551 3752 606 3809 in
649 3752 898 3810 conciliis
927 3753 1141 3810 fuerant
1159 3753 1393 3824 firmata,
1414 3772 1444 3812 a
1472 3756 1719 3814 Romano
1749 3758 2010 3816 Pontiilee

407 3846 682 3919 petierint.

486 3959 776 4018 XXXVIII.
830 3961 1023 4018 Nullus
1078 3965 1367 4037 episcopus,
1425 3967 1524 4022 nisi
1583 3967 1900 4040 gravissimis
1949 3967 2013 4026 de

414 4054 586 4110 causis
607 4055 895 4110 rescindere
908 4066 1108 4128 poterat
1123 4075 1238 4130 qum
1261 4061 1323 4114 ab
1339 4060 1442 4115 alio
1455 4061 1691 4133 episwpo
1713 4071 1826 4117 acta
1843 4069 2006 4123 erant.

413 4147 620 4205 -—-Ncc
666 4149 768 4218 ipsi
809 4151 1222 4221 metropolitano
1262 4155 1588 4225 permissum
1631 4169 1766 4227 erat,
1809 4158 2013 4232 absque

412 4241 743 4315 gravissimis
771 4243 969 4310 causis,
994 4247 1302 4305 rescindere
1325 4265 1444 4321 quzc
1473 4251 1541 4306 ab
1563 4251 1742 4324 aliquo
1767 4252 1874 4310 alio
1903 4256 2016 4328 epi-

413 4351 581 4408 scopo
607 4348 725 4392 acta
757 4345 930 4393 erant.
961 4333 1073 4394 Hac
1099 4339 1167 4396 de
1197 4355 1357 4397 causa
1376 4342 1429 4400 S.
1449 4342 1750 4416 Cyprianus
1767 4346 2018 4419 obiurgat

413 4431 765 4502 Therapium,
794 4439 854 4485 ut
879 4439 1095 4487 constat
1147 4447 1214 4490 ex
1261 4434 1378 4504 ejus
1431 4435 1670 4507 Epistoia
1722 4452 1805 4495 ιιι
1837 4438 1900 4514 (ι.
1935 4455 2014 4510 ιιι,

415 4541 465 4582 c.
497 4525 751 4598 lOiti,A).
779 4525 921 4581 Alibi
941 4523 1296 4598 (2)0bservat
1319 4529 1375 4587 S.
1395 4530 1732 4602 CyprianuSt
1756 4546 1878 4591 esse
1908 4551 2018 4592 non

418 4631 576 4687 posse
601 4635 619 4668 ›
645 4620 786 4672 inter
811 4619 1098 4688 episcopos
1117 4637 1136 4670 ι
1161 4633 1382 4676 sensum
1405 4623 1704 4690 diversum,
1737 4627 1792 4682 in
1821 4627 2017 4699 quibus

418 4724 558 4765 unus
584 4718 669 4765 est
689 4709 944 4782 Spiritus,
968 4720 1022 4766 et
1041 4711 1162 4767 ideo
1185 4715 1526 4772 manifestum
1547 4730 1629 4776 est
1650 4735 1772 4777 eum
1789 4721 2020 4795 Spiritus

417 4802 592 4858 saneti
618 4803 899 4859 veritatem
931 4817 1054 4859 cum
1084 4808 1302 4864 caeteris
1331 4823 1438 4865 non
1469 4818 1656 4869 tenere
1675 4855 1690 4882 ,
1744 4831 1906 4886 quem
1937 4814 2018 4875 vi-

420 4897 611 4952 demus
655 4893 867 4951 diversa
913 4898 1143 4954 sentire.
1184 4917 1203 4952 ι
1245 4899 1314 4956 Et
1344 4911 1525 4960 tamen
1556 4914 1742 4976 postea
1773 4907 2021 4967 diversus

418 4990 565 5046 inter
604 4987 938 5060 Cyprianum
972 5001 1028 5048 et
1055 4989 1393 5065 Stephanum
1423 5009 1616 5054 sensus
1645 4998 1745 5056 fuit
1772 5001 1824 5057 in
1858 5015 2019 5062 causa

421 5081 684 5154 Baptismi
715 5082 1094 5140 haereticorum
1127 5103 1140 5140 :
1171 5087 1268 5142 sed
1319 5088 1436 5145 haec
1462 5089 1617 5149 facile
1665 5095 2023 5154 reconcilian-

425 5184 534 5241 tur,
568 5174 616 5230 si
638 5173 884 5231 dicamus
907 5175 1178 5234 laudatam
1220 5177 1278 5236 S.
1305 5178 1557 5253 Cypriani
1586 5190 1910 5245 sententiam
1935 5189 2020 5246 in-

428 5267 834 5338 terpretandam
864 5281 986 5324 esse
1011 5271 1082 5326 de
1111 5273 1274 5328 rebus
1303 5273 1429 5330 fidei
1456 5317 1471 5343 ,
1502 5278 1579 5332 uti
1613 5288 1898 5340 contextus
1925 5283 2024 5341 do-

421 5367 509 5416 cet
528 5399 541 5426 ,
576 5373 682 5414 non
713 5373 844 5414 vero
870 5359 939 5416 de
968 5363 1131 5418 rebus
1160 5364 1485 5437 disciplinae.

495 5475 742 5533 XXXIX.
763 5476 1006 5549 Episcopi
1029 5479 1219 5538 litteras
1237 5485 1305 5538 ad
1333 5503 1386 5541 se
1411 5487 1620 5542 invicem
1640 5489 1919 5545 mittebant.
1952 5522 2025 5534 ——

423 5570 828 5627 Consueverant
847 5573 1088 5644 episcopi
1107 5575 1210 5632 sibi
1225 5576 1457 5634 invicem
1476 5580 1714 5638 scribere
1737 5583 1788 5638 in
1808 5584 2023 5656 signum

496 5725 579 5871 (ιζ
608 5727 890 5854 Cdyprian.,
923 5721 1022 5800 Ep.
1053 5743 1232 5802 ut",
1263 5743 1302 5788 t.
1337 5749 1425 5807 ιιι,
1459 5747 1508 5793 c.
1542 5737 1700 5799 1046.

499 5799 554 5871 (2
605 5797 627 5854 1
677 5841 714 5868 .,
748 5799 846 5871 Ep.
879 5814 1029 5859 van
1054 5845 1069 5871 ,
1101 5813 1233 5861 tom.
1268 5819 1324 5864 ιιι
1347 5851 1362 5871 ,
1392 5823 1441 5866 c.
1471 5807 1576 5868 997
1603 5828 1655 5867 Α.

499 5797 577 5872 (2)
605 5797 714 5868 Id.,
748 5799 846 5871 Ep.
879 5797 1029 5859 vatt
1054 5845 1069 5873 ,
1101 5797 1233 5861 tom.
1268 5819 1362 5879 ιιι,
1392 5797 1441 5866 (Ξ.
1471 5807 1576 5868 997
1603 5828 1655 5867 Α.

1823 246 2211 305 PREFATIO.

3534 263 3700 312 XXXVI

2104 375 2303 420 mutuae
2331 362 2745 432 communionis;
2775 373 2830 422 et
2871 365 3011 434 ideo,
3043 379 3169 425 eum
3207 379 3382 424 novus
3411 377 3697 425 crearetur

2099 458 2406 528 cpiscopus,
2437 457 2621 514 caeteri
2652 458 2717 514 de
2761 458 2882 530 eius
2926 459 3031 516 fide
3057 475 3124 516 ac
3149 462 3350 532 pietate
3376 461 3572 517 instrui
3601 477 3701 516 cu-

2103 551 2314 604 rabant.
2364 549 2540 604 Prima
2591 549 2814 621 hujusce
2861 551 3163 624 disciplinae
3208 569 3334 625 pars
3380 555 3592 610 crnitur
3628 570 3700 611 ex

2099 643 2329 714 epistola
2358 661 2505 700 uvn
2557 643 2813 718 Cypriani
2845 647 2912 702 ad
2938 646 3294 718 Stephanum,
3325 649 3380 704 in
3407 664 3508 720 qua
3533 648 3697 723 (tom.

2104 755 2182 806 ιιι,
2216 740 2321 795 col.
2369 738 2480 795 998
2511 743 2604 813 tt),
2649 745 2769 797 haec
2823 743 3138 823 habentur:
3172 764 3192 796 ι
3243 744 3493 816 Significa
3543 745 3706 801 nobis

2104 835 2262 904 plane
2283 837 2402 907 quis
2426 837 2478 890 ln
2512 837 2690 892 locum
2718 835 2976 894 Marciani
3007 839 3223 896 Arelate
3251 839 3414 895 fuerit
3442 838 3708 895 substitu-

2104 937 2194 985 tus
2214 973 2228 995 ,
2257 938 2319 985 ut
2338 931 2572 988 sciamus
2600 931 2670 988 ad
2711 947 2872 1003 quem
2907 932 3104 990 fratres
3132 943 3346 991 nostros
3376 933 3611 1013 dirigere
3652 942 3709 989 et

2104 1021 2189 1077 cui
2220 1025 2462 1081 scribere
2505 1025 2821 1082 debeamus.
2863 1044 2882 1080 ι
2934 1025 3184 1083 Secunda
3236 1043 3369 1084 vero
3416 1043 3485 1083 ex
3533 1027 3708 1084 altera

2104 1114 2344 1186 ejusdem
2397 1118 2569 1172 sancti
2628 1118 2878 1176 Doctoris
2907 1120 3135 1190 epistola
3185 1120 3251 1179 ad
3299 1121 3357 1180 S.
3389 1118 3705 1177 Cornelium

2104 1224 2296 1280 papam
2320 1252 2334 1276 ,
2373 1227 2494 1282 qua:
2516 1211 2569 1265 in
2602 1209 2704 1268 hac
2725 1211 2964 1268 editione
2995 1222 3080 1270 est
3106 1229 3333 1270 numero
3363 1215 3708 1286 quinquage-

2102 1302 2238 1366 sima
2265 1304 2451 1378 quinta
2482 1308 2544 1379 (t.
2578 1321 2637 1364 nt
2658 1349 2676 1376 ι
2701 1306 2807 1364 col.
2835 1305 2944 1364 800
2973 1305 3052 1380 Α).

2176 1396 2286 1454 Has
2313 1413 2444 1456 vero
2470 1397 2728 1469 epistolas
2758 1399 3045 1458 mittebant
3071 1415 3170 1472 per
3195 1401 3425 1460 clericos
3445 1444 3462 1470 ,
3495 1411 3554 1460 ut
3573 1416 3714 1460 con-

2103 1496 2211 1546 stat
2250 1504 2317 1546 ex
2349 1490 2592 1563 Epistoia
2627 1507 2774 1562 xxxv,
2803 1493 2894 1550 ubi
2939 1494 3007 1567 (t.
3033 1509 3108 1563 tv,
3139 1509 3190 1550 c.
3212 1493 3322 1552 287
3351 1497 3408 1567 ιι)
3450 1496 3568 1552 haec
3613 1511 3713 1551 oc-

2105 1591 2366 1640 currunt:
2391 1601 2410 1638 ι
2439 1582 2512 1640 Et
2530 1583 2788 1656 quoniam
2810 1586 3051 1657 oportuit
3077 1602 3165 1644 me
3193 1602 3292 1658 per
3311 1587 3541 1645 clericos
3566 1588 3713 1645 scri-

2106 1672 2268 1745 bere,
2301 1676 2416 1734 scio
2462 1686 2644 1736 autem
2684 1688 2905 1736 nostros
2957 1679 3220 1752 plurimos
3264 1681 3518 1740 absentes
3543 1697 3710 1746 esse.

2106 1784 2308 1840 paucos
2348 1770 2438 1842 qui
2463 1770 2578 1828 illic
2602 1782 2730 1830 sunt
2756 1773 2847 1831 vix
2873 1773 2942 1831 ad
2988 1774 3352 1834 ministerium
3398 1774 3712 1846 quotidiani

2107 1863 2290 1934 operis
2315 1862 2599 1932 sufficere,
2634 1880 2860 1924 necesse
2886 1867 2984 1922 fuit
3033 1881 3207 1930 novos
3247 1867 3459 1939 aliquos
3500 1868 3717 1924 consti-

2108 1964 2262 2014 tuere
2285 1958 2375 2028 qui
2406 1959 2768 2016 mitterentur.
2813 1979 2832 2014 ι
2871 1961 2938 2018 Ει
2965 1977 3029 2018 ex
3057 1962 3228 2021 altera
3259 1962 3328 2020 ad
3359 1963 3709 2031 Successum,

2109 2066 2227 2122 qua:
2273 2060 2356 2108 est
2401 2069 2628 2110 numero
2658 2071 2842 2116 Lxxxu
2869 2098 2884 2122 ,
2917 2057 3102 2128 in'qua
3150 2057 3211 2129 (t.
3240 2075 3293 2118 tv
3317 2100 3333 2125 ,
3364 2058 3471 2116 col.
3499 2058 3609 2116 429
3657 2057 3713 2131 ις)

2111 2142 2226 2203 haec
2251 2145 2440 2203 scribit
2483 2147 2745 2204 Successo
2779 2168 2790 2203 :
2827 2168 2846 2202 ι
2883 2147 2953 2210 Ut
2987 2166 3093 2208 non
3139 2152 3297 2212 vobis
3324 2152 3376 2210 in
3409 2152 3717 2209 continenti

2107 2239 2436 2309 scriberem,
2465 2239 2635 2298 frater
2665 2240 3012 2311 charissime,
3069 2244 3158 2304 illa
3205 2260 3295 2302 res
3344 2246 3510 2312 fecit,
3562 2245 3713 2318 quod

2108 2333 2350 2389 universi
2398 2333 2580 2390 clerici
2609 2336 2710 2392 sub
2753 2337 2861 2392 ictu
2901 2337 3090 2409 agonis
3130 2338 3413 2398 constituti
3453 2337 3716 2398 recedere

2109 2425 2307 2486 isthinc
2335 2429 2559 2484 omnino
2589 2443 2696 2484 non
2724 2439 2999 2501 poterant.
3040 2450 3058 2484 ι
3144 2447 3150 2452 ·

2179 2519 2292 2580 XL.
2336 2518 2518 2576 Clerus
2552 2522 2757 2596 regebat
2797 2525 3063 2580 ecclesiam
3111 2525 3315 2583 absente
3349 2526 3607 2599 episcopo.
3640 2557 3717 2568 —

2109 2615 2349 2674 Absente
2376 2616 2654 2690 episcopo,
2686 2634 2794 2674 non
2823 2619 3018 2691 aliquis
3055 2621 3356 2693 alienigena
3396 2622 3713 2692 cpiscopus,

2107 2709 2203 2764 scd
2262 2707 2440 2766 clerus
2495 2711 2718 2783 regebat
2764 2711 3075 2770 ecclesiam.
3125 2712 3280 2772 Patet
3326 2714 3430 2772 hoc
3478 2730 3545 2774 ex
3594 2713 3716 2785 epi-

2109 2803 2247 2866 stola
2301 2820 2464 2861 xxxnv
2527 2802 2784 2878 Cypriani
2834 2806 2901 2868 ad
2959 2807 3303 2880 presbyteros
3350 2816 3406 2866 et
3452 2807 3717 2866 diaconos

2108 2893 2584 2971 Carthaginenses.
2615 2897 2672 2954 In
2702 2914 2766 2956 ea
2795 2900 3060 2974 siquidem
3098 2901 3326 2972 legimus
3354 2901 3494 2972 quod
3519 2900 3719 2958 Gaium

2109 2987 2437 3046 Diddensem
2485 2993 2869 3049 communione
2908 3008 3003 3048 sua
3049 2992 3341 3050 removerit
3369 2995 3548 3052 clerus
3574 2992 3717 3050 Car-

2111 3082 2441 3160 thaginensis
2457 3083 2560 3162 (l).
2589 3086 2719 3144 Dein
2751 3088 2951 3145 scimus
2979 3089 3146 3162 quod,
3167 3087 3424 3148 defuncto
3448 3087 3718 3156 Fabiano,

2109 3178 2287 3236 clerus
2310 3177 2589 3240 Romanus
2619 3180 2764 3238 illam
2793 3180 3103 3253 ecclesiam,
3136 3193 3359 3244 vacante
3386 3181 3538 3251 sede,
3566 3182 3722 3239 dire-

2109 3271 2252 3328 xerit
2279 3270 2384 3349 (2).

2181 3362 2326 3421 Nihil
2371 3375 2623 3438 poterant
2662 3369 2903 3442 episcopi
2935 3369 2989 3426 in
3025 3369 3349 3438 dicecesibus
3393 3379 3721 3430 cmterorum

2112 3459 2494 3535 cpiscOporum
2538 3461 2745 3535 absque
2793 3463 3084 3524 ditecesani
3116 3463 3513 3537 permissione;
3565 3465 3723 3520 lucu-

2112 3555 2410 3614 lentissima
2446 3553 2500 3611 id
2529 3556 2795 3613 evincitur
2828 3567 2937 3613 tum
2989 3573 3057 3613 ex
3108 3556 3347 3628 Epistoia
3369 3557 3435 3616 ad
3479 3555 3721 3616 Chalda-

2113 3647 2260 3708 nitnn
2303 3655 2361 3704 et
2404 3647 2808 3720 Herculanum,
2861 3666 2996 3724 quos
3039 3661 3225 3721 utpote
3269 3651 3550 3724 cpiscopus
3581 3659 3724 3706 tam-

2113 3757 2273 3813 quam
2316 3760 2445 3800 suos
2486 3745 2714 3802 vicarios
2742 3744 3124 3820 Carthaginem
3155 3747 3378 3807 miserat
3400 3747 3458 3804 S.
3495 3743 3728 3818 Cypria-

2115 3851 2246 3904 nus,
2278 3838 2470 3916 quibus
2513 3838 2675 3894 etiam
2717 3838 3034 3911 adiunxerat
3066 3840 3425 3912 Rogatianum
3449 3849 3502 3896 et
3527 3837 3726 3895 Numi-

2115 3930 2292 3988 dicum
2375 3929 2768 4004 presbyteros,
2847 3932 2936 4000 qui
3003 3933 3367 4006 indigentibus
3436 3932 3729 4005 pecuniam

2117 4023 2442 4095 praeberent,
2464 4038 2665 4097 eosque
2691 4026 3062 4081 cxamioarent
3080 4026 3170 4097 qui
3197 4027 3264 4089 ad
3286 4041 3512 4084 munera
3542 4024 3728 4082 eccle-

2117 4112 2334 4172 siastica
2365 4123 2549 4178 essent
2579 4116 2935 4190 promerendi
2963 4115 3080 4192 (5);
3120 4128 3228 4173 tum
3268 4134 3335 4174 ex
3373 4116 3611 4189 Epistoia
3653 4131 3729 4174 ιν

2121 4209 2272 4280 (ιοιιι.
2313 4221 2393 4276 m,
2424 4221 2474 4263 c.
2502 4208 2598 4265 821
2639 4209 2716 4280 Α),
2749 4209 2802 4265 in
2835 4228 2938 4282 qua
2971 4209 3192 4270 disertis
3221 4210 3404 4274 verbis
3436 4211 3730 4284 proﬁtetur

2127 4321 2144 4355 ι
2183 4302 2324 4372 quod
2353 4303 2577 4374 singulis
2604 4307 2908 4375 pastoribus
2927 4306 3102 4376 portio
3127 4306 3305 4376 gregis
3325 4306 3397 4372 sit
3425 4303 3726 4373 adscripta,

2121 4408 2281 4465 quam
2323 4401 2478 4466 regat
2525 4397 2889 4467 unusquisque
2915 4407 2970 4452 et
3005 4397 3288 4469 gubernet,
3321 4395 3589 4451 rationem
3637 4393 3731 4450 sui

2125 4498 2275 4544 actus
2315 4488 2542 4545 Domino
2582 4489 2912 4547 redditurus.
2951 4508 2972 4544 ι
3017 4489 3155 4546 Hinc
3199 4489 3363 4547 etiam
3404 4487 3532 4545 alibi
3563 4487 3733 4544 docet

2123 4589 2351 4636 caeteros
2400 4582 2684 4654 episcopos
2746 4598 2856 4639 non
2905 4583 3009 4640 nisi
3068 4577 3120 4638 in
3172 4597 3302 4640 casu
3345 4582 3730 4648 necessitatis,

2124 4674 2338 4745 Quaado
2367 4675 2618 4746 proprius
2659 4675 2946 4748 episcopus
2976 4677 3226 4732 hatresim
3255 4685 3345 4731 aut
3375 4674 3608 4730 schisma
3641 4673 3734 4730 fa-

2125 4765 2219 4835 cit,
2253 4781 2377 4824 sese
2422 4768 2668 4840 regimini
2709 4769 2931 4825 alterius
2978 4768 3227 4825 dioecesis
3276 4768 3584 4825 immiscere
3630 4766 3739 4825 de-

2127 4862 2257 4919 bere
2277 4863 2386 4937 (4).
2418 4861 2532 4920 Hac
2581 4865 2743 4920 etiam
2794 4864 2848 4919 in
2888 4881 2948 4921 re
2978 4879 3185 4920 summa
3236 4865 3612 4921 moderatione
3660 4879 3735 4922 ac

2127 4957 2410 5029 prudentia
2452 4959 2704 5016 utebatur
2732 4956 2789 5016 S.
2821 4957 3138 5033 Cyprianus,
3188 4962 3265 5016 uti
3295 4975 3362 5017 ex
3399 4959 3732 5034 quibusdam

2129 5052 2297 5123 ipsius
2327 5053 2582 5123 Epistolis
2607 5051 2879 5125 colligitur
2901 5051 3001 5127 (5).

2200 5169 2582 5315 (ιζίένριίιιιιη
2614 5171 2714 5242 Ep.
2735 5187 2920 5252 ιιιιιῖιιιζ
2946 5180 3076 5225 tom.
3107 5185 3180 5253 tv,
3205 5169 3310 5226 col.
3341 5169 3448 5226 300
3479 5185 3562 5253 Β..
3591 5228 3627 5252 __

2205 5241 2260 5314 (2
2366 5253 2512 5315 tcum
2529 5243 2784 5298 incumbat
2802 5242 3068 5315 nobis,_qui
3083 5243 3313 5315 uidemur
3339 5251 3627 5315 preparari

2205 5238 2286 5314 ('2)
2317 5238 2512 5296 Etcum
2529 5238 2784 5298 incumbat
2802 5242 3068 5314 nobis,iqui
3083 5243 3313 5314 nide
3339 5240 3610 5314 prapositi
3624 5238 3740 5314 (ni-

2131 5313 2325 5385 mirum
2349 5314 2472 5385 quia
2491 5321 2616 5384 post
2637 5321 2862 5370 mortem
2889 5313 3138 5385 Episcopi
3159 5313 3412 5380 Romani,
3427 5329 3560 5369 atra
3580 5313 3738 5368 illius

2131 5381 2378 5458 ecclesiae
2397 5381 2904 5458 ineiunbeboteiero
2929 5381 3136 5458 ιιι-δίῳ)
3151 5401 3284 5452 esse,
3309 5392 3359 5439 et
3380 5387 3491 5440 uice
3508 5385 3739 5458 pastoris

2130 5457 2382 5529 custodire
2397 5473 2625 5529 gregem,
2646 5466 2753 5515 etc.
2781 5455 3036 5528 Cyprian.
3057 5455 3165 5529 sp.
3199 5473 3260 5526 ιι,
3290 5467 3328 5514 ι.
3362 5474 3435 5527 Iv,
3461 5455 3646 5514 13.224
3671 5473 3736 5514 Α.

2133 5523 2268 5600 Vide
2286 5539 2341 5600 et
2369 5523 2467 5598 Εἰ).
2491 5523 2646 5592 itm,
2680 5537 2718 5583 t.
2753 5523 2977 5594 tv,'coll.
3005 5523 3190 5584 507st
3212 5523 3365 5600 seqq.

2227 5599 2280 5669 ὅ)
2304 5585 2582 5670 Cyp'rian.,
2601 5585 2700 5671 Ep.
2717 5585 2944 5667 xxivm,
2972 5610 3102 5656 tom.
3125 5615 3202 5667 tv,
3219 5585 3348 5659 coil'.
3370 5600 3484 5657 529
3499 5609 3560 5657 et
3573 5613 3734 5672 seqq.
3760 5585 3765 5589 ’

2202 5598 2491 5801 gygen
2525 5673 2626 5744 Ep.
2655 5671 2726 5728 ad
2751 5671 3017 5744 Stephan.
3066 5687 3218 5746 μνη
3261 5685 3429 5741 um,
3461 5683 3596 5730 tum.
3645 5687 3735 5734 nr,

2132 5756 2180 5798 C.

2230 5671 2491 5799 gslgem,
2525 5673 2626 5744 Ep.
2655 5671 2726 5728 ad
2751 5671 3017 5744 Stephan.
3066 5687 3218 5746 μνη
3261 5685 3429 5741 um,
3461 5683 3596 5730 tum.
3645 5671 3735 5734 in,

2206 5813 2286 5890 (5)
2312 5812 2520 5874 Videsis
2543 5813 2640 5890 Ep.
2672 5832 2813 5888 utv,
2839 5815 2905 5875 ad
2928 5815 3305 5892 Epitectutuet
3329 5817 3542 5888 plebem
3567 5810 3743 5869 Assu-
