3982 6310
387 286 554 350 xxxix

388 401 695 476 exemplum
720 401 899 460 exstat
921 395 977 457 in
1006 397 1249 474 Epistola
1294 395 1478 466 mni,
1505 409 1669 471 quam
1695 394 1856 453 divus
1883 395 1991 468 Cy-

389 500 611 570 prianus
633 498 880 555 inscribit
903 496 1072 554 Felici
1105 495 1425 568 presbytero
1444 504 1499 551 et
1519 493 1768 566 plebibus
1789 494 1999 549 consis-

388 592 629 650 tentibus
674 592 741 648 ad
781 592 1074 664 Legionem
1119 599 1174 646 et
1206 589 1491 654 Asturicm;
1523 587 1652 645 item
1685 586 1852 643 Laelio
1881 585 1998 641 dia-

387 699 530 743 cono
554 695 609 742 et
649 685 794 757 plebi
826 685 1100 749 Emeritre;
1132 681 1398 754 siquidem
1427 682 1474 736 si
1504 682 1555 737 in
1586 688 1859 752 postrema
1898 679 2001 734 hac

391 777 624 834 ecclesia
649 777 735 832 vel
755 791 893 832 unus
915 775 1185 832 extitisset
1207 774 1516 847 presbyter,
1549 772 1750 837 eidem,
1775 786 1880 827 non
1908 786 2002 825 an»

390 877 503 926 tem
534 870 765 926 diacono
792 885 942 925 suam
989 867 1355 939 inscripsisset
1391 867 1698 938 epistolam.
1730 863 2002 936 Quidquid

392 962 500 1019 dici
518 963 708 1034 possit,
725 971 930 1018 certum
947 970 1031 1017 est
1045 976 1112 1016 ex
1125 974 1331 1016 canone
1349 959 1416 1014 77
1431 959 1643 1015 concilii
1661 957 1998 1025 Eliberitani,

393 1054 656 1111 diaconos
676 1056 803 1110 olim
835 1052 1192 1110 ecclesiarum
1219 1052 1460 1125 regimen
1500 1052 1792 1118 habuisse;
1824 1060 1880 1107 at
1906 1066 2002 1107 so-

391 1145 692 1216 lummodo,
744 1144 1113 1202 utverisimile
1157 1154 1261 1212 est,
1314 1144 1690 1202 deﬁcientibus
1714 1143 2005 1216 presbyte-

394 1245 474 1300 ris
504 1244 609 1315 (1).

472 1335 703 1393 XLVIII.
735 1334 1073 1404 Subdiacani,
1097 1335 1371 1408 cwterique
1394 1335 1617 1390 ministri
1639 1333 2008 1406 inferiorem-—

401 1430 485 1488 Ad
539 1431 906 1488 subdiaconos
964 1430 1107 1500 quod
1162 1431 1390 1498 attinet,
1445 1428 1646 1485 borum
1701 1442 1848 1498 saepe
1895 1441 2009 1483 me-

397 1527 560 1583 minit
603 1526 660 1582 S.
710 1525 1016 1599 Cyprianus
1060 1526 1173 1582 suis
1222 1525 1276 1580 in
1315 1524 1586 1596 epistolis.
1616 1523 1785 1590 Vide,
1821 1537 2009 1578 exemo

394 1623 472 1694 pli
519 1637 702 1686 causa,
741 1620 1037 1692 Epistolam
1077 1636 1136 1676 ιιι
1168 1617 1231 1692 (t.
1263 1635 1337 1686 tv,
1390 1634 1440 1675 c.
1488 1618 1652 1690 229),
1682 1631 1804 1689 qua:
1829 1624 1913 1673 est
1942 1615 2010 1672 ad

395 1715 606 1772 clerum
651 1714 995 1779 Romanum;
1032 1713 1082 1767 in
1135 1728 1196 1768 ea
1239 1713 1385 1768 enim
1413 1712 1649 1783 loquitur
1677 1710 1746 1766 de
1777 1709 2011 1781 quodam

398 1809 736 1865 subdiacono
785 1810 876 1880 qui
913 1805 1255 1878 apellabatur
1278 1805 1622 1862 Crementius
1656 1805 1770 1879 (2);
1797 1804 2015 1876 Episto-

401 1900 511 1956 lam
533 1915 681 1967 χχιχ,
702 1902 756 1956 in
781 1916 887 1973 qua
911 1900 1146 1972 loquitur
1165 1898 1224 1956 S.
1248 1898 1555 1971 Cyprianus
1574 1897 1642 1954 de
1670 1897 1779 1952 alio
1795 1896 2017 1952 subdia-

402 2015 544 2057 cono
569 2001 654 2056 cui
687 2015 883 2055 nomen
911 2007 1028 2053 erat
1071 1995 1297 2068 Optatus
1330 1997 1445 2068 (5);
1480 2005 1537 2052 et
1575 1994 1819 2067 ejusdem
1843 1993 2016 2049 sancti

405 2096 659 2152 Doctoris
687 2093 985 2164 Epistolam
1014 2091 1081 2147 ad
1109 2106 1266 2146 suum
1295 2089 1502 2145 clerum
1531 2089 1598 2145 de
1625 2089 1756 2145 Caio
1791 2086 2018 2160 presby-

405 2198 527 2246 tero
545 2186 829 2252 Diddensi,
850 2185 902 2240 in
927 2199 1032 2256 qua
1063 2183 1295 2238 duorum
1322 2181 1805 2246 subdiaconorum,
1830 2179 2016 2236 Philu-

406 2283 559 2341 meni
582 2291 637 2339 et
681 2282 960 2337 Fortunati
1007 2278 1210 2335 mentio
1263 2277 1498 2334 occurrit
1527 2275 1608 2348 (4)
1641 2295 1654 2331 :
1686 2276 1738 2330 in
1787 2275 2016 2345 quadam

407 2376 652 2448 Epistola
681 2375 810 2431 cleri
839 2374 1069 2430 Romani
1100 2372 1166 2428 ad
1199 2371 1386 2427 divum
1415 2368 1766 2444 Cyprianum,
1798 2372 1866 2427 de
1888 2385 2022 2442 quo-

411 2468 536 2525 dam
559 2467 890 2524 subdiacono
921 2465 979 2522 ﬁt
1003 2466 1209 2522 mentio
1231 2462 1332 2536 (5).
1357 2464 1748 2536 Acolythorum
1779 2461 1856 2536 (6)
1880 2464 2024 2520 sicut

411 2572 469 2620 et
510 2562 772 2618 lectorum
797 2560 902 2630 (7),
933 2558 1330 2614 exorcistarum
1361 2554 1462 2629 (8),
1497 2572 1605 2612 non
1635 2555 1805 2611 semel
1833 2554 2024 2611 memi-

411 2655 495 2710 nit
515 2664 733 2709 sanctus
757 2651 1085 2723 Cyprianus,
1115 2660 1169 2705 et
1196 2658 1353 2705 notat
1381 2664 1467 2704 set
1499 2649 1809 2705 examinare
1839 2665 1859 2700 ι
1890 2662 2024 2703 con-

415 2747 664 2802 suevisse
700 2762 719 2795 ι
751 2759 820 2799 an
851 2750 1217 2814 congruerent
1260 2741 1371 2796 illis
1413 2740 1596 2796 omnia
1627 2756 1748 2812 quae
1777 2754 1902 2797 esse
1929 2739 2026 2797 de-

414 2840 549 2896 bent
574 2840 626 2894 in
659 2839 726 2895 iis
756 2838 847 2910 qui
878 2838 944 2893 ad
975 2837 1178 2892 clerum
1223 2834 1551 2907 parabantur
1580 2834 1682 2906 (9).
1715 2853 1734 2888 ι
1769 2834 2027 2891 Lectores

419 2933 757 3004 Scripturam
801 2946 1013 2987 sacram
1052 2929 1325 3002 legebant,
1368 2938 1423 2986 et
1461 2947 1480 2981 ι
1513 2927 1844 2985 audientium
1876 2946 1895 2980 ›
1929 2942 2028 2983 seu

419 3028 936 3086 catechumenorum
975 3043 994 3078 ς
1029 3026 1283 3082 doctores
1319 3044 1339 3078 ι
1369 3033 1526 3081 erant
1563 3023 1700 3096 (I0),
1755 3031 1810 3080 et
1864 3023 2028 3080 etiam

421 3121 776 3194 Evangelium
807 3120 1061 3194 legebant
1090 3136 1156 3176 ex
1185 3119 1394 3192 pulpito
1414 3117 1560 3192 (11).

429 3242 568 3309 ενι.
593 3239 865 3306 Disciplina
903 3243 1064 3306 quoad
1098 3244 1473 3306 matrimonium,
1518 3242 1583 3293 de
1627 3242 1773 3304 votis,
1809 3246 1862 3294 et
1896 3241 2030 3293 cultu

1064 3326 1409 3390 reliquiarum.

502 3433 944 3492 XLIX—Pauca
959 3432 1250 3489 admodum
1264 3431 1333 3489 de
1347 3431 1689 3488 matrimonio
1704 3431 1865 3489 habet
1878 3429 2035 3488 divus

429 3531 754 3601 Cvprianus,
787 3544 910 3585 cum
941 3528 1010 3585 de
1036 3527 1126 3584 illo
1175 3543 1280 3582 non
1312 3543 1375 3584 ex
1419 3527 1688 3599 professo,
1738 3527 1834 3584 sed
1861 3529 2037 3586 obiter

430 3624 598 3681 verba
629 3623 807 3679 faciat.
840 3621 973 3676 Hinc
1006 3622 1058 3676 in
1094 3631 1325 3677 tractatu
1352 3621 1420 3680 de
1449 3622 1668 3693 Lapsis,
1715 3622 1856 3678 inter
1896 3625 2036 3682 mala

431 3732 554 3790 quae
580 3724 706 3772 ante
733 3717 1166 3786 persecutionem
1196 3713 1482 3786 patrabant
1522 3714 1708 3771 ﬁdeles
1727 3755 1741 3781 ,
1783 3731 2036 3776 recense-

432 3821 524 3867 tur
551 3809 887 3867 consuetudo
921 3807 1139 3864 ineundi
1170 3808 1515 3866 matrimonia
1542 3826 1663 3868 cum
1692 3814 2036 3872 inﬁdelibus:

439 3923 462 3958 ι
496 3905 757 3976 Iungere,
783 3903 956 3975 inquit
979 3901 1070 3958 ille
1098 3901 1239 3974 (12),
1270 3917 1394 3958 cum
1425 3903 1735 3963 inﬁdelibus
1765 3908 2038 3966 vinculum

435 3999 788 4065 matrimonii,
819 3997 1150 4069 prostituere
1175 3996 1464 4068 gentilibus
1488 4001 1728 4058 membra
1757 4002 1980 4060 Christi.
2017 4024 2036 4058 ι

437 4093 512 4149 Et
550 4093 606 4147 in
644 4092 782 4148 libro
819 4091 980 4147 tertio
1019 4089 1475 4149 Testimoniorum
1527 4095 1814 4153 ostendere
1856 4099 2045 4154 nititur

439 4183 765 4256 quibusdam
811 4198 1086 4238 sacrarum
1127 4183 1453 4241 Litterarum
1483 4188 1748 4255 oraculis,
1783 4188 1900 4245 haec
1927 4206 2044 4246 ma-

440 4277 696 4335 trimonia
737 4291 860 4333 esse
885 4275 1092 4332 illicita.
1124 4277 1261 4333 Hinc
1287 4277 1508 4350 legitur,
1556 4281 1729 4353 inquit
1769 4282 1863 4339 ille
1903 4281 2043 4357 (I5),

519 4446 600 4524 (I)
627 4465 646 4497 ι
678 4447 734 4524 _Si
761 4446 883 4518 quis
908 4445 1170 4524 diaconus
1191 4461 1390 4524 regens
1415 4449 1626 4524 plebem
1643 4450 1762 4507 sine
1792 4451 2050 4524 episeopo

447 4520 534 4595 vel
551 4519 874 4595 presbytero
890 4519 1100 4595 aliquos
1126 4519 1504 4595 baptizaveriL,
1527 4519 1932 4595 episcopus’eos
1955 4519 2052 4595 per

447 4588 884 4646 benedictionem
905 4588 1168 4658 perﬁcere
1185 4591 1420 4646 debebit.
1437 4593 1528 4648 ιτ.
1548 4588 1796 4651 ι’ϐοιιέἱι.
1812 4588 2049 4652 ιτὼιίωι.

451 4677 511 4731 p.
533 4662 661 4726 978;
689 4673 744 4717 et
767 4661 905 4732 apud
923 4660 1115 4732 Mansi,
1147 4670 1277 4716 tom.
1303 4677 1362 4729 II,
1393 4665 1498 4719 col.
1530 4666 1615 4720 18.

548 4733 606 4804 2)
645 4733 928 4806 Cyprian.,
958 4731 1133 4802 Epist.
1167 4748 1226 4800 ιι,
1262 4743 1299 4786 ι.
1333 4750 1406 4798 1v,
1433 4750 1482 4791 c.
1513 4736 1623 4794 221
1655 4754 1708 4793 Α.

556 4808 612 4872 5)
653 4806 755 4872 Id.,
785 4804 884 4873 Ep.
919 4820 1063 4869 xxiv,
1095 4813 1133 4856 t.
1165 4820 1234 4868 IV,
1262 4819 1311 4858 ο.
1345 4805 1452 4861 287
1476 4823 1527 4862 Β.

552 4875 606 4947 4)
644 4876 814 4940 Idem,
842 4876 943 4948 Ep.
974 4891 1159 4943 xxvnt,
1188 4891 1237 4931 c.
1263 4876 1362 4932 501
1393 4895 1443 4932 Β.

554 4948 612 5020 5)
653 4945 760 5014 Id.,
788 4949 886 5018 Ep.
912 4963 1041 5020 χχχ,
1072 4957 1112 5020 ι.
1137 4964 1214 5014 ιν,
1239 4963 1288 5002 c.
1318 4950 1422 5006 505
1452 4965 1503 5006 Β.

556 4808 612 4872 5)
653 4804 755 4872 Idi,
785 4804 884 4873 Ep.
919 4820 1063 4869 xxiv,
1095 4813 1133 4856 t.
1165 4820 1234 4868 IV,
1262 4819 1311 4858 ο.
1345 4805 1452 4861 287
1476 4823 1527 4862 Β.

448 4878 455 4945 ξ
485 4876 498 4946 ί
525 4875 606 4948 (4)
644 4876 814 4948 Idem,
842 4876 943 4948 Ep.
974 4891 1159 4943 xxvnt,
1188 4891 1237 4931 c.
1263 4876 1362 4932 501
1393 4895 1443 4932 Β.

554 4945 612 5085 5)
653 4945 760 5014 Id.,
788 4945 1041 5018 EpIxxx,
1072 4957 1112 5001 t.
1137 4964 1214 5014 ιν,
1239 4963 1288 5002 c.
1318 4950 1422 5006 505
1452 4965 1503 5006 Β.

554 5019 584 5073 6
637 5020 886 5076 Favorini
909 5018 1143 5085 acolythi
1166 5022 1411 5078 meminit
1431 5023 1503 5085 Ep

445 5104 478 5146 ε
521 5018 622 5148 g3).
637 5020 886 5076 Favorini
909 5018 1143 5091 acolythi
1166 5022 1411 5078 meminit
1431 5021 1670 5095 Epistola
1695 5041 1888 5096 xxvnl,
1917 5035 1958 5083 t.
1981 5042 2054 5095 iv,

487 5131 500 5146 .
653 5107 708 5148 Β.

487 5107 708 5148 .5013.

527 5163 930 5242 ρλϐχριίιιηη
950 5163 1054 5234 Ep.
1077 5179 1224 5242 xxiv,
1258 5173 1300 5219 t.
1326 5167 1400 5233 iv,
1426 5180 1476 5221 c.
1507 5166 1616 5225 287
1639 5185 1706 5238 Β;
1731 5170 1835 5242 Ep.
1867 5187 2057 5242 χχχιιι,

455 5247 507 5290 c.
536 5236 664 5306 519:
690 5236 789 5306 Ep.
817 5251 1005 5300 xxxiv,
1037 5252 1086 5290 c.
1121 5236 1226 5292 5‘21:
1257 5254 1311 5304 Α,
1342 5253 1394 5292 Β.

533 5305 613 5390 (8)
639 5305 956 5390 Ι-ιξιξιιιη-Ερ..
983 5317 1256 5390 ιτχχνιλι.
1281 5319 1369 5390 ιιι,
1416 5309 1520 5366 col.
1561 5311 1617 5366 2.
1665 5313 1798 5371 Vide
1843 5330 2061 5387 quoque

658 5375 958 5452 Firmilbani
993 5380 1132 5434 inter
1155 5375 1411 5452 Cyprian.
1448 5398 1606 5440 Lxxv.

533 5449 617 5524 (9)
649 5450 817 5524 Idem,
846 5449 954 5524 Ep.
981 5465 1127 5524 xxxv,
1162 5449 1305 5520 tirv,
1330 5466 1378 5508 c.
1411 5454 1516 5510 287
1541 5472 1594 5523 Β,
1621 5471 1674 5514 c.

594 5521 652 5592 0)
694 5521 863 5587 Idem,
888 5521 1016 5592 ibid.

562 5524 652 5592 ιο)
694 5524 1016 5587 Idem,ibid.

557 5594 648 5660 11)
685 5593 856 5659 Idem,
889 5587 986 5663 Ep.
1020 5609 1213 5660 χχχιιι,
1245 5602 1286 5651 t.
1319 5611 1388 5662 IV,
1417 5611 1468 5653 c.
1494 5598 1600 5657 5l9
1625 5615 1676 5655 Β.

559 5667 648 5736 12)
680 5664 848 5731 Idem,
875 5666 972 5720 lib.
1004 5667 1067 5719 de
1093 5667 1276 5733 lapsis.

560 5736 653 5865 lg)
685 5737 854 5806 Idem,
896 5736 990 5794 lib.
1043 5753 1101 5793 ιιι
1153 5735 1540 5812 Testimonior.,
1580 5759 1676 5816 cap

680 5823 734 5865 BI

559 5667 648 5736 12)
680 5664 848 5731 Idem,
875 5666 972 5720 lib.
1004 5667 1067 5719 de
1093 5667 1276 5736 lapsis.

453 5817 510 5865 Φ.

680 5737 854 5866 idem,
896 5736 990 5794 lib.
1043 5753 1101 5793 ιιι
1153 5735 1540 5812 Testimonior.,
1580 5759 1702 5816 cap.
1736 5743 1840 5814 62,
1897 5754 1936 5802 t.
1989 5763 2062 5818 iv,

1808 275 2200 346 PRIEFA'I‘IO.
2235 275 2245 285 ’
3636 300 3706 346 xi.

2105 393 2248 466 apud
2279 393 2503 452 Tobiam
2527 394 2609 468 (I)
2635 407 2649 452 :
2685 391 2909 452 Uxorem
2934 393 3109 469 accipe
3135 412 3200 454 ex
3221 395 3414 457 semine
3433 410 3710 473 parentum

2106 498 2330 559 tuorum,
2363 497 2411 546 et
2438 490 2549 545 noli
2575 507 2776 547 sumere
2798 492 3024 548 alienam
3051 494 3334 563 mulierem,
3361 511 3476 568 qua:
3505 514 3608 551 non
3636 505 3713 552 est

2106 596 2170 635 ex
2196 580 2332 635 tribu
2361 590 2632 652 parentum
2663 591 2885 638 tuorum.
2921 583 3052 640 Item
3080 587 3132 641 in
3166 585 3362 642 Genesi
3396 587 3475 661 (2)
3505 607 3518 642 :
3544 586 3714 642 Mittit

2108 691 2322 745 puerum
2344 691 2493 730 suum
2517 674 2777 731 Abraham
2798 718 2812 743 ,
2846 686 2901 730 ut
2931 677 2995 732 de
3020 678 3212 734 semine
3231 695 3326 734 suo
3348 680 3570 750 accipiat
3599 679 3713 736 Re-

2110 767 2312 821 beccam
2341 767 2452 835 [ilio
2480 769 2593 840 ejus
2613 766 2790 824 Isaac.
2833 767 2968 826 Item
2993 769 3047 825 in
3077 771 3247 828 Esdra
3282 771 3361 846 (5)
3392 791 3406 829 :
3438 773 3580 829 Satis
3609 789 3718 828 non

2113 857 2209 928 fuit
2234 856 2344 912 Deo
2363 901 2378 926 ,
2403 876 2520 914 cum
2546 870 2867 916 vastarentur
2893 861 3096 931 Judaei,
3125 865 3224 919 nisi
3249 865 3562 937 alienigenas
3587 883 3722 922 uxo-

2111 965 2192 1004 res
2221 967 2338 1005 cum
2363 951 2489 1022 ﬁliis
2530 969 2730 1025 quoque
2748 995 2764 1020 ,
2796 971 2922 1026 quos
2949 972 3014 1011 ea:
3041 955 3147 1011 illis
3176 969 3566 1028 procreaverunt
3587 1001 3602 1028 ,
3635 976 3722 1014 reo

2114 1047 2399 1120 liquissent.
2445 1049 2647 1106 Probat
2686 1052 2907 1123 insuper
2935 1067 3089 1108 suam
3121 1055 3552 1126 propositionem
3593 1071 3723 1111 sane

2111 1149 2231 1196 ctus
2256 1141 2456 1198 Doctor
2484 1142 2605 1199 aliis
2630 1142 2923 1214 Scriptura:
2955 1147 3211 1213 oraculis,
3247 1147 3320 1202 uti
3350 1158 3497 1214 sunt,
3534 1163 3726 1205 exem-

2114 1233 2187 1305 pli
2213 1235 2383 1306 gratia
2406 1277 2420 1302 ,
2455 1235 2572 1292 bare
2601 1235 2755 1292 Pauli
2783 1237 2948 1294 verba
2975 1236 3054 1311 (4)
3089 1257 3103 1295 :
3137 1238 3234 1294 Cui
3254 1241 3362 1294 vult
3389 1242 3570 1308 nubat,
3599 1253 3725 1296 tan-

2116 1342 2225 1387 tum
2254 1334 2308 1388 in
2347 1333 2590 1391 Domino.
2634 1335 2837 1394 Verum
2877 1336 2936 1393 S.
2972 1338 3304 1410 Augustinus
3341 1338 3422 1411 (5)
3466 1341 3561 1404 ait,
3606 1339 3732 1394 haec

2115 1428 2363 1499 Apostoli
2388 1431 2551 1486 verba
2577 1429 2632 1486 in
2664 1431 2867 1504 duplici
2898 1446 3062 1488 sensu
3093 1433 3318 1505 intelligi
3347 1449 3528 1505 posse,
3562 1445 3615 1491 et
3643 1435 3732 1490 ni-

2117 1519 2189 1576 hil
2220 1521 2364 1578 aliud
2396 1523 2735 1594 signiﬁcare,
2769 1540 2928 1596 quam
2957 1525 3174 1580 viduam
3217 1527 3359 1582 hanc
3394 1526 3597 1584 debere
3639 1527 3730 1583 vel

2118 1614 2172 1669 in
2217 1614 2513 1672 christiana
2576 1617 2841 1689 religione
2886 1634 3243 1690 permanere,
3295 1631 3387 1676 aut
3425 1621 3730 1679 christiano

2118 1707 2237 1762 viro
2265 1708 2530 1779 copulari.
2572 1709 2779 1767 Deinde
2820 1711 3137 1784 subjungit,
3178 1713 3519 1770 matrimonia
3557 1714 3734 1771 Chri-

2119 1805 2420 1861 stianorum
2445 1822 2568 1862 cum
2593 1807 2905 1864 inﬁdelibus
2935 1825 3195 1881 expresse
3225 1827 3332 1867 non
3360 1813 3634 1883 prohiberi
3672 1814 3730 1869 in

2119 1895 2272 1956 Novo
2312 1898 2684 1958 Testamento.
2745 1922 2765 1955 ι
2796 1902 2915 1960 Νοιι
2953 1904 3096 1960 enim
3121 1946 3135 1970 ,
3172 1923 3190 1958 ι
3244 1905 3409 1962 verba
3455 1917 3579 1963 sunt
3617 1908 3732 1963 divi

2121 1992 2444 2065 Augustini,
2483 2013 2503 2048 ι
2534 2005 2778 2069 tempore
2818 1998 3045 2054 revelati
3090 1999 3424 2057 Testamenti
3451 2000 3624 2071 Novi,
3672 2003 3726 2058 in

2123 2087 2417 2160 Evangelio
2442 2091 2530 2147 vel
2550 2091 2672 2149 aliis
2699 2093 3026 2164 Aposwlicis
3054 2094 3269 2161 litteris,
3312 2095 3430 2153 sine
3459 2097 3734 2168 ambigui-

2125 2188 2234 2236 tate
2257 2181 2593 2239 declaratum
2623 2199 2746 2242 esse
2774 2187 2958 2243 recolo
2977 2229 2992 2254 ,
3039 2197 3217 2244 utrum
3253 2189 3518 2245 Dominus
3547 2189 3735 2261 probi-

2121 2273 2302 2330 buerit
2331 2274 2520 2332 ﬁdeles
2563 2276 2871 2334 inﬁdelibus
2891 2279 3076 2352 jungi;
3121 2283 3368 2352 quamvis
3408 2284 3469 2339 Β.
3500 2281 3737 2357 Cypria-

2124 2381 2229 2422 nus
2259 2365 2385 2424 inde
2413 2383 2518 2424 non
2551 2370 2793 2442 dubitet,
2821 2387 2923 2429 nec
2952 2373 3006 2427 in
3037 2374 3244 2431 levibus
3271 2378 3508 2448 peccatis
3532 2382 3739 2434 consti-

2127 2467 2262 2528 tuat,
2307 2460 2538 2534 jungere
2577 2478 2700 2520 cum
2739 2465 3051 2522 inlldelibus
3075 2467 3347 2524 vinculum
3380 2471 3737 2542 matrimonii,

2127 2562 2288 2624 atque
2332 2553 2388 2611 id
2438 2571 2560 2614 esse
2608 2558 2750 2615 dicat
2806 2561 3135 2632 prostituere
3184 2563 3438 2635 gentibus
3486 2565 3737 2622 membra

2128 2646 2348 2704 Christi.
2383 2666 2404 2701 ι

2201 2743 2264 2799 L.
2313 2742 2654 2803 Continentiaz
2678 2757 2847 2804 votum
2877 2750 2931 2806 in
2975 2767 3073 2806 usu
3116 2761 3224 2808 erat
3269 2765 3420 2809 relate
3463 2752 3735 2827 Cypriani.

2129 2865 2202 2876 —
2250 2836 2437 2905 Quoad
2485 2850 2606 2896 vota
2647 2857 2770 2914 quae
2816 2843 3044 2916 injustas
3097 2856 3418 2903 novatorum
3478 2864 3742 2907 censuras

2133 2944 2240 2986 non
2265 2929 2534 3004 eﬁ‘ngiunt
2551 2975 2567 3002 ,
2592 2935 2754 2992 docet
2780 2935 2836 2992 S.
2872 2935 3177 3010 Cyprianus
3204 2940 3320 2997 haec
3349 2942 3517 3012 ipsius
3538 2959 3652 3000 aevo
3685 2945 3742 3000 in

2133 3037 2233 3078 usu
2263 3022 2450 3081 fuisse.
2498 3025 2557 3082 In
2605 3041 2704 3084 suo
2733 3037 2968 3087 tractatu
3009 3031 3078 3088 de
3109 3032 3309 3090 Habitu
3349 3035 3626 3108 Virginum
3660 3039 3744 3094 lo-

2133 3117 2314 3188 quitur
2339 3129 2560 3176 sanctus
2587 3121 2787 3180 Doctor
2816 3123 2885 3181 de
2913 3126 3258 3198 quibusdam,
3295 3149 3315 3182 ι
3350 3146 3471 3203 quas
3500 3147 3561 3189 se
3583 3131 3744 3190 Chri—

2133 3218 2221 3266 sto
2249 3211 2603 3283 dicaverant,
2628 3224 2683 3272 et
2711 3231 2742 3272 a
2769 3220 2974 3276 carnali
3004 3223 3442 3293 concupiscentia
3483 3225 3748 3284 receden-

2135 3312 2250 3375 tes,
2299 3316 2410 3364 tam
2435 3324 2600 3366 carne
2629 3328 2789 3384 quam
2819 3324 3004 3373 mente
3030 3331 3089 3373 se
3119 3319 3232 3375 Deo
3261 3331 3534 3378 voverant
3572 3323 3676 3395 (6).
3721 3343 3740 3376 ι

2137 3399 2363 3470 Verum,
2399 3403 2515 3460 haec
2545 3414 2668 3462 vota
2698 3423 2805 3463 non
2837 3409 3006 3466 fuisse
3035 3411 3282 3469 absoluta
3301 3455 3316 3481 ,
3347 3423 3409 3471 et
3433 3415 3749 3487 huiusmodi

2138 3505 2397 3552 voventes
2421 3499 2663 3568 potuisse
2694 3501 2746 3556 in
2777 3516 2906 3558 casu
2933 3504 3276 3562 necessitatis
3307 3506 3444 3564 inire
3470 3508 3751 3564 matrimo-

2140 3588 2324 3658 nium,
2368 3594 2767 3663 quamprimum
2805 3594 3128 3653 videbimus.
3166 3599 3267 3655 Ast
3313 3610 3600 3658 novatores
3641 3603 3756 3658 sal-

2142 3689 2250 3738 tem
2283 3683 2513 3740 inﬁciari
2544 3700 2652 3741 non
2684 3697 2979 3759 poterunt,
3010 3690 3170 3747 tertio
3199 3694 3400 3750 saeculo
3423 3694 3478 3750 in
3506 3694 3752 3752 Ecclesia

2143 3775 2391 3833 extitisse
2419 3785 2544 3834 vota
2573 3793 2605 3834 a
2634 3783 2772 3836 votis
2803 3780 3063 3852 Baptismi
3094 3783 3328 3841 diversa.

2215 3869 2548 3942 Pomponius
2571 3874 2858 3947 episcopus
2885 3876 2951 3931 ad
2976 3878 3034 3935 S.
3057 3878 3387 3950 Cyprianum
3417 3881 3624 3940 litteras
3647 3883 3756 3939 mi-

2145 3970 2314 4032 serat,
2360 3966 2646 4036 postnlans
2699 3976 2755 4025 et
2795 3969 3113 4028 desiderans
3168 3982 3228 4028 ut
3282 3973 3387 4030 sibi
3429 3975 3760 4033 rescriberet

2111 4139 2114 4141 ἓ
2147 4055 2275 4128 quid
2304 4057 2381 4114 illi
2403 4059 2471 4115 de
2507 4060 2573 4116 iis
2603 4061 2905 4134 virginibus
2934 4064 3216 4122 videretur
3239 4082 3383 4139 quae,
3431 4084 3554 4125 cum
3585 4071 3760 4127 semel

2148 4159 2346 4207 statum
2376 4168 2533 4210 suum
2555 4156 2902 4213 continenter
2925 4167 2979 4214 et
3007 4158 3236 4216 ﬁrmiter
3265 4168 3452 4218 tenere
3479 4160 3764 4218 decrevis-

2150 4253 2314 4314 sent,
2345 4246 2580 4306 detecta:
2607 4249 2820 4308 Inerant
2851 4261 3038 4324 postea
3078 4254 3131 4310 in
3163 4253 3355 4312 eodem
3387 4255 3529 4312 lecto
3559 4255 3767 4327 pariter

2154 4342 2420 4398 mansisse
2459 4358 2582 4402 cum
2611 4347 2868 4404 masculis
2917 4347 3020 4422 (7).
3053 4347 3287 4407 Sanctus
3326 4348 3630 4423 Cyprianus
3665 4365 3768 4406 rc-

2154 4433 2409 4504 spondet,
2447 4436 2589 4494 inter
2617 4449 2837 4508 caetera,
2867 4441 3105 4514 virgines
3144 4459 3250 4499 non
3289 4443 3467 4500 solum
3522 4459 3631 4501 non
3660 4443 3766 4500 de-

2156 4523 2286 4582 bere
2312 4541 2433 4583 cum
2471 4533 2727 4588 masculis
2764 4532 3004 4592 dormire
3029 4577 3045 4605 ,
3085 4535 3182 4593 sed
3213 4551 3314 4594 nec
3349 4536 3508 4594 simul
3557 4537 3763 4593 vivere.

2157 4617 2313 4686 Quod
2335 4623 2378 4676 si
2409 4637 2478 4678 ex
2502 4624 2605 4681 ﬁde
2631 4639 2691 4682 se
2720 4624 2938 4685 Christo
2967 4629 3306 4697 dicaverunt,
3337 4630 3519 4687 subdit
3539 4641 3770 4688 sanctus

2161 4709 2397 4783 Doctor,
2436 4733 2457 4768 ‹
2492 4717 2686 4787 pudice
2711 4728 2767 4775 et
2803 4731 2954 4777 caste
2993 4721 3111 4778 sine
3136 4721 3243 4778 ulla
3271 4722 3603 4780 fabulatione
3644 4739 3774 4794 per-

2160 4818 2441 4863 severent.
2465 4809 2522 4867 Si
2551 4821 2730 4869 autem
2761 4828 3113 4884 perseverare
3141 4816 3354 4885 nolunt,
3389 4816 3473 4873 vel
3499 4832 3606 4873 non
3639 4831 3774 4886 pos-

2162 4909 2322 4969 sunt,
2363 4903 2558 4961 melius
2587 4914 2671 4962 est
2699 4915 2758 4963 ut
2786 4908 3031 4978 nubant,
3064 4925 3228 4981 quam
3261 4910 3313 4965 in
3346 4909 3524 4981 ignem
3553 4908 3773 4966 delictis

2163 4995 2278 5050 suis
2319 4995 2531 5054 cadant.
2571 5016 2591 5052 ι
2623 4999 2778 5069 Quod
2821 5001 3037 5074 quidem
3078 5004 3296 5076 egregie
3333 5003 3621 5061 conﬁrmat
3663 5016 3741 5057 no

2238 5177 2318 5248 (I)
2348 5177 2532 5236 Tobiae
2571 5195 2648 5238 tv.

2266 5249 2322 5324 2)
2347 5249 2546 5324 Cenes.
2574 5269 2684 5322 xtv,
2715 5254 2770 5324 5,
2795 5257 2852 5313 4.

2241 5247 2322 5466 ξ)
2347 5249 2546 5308 Cenes.
2574 5269 2670 5322 χιιι

2266 5323 2323 5392 5)
2350 5321 2583 5382 IEsdrae
2614 5342 2670 5381 χ.

2266 5393 2326 5466 4)
2357 5395 2374 5448 I
2403 5393 2652 5454 Corinth.

2168 5393 2652 5522 rin(;il)lv(ll.orintb.
2683 5414 2792 5468 vn,
2826 5399 2932 5470 59;
2979 5409 3037 5458 et
3066 5400 3088 5457 I
3113 5401 3363 5459 Corinth.
3397 5416 3488 5468 vt;
3517 5409 3574 5459 et
3596 5400 3642 5459 II
3671 5399 3783 5459 Co-

2353 5540 2636 5620 augustin.
2662 5542 2756 5620 li_b_.
2785 5559 2803 5599 ι
2829 5545 2893 5620 de
2918 5545 3470 5620 .4t_l_ttlterin._eoniug.,
3498 5561 3617 5618 cap.
3641 5545 3740 5602 25.

2243 5538 2301 5604 (5
2353 5540 2636 5611 Augustin.
2662 5542 2756 5598 lib.
2785 5559 2803 5599 ι
2829 5545 2893 5600 de
2918 5545 3207 5602 Adulterin.
3236 5547 3470 5620 coniug.,
3498 5561 3617 5618 cap.
3641 5545 3740 5602 25.

2170 5535 2648 5738 c.(46}5(iy.prian.,
2697 5614 2789 5671 lib.
2843 5618 2908 5672 de
2960 5617 3157 5674 Habitu
3219 5618 3532 5692 Virginum,
3589 5629 3626 5673 t.
3682 5634 3780 5685 tv,

2245 5753 2326 5835 (7)
2367 5753 2536 5835 Idi-339.
2569 5757 2670 5835 E_p_.
2705 5775 2848 5835 an,
2882 5769 2926 5835 ι1
2955 5778 3028 5835 iv.
3057 5763 3162 5820 col.
3219 5761 3326 5820 564
3373 5779 3440 5832 Β,
3491 5777 3611 5835 sqq.
3643 5757 3783 5815 Vide

2174 5833 2316 5898 part.
2352 5840 2407 5883 χι
2429 5826 2567 5886 Hist.
2595 5826 2860 5905 ’I‘heolog.
2891 5833 3106 5904 Critic.,
3137 5849 3261 5909 pag.
3293 5835 3402 5893 264
3427 5826 3486 5886 ἐι
3515 5826 3634 5904 {qi}-
