4050 6308
291 344 411 407 ’Χιι

318 477 488 525 stram
538 469 701 540 paulo
749 485 911 542 supra
968 475 1301 545 propositam
1353 475 1918 547 animadversionem,

318 571 442 618 vota
464 562 672 620 scilicet
699 573 826 620 tunc
857 568 1117 639 temporis
1145 583 1250 624 non
1280 568 1448 626 fuisse
1475 570 1612 627 adeo
1643 571 1891 628 absoluta
1909 616 1924 640 ,

321 663 379 709 ut
428 655 734 726 obligarent
773 657 936 714 etiam
984 659 1038 714 in
1083 675 1213 716 casu
1253 661 1616 718 necessitatis.
1661 664 1928 721 Czeterum

322 747 491 802 tradit
536 747 593 805 S.
625 747 926 821 Cyprianus
975 753 1092 809 fieri
1133 769 1239 809 non
1295 770 1454 826 posse
1511 759 1640 829 quin
1687 757 1932 816 Christus

324 847 588 904 Dominus
623 868 642 902 ι
677 849 944 908 irascatur
971 862 1026 908 et
1056 854 1384 925 indignetur,
1419 855 1548 911 dum
1575 857 1750 912 cernit
1772 857 1932 930 virgi-

323 957 450 997 nem
481 957 633 998 suam
661 942 760 999 sibi
797 943 1050 1012 dicatam,
1083 955 1136 1002 et
1164 947 1437 1003 sanctitati
1463 963 1578 1005 suae
1606 949 1930 1006 destinatam

319 1033 506 1106 jacere
547 1050 669 1091 cum
713 1036 887 1093 altero
933 1055 946 1092 :
978 1057 999 1093 »
1035 1045 1089 1094 et
1119 1039 1332 1095 tandem
1373 1041 1568 1096 asserit
1607 1056 1928 1098 excommu-

326 1128 600 1184 nicatione
637 1144 732 1186 eas
770 1129 1084 1202 plectendas
1110 1147 1264 1200 esse,
1306 1147 1428 1204 qua:
1468 1132 1526 1188 in
1560 1133 1674 1190 haec
1700 1134 1931 1192 erimina

326 1219 698 1291 prolabuntur,
727 1231 782 1278 et
807 1222 875 1278 ab
907 1221 1168 1280 Ecclesiae
1194 1226 1579 1282 communione
1612 1225 1815 1282 tamdiu
1846 1241 1932 1283 ar-

326 1312 528 1369 cendas
568 1313 822 1386 quamdiu
854 1314 1234 1386 paenitentiam
1267 1331 1375 1372 non
1409 1317 1671 1386 fecerint,
1715 1327 1770 1374 et
1800 1333 1930 1390 pro-

325 1403 504 1477 prium
543 1406 750 1462 crimen
784 1406 999 1478 publica
1037 1407 1383 1466 confessione
1417 1409 1665 1466 omnibus
1705 1424 1933 1482 aperue-

325 1498 460 1556 rint.

399 1622 488 1678 LI.
535 1620 614 1678 De
648 1623 879 1695 reliquiis
927 1635 1243 1680 sanctorum.
1273 1655 1346 1667 —
1368 1625 1666 1681 Novatores
1695 1640 1802 1682 non
1828 1625 1932 1681 mi-

327 1733 432 1774 nus
484 1718 679 1775 acerbe
722 1719 1009 1791 insurgunt
1047 1731 1235 1776 contra
1283 1720 1487 1778 cultum
1519 1735 1796 1776 sacrarum
1839 1736 1932 1777 re-

328 1810 620 1882 liquiarum
648 1829 661 1863 :
691 1820 746 1865 at
767 1812 818 1866 in
846 1811 948 1868 hac
975 1821 1128 1882 parte
1155 1827 1310 1883 aeque
1340 1810 1698 1867 adversantur
1718 1811 1812 1867 toti
1839 1827 1934 1867 an-

328 1905 588 1976 tiquitati.
622 1904 678 1960 Id
703 1906 815 1976 jam
859 1905 1354 1963 demonstravimus
1381 1906 1433 1962 in
1497 1906 1933 1977 praecedentibus

325 1997 496 2054 tomis
523 1996 604 2073 (l)
633 1999 959 2055 auctoritate
986 2000 1345 2071 quorumdam
1380 1999 1640 2057 Ecclesia:
1669 1999 1887 2056 Patrum
1915 2019 1930 2057 :

329 2108 480 2150 nunc
528 2107 660 2149 vero
687 2109 753 2148 ex
780 2092 906 2148 divo
935 2091 1207 2165 Cypriano
1256 2094 1492 2166 idipsum
1523 2093 1930 2150 confirmamus.

325 2185 694 2253 Validissima,
741 2185 934 2257 quibus
962 2201 1238 2244 sacrarum
1278 2188 1627 2260 reliquiarum
1653 2188 1935 2244 veneratio

325 2287 627 2346 asseratur,
658 2289 931 2336 momenta
951 2280 1106 2336 nobis
1131 2279 1443 2352 suppeditat
1471 2279 1715 2351 Epistola
1744 2279 1801 2336 S.
1825 2278 1934 2352 Cy-

326 2373 497 2446 priani
522 2373 856 2444 octogesima
888 2374 1057 2444 prima
1085 2373 1185 2446 (2).
1218 2373 1450 2432 Sanctus
1475 2373 1780 2445 Episcopus
1828 2373 1934 2428 ini-

329 2466 404 2522 tio
431 2465 599 2535 hujus
625 2464 885 2536 Epistolas
906 2481 1017 2520 suae
1053 2473 1286 2522 testatur
1307 2463 1713 2522 confessoribus
1739 2465 1938 2536 quibus

326 2559 572 2630 Epistola
597 2558 970 2628 illainscripta
1013 2567 1117 2625 est,
1145 2566 1396 2624 testatur,
1427 2559 1667 2630 inquam,
1696 2558 1937 2615 laetitiam

329 2668 434 2726 qua
475 2651 916 2724 perfunderetur,
958 2651 1002 2706 si
1033 2652 1250 2724 quando
1291 2652 1577 2724 complecti
1624 2662 1808 2724 posset
1849 2652 1939 2707 illa

330 2746 576 2802 membra
623 2759 747 2816 quae
793 2758 983 2800 eorum
1013 2743 1373 2800 confessionis
1406 2745 1767 2800 instrumenta
1819 2745 1939 2800 fue-

331 2849 496 2904 runt;
543 2839 590 2893 si
636 2836 876 2894 osculari
909 2845 1094 2908 posset
1137 2852 1233 2893 ora
1275 2837 1365 2892 illa
1400 2852 1522 2908 qua:
1569 2853 1768 2893 nomen
1810 2836 1942 2895 Jesu

332 2931 532 2988 Christi
565 2931 803 3004 gloriose
836 2932 1085 2988 confessa
1115 2940 1280 2998 sunt;
1310 2931 1356 2986 si
1383 2941 1568 3002 posset
1605 2931 1847 3002 conspici
1873 2932 1943 2989 ab

334 3025 511 3080 oculis
580 3025 689 3081 illis
736 3026 874 3098 qui,
947 3026 1206 3098 despecto
1253 3025 1497 3093 saeculo,
1554 3025 1942 3098 conspiciendo

342 3115 458 3172 Deo
484 3116 630 3187 digni
673 3119 967 3174 extiterunt
1000 3136 1012 3172 :
1050 3136 1069 3170 ι
1103 3117 1240 3187 Quid
1277 3118 1408 3173 mihi
1435 3119 1692 3188 optatius,
1723 3137 1743 3170 »
1771 3119 1944 3189 inquit

352 3210 449 3266 ille
481 3209 583 3283 (5),
617 3229 636 3263 ι
669 3221 719 3267 et
740 3213 1007 3269 lzetius....
1037 3229 1199 3285 quam
1249 3222 1306 3268 ut
1333 3212 1726 3283 complecterer
1752 3227 1944 3269 manus

347 3304 470 3360 illas
498 3321 726 3376 quaem,
769 3307 1102 3364 Dominicam
1149 3306 1311 3363 fidem
1347 3315 1647 3374 servantes,
1679 3307 1940 3379 sacrilega

338 3400 598 3472 obsequia
637 3402 1006 3473 respuerunt?
1041 3399 1181 3468 Quid
1217 3400 1510 3472 jucundius
1551 3409 1606 3455 et
1632 3399 1938 3466 sublimius,

335 3511 500 3567 quam
533 3496 769 3551 osculari
801 3511 896 3551 ora
930 3495 1020 3550 illa
1051 3510 1174 3567 qua:
1213 3495 1450 3566 gloriosa
1493 3509 1628 3552 voce
1654 3494 1942 3552 Dominum

337 3591 586 3647 confessa
613 3592 776 3646 sunt?
805 3611 823 3646 »
851 3590 1080 3647 Ridendi
1105 3591 1268 3662 igitur
1296 3605 1404 3646 non
1437 3588 1660 3657 erimus,
1687 3589 1733 3646 si
1754 3605 1818 3646 ex
1844 3589 1947 3647 hoc

335 3684 392 3742 S.
418 3685 676 3758 Cypriani
710 3687 1021 3743 testimonio
1057 3685 1446 3744 concludamus
1477 3695 1790 3744 sanctorum
1818 3686 1948 3743 relic

336 3781 490 3852 quias
509 3795 634 3838 esse
657 3779 1001 3837 honorandas
1028 3798 1042 3837 :
1076 3797 1218 3848 nam,
1250 3781 1296 3838 si
1327 3795 1512 3838 eorum
1531 3781 1795 3850 membra,
1818 3781 1947 3837 dum

337 3875 515 3930 adhuc
545 3875 601 3929 in
648 3874 786 3929 vivis
817 3883 1006 3943 erant,
1037 3874 1389 3931 veneratione
1429 3885 1585 3930 erant
1613 3873 1792 3946 digna,
1828 3888 1944 3928 ma-

335 3968 440 4040 jori
469 3967 693 4040 quidem
744 3966 902 4038 digna
933 3968 1144 4023 censeri
1170 3967 1371 4023 debent
1413 3976 1693 4038 postquam
1735 3965 1802 4020 ad
1835 3964 1953 4035 plu-

345 4079 430 4121 res
455 4065 862 4135 migraverunt,
891 4063 993 4118 nisi
1021 4061 1207 4118 dicere
1235 4061 1483 4126 velimus,
1519 4075 1615 4131 per
1655 4059 1949 4131 gloriosam

342 4173 530 4213 eorum
564 4166 796 4213 mortem
844 4156 1108 4227 pretiosas
1133 4171 1324 4211 eorum
1352 4153 1609 4225 reliquias
1638 4153 1905 4209 vilescere
1934 4169 1947 4207 :

343 4261 398 4307 at
425 4261 615 4308 contra
657 4267 752 4323 per
781 4259 1009 4308 mortem
1042 4265 1241 4307 novum
1288 4249 1477 4321 gloriae
1501 4247 1728 4320 gradum
1767 4247 1955 4320 acqui-

349 4354 496 4401 ιἰιιιι.

379 4571 408 4637 ξ
432 4570 544 4624 ΠΙ.
571 4571 681 4622 Alia
702 4569 976 4637 disciplinae
1001 4575 1179 4635 puncta
1207 4580 1272 4620 ex
1295 4567 1394 4620 divi
1423 4565 1648 4633 Cypriani
1670 4566 1924 4631 operibus.

427 4769 538 4826 LII.
570 4767 643 4823 De
670 4767 934 4824 Reditibus
960 4764 1207 4821 Ecclesia:
1226 4773 1472 4820 eteorum
1495 4759 1833 4818 tutu—Suos
1856 4759 1959 4816 Ec-

354 4866 519 4922 clesia
562 4863 794 4921 habebat
852 4875 1049 4917 census
1089 4868 1146 4915 et
1195 4859 1432 4925 reditus,
1467 4871 1604 4928 quos
1630 4855 1683 4911 in
1718 4845 1960 4926 singulos

356 4974 574 5015 menses
605 4957 817 5013 clericis
867 4953 1225 5011 distribuebat
1267 4951 1334 5007 ad
1378 4966 1567 5007 eorum
1614 4947 1964 5005 sustentatio-

359 5065 506 5106 nem.
565 5048 984 5104 Distributiones
1042 5047 1160 5101 ista:
1213 5043 1622 5116 appellabantur
1660 5057 1960 5109 meusurrw,

359 5157 425 5199 ac
465 5143 508 5196 si
540 5141 692 5197 dicas
721 5140 962 5195 omnium
992 5136 1260 5194 mensium
1283 5134 1694 5191 distributiones
1719 5174 1734 5200 ,
1769 5133 1966 5204 quibus

360 5236 620 5294 carebant
662 5235 699 5290 ii
740 5233 923 5290 clerici
967 5232 1057 5304 qui
1120 5233 1173 5286 in
1223 5229 1440 5300 aliquod
1489 5229 1694 5283 crimen
1729 5225 1966 5297 prolapsi

361 5341 538 5394 erant,
572 5329 656 5386 vel
690 5329 905 5398 proprio
954 5325 1164 5382 muneri
1195 5323 1512 5389 defuerant,
1547 5319 1624 5375 uti
1664 5319 1872 5374 eruitur
1900 5333 1968 5373 ex

362 5423 603 5499 Epistula
652 5421 914 5494 vigesima
941 5428 1157 5485 octava,
1191 5418 1245 5473 in
1272 5430 1377 5488 qua
1401 5414 1474 5470 ita
1501 5412 1740 5484 loquitur
1776 5410 1833 5468 S.
1864 5409 1971 5482 Cy-

433 5588 516 5661 (l)
551 5587 680 5642 Vide
723 5585 919 5641 Hister.
949 5583 1220 5661 theofogic.
1249 5581 1440 5647 critic.,
1477 5585 1616 5649 part.
1652 5591 1710 5642 tl,
1743 5589 1801 5645 p.
1835 5574 1968 5641 455,

359 5661 470 5719 454
493 5655 508 5724 ξ
535 5672 676 5731 part.
703 5674 802 5722 vn,
836 5673 956 5728 pag.
982 5655 1108 5712 549.

435 5751 518 5821 (2)
545 5752 826 5823 Cyprian.2
857 5749 1028 5823 Epist.
1060 5763 1252 5823 nxxxt,
1287 5754 1418 5800 tom.
1459 5755 1622 5823 tunc.
1657 5741 1761 5795 42f
1800 5755 1852 5805 c,
1884 5753 1969 5811 sq.

363 5812 511 5882 Vide
532 5812 671 5893 pa'r't.
697 5839 749 5878 χι
779 5812 922 5877 Ηζεεῖ
947 5821 1102 5876 ιΙιεοι.
1125 5821 1313 5889 critic.,
1341 5829 1460 5888 pag.
1491 5812 1620 5882 268,
1638 5825 1788 5884 seqq.

437 5916 521 5987 (ὅ)
554 5915 718 5982 Idem;
749 5916 851 5971 loc.
881 5914 969 5967 rit.

1811 357 2203 422 ΡΒΛΕΡΛΤΙΟ.

3527 394 3640 442 χιιι

2040 485 2258 554 prianus
2285 485 2366 562 (1)
2399 505 2411 544 :
2448 508 2468 543 ι
2504 491 2866 552 Desiderastis
2891 511 3106 570 quoque
3133 508 3190 555 ut
3223 497 3292 556 de
3320 499 3638 559 Philumeno

2037 586 2092 633 et
2118 577 2417 637 Fortunato
2438 582 2847 656 hypodiaconis,
2880 589 3219 646 etFavorino
3246 591 3523 663 acolyllto,
3546 595 3641 664 qut’

2038 673 2219 728 medio
2253 685 2497 747 tempore
2527 693 2893 750 recesserunt,
2921 694 2975 738 et
3003 699 3145 740 nunc
3191 694 3478 750 venerunt,
3510 686 3642 758 quid

2038 767 2171 822 mihi
2204 768 2490 839 videatur,
2545 776 2910 833 rescribam...
2951 777 3169 834 Interim
3199 795 3259 836 se
3302 795 3333 834 a
3379 780 3645 838 divisione

2037 877 2328 920 mensurna
2363 876 2567 922 tantum
2600 870 2935 938 contineant,
2962 889 3070 928 non
3095 875 3250 945 quasi
3281 890 3310 930 a
3339 875 3642 932 ministerio

2038 960 2406 1019 ecclesiastico
2453 965 2646 1035 privati
2677 981 2798 1023 esse
2836 967 3158 1036 videantur,
3204 970 3298 1026 sed
3329 980 3388 1026 ut
3417 970 3644 1042 integris

2037 1055 2288 1112 omnibus
2313 1056 2378 1112 ad
2410 1068 2649 1115 nostram
2683 1061 3024 1130 pra-sentiam
3051 1062 3429 1120 differantur.»
3456 1065 3643 1121 Altera

2037 1144 2231 1202 horum
2276 1150 2546 1207 redituum
2603 1168 2732 1223 pars
2784 1154 3196 1225 impendebatur
3241 1157 3297 1211 in
3343 1171 3645 1227 pauperum

2037 1239 2449 1314 eleemosynas;
2481 1245 2746 1316 siquidem
2777 1262 2840 1303 ea
2869 1257 3027 1305 aetate
3055 1260 3165 1305 tum
3198 1265 3462 1322 pauperes
3503 1266 3646 1308 enu-

2039 1334 2233 1392 triehat
2258 1337 2522 1405 Ecclesia,
2571 1341 2874 1410 praesertim
2924 1359 3019 1400 eos
3054 1363 3072 1397 ι
3100 1347 3188 1416 qui
3220 1346 3272 1401 in
3303 1345 3409 1402 fide
3437 1357 3646 1404 stantes

2037 1437 2093 1484 et
2145 1428 2356 1488 fortiter
2406 1432 2721 1503 militantes,
2771 1445 2948 1492 castra
2999 1435 3199 1494 Christi
3251 1455 3359 1494 non
3409 1440 3645 1512 relique-

2038 1530 2164 1576 runt
2192 1522 2272 1593 (2)
2305 1541 2362 1591 »;
2428 1533 2540 1580 tum
2588 1527 2818 1584 miseros
2871 1529 3110 1585 artifices
3153 1530 3418 1601 juvahat,
3465 1533 3647 1604 aliqua

2038 1615 2515 1688 subministrando,
2541 1630 2599 1677 ut
2626 1624 2898 1694 propriam
2915 1635 3088 1682 artem
3113 1637 3334 1697 possent
3359 1643 3644 1686 exercere.

2040 1709 2192 1766 Hanc
2218 1712 2477 1770 Ecclesiae
2498 1715 2816 1773 charitatem
2845 1733 2971 1790 erga
3003 1735 3270 1791 pauperes
3299 1723 3432 1777 satis
3457 1731 3648 1794 aperte

2039 1806 2280 1863 insinuat
2307 1807 2551 1879 Epistola
2583 1810 2639 1867 S.
2672 1810 2927 1884 Cypriani
2950 1815 3015 1869 ad
3049 1815 3432 1885 Euchratium,
3465 1817 3648 1888 inqua

2039 1915 2349 1958 sermonem
2380 1902 2589 1961 habens
2613 1905 2681 1962 de
2703 1908 2937 1978 quodam
2963 1909 3228 1967 histrione
3247 1955 3262 1977 ,
3289 1928 3448 1984 quem
3473 1913 3540 1970 ab
3561 1914 3646 1969 in-

2041 1992 2170 2049 fami
2203 1995 2292 2049 illa
2323 2005 2440 2051 arte
2470 2013 2728 2056 revocare
2755 2001 2990 2069 volebat,
3013 2003 3186 2074 inquit
3213 2003 3332 2078 (5):
3368 2025 3387 2058 ι
3415 2005 3570 2074 Quod
3597 2006 3646 2062 si

2041 2085 2166 2142 talis
2195 2088 2476 2156 penuriam
2508 2099 2563 2146 et
2588 2093 2967 2150 necessitatem
3000 2097 3332 2167 paupertatis
3363 2098 3633 2165 obtendit,

2043 2187 2219 2248 potest
2245 2179 2388 2236 inter
2424 2190 2652 2238 caeteros
2677 2185 2769 2255 qui
2796 2186 3066 2242 alimentis
3092 2187 3349 2245 Ecclesia:
3375 2191 3650 2247 sustinen-

2044 2278 2147 2338 tur,
2183 2272 2342 2344 hujus
2373 2289 2587 2347 quoque
2612 2278 2908 2334 necessitas
2934 2280 3233 2350 adjuvari.»
3270 2281 3468 2338 Verum
3497 2283 3647 2339 elec-

2043 2378 2286 2437 mosynae
2329 2365 2438 2422 illae
2468 2367 2764 2424 moderatae
2793 2378 2948 2426 erant
2997 2380 3052 2428 et
3098 2371 3484 2444 frugalioribus
3513 2374 3648 2432 cibis

2043 2459 2282 2514 contenti
2322 2475 2446 2518 esse
2491 2461 2767 2518 debebant
2815 2478 3104 2535 pauperes,
3149 2474 3207 2520 ut
3256 2465 3400 2522 idem
3427 2475 3649 2524 sanctus

2046 2551 2246 2609 Doctor
2270 2553 2469 2609 ibidem
2503 2555 2666 2611 tradit
2696 2575 2708 2610 :
2746 2576 2764 2609 (
2789 2555 2846 2614 Si
2879 2567 3060 2614 tamen
3090 2567 3379 2615 contentus
3406 2558 3530 2626 sit,»
3562 2559 3654 2616 in-

2045 2645 2160 2714 quit
2189 2645 2278 2701 ille
2303 2646 2493 2704 eodem
2513 2647 2580 2704 de
2610 2648 2873 2706 histrione
2899 2651 3123 2721 loquens
3144 2693 3158 2719 ,
3197 2671 3216 2704 ι
3244 2651 3648 2724 frugalioribus,

2046 2739 2142 2795 sed
2174 2740 2553 2797 innocentibus
2580 2742 2736 2798 cibis.
2776 2764 2795 2797 »
2851 2744 3006 2813 Quod
3039 2754 3216 2801 autem
3252 2761 3521 2817 pauperes
3557 2761 3652 2801 ar-

2048 2834 2222 2890 tifices
2241 2837 2440 2905 juvarit
2462 2837 2705 2894 Ecclesia
2731 2880 2744 2899 .
2785 2839 3040 2910 probatur
3067 2842 3389 2896 auctoritate
3405 2838 3651 2910 ejusdem

2047 2927 2219 2982 sancti
2247 2927 2522 3000 Episcopi,
2553 2930 2644 3001 qui
2674 2930 2902 3001 epistola
2951 2947 3060 2999 xu,
3097 2931 3174 2987 sic
3212 2946 3308 2988 eos
3355 2930 3654 3002 alloquitur

2047 3021 2114 3076 ad
2147 3035 2282 3090 quos
2315 3021 2556 3092 Epistola
2600 3023 2689 3078 illa
2721 3025 3026 3096 conscripta
3056 3035 3139 3082 est
3169 3024 3250 3096 (ιι)
3279 3041 3291 3079 :
3330 3043 3349 3078 ι
3397 3025 3510 3096 Ego
3555 3039 3654 3081 vos

2051 3131 2147 3186 pro
2183 3133 2269 3172 me
2303 3117 2534 3173 vicarius
2573 3117 2731 3186 misi,
2786 3127 2846 3174 ut
2883 3119 3268 3190 expungeretis
3299 3119 3653 3176 necessitates

2050 3208 2276 3264 fratrum
2308 3217 2619 3265 nostrorum
2665 3211 3004 3282 sumptibus,
3048 3211 3092 3266 si
3121 3211 3212 3282 qui
3252 3211 3414 3267 etiam
3449 3210 3654 3268 vellent

2049 3317 2176 3359 suas
2198 3312 2342 3360 artes
2370 3320 2648 3374 exercere,
2681 3304 3075 3374 additamenta,
3109 3316 3371 3376 quantum
3401 3306 3531 3361 satis
3561 3319 3653 3362 es-

2049 3407 2156 3466 set,
2188 3398 2473 3466 dcsideria!
2500 3415 2688 3455 eorum
2715 3399 2998 3470 juvaretis.
3051 3418 3070 3453 »
3117 3399 3322 3456 Idcirco
3367 3392 3653 3468 corba,'id

2050 3499 2136 3546 est
2165 3492 2384 3562 capsula
2406 3491 2769 3564 eleemosynis
2796 3491 3128 3562 excipiendis
3159 3491 3214 3547 in
3246 3491 3460 3562 templis
3481 3504 3653 3562 pone-

2052 3583 2210 3638 batur
2237 3583 2341 3656 (5).
2373 3582 2610 3648 Fideles,
2643 3583 2745 3640 etsi
2769 3599 3057 3655 pauperes,
3096 3601 3116 3636 ι
3143 3584 3423 3640 materiam
3446 3598 3544 3654 pro
3567 3598 3658 3639 sa-

2051 3678 2257 3736 criﬁcio
2290 3697 2309 3731 »
2347 3677 2764 3750 suppeditabant
2791 3676 2909 3753 (6):
2941 3678 3216 3736 «Decimas
3240 3697 3260 3732 »
3292 3679 3455 3734 etiam
3475 3678 3656 3736 solve-

2051 3776 2182 3834 bant
2204 3771 2311 3846 (7).

2124 3869 2255 3927 LlIl.
2289 3868 2366 3924 De
2390 3867 2529 3926 Cura
2554 3869 3132 3940 inﬁrmorum—Inter
3157 3869 3437 3925 ministros
3465 3867 3657 3923 Eccle-

2055 3964 2150 4018 size
2183 3971 2331 4019 erant
2361 3963 2560 4034 quibus
2589 3977 2720 4019 cura
2749 3961 3076 4018 demandata
3108 3970 3225 4018 erat
3245 3959 3524 4017 deferendi
3546 3958 3658 4016 Eu-

2055 4055 2365 4113 charistiam
2386 4056 2714 4127 pauperibus
2727 4065 2782 4111 et
2802 4055 3052 4121 infirmis,
3068 4065 3123 4111 et
3145 4053 3386 4127 tingendi
3403 4053 3657 4110 catechu-

2057 4163 2248 4204 menos
2279 4147 2345 4202 ad
2378 4158 2611 4203 mortem
2639 4156 2992 4220 aegrotantes.
3023 4147 3174 4203 «Alia
3196 4162 3318 4219 quae
3340 4147 3662 4203 incumbunt

2057 4242 2212 4298 vobis
2234 4261 2253 4295 »
2289 4242 2478 4298 scribit
2501 4241 2680 4299 clerus
2708 4242 2988 4298 Romanus
3013 4240 3118 4313 (8),
3146 4259 3165 4294 ι
3195 4241 3360 4296 etiam
3392 4242 3507 4310 ipsa
3531 4239 3662 4295 sub—

2059 4333 2333 4400 didimus;
2367 4341 2425 4389 ut
2466 4333 2513 4388 si
2540 4334 2629 4402 qui
2668 4335 2720 4389 in
2751 4334 2891 4389 hanc
2923 4333 3276 4389 tentationem
3319 4331 3660 4400 inciderunt,

2060 4430 2328 4501 coeperint
2356 4426 2690 4500 apprehendi
2721 4428 3069 4495 infirmitate,
3103 4436 3160 4484 et
3198 4437 3362 4498 agant
3391 4425 3665 4497 pmniten-

2062 4523 2191 4580 tiam
2233 4521 2359 4578 facti
2391 4522 2507 4589 sui,
2541 4529 2598 4576 et
2625 4519 2943 4577 desiderent
2970 4519 3448 4582 communionem,
3479 4517 3666 4586 utique

2062 4615 2340 4673 subveniri
2369 4614 2452 4670 eis
2478 4612 2674 4670 debet:
2700 4614 2815 4671 sive
2836 4613 3032 4682 viduae,
3056 4613 3170 4669 sive
3197 4608 3514 4666 thlibomeni
3536 4647 3550 4672 ,
3574 4607 3668 4677 qui

2066 4725 2125 4768 se
2167 4709 2429 4767 exhibere
2467 4723 2575 4766 non
2614 4720 2874 4782 possunt,
2920 4711 3034 4766 sive
3063 4709 3118 4764 bi
3149 4707 3240 4780 qui
3271 4705 3325 4761 in
3353 4701 3666 4760 carceribus

2066 4814 2226 4873 sunt,
2260 4805 2376 4860 sive
2405 4804 2609 4859 exclusi
2640 4818 2668 4856 a
2701 4801 2923 4856 sedibus
2952 4801 3065 4856 suis
3084 4839 3099 4866 ,
3133 4799 3322 4868 utique
3351 4796 3538 4853 haberi
3567 4793 3668 4850 de-

2068 4897 2195 4954 bent
2215 4939 2228 4966 ,
2257 4896 2346 4968 qui
2375 4896 2457 4953 eis
2483 4893 2814 4950 ministrent.
2843 4890 2952 4948 Sed
2980 4901 3035 4948 et
3063 4889 3437 4947 catechumeni
3468 4901 3669 4959 appre-

2070 4993 2222 5050 hensi
2250 4993 2302 5047 in
2331 4989 2647 5046 infirmitate
2670 4987 2882 5059 decepti
2903 5000 3026 5043 esse
3051 5000 3157 5042 non
3179 4982 3482 5050 debebunt,
3511 4989 3571 5038 ut
3591 4980 3673 5038 eis

2069 5085 2437 5142 subveniatur.
2468 5102 2488 5136 »

2144 5175 2276 5232 LIV.
2305 5175 2587 5250 ερον-καίει.
2617 5205 2690 5216 --
2715 5173 2920 5230 Praeter
2962 5171 3213 5242 superius
3253 5168 3554 5227 recensitas
3579 5181 3675 5224 cu-

2146 5313 2226 5388 (I)
2257 5311 2536 5388 Cyprian_.,
2561 5311 2666 5388 Ep;
2696 5322 2885 5374 xxvm,
2938 5314 3068 5360 tom.
3095 5319 3167 5373 tv,
3192 5319 3241 5360 c.
3273 5303 3374 5361 501
3406 5319 3456 5359 a.
3485 5300 3672 5370 Conl.,

2075 5380 2189 5458 Ep.
2207 5380 2388 5458 nam,
2417 5384 2542 5458 co_ll.
2566 5380 2695 5446 520,
2722 5394 2838 5448 seq.

2148 5455 2228 5531 (2)
2256 5444 2423 5531 Idem,
2456 5455 2557 5531 Ep.
2585 5444 2814 5531 xxxvii;
2839 5459 2972 5503 tom.
3006 5445 3217 5531 tv,_c‘o_l.
3245 5444 3350 5501 329
3378 5465 3430 5502 Α.

2151 5517 2230 5604 (ὃ)
2258 5517 2427 5604 Mem;
2461 5517 2562 5604 Pli-
2591 5538 2704 5588 ιη
2741 5530 2874 5604 ίοίηξ
2903 5534 2977 5584 ¹νο
3002 5534 3053 5574 δ’
3085 5517 3305 5604 δθδιὲλ
3323 5533 3373 5571 ⁸⁸

2151 5536 2207 5604 ('6
2258 5536 2427 5592 Idem,
2462 5536 2562 5595 Ep.
2591 5538 2704 5588 LXI,
2741 5536 2874 5575 tom.
2903 5536 2977 5584 tv,
3002 5536 3053 5574 c.
3085 5536 3211 5583 ouo,
3239 5536 3292 5581 Α,
3323 5536 3373 5571 n.

2149 5536 2230 5672 (ιζ
2261 5599 2428 5672 idem,
2455 5596 2558 5672 Ep.
2585 5607 2823 5672 xxsvnt,
2855 5601 2987 5672 tom.
3023 5607 3094 5654 tv,
3117 5605 3167 5672 c.
3201 5587 3307 5643 350
3334 5606 3386 5642 Α.

2155 5658 2232 5741 ’53
2263 5658 2429 5734 Idem,
2455 5658 2546 5722 lib.
2580 5667 2642 5721 de
2672 5663 2774 5736 ορ.
2806 5674 2851 5718 et
2887 5661 3105 5728 Elcem.,
3135 5670 3267 5715 tom.
3301 5676 3374 5724 tv,
3398 5675 3447 5716 c.
3479 5658 3584 5716 612
3627 5673 3677 5713 Β.

2151 5673 2234 5816 l6;
2260 5741 2430 5816 neu»
2457 5739 2611 5816 eid.
2676 5806 2716 5816 -.
2765 5806 2794 5816 .,
2858 5804 2899 5816 ..
2970 5806 2980 5816 .
3059 5814 3066 5816 _

2181 5739 2234 5802 ϐ’)
2265 5741 2430 5802 Idem,
2466 5739 2594 5792 ibid.

2182 5750 2213 5797 fi
2265 5750 2430 5802 Idem,
2466 5750 2594 5792 tnta.

2182 5750 2237 5888 ’ξς
2259 5809 2547 5888 ldentLlib.
2578 5810 2640 5863 de
2672 5806 2816 5888 Uit’llf.
2849 5804 3023 5888 Eccl.,
3044 5814 3184 5888 _t‘om.
3214 5818 3302 5888 tv,
3331 5817 3379 5858 c.
3401 5800 3595 5888 διὲξ..
3655 5859 3687 5888 γ,

2182 5822 2237 5888 7)
2259 5822 2425 5871 ldetn.
2455 5822 2547 5864 Ill».
2578 5822 2640 5863 de
2672 5822 2816 5862 Utttt.
2849 5822 3023 5888 Ecca,
3055 5822 3184 5860 tom.
3214 5822 3302 5869 tv,
3331 5822 3379 5858 c.
3401 5822 3506 5859 me
3527 5822 3577 5856 Β.
3668 5864 3670 5874 Α

2153 5822 2392 5960 (8)01er.
2409 5881 2567 5944 Rom.
2587 5878 2728 5952 apud
2742 5876 3024 5950 Cyprianu,
3044 5875 3143 5948 Ep.
3164 5890 3221 5947 ιι,
3240 5883 3363 5949 t.tv,
3378 5889 3427 5930 c;
3443 5871 3551 5927 227
3570 5883 3670 5943 Μ
