3982 6310
280 345 380 386 XLV

274 445 496 518 juscuiis
544 449 760 507 rusticis
803 449 982 509 rubris
1028 451 1099 510 ad
1145 453 1356 526 singula
1403 456 1640 527 capitum
1689 458 1873 528 initia,

279 541 450 612 primo
483 551 694 600 tantum
734 555 996 618 excepto,
1029 549 1234 619 absque
1267 549 1392 606 uilis
1419 550 1616 608 litteris
1642 553 1876 623 pseudo—

279 635 523 706 morphis
543 636 628 692 vel
650 639 878 706 ornatis,
897 638 1278 712 distinguitur;
1302 641 1483 697 solent
1503 645 1745 713 separari
1767 645 1877 701 duo

285 726 545 803 διφθόνγου
574 745 620 785 te
647 731 929 801 membra,
960 749 1085 804 quae
1113 743 1295 790 tamen
1325 736 1631 804 aliquoties,
1662 739 1805 809 quod
1845 754 1877 796 e

283 821 636 878 Lombardica
664 825 900 881 derivari
933 827 1166 895 videtur,
1209 844 1312 884 una
1344 829 1523 885 littera
1548 847 1576 888 ε
1622 847 1746 888 cum
1777 845 1876 889 un-

283 915 457 972 cinula
489 917 735 975 inferiori
775 921 1190 991 exprimuntur;
1220 923 1272 977 in
1303 937 1518 979 summo
1549 899 1767 994 {urgere
1794 926 1876 980 vi-

286 1011 475 1066 dentur
503 1014 822 1084 superiores
851 1015 1157 1071 litterarum
1187 1017 1645 1086 praeminentium
1675 1017 1874 1087 hastae;

285 1105 339 1160 in
364 1104 561 1160 litteris
592 1123 674 1174 m,
708 1124 764 1175 η,
787 1125 840 1174 ιι,
871 1109 1172 1164 anteriores
1201 1119 1404 1165 tractus
1429 1111 1722 1182 aliquando
1741 1112 1876 1168 dex-

287 1208 510 1254 trorsum
532 1239 549 1264 ,
580 1199 900 1270 plerumque
931 1201 1351 1258 sinistroversus
1378 1202 1762 1272 inﬂectuntur;
1789 1205 1878 1261 lit-

282 1301 390 1347 tera
420 1308 451 1345 a
493 1307 596 1348 suo
628 1294 868 1350 inieriori
894 1296 1100 1350 circulo
1125 1295 1420 1362 strictiori,
1451 1305 1509 1351 ut
1551 1297 1605 1351 in
1636 1297 1834 1353 unciali
1858 1339 1874 1364 ,

283 1386 579 1457 perficitur,
623 1401 726 1443 nec
753 1402 1014 1460 usquam,
1048 1397 1106 1444 ut
1135 1389 1186 1444 in
1218 1389 1464 1456 cursiva,
1494 1403 1525 1443 a
1557 1389 1763 1446 vertice
1791 1389 1880 1445 in-

282 1478 548 1548 cluditur;
578 1496 608 1534 c
629 1495 760 1537 vero
783 1481 944 1538 toties
963 1483 1177 1556 quoties
1200 1483 1432 1540 rotunde
1452 1483 1665 1540 circuit.
1689 1485 1878 1553 Quoad

280 1583 503 1630 ceteras
545 1582 705 1631 notas
746 1577 1226 1648 orthographicas,
1263 1578 1444 1648 potius
1476 1595 1641 1650 quam
1673 1581 1875 1652 palaeo-

279 1663 588 1738 graphicas,
624 1683 793 1740 pauca
822 1670 1087 1727 addemus
1117 1690 1131 1725 :
1162 1682 1363 1744 puncto
1387 1673 1668 1731 dumtaxat
1691 1679 1876 1748 expri-

281 1760 438 1813 mitur
456 1774 620 1816 casus
637 1759 849 1818 dativus
864 1773 920 1819 et
939 1764 1206 1822 ablativus
1223 1766 1276 1822 in
1297 1781 1526 1823 numero
1545 1766 1738 1836 plurali
1758 1788 1869 1845 v.g.

278 1851 459 1905 nostris
475 1851 675 1934 pedib.;
697 1870 824 1922 esse,
841 1865 993 1926 esset,
1009 1857 1088 1914 sic
1101 1874 1163 1916 se
1179 1861 1382 1919 habent
1402 1846 1479 1930 ἆ,
1512 1847 1623 1932 Oet—3
1648 1876 1723 1922 ut
1744 1875 1874 1922 vero

275 1942 570 2014 aliquando
623 1945 682 2000 iit
729 1946 789 2014 é;
838 1964 890 2002 m
941 1950 1264 2024 plerumque
1319 1958 1616 2023 omittitur;
1663 1958 1873 2028 singula

274 2037 496 2093 omissio
537 2043 635 2108 per
675 2039 896 2096 ductum
947 2042 1341 2103 horizontalem
1389 2049 1660 2122 indigitari
1698 2051 1871 2118 solet;

271 2143 458 2200 paucae
486 2141 785 2188 occurrunt
808 2135 1260 2206 coujunctiones,
1292 2156 1394 2197 nec
1419 2141 1534 2199 fere
1576 2144 1675 2198 nisi
1705 2145 1756 2199 in
1789 2142 1874 2200 his

270 2225 496 2280 vocibus
524 2242 601 2294 re,
625 2243 708 2295 ra,
736 2228 791 2282 in
820 2229 1124 2304 copulativa
1150 2233 1294 2302 ct,,in
1323 2235 1526 2291 ultimis
1549 2237 1697 2292 vocis
1717 2236 1874 2295 unius

273 2313 468 2372 litteris
515 2333 642 2373 cum
685 2319 912 2376 alterius
958 2324 1178 2392 primis;
1227 2333 1486 2382 cteterum
1511 2339 1684 2384 scatet
1703 2331 1877 2400 scrip-

275 2420 390 2463 tura
419 2401 856 2480 sphalmatibus;
903 2423 1108 2472 temere
1147 2417 1582 2491 interpungitur;
1621 2422 1876 2480 sectioni-

271 2501 371 2558 bus
397 2502 630 2559 absonis
664 2513 845 2563 textus
869 2506 1244 2580 distinguitur.
1276 2511 1494 2570 Maximi
1521 2514 1874 2574 nihilominus

271 2595 455 2666 pretii,
479 2597 650 2652 immo
674 2611 838 2670 supra
865 2616 1027 2657 onme
1055 2605 1284 2672 pretium
1303 2615 1387 2661 est
1413 2606 1601 2663 unicus
1627 2611 1718 2665 ille
1739 2610 1875 2667 duo-

272 2703 390 2742 rum
417 2690 750 2759 optimorum
780 2693 1106 2764 scriptorum
1126 2695 1334 2765 codex;
1371 2697 1526 2770 cujus
1551 2710 1766 2759 aetatem
1791 2704 1875 2759 de-

271 2778 429 2836 ﬁnire
457 2775 606 2837 haud
634 2784 946 2856 ambiguum
978 2797 1096 2844 est:
1128 2804 1192 2844 ex
1212 2789 1451 2860 praefatis
1481 2794 1627 2848 enim
1654 2793 1876 2853 charac-

272 2876 503 2941 teribus,
539 2878 596 2932 in
623 2875 813 2946 primis
839 2895 908 2935 ex
930 2879 1106 2937 forma
1129 2882 1435 2940 litterarum
1461 2902 1544 2953 m,
1582 2903 1636 2954 η,
1669 2904 1726 2954 u,
1753 2887 1872 2944 suf-

269 2965 609 3039 fragantibus
655 2972 840 3026 multis
873 2973 1014 3029 haud
1063 2974 1239 3030 ultimi
1290 2978 1532 3034 subsellii
1585 2980 1759 3048 viris,
1806 2983 1876 3039 ad

273 3062 503 3131 primam
557 3065 684 3118 noni
740 3065 926 3120 saeculi
984 3078 1195 3137 partem
1251 3080 1365 3126 tuto
1419 3069 1690 3138 refertur,
1750 3089 1876 3144 pro-

277 3155 498 3227 piorque
536 3157 607 3212 ad
650 3158 888 3215 medium
933 3177 1098 3234 quam
1147 3165 1215 3219 ad
1259 3166 1472 3221 initium
1505 3167 1770 3225 accedere
1797 3169 1875 3225 vi-

276 3249 450 3306 detur.

891 3344 1104 3387 S£CULO
1142 3347 1251 3387 XVI.

887 3422 1034 3477 Anno
1076 3418 1235 3480 1542.

339 3505 534 3566 Enmo
573 3517 827 3568 rmaccps
868 3511 1114 3569 Romam.
1138 3509 1352 3571 Minucii
1376 3509 1590 3585 Felicis,
1625 3533 1728 3574 una
1753 3523 1875 3575 cum

271 3600 530 3670 Arnobin,
561 3602 632 3658 ad
662 3604 820 3661 iidem
850 3609 1011 3662 unius
1037 3609 1301 3664 exstantis
1328 3609 1379 3664 in
1407 3601 1742 3668 Bibliotheca
1770 3609 1876 3668 Va-

270 3696 446 3751 ticana
475 3698 704 3767 codicis,
733 3700 1186 3759 curanteFausto
1223 3704 1415 3761 Sabaeo
1451 3705 1728 3774 Brixiano,
1758 3716 1871 3779 typ.

273 3787 507 3849 Ferrarii
535 3799 591 3849 et
619 3793 1065 3866 Priscoanensis,
1109 3800 1220 3871 regi
1274 3793 1603 3857 Francorum
1651 3789 1876 3858 Franci-

273 3917 362 3958 sco
393 3903 434 3973 i,
475 3905 653 3975 jussu,
689 3915 749 3961 ut
772 3904 1004 3974 videtur,
1034 3904 1306 3976 pontiﬁcis
1327 3907 1547 3962 maximi
1572 3905 1772 3962 Leonis
1799 3904 1869 3975 Χ,

272 4008 597 4068 nuncupata,
621 3998 807 4055 Romae
838 3997 1054 4070 prodiit,
1083 3999 1135 4054 in
1172 3998 1293 4054 foi°.
1321 3999 1401 4072 (1)

986 4091 1146 4148 1516.

336 4185 687 4242 ΒΑειιιςεΝειδ
703 4184 744 4253 i,
770 4169 912 4256 apud
935 4184 1198 4253 Frobetn,
1223 4201 1288 4241 ex
1313 4183 1642 4256 Sigismundi
1667 4185 1878 4245 Geicnii

270 4283 610 4349 recensione,
642 4295 764 4337 cum
793 4279 1056 4348 Arnohio,
1091 4282 1143 4336 in
1179 4279 1256 4337 8°.

693 4359 710 4371 ‘
986 4374 1144 4431 1560.

337 4469 688 4529 BASiLEBNSiS
734 4471 802 4538 Ii,
848 4470 990 4542 apud
1039 4470 1303 4538 Froben.,
1347 4469 1513 4539 in-8°,
1561 4471 1613 4526 in
1637 4469 1876 4528 secunda

269 4563 503 4622 editione
533 4564 764 4623 Arnobii
792 4564 1022 4623 Gelenii.

863 4657 1061 4712 Eodem
1089 4673 1245 4712 anno.

339 4755 870 4817 “EIDELBERGENSIS,
904 4751 1074 4822 prima
1103 4750 1204 4807 sub
1232 4751 1450 4822 proprio
1496 4752 1732 4808 auctoris
1776 4765 1873 4808 no-

269 4849 411 4904 mine
457 4849 604 4903 data.
657 4846 870 4900 Primus
920 4842 1246 4899 Franciscus
1300 4843 1593 4901 Balduinus
1640 4844 1872 4900 Minucio

271 4941 504 4998 restituit
544 4940 811 4996 Octavium
850 4935 1111 4994 hactenus
1139 4931 1366 4993 Arnobii
1393 4938 1586 4993 librum
1619 4950 1868 4995 octavum

269 5036 602 5108 reputatum;
639 5045 722 5103 at,
769 5043 894 5090 ante
933 5025 1252 5088 Balduinum
1301 5029 1545 5088 fraudem
1594 5029 1870 5090 detexisse

270 5130 595 5186 Hadrianum
622 5127 863 5195 iunium,
893 5126 1163 5182 medicum
1181 5126 1438 5182 Batavum
1459 5135 1514 5181 et
1532 5115 1866 5198 philologum

269 5241 376 5280 sua:
414 5223 594 5279 aetatis
618 5221 1056 5278 celeberrimum.
1081 5220 1252 5277 immo
1283 5235 1415 5276 vero
1455 5235 1561 5275 non
1591 5219 1735 5274 Junii
1768 5223 1868 5275 iste

268 5318 461 5387 honor,
496 5315 594 5373 sed
617 5315 836 5370 Antonii
863 5312 1180 5380 Morrilloni,
1216 5328 1324 5369 em.
1348 5311 1639 5368 cardinalis
1657 5311 1867 5368 Grand~

265 5412 404 5468 velle
458 5409 763 5467 secretario
811 5417 868 5464 et
917 5407 1361 5476 bibliothecatio,
1415 5407 1482 5463 ad
1522 5423 1682 5476 quem
1727 5422 1866 5462 nouo

266 5507 424 5562 nullae
451 5513 672 5562 exstant
699 5502 844 5558 Junii
872 5501 1152 5572 Epistulae,
1179 5510 1234 5556 et
1260 5502 1344 5555 cui
1369 5501 1484 5571 ipse
1508 5498 1700 5556 Junius
1729 5498 1868 5555 hanc

267 5599 480 5656 laudem
524 5597 766 5654 vindicat
806 5597 860 5650 in
907 5593 1286 5651 Animadversa.
1316 5594 1409 5651 lib.
1439 5609 1518 5660 Ill,
1555 5609 1604 5649 c.
1646 5595 1697 5661 1,
1733 5593 1862 5648 edit.

268 5708 394 5747 nov.
442 5690 670 5746 Roterd.
725 5687 885 5746 1709.
929 5686 1195 5743 Cancrum
1231 5686 1349 5742 haec
1406 5684 1654 5742 Balduini
1701 5685 1866 5742 editio

341 5807 420 5876 (1)
462 5804 626 5860 Multa
676 5806 728 5860 in
758 5803 844 5859 his
887 5812 942 5859 et
975 5801 1335 5876 sequentibus
1392 5801 1748 5876 desumuniur
1795 5814 1870 5858 ex

276 5865 717 5949 Schdanemanni,
739 5865 1014 5951 Lutnperi,
1045 5865 1261 5934 Ceilcrii
1287 5873 1559 5947 operibus.
1588 5874 1720 5932 Eun.

1749 341 2142 403 ΡΠΜΑΤΙΟ.

3463 363 3591 415 xcvi

1981 470 2185 520 textum
2217 479 2426 522 merum
2459 466 2716 535 exhibet;
2749 471 2835 525 cui
2875 470 3121 541 praefatio
3162 472 3344 531 addita
3387 483 3502 544 est,
3535 478 3593 534 in

1978 567 2083 629 Qua
2113 573 2235 616 cum
2266 561 2514 618 vindiciae
2541 573 2638 633 pro
2655 561 2889 621 Minucio
2904 565 3088 624 Felice
3114 581 3248 624 vero
3274 575 3498 626 auctore
3521 585 3593 627 ex

1982 650 2292 725 Hieronymi
2329 664 2382 710 et
2427 655 2690 712 Lactantii
2735 659 3094 728 testimoniis,
3129 662 3254 732 styli
3299 671 3355 719 et
3396 663 3591 721 formae

1979 746 2250 801 scribendi
2291 747 2362 802 ab
2400 749 2718 806 Arnobiano
2747 751 3111 822 discrepantia
3141 754 3445 822 traduntur,
3475 765 3590 812 tum

1979 848 2359 908 argumentum
2387 849 2442 895 et
2470 843 2706 914 analysis
2734 845 2898 900 totius
2927 845 3049 901 libri
3081 849 3415 919 proponitur.
3443 848 3593 904 Nun-

1980 933 2199 1001 cuDavit
2219 931 2518 991 Balduinu‘s
2542 935 2832 992 Minucium
2858 955 3012 994 suum
3043 936 3343 1008 Friderico,
3367 939 3595 999 eiectori

1980 1022 2256 1094 Palatino,
2281 1025 2614 1084 academiam
2646 1029 3188 1104 iieidelbergensem,
3218 1051 3411 1091 recens
3462 1031 3590 1093 tunc

1981 1120 2050 1175 ab
2091 1119 2194 1175 isto
2240 1120 2482 1193 principe
2522 1121 2858 1191 institutam,
2889 1125 2976 1181 his
3021 1126 3275 1197 primitiis
3314 1143 3591 1184 musarum

1981 1213 2133 1283 quasi
2160 1221 2596 1272 censecraturus.
2630 1218 2704 1272 Ex
2734 1215 2824 1273 oti.
2870 1207 3008 1274 Lud.
3044 1219 3193 1276 Lucii
3229 1231 3338 1293 lyp.
3373 1219 3593 1277 Heidel-

1979 1303 2157 1379 berg,
2187 1306 2350 1364 iit-8°.
3393 1303 3396 1306 ’

2705 1382 2868 1439 1580.

2051 1472 2386 1530 PAMSIBNSIS
2437 1473 2488 1542 i,
2533 1487 2638 1531 una
2685 1491 2807 1533 cum
2840 1473 3177 1534 Tertulliano
3217 1484 3272 1535 et
3313 1475 3590 1548 Arnobio,

1980 1581 2111 1625 cura
2150 1567 2430 1625 Laurentii
2461 1570 2530 1626 de
2557 1569 2630 1626 La
2659 1570 2854 1640 Barre,
2895 1569 3072 1627 in-iol.

2708 1663 2868 1720 1585.

2052 1755 2280 1811 Romam
2306 1755 2368 1824 ii,
2398 1765 2509 1830 lyp.
2539 1757 2694 1812 Dem.
2725 1755 2898 1822 Basm,
2931 1771 2992 1813 ex
3023 1756 3196 1813 Fulvii
3227 1756 3405 1814 Ursini
3431 1755 3596 1813 casti-

1977 1849 2228 1921 gatione,
2285 1848 2430 1907 Petri
2478 1850 2750 1909 Ciacconi!
2796 1852 3012 1910 schedis
3058 1851 3264 1924 adjuti,
3314 1858 3593 1926 praeeunte

1979 1941 2221 2000 Arnobio
2241 1984 2257 2012 ,
2288 1943 2384 2000 sed
2413 1943 2634 2001 nomine
2663 1943 2883 2001 Minucii
2921 1945 3204 2018 inscripto,
3240 1941 3408 2003 in-i‘.
3443 1945 3595 2002 Ursi-

1979 2053 2113 2103 nus,
2143 2037 2257 2094 sive
2285 2039 2573 2107 nescierit,
2607 2039 2722 2095 sive
2764 2039 2978 2096 nescire
3023 2038 3360 2096 simulaverit
3402 2049 3593 2094 verum

1978 2137 2258 2185 auctorem
2301 2145 2332 2184 a
2373 2130 2635 2188 Balduino
2677 2131 2845 2188 fuisse
2891 2132 3202 2202 detectum,
3252 2131 3304 2188 id
3355 2130 3596 2188 sensisse

1980 2222 2216 2292 primum
2245 2223 2578 2279 cardinalem
2609 2223 2869 2281 Sirletum
2896 2225 3151 2282 afﬁrmat.

2705 2319 2867 2375 1589.

2053 2395 2388 2463 PABISIENSIS
2413 2393 2477 2477 ii,
2511 2408 2717 2477 in-iol.,
2745 2410 2800 2465 in
2829 2410 2966 2467 Bibi.
2997 2411 3155 2467 Bodl.

2698 2501 2860 2558 1598.

2051 2583 2177 2648 Joh.
2230 2583 2447 2650 Meursii
2485 2593 2846 2667 Ilypocriticua
2896 2595 3261 2665 Minucianus,
3301 2611 3424 2652 cum
3474 2593 3593 2667 ejus

1981 2677 2167 2743 critico
2196 2681 2528 2744 Arnobiano.
2562 2689 2734 2761 Lugd.
2765 2690 2908 2756 Bat.,
2935 2689 3098 2746 in-8°.

2592 2797 2814 2860 suum
2840 2820 2970 2860 xvu.

2595 2918 2744 2974 Anno
2777 2918 2937 2975 1605.

2053 3008 2398 3069 BASILEENSIS
2430 3009 2474 3065 ii
2496 3051 2509 3074 ,
2542 3025 2613 3067 ex
2659 3010 2975 3082 bibliopolio
3014 3011 3388 3080 Frobeniano,
3420 3005 3591 3070 in98‘.

1979 3103 2144 3160 Marci
2186 3106 2405 3161 Minucii
2452 3103 2649 3160 Felicis
2687 3104 2926 3159 Octavius
2952 3114 3008 3161 et
3033 3103 3286 3177 Cypriani
3314 3105 3381 3161 de
3409 3102 3593 3160 Idolo-

1974 3208 2092 3253 rttm
2130 3197 2384 3253 Vanitute.
2417 3199 2537 3254 Joh.
2565 3213 2596 3252 a
2624 3197 2846 3254 Wower
2873 3200 3163 3254 recensuit.
3193 3195 3456 3254 Prtel'atus
3481 3208 3594 3254 non

1977 3300 2080 3344 est.
2115 3290 2403 3346 Lectiones
2429 3304 2577 3361 saepe
2605 3289 2812 3354 laudat,
2844 3303 2964 3360 qua:
2996 3291 3313 3361 plerumque
3336 3305 3458 3345 cum
3481 3290 3588 3344 ms.

1976 3384 2128 3454 regio
2171 3383 2394 3438 minime
2437 3381 2802 3448 concordant;
2833 3397 2930 3438 nec
2959 3383 3124 3438 ullam
3157 3381 3318 3438 iidem
3353 3381 3592 3453 habent,

1975 3476 2241 3547 siquidem
2265 3477 2441 3532 bonus
2459 3475 2548 3531 ille
2566 3476 2646 3530 vir
2666 3475 2866 3545 imponi
2891 3474 2992 3529 sibi
3015 3489 3202 3544 passus
3218 3481 3299 3529 est
3319 3474 3388 3529 ab
3407 3471 3591 3544 aliquo

1977 3569 2066 3641 qui
2096 3569 2168 3625 ita
2193 3583 2314 3626 esse
2339 3568 2392 3624 in
2423 3571 2628 3640 optimo
2649 3567 2788 3623 libro
2819 3567 3200 3623 mentiebatur.
3233 3565 3396 3622 NOtas
3425 3577 3586 3633 suas,

1977 3665 2224 3735 quamvis
2251 3664 2439 3720 doctas
2459 3705 2474 3731 ,
2508 3679 2606 3720 nec
2635 3673 2833 3734 prmter
2861 3663 3036 3718 locum
3069 3663 3377 3732 appositas,
3409 3661 3588 3731 spatio

1976 3756 2166 3813 decem
2189 3757 2398 3812 dierum
2419 3755 2736 3812 adornavit:
2759 3757 2811 3810 in
2834 3755 2966 3809 locis
2985 3763 3164 3809 tamen
3187 3751 3586 3808 diiiicilioribus

1977 3850 2282 3922 adjutorem
2321 3849 2510 3905 habuit
2550 3848 2974 3905 eruditissimum
3016 3846 3189 3901 virum
3227 3845 3584 3916 Scaiigerum.

2695 3940 2857 3998 1603.

2052 4035 2455 4091 Hanuovnnam
2493 4031 2532 4089 Ι.
2561 4033 2797 4090 Geverh.
2847 4031 3230 4088 Elmenhorstii
3269 4031 3410 4102 typis
3452 4019 3587 4086 We-

1978 4127 2148 4195 ohel.,
2183 4125 2356 4194 iit—8°,
2387 4141 2511 4182 cum
2548 4126 2820 4194 Arnobio,
2855 4125 2930 4180 nil
2980 4126 3084 4181 nisi
3127 4139 3334 4181 merum
3379 4131 3586 4181 textum

1979 4223 2084 4278 hoc
2121 4235 2267 4278 anno
2291 4219 2514 4278 dedisse
2560 4218 2778 4276 videtur
2809 4236 2822 4274 :
2855 4220 3029 4276 serius
3060 4217 3434 4292 praegrandem
3467 4221 3586 4272 tur-

1981 4316 2104 4372 bam
2123 4324 2401 4370 auctorum
2424 4323 2480 4370 et
2502 4313 2744 4370 locorum
2765 4312 3012 4369 eamdem
3033 4327 3149 4369 rem
3173 4311 3586 4382 illustrandum,

1982 4417 2350 4482 prtetereaque
2388 4405 2522 4465 nihil
2552 4408 2748 4464 attulit.
2768 4407 2896 4464 Inde
2918 4416 3096 4463 tamen
3122 4408 3261 4463 inter
3281 4406 3419 4464 duos
3435 4405 3582 4461 viros

1980 4505 2223 4575 dissidia,
2253 4506 2406 4573 rixae,
2436 4502 2803 4571 contumeliae,
2826 4503 2895 4560 de
2925 4518 3033 4574 quo
3062 4501 3304 4575 legendae
3323 4499 3587 4570 Scaligeri

1979 4616 2107 4672 epp.
2135 4616 2269 4658 (κως
2283 4629 2309 4642 -
2324 4615 2540 4658 ccum.

2485 4727 2488 4730 .
2693 4669 2853 4726 1605.

2050 4761 2382 4825 PaulsmNSts
2414 4763 2478 4834 Ii,
2511 4764 2652 4838 apud
2697 4759 2864 4822 Marc.
2889 4761 3048 4838 Orry,
3074 4755 3235 4833 ἰπὶ-8⁸⁵,
3262 4778 3384 4819 cum
3408 4759 3586 4820 Arno-

1977 4857 2067 4916 bio
2121 4859 2383 4918 Desidet-ii
2453 4857 2672 4917 iieraldi
2737 4860 2855 4916 haec
2906 4857 3328 4916 Schoenemann.
3378 4855 3588 4925 Quaerit

1977 4964 2156 5010 tamen
2187 4949 2249 5010 D.
2281 4947 2517 5025 Lumpcr
2540 4951 2682 5010 unde
2707 4953 2998 5009 editionem
3023 4951 3162 5006 hanc
3182 4949 3250 5006 de
3276 4965 3420 5004 anno
3441 4941 3585 5005 1605

1975 5041 2175 5104 habeat
2202 5043 2795 5119 Fabricius(Supplem.
2828 5040 2965 5100 Bibl.
2987 5044 3080 5100 lat.
3103 5043 3174 5099 ad
3205 5041 3297 5100 lib.
3322 5058 3395 5110 tv,
3425 5058 3475 5097 c.
3497 5040 3586 5116 5.)

1971 5150 2028 5199 et
2052 5137 2334 5198 Ceillerius
2365 5134 2528 5214 (Hist.
2557 5139 2731 5214 génér.
2754 5141 2841 5196 des
2860 5139 2982 5194 Aut.
3014 5137 3163 5206 eccl.,
3196 5147 3234 5193 t.
3262 5155 3320 5206 ιι,
3353 5127 3580 5208 p.233).

1979 5256 1997 5290 ‹
2031 5233 2146 5292 iioc
2173 5249 2338 5304 vero,
2367 5235 2571 5308 inquit,
2606 5234 2739 5293 satis
2768 5234 2881 5290 scio
2909 5245 2963 5290 et
2992 5232 3131 5290 hanc
3162 5241 3218 5290 et
3255 5231 3481 5288 alteram
3509 5228 3581 5290 de

1973 5347 2117 5387 anno
2149 5327 2306 5398 1615,
2336 5347 2458 5386 cum
2492 5329 2732 5386 Arnobio
2753 5329 3009 5388 emissam
3038 5327 3194 5386 nihili
3221 5344 3363 5395 esse,
3389 5330 3433 5383 si
3463 5323 3582 5398 qui-

1972 5419 2096 5481 dem
2129 5421 2310 5480 Desitl.
2341 5421 2606 5480 Heraidus
2634 5414 2931 5478 Arnobium
2972 5439 3125 5479 suum
3163 5422 3276 5494 jam
3314 5431 3442 5477 ante
3477 5413 3578 5475 Mi-

1974 5517 2192 5573 nucium
2221 5513 2487 5585 ediderat,
2513 5526 2572 5571 ut
2596 5521 2826 5572 testatur
2851 5515 2906 5573 in
2933 5507 3257 5572 Praefatione
3281 5505 3349 5570 ad
3376 5512 3582 5584 Johan,

1973 5608 2338 5667 Bcchardum.
2375 5626 2396 5661 ›

2690 5677 2850 5738 1610.

2056 5775 2549 5831 Hernswsncsasns
2573 5771 2846 5843 Balduini,
2882 5773 3112 5845 repetita
3137 5768 3390 5829 Francoi.
3414 5767 3579 5840 in«8°,

1989 5866 2200 5923 Fabric.
2237 5865 2350 5922 Del.
2386 5867 2574 5937 Argg.,
2593 5880 2647 5937 p.
2665 5864 2793 5922 216.
