4050 6308
304 311 446 362 ILvtt

908 422 1104 479 Eodem
1133 439 1288 480 anno.

376 509 706 568 [uersu-mss
749 513 837 580 III,
875 513 1059 571 in-l‘ol.
1098 515 1235 586 (Cat.
1261 514 1399 570 Bibl.
1430 513 1636 571 Barbcr.
1695 523 1734 571 t.
1770 531 1830 584 ιι,
1862 515 1904 571 1'.

301 619 358 675 ν.
383 604 472 672 76,
501 616 556 662 et
576 605 689 663 Cat.
711 607 850 664 Bibl.
873 608 1053 683 Bodl.)

1024 737 1181 793 1612.

303 847 306 851 ’
378 850 786 907 "AMBURGENSIS
808 851 918 918 I,in
950 852 1068 918 lol.,
1096 851 1258 908 Marci
1278 852 1494 911 Minucii
1515 855 1711 912 Felicis
1744 855 1906 911 Octa-

303 944 414 998 vius
442 959 508 999 ex
540 946 859 1002 recensione
897 955 1101 1001 etcum
1149 948 1556 1004 commentariis
1605 949 1907 1005 Geverltarti

303 1036 713 1094 Eltttenltorslii:
735 1039 998 1095 accedunt
1020 1039 1216 1096 Frane.
1245 1041 1486 1097 Balduini
1516 1043 1905 1114 Prolegomena

303 1129 361 1184 in
392 1130 459 1185 M.
507 1131 632 1186 Mitt.
675 1133 792 1187 Fel.
851 1131 1143 1189 Octavium.
1183 1135 1567 1192 Elmenhorstii
1603 1139 1907 1194 notationes

305 1227 712 1281 commentariis
775 1226 1038 1283 Wowerii
1098 1230 1457 1300 interspersas
1507 1247 1629 1287 esse
1677 1248 1907 1304 cumque

305 1331 452 1385 saepe
483 1317 674 1372 librum
707 1333 809 1373 ms.
841 1327 1042 1387 citare,
1095 1321 1182 1376 ubi
1233 1324 1602 1380 tantummodo
1647 1323 1906 1381 lectiones

303 1409 505 1464 codicis
557 1412 689 1482 regii
739 1413 1074 1482 appellandze
1126 1414 1638 1487 fuissentRigallius
1680 1420 1903 1475 notavit.

303 1501 525 1557 Scilicet
552 1519 618 1558 ex
647 1505 838 1560 eodem
866 1505 1144 1562 Wowerio
1177 1507 1371 1563 librum
1401 1509 1551 1564 illum
1584 1526 1686 1565 ms.
1719 1510 1908 1566 lauda-

302 1592 392 1648 bat
424 1637 438 1661 ,
469 1605 528 1651 ut
553 1611 620 1651 ex
648 1596 713 1652 iis
742 1612 861 1668 qua:
889 1614 1047 1670 supra
1077 1600 1143 1655 ad
1181 1599 1583 1656 Wowerianam
1610 1602 1906 1660 editionem

305 1688 649 1758 scripsimus,
705 1689 842 1746 disci
885 1702 1080 1763 petest.
1132 1691 1424 1758 Cmterum,
1461 1710 1559 1764 pro
1605 1711 1756 1752 more
1783 1710 1902 1766 suo,

297 1779 540 1849 integras
591 1790 874 1838 auctorum
907 1792 1150 1839 veterum
1181 1785 1372 1840 similis
1399 1787 1699 1857 argumenti
1751 1787 1905 1859 pagi-

300 1857 416 1927 nas.
451 1873 693 1945 apponit,
748 1876 962 1948 egregie
1020 1877 1120 1934 hac
1172 1879 1388 1936 testium
1431 1879 1574 1936 nube
1625 1857 1906 1938 Minutium

293 1968 558 2027 illustrari
576 1987 826 2030 censeus.

1026 2094 1183 2153 1615.

379 2203 710 2261 PARISIENSIS
737 2205 823 2272 IV,
845 2207 1072 2264 Lutetia:
1100 2211 1297 2281 Paris.,
1324 2212 1488 2282 inut",
1511 2216 1656 2288 typis
1677 2216 1737 2273 P.
1769 2217 1905 2277 Met-

307 2303 482 2367 tayer.
515 2296 586 2352 M.
618 2297 686 2352 M.
734 2298 849 2354 Fel.
893 2300 1016 2356 Oct.
1040 2302 1164 2356 Des.
1199 2301 1464 2361 Ileraldus
1514 2323 1614 2363 ms.
1658 2326 1772 2382 reg.
1803 2327 1906 2383 ope

307 2390 616 2445 emendavit
670 2402 721 2447 et
753 2401 909 2448 notas
965 2395 1191 2450 addidit.
1219 2428 1291 2438 —
1314 2397 1515 2454 Confer
1545 2418 1664 2472 quae
1691 2420 1720 2458 a
1751 2407 1908 2463 nobis

302 2483 447 2538 dicta
499 2494 624 2540 sunt
653 2485 719 2541 ad
762 2486 1078 2544 Tertulliani
1130 2490 1564 2562 Apologeticum,
1612 2499 1679 2551 ab
1713 2498 1904 2555 eodem

290 2575 410 2630 hoc
461 2592 606 2631 anno
662 2579 888 2634 editum.
957 2581 1186 2636 Textum
1263 2584 1349 2640 hic
1418 2600 1734 2656 expressum
1797 2590 1904 2661 jam

301 2681 396 2720 an.
451 2668 588 2724 1605
640 2684 760 2724 cum
808 2671 1050 2728 Arnobio
1076 2676 1456 2732 excudendum
1485 2691 1786 2748 curaverat,
1819 2683 1907 2740 hic

303 2757 521 2814 tandem
563 2764 702 2820 notis
733 2779 830 2833 pro
878 2781 1028 2822 more
1073 2767 1248 2822 doctis
1277 2779 1332 2825 et
1359 2772 1638 2842 exquisitis
1668 2777 1903 2832 ornavit.

299 2849 364 2905 ln
393 2865 600 2908 summa
635 2856 931 2913 Romanam
980 2860 1069 2916 ed.
1102 2859 1275 2917 Fulvii
1324 2861 1505 2919 Ursini
1556 2881 1614 2920 se
1661 2878 1903 2924 secutum

303 2959 430 3001 esse
491 2950 772 3018 prolitetur
815 2968 877 3006 ea
926 2953 1062 3024 lege,
1105 2964 1162 3009 ut
1209 2956 1278 3012 ab
1324 2956 1414 3011 illa
1464 2973 1623 3028 quam
1667 2961 1907 3016 omnium

303 3038 679 3098 ﬁdelissimam
730 3058 851 3099 esse
899 3054 1107 3113 censet,
1151 3048 1251 3103 nisi
1300 3063 1401 3104 ms.
1434 3051 1582 3121 regio
1613 3064 1905 3121 prateunle,

305 3147 417 3188 non
467 3136 781 3204 recederet,
838 3147 895 3193 et
941 3155 1005 3195 ea
1037 3141 1152 3211 ipsa
1202 3141 1362 3210 adeo,
1421 3161 1540 3214 qua:
1591 3146 1676 3201 vel
1733 3150 1909 3216 primo

305 3225 566 3295 adspectu
597 3229 784 3285 vitium
835 3245 989 3286 suum
1047 3234 1362 3305 proderent,
1391 3238 1654 3294 retineret
1703 3248 1906 3307 tamen,

306 3333 412 3372 nec
445 3319 557 3391 Sig.
607 3320 837 3389 Gelenii,
866 3325 956 3394 qui
991 3324 1107 3380 haec
1133 3329 1311 3382 omnia
1361 3327 1594 3402 (vitiosa
1627 3331 1903 3404 intellige)

303 3420 514 3466 mutare
583 3429 688 3468 non
756 3415 1126 3482 dubitaverat,
1192 3423 1503 3492 exemplum
1569 3438 1906 3495 sequeretur.

304 3502 710 3573 Nihilominus,
767 3509 910 3579 quod
962 3511 1014 3564 in
1063 3511 1276 3567 laudem
1332 3514 1430 3568 viri
1489 3515 1691 3571 dictum
1742 3518 1906 3587 volo,

307 3595 516 3654 Gelenii
573 3599 834 3656 lectiones
887 3604 1175 3660 nonnullas
1227 3615 1519 3676 utcumque
1573 3608 1743 3665 bonas
1800 3628 1908 3668 non

304 3689 575 3756 deseruit,
627 3693 721 3747 sed
779 3693 1037 3751 Romanae
1088 3699 1340 3768 pnetnlit.
1397 3697 1650 3756 Codicem
1704 3704 1907 3774 regium

305 3783 518 3839 Thuuni
549 3785 814 3843 beneﬁcio
845 3798 1034 3844 nactus
1060 3800 1195 3845 erat.
1239 3792 1520 3863 Inscripsit
1556 3805 1736 3850 autem
1767 3795 1911 3853 hunc

307 3877 552 3932 libellum
603 3878 795 3934 Joanni
836 3881 1118 3938 Bochardo
1164 3883 1314 3939 Sacri
1360 3886 1682 3943 Corisistorii
1727 3891 1909 3944 consi-

303 3972 486 4040 liario,
516 3982 620 4028 etc.
650 4006 719 4015 —
740 3975 913 4032 Aliam
948 3977 1145 4032 Octavii
1174 3993 1296 4034 eum
1326 3979 1543 4036 Heraldi
1566 3981 1909 4039 animadver-

306 4065 557 4122 sionibus
607 4067 898 4125 editionem
956 4087 1079 4126 eum
1111 4070 1370 4141 Arnobio,
1425 4089 1513 4129 an.
1552 4076 1711 4143 1615,
1771 4079 1910 4134 in-lt°

305 4157 507 4214 factam
560 4159 840 4216 Fabricius
892 4176 1305 4232 commemorat,
1363 4166 1520 4238 cujus
1573 4177 1753 4226 tamen
1811 4185 1911 4227 nec

305 4251 428 4324 ipse
457 4253 521 4308 ad
553 4254 872 4324 Arnobium,
915 4273 1014 4314 nec
1063 4269 1259 4330 prwter
1285 4276 1411 4316 eum
1455 4262 1740 4333 quisquam
1793 4280 1910 4321 me-

303 4345 482 4401 minit.
521 4345 698 4419 (Bibl.
726 4348 816 4402 lat.
865 4365 901 4415 ι,
933 4366 1006 4418 ιν,
1040 4367 1091 4407 e.
1126 4352 1181 4420 5,
1229 4351 1319 4408 ed.
1356 4351 1490 4409 Ven.
1525 4363 1563 4410 t.
1593 4370 1652 4423 tt,
1684 4370 1737 4427 p.
1765 4355 1909 4427 282;

311 4449 368 4496 et
399 4439 453 4495 in
484 4439 600 4496 Del.
627 4442 786 4516 Argg.
824 4459 876 4516 p.
906 4445 1060 4518 216.)

1031 4564 1191 4620 1617.

385 4673 619 4742 Vensro,
648 4675 888 4731 omnium
913 4675 1107 4746 prima,
1132 4677 1338 4734 Gallica
1380 4678 1422 4745 Ι,
1449 4688 1670 4738 auctore
1703 4683 1911 4742 Thoma

307 4766 630 4825 Beverendo
666 4784 735 4822 ex
782 4769 921 4841 typis
947 4767 1134 4825 Jacobi
1178 4770 1386 4840 Lebas,
1417 4773 1596 4842 in-1‘2,
1630 4777 1910 4835 xv-185-5

307 4876 404 4932 pp.
465 4861 626 4934 (Bibl.
675 4862 950 4935 Lugdun.)
996 4864 1309 4936 Nuncupata
1358 4867 1522 4923 nobili
1571 4870 1687 4924 viro
1733 4869 1907 4926 Fran-

306 4955 457 5009 cisco
484 4953 803 5010 Revereudo
837 4955 1113 5028 (Francois
1138 4957 1211 5012 Le
1239 4957 1522 5028 Révérend,
1550 4961 1778 5033 sicunde
1812 4963 1911 5019 Ca-

306 5047 454 5117 lix),
483 5046 721 5102 auctoris
747 5049 1047 5115 avunculo,
1081 5051 1194 5121 regi
1233 5066 1262 5105 a
1306 5053 1578 5121 consiliis,
1608 5067 1715 5111 etc.
1759 5056 1907 5112 Fraa-

304 5139 540 5196 mittitur
563 5140 824 5195 monitum
856 5141 925 5196 ad
957 5143 1244 5211 lectorem,
1275 5145 1328 5200 in
1357 5161 1463 5217 quo
1489 5147 1756 5219 interpres
1785 5165 1908 5206 sex-

305 5233 482 5290 decim
531 5242 737 5288 tantum
776 5235 934 5290 annis
962 5245 1145 5302 natus,
1176 5237 1390 5305 dicitur,
1426 5255 1730 5313 nomenque
1782 5260 1910 5316 pro-

304 5326 483 5397 prium
515 5330 578 5379 de
605 5324 758 5380 Bauli
784 5326 855 5382 Le
887 5327 1152 5384 Rérérend
1179 5345 1246 5386 eo
1276 5331 1378 5389 loci
1407 5349 1519 5403 pra:
1553 5351 1613 5391 se.
1643 5338 1773 5404 fert;
1807 5355 1908 5396 nec

300 5415 485 5490 iunior
526 5419 653 5475 licet
681 5430 735 5476 et
760 5421 1002 5478 omnium
1047 5423 1282 5496 primus,
1313 5426 1694 5500 despiciendus
1734 5431 1905 5489 inter-

302 5524 450 5582 pres.

1020 5629 1182 5688 1624.

305 5771 310 5778 -
377 5742 474 5798 En.
509 5741 838 5802 PAmsmNsrs
857 5743 924 5801 V.
957 5743 1153 5812 Paris,
1183 5745 1388 5819 in-l'ol.,
1415 5747 1472 5805 in
1498 5749 1637 5808 Bibl.
1661 5749 1767 5808 PP.
1790 5751 1901 5809 vol.

297 5848 373 5908 ιι,
398 5837 500 5894 col.
529 5838 582 5892 1.

1733 307 2124 368 PREFATIO.

3458 333 3625 376 Σινιιι

2733 428 2898 488 1627.

2082 519 2401 578 Οιοκιεκειε
2427 521 2468 578 1.
2501 520 2705 590 Oxon.,
2737 523 2911 582 in-12.
2941 525 3158 583 Minucii
3183 525 3440 585 Octavius.
3463 525 3626 602 (Bibl.

2011 610 2360 685 Mus._Britt.,
2390 631 2525 673 voce
2552 616 2769 691 Fam.)

2589 723 2598 734 ‘
2645 711 2991 770 1656-1657.

2084 800 2286 858 γεκειο
2313 801 2551 859 GALLICA
2571 805 2635 861 Il.
2667 805 2883 862 Minucii
2915 806 3112 864 Felicis
3148 808 3394 865 Octavius
3429 809 3625 883 galliee

2015 894 2260 949 redditus
2290 911 2320 950 a
2350 895 2577 953 Nicolao
2604 898 2796 956 Perrot
2821 900 3242 968 d'Ablancourt;
3271 903 3445 959 Paris.
3479 904 3625 976 apud

2011 987 2137 1044 Joh.
2163 987 2455 1059 Camusal,
2487 992 2672 1060 in-12,
2704 993 2876 1051 xtl-96
2921 1012 3010 1067 pp.
3058 997 3339 1069 privilegio
3379 999 3527 1068 regio
3570 999 3624 1055 in

2011 1079 2100 1136 die
2128 1083 2162 1136 5
2189 1092 2329 1154 sept.
2361 1100 2491 1139 ann.
2523 1085 2660 1141 1656
2691 1088 3041 1159 subsignata;
3082 1089 3225 1162 typis
3266 1091 3511 1147 absoluta
3552 1091 3631 1148 24

2013 1174 2131 1231 dee.
2161 1176 2339 1247 ejusd.
2371 1180 2522 1246 anni,
2557 1179 2876 1249 Philandro,
2907 1183 3010 1239 sub
3035 1187 3190 1253 cujus
3205 1184 3424 1240 nomine
3449 1185 3628 1242 latitat

2009 1267 2266 1339 Conrart,
2298 1271 2547 1329 dedicata
2582 1294 2596 1330 :
2629 1275 2828 1346 prodiit
2870 1292 3014 1332 anno
3059 1278 3217 1333 1657.
3252 1279 3453 1334 lterum
3492 1295 3620 1336 ann.

2013 1363 2174 1430 1660,
2199 1364 2391 1431 in-18;
2424 1366 2585 1435 1662,
2607 1367 2794 1435 iit-12;
2823 1371 2986 1438 1677,
3006 1370 3194 1437 in-12;
3231 1372 3400 1428 vicies
3427 1372 3627 1429 deinde

2011 1459 2238 1528 repetita
2263 1501 2276 1526 ,
2307 1461 2469 1517 modo
2515 1471 2664 1518 textu
2700 1463 2901 1534 latino,
2929 1465 3092 1522 modo
3121 1467 3265 1522 notis
3291 1479 3446 1524 aucta
3467 1509 3482 1532 ,
3513 1483 3626 1526 nec

2013 1565 2265 1622 umquam
2304 1553 2516 1620 verior,
2557 1570 2657 1612 nec
2694 1555 2905 1614 ﬁdelior
2945 1573 3104 1627 quam
3134 1569 3344 1616 eceterae
3371 1559 3615 1632 ejusdem

2011 1645 2249 1703 auctoris
2273 1649 2577 1705 versiones.

2738 1746 2894 1802 1656.

2086 1830 2288 1890 νειιειο
2313 1834 2556 1892 ANGLICA
2587 1837 2628 1891 Ι.
2659 1837 2729 1894 M.
2755 1839 3022 1896 Minucius
3047 1839 3201 1896 Felix
3223 1841 3308 1898 his
3337 1841 3620 1914 dialogue,

2008 1924 2180 1980 called
2212 1926 2469 1997 Octavius,
2504 1932 2800 1988 translated
2840 1933 2955 1989 into
2993 1933 3215 2006 English
3238 1978 3254 2005 ,
3288 1936 3358 2011 by
3383 1934 3622 1992 Richard

2009 2017 2193 2075 James
2220 2019 2284 2076 of
2303 2036 2352 2077 c.
2385 2038 2436 2080 c.
2461 2039 2512 2082 c.
2547 2025 2600 2080 in
2624 2025 2856 2092 Oxford,
2886 2028 3049 2085 in-8‘.

2740 2121 2902 2180 1657.

2083 2202 2286 2261 νειιειο
2309 2206 2549 2266 GALLICA
2580 2209 2667 2268 Ill.
2695 2204 2908 2270 Minucii
2934 2215 3136 2274 Felicis
3165 2217 3406 2273 Octavius
3430 2218 3623 2290 gallica

2009 2295 2253 2353 redditus
2282 2313 2445 2370 Opera
2474 2302 2746 2360 Guillelmi
2777 2307 2854 2361 Du
2891 2308 3033 2376 Mas,
3065 2311 3305 2367 canonici
3334 2321 3389 2367 et
3428 2310 3621 2368 decani

2009 2393 2204 2447 eccles.
2231 2393 2474 2450 cathedr.
2504 2397 2830 2454 Alethensis.
2855 2401 3027 2458 Paris.
3057 2405 3195 2476 apud
3223 2404 3326 2460 vid.
3351 2405 3425 2462 De
3441 2405 3616 2462 Tous-

2009 2486 2184 2542 sainct
2213 2487 2284 2542 du
2315 2488 2499 2562 Bray.,
2534 2492 2686 2561 in-i",
2721 2496 3058 2555 16-146-155
3092 2516 3178 2571 pp.

2729 2587 2891 2644 1645.

2082 2671 2413 2731 PARISIENSIS
2439 2675 2524 2743 VI,
2575 2677 2909 2737 RIGALTIANA
2964 2683 3004 2739 I.
3063 2684 3312 2752 Lutetiae,
3369 2685 3475 2741 vid.
3505 2686 3621 2742 Ma-

2013 2761 2158 2818 thur.
2197 2765 2417 2836 Dupuis,
2469 2769 2520 2851 in
2559 2773 2624 2825 ιο
2653 2771 2720 2825 Μ.
2749 2772 2817 2827 Μ.
2844 2773 2906 2828 F.
2939 2775 3202 2844 Octavius,
3245 2787 3298 2832 et
3334 2776 3478 2833 Οωε.
3512 2777 3620 2851 Cy-

2012 2854 2184 2924 priani
2235 2858 2372 2914 liber
2418 2846 2482 2916 de
2520 2861 2791 2918 ldo/orum
2835 2863 3100 2934 Vanitate;
3140 2869 3307 2925 editio
3359 2885 3494 2926 nova
3547 2846 3618 2927 ad

2011 2946 2173 3004 ﬁdem
2207 2960 2451 3009 veterum
2507 2959 2919 3030 exemplarium,
2967 2977 3031 3018 ex
3065 2965 3384 3020 recensione
3407 2975 3463 3021 et
3491 2981 3617 3022 cum

2011 3039 2477 3101 observationibus
2510 3046 2634 3103 Nic.
2669 3049 2904 3122 Rigaltii.
2937 3053 3089 3110 None
3119 3067 3243 3111 sunt
3276 3073 3478 3127 paucae,
3519 3060 3618 3115 sed

2012 3134 2238 3190 eruditae
2269 3146 2324 3191 et
2359 3152 2519 3208 aptae,
2567 3150 2624 3195 ut
2674 3143 2849 3199 solent
2897 3145 3150 3217 Rigaltii;
3203 3151 3480 3220 prtemissa
3531 3162 3619 3207 est

2013 3227 2084 3284 de
2113 3232 2274 3286 variis
2301 3232 2634 3290 editionibus
2664 3237 2861 3293 Octavii
2887 3240 3173 3298 Minuciani
3204 3243 3618 3314 prmfatiuncula

2012 3327 2232 3397 egregio
2281 3329 2491 3398 judicio
2541 3341 2598 3386 et
2651 3333 2917 3391 modestia
2970 3339 3296 3408 conscripta.
3359 3337 3618 3396 Codicem

2013 3417 2217 3488 regium
2271 3435 2489 3491 quoque
2533 3423 2731 3482 iterum
2776 3428 3093 3499 studiosius,
3126 3447 3226 3488 nec
3266 3431 3382 3489 sine
3435 3432 3616 3492 l'ruetu

2013 3510 2276 3583 Rigaltius
2302 3513 2564 3573 adhibuit.

2730 3613 2892 3670 1645.

2085 3696 2420 3756 RIGAL'rtANA
2467 3702 2530 3757 II.
2566 3703 2738 3776 Lugd.
2767 3706 2883 3761 Bat.
2911 3722 2977 3763 ex
3005 3709 3096 3766 oll'.
3122 3709 3260 3766 Justi
3292 3710 3449 3781 Livii,
3483 3711 3618 3770 ino8'

2014 3785 2052 3843 f.
2088 3789 2173 3844 19..
2205 3790 2273 3845 M.
2294 3791 2362 3847 Μ.
2389 3793 2450 3848 F.
2488 3794 2602 3850 Oct.
2627 3794 2768 3852 ϐαθεῖ.
2793 3797 2956 3870 Cypr.
2975 3801 3038 3854 de
3062 3800 3086 3855 I
3095 3803 3327 3858 dolorum
3360 3805 3615 3878 Vanitatc,

2012 3894 2136 3936 cum
2176 3885 2647 3944 observationibus
2676 3889 2792 3945 Nic.
2829 3891 3079 3963 Itigaltii;
3113 3905 3168 3951 et
3207 3897 3379 3954 Julius
3420 3900 3620 3956 Firmi-

2013 3989 2110 4029 cus
2156 3975 2219 4031 de
2262 3983 2483 4051 profana
2527 3997 2588 4034 ac
2635 3998 2752 4037 vera
2798 3983 3086 4056 Retigione,
3135 4003 3257 4044 cum
3298 3992 3438 4047 notis
3473 3993 3615 4049 aJo.

2014 4066 2280 4137 Wowcr.,
2324 4088 2425 4126 una
2455 4087 2576 4127 cum
2609 4090 2748 4130 novo
2777 4076 2977 4133 Indice.
3018 4111 3088 4119 —
3125 4080 3228 4136 Jul.
3260 4082 3526 4140 Firmicus
3546 4103 3617 4142 ex

2014 4163 2333 4218 recensione
2382 4163 2639 4221 Wowerii
2691 4169 3017 4239 peculiarem
3073 4173 3288 4230 titulum
3340 4177 3500 4233 habet
3552 4194 3618 4235 ac

2012 4253 2238 4309 seorsim
2263 4255 2380 4310 sisti
2403 4266 2597 4327 potest.
2619 4258 2860 4332 Uterque
2882 4263 3018 4320 liber
3048 4280 3147 4336 pro
3166 4269 3383 4332 ratione
3410 4269 3616 4325 Biblio-

2013 4347 2150 4417 polae
2195 4356 2413 4402 curatus
2456 4359 2558 4405 est.
2599 4350 2681 4407 Ad
2729 4353 3010 4410 Minutium
3065 4359 3357 4428 pertinent,
3411 4373 3619 4433 prmter

2014 4437 2229 4511 Rigaltii
2283 4439 2338 4496 in
2393 4441 2675 4500 Minutium
2725 4456 2780 4501 et
2834 4447 3162 4520 Cyprianum
3213 4456 3616 4523 annotationes,

2013 4533 2283 4591 indiculus
2323 4536 2632 4607 verborum,
2662 4549 2719 4596 et
2761 4541 3004 4600 Balduini
3037 4547 3440 4618 prolegomena,
3472 4550 3615 4622 typis

2014 4626 2209 4684 iterum
2241 4628 2539 4703 exscripta.

2731 4727 2891 4786 1645.

2085 4837 2417 4896 PABISIENSIS
2443 4840 2559 4908 VII,
2593 4840 2928 4900 RIGALTIANA
2954 4843 3019 4900 II.
3041 4847 3294 4916 Lutetiae,
3325 4864 3412 4920 ap.
3441 4849 3609 4905 Math.

2015 4931 2239 5004 Dupuis,
2272 4935 2438 5003 in-IO;
2490 4936 2679 4992 iterata
2710 4937 3011 5011 Rigaltiana
3043 4939 3258 4999 Fabric.
3301 4943 3422 5016 (De!
3447 4943 3608 5018 Argg.

2012 5042 2065 5100 ν’
2097 5026 2252 5102 216⁸)
2731 5103 2890 5163 1648.

2081 5189 2340 5250 CLAssmA
2362 5195 2402 5249 I.
2423 5195 2765 5270 Rothomagi,
2784 5216 2871 5271 ap.
2891 5199 2978 5257 Jo.
2995 5201 3046 5257 le
3070 5201 3416 5275 Boullenger,
3438 5203 3608 5260 in-12.

2009 5284 2081 5342 Μ.
2110 5285 2180 5340 Μ.
2205 5287 2320 5343 Fel.
2353 5286 2614 5346 Octavius.
2635 5291 2838 5350 Textus
2869 5298 2922 5350 in
2954 5309 3108 5352 usum
3139 5296 3349 5369 collegii
3375 5298 3609 5355 societa-

2009 5376 2078 5435 tis
2102 5377 2253 5448 Jesu,
2284 5379 2606 5455 Rethomagi
2635 5385 2962 5457 exscriptus.

2732 5481 2895 5537 1652.

2081 5568 2393 5627 OnzsLtANA
2419 5572 2458 5627 Ι.
2489 5571 2661 5644 Lugd.
2695 5575 2813 5632 Bat.
2849 5593 2916 5634 ex
2941 5579 3033 5635 oll‘.
3075 5579 3162 5637 Jo.
3195 5581 3382 5650 Maire,
3439 5582 3604 5640 in-L‘.

2008 5657 2140 5715 Cum
2172 5660 2396 5733 integris
2420 5666 2660 5720 omnium
2685 5667 2827 5723 notis
2851 5683 2916 5725 ac
2935 5674 3338 5730 commentariis
3359 5690 3608 5746 novaque

2007 5755 2327 5813 recensione
2366 5757 2485 5818 Jac.
2514 5759 2752 5832 Ouzclii;
2798 5765 2955 5836 cujus
2981 5777 3036 5823 et
3066 5769 3330 5826 accedunt
3354 5771 3606 5827 animad-

2011 5847 2323 5921 versiones;
2377 5865 2493 5911 acc.
2546 5865 2807 5926 praeterea
2860 5859 2998 5918 liber
3042 5859 3167 5919 Julii
3219 5861 3436 5923 Firmici
3493 5865 3606 5921 Ma;
