4050 6308
295 323 393 364 ιιι

291 425 442 483 terni
470 426 536 483 ν.
562 426 623 484 C.
650 429 714 486 de
744 429 935 489 Errare
961 436 1296 507 profanarum
1325 441 1671 516 Religionum.
1698 478 1768 488 —
1790 447 1898 505 Fu-

289 519 533 576 tilissimi
602 521 764 594 hujus
832 534 1274 591 commentatoris
1327 544 1572 594 notarum
1639 541 1900 600 colluvies

289 615 670 674 immensitate
696 633 789 674 sua
833 621 1164 694 reliquorum
1193 629 1430 685 omnium
1472 633 1630 704 longe
1659 646 1895 707 superat.

286 707 378 764 Ad
408 709 621 780 singula
654 711 868 769 Minucii
918 718 1085 774 verba
1133 722 1498 796 undicumque
1546 728 1724 782 omnia
1772 739 1896 800 apta

287 801 478 871 inepta
530 801 837 862 incredibili
867 816 1093 880 stupore
1144 823 1199 871 et
1251 816 1612 888 imprudentia
1672 836 1894 878 corrosa

288 903 437 950 sunt.
477 894 587 952 Nec
615 914 745 954 vero
789 913 856 954 ex
907 907 1126 974 proprio
1179 910 1394 980 quidem
1442 913 1684 971 lectionis
1727 931 1892 987 penu,

293 989 392 1044 sed
436 989 666 1050 aliorum
717 999 810 1069 qui
857 1000 1016 1074 longe
1056 1003 1162 1059 alio
1202 1005 1430 1060 consilio
1459 1008 1700 1078 congesti
1739 1020 1894 1066 erant

297 1085 538 1144 cumulis.
567 1089 723 1157 Quod
768 1093 833 1149 ad
878 1104 1080 1154 textum
1127 1100 1356 1170 attinet,
1389 1102 1438 1156 in
1467 1102 1812 1159 distinctione
1838 1115 1892 1162 et

291 1176 732 1249 interpunctione
754 1189 1041 1247 verborum
1063 1193 1229 1250 multa
1246 1209 1307 1251 se
1336 1197 1548 1267 egregia
1573 1197 1890 1268 praestitisse

283 1270 589 1340 gloriatur,
642 1278 712 1334 de
773 1283 967 1352 quibus
1020 1301 1187 1358 penes
1237 1288 1374 1345 alios
1437 1300 1555 1346 esto
1604 1291 1884 1361 judicium.

283 1362 570 1436 Inscripsit
599 1368 851 1430 Ouzelius
880 1392 1016 1447 opus
1052 1394 1209 1434 suum
1239 1380 1526 1438 Cbristinae
1567 1381 1885 1442 Succorum;

280 1454 556 1515 Firmicns
581 1476 646 1518 ex
672 1462 934 1524 Wowerii
985 1473 1305 1532 recensione
1334 1484 1390 1532 et
1434 1475 1596 1534 unius
1624 1476 1886 1537 Wowerii

275 1550 843 1616 animadversionibus
872 1561 1048 1621 editus
1068 1575 1169 1622 est.

1005 1657 1167 1716 1666;

351 1758 510 1821 Enrr.
544 1762 874 1826 PARISIENSIS
905 1771 1038 1829 VIII.
1078 1773 1324 1847 Parisiis,
1371 1794 1459 1850 ap.
1515 1779 1602 1837 Jo.
1653 1779 1879 1857 Dupuis.

273 1852 478 1926 in—t'ol.,
506 1872 630 1914 cum
659 1856 911 1934 Cypriani
939 1868 1215 1938 operibus,
1244 1886 1313 1927 ex
1342 1872 1433 1931 ed.
1464 1874 1678 1932 Priorii.

914 1959 1239 2020 1671-1672.

351 2043 407 2100 S.
436 2045 492 2102 S.
526 2044 789 2118 Cornelii,
815 2052 988 2124 Lucii,
1022 2056 1281 2130 Stephani
1303 2071 1358 2117 et
1384 2064 1609 2120 aliorum
1640 2066 1883 2138 epistola:

275 2136 331 2193 in
361 2140 575 2198 Collect.
622 2148 886 2205 concitior.
927 2167 1056 2210 cura
1083 2153 1142 2212 P.
1177 2155 1236 2210 P.
1267 2156 1487 2216 Labbaci
1537 2170 1590 2217 et
1637 2136 1878 2221 Cossart.

280 2230 418 2289 edita
449 2235 649 2305 Paris,
677 2240 702 2294 1
734 2243 843 2300 vol.
874 2245 1062 2302 in-t'ol.

1010 2339 1165 2396 1672.

346 2424 664 2486 OUZELIANA
711 2429 776 2486 ll.
805 2432 976 2506 Lugd.
1009 2438 1129 2493 Bat.
1151 2453 1220 2496 ex
1259 2440 1348 2496 otl‘.
1379 2442 1651 2502 Hackiana
1683 2465 1694 2502 :
1722 2464 1878 2520 repe-

278 2515 370 2570 tita
401 2518 721 2591 Ouzeliana,
746 2541 845 2582 nec
876 2538 1053 2586 tamen
1085 2532 1151 2588 ad
1184 2550 1414 2606 unguem
1455 2551 1876 2612 repraesentata;

275 2609 370 2664 sed
415 2613 559 2683 quod
610 2615 889 2685 ingeniose
919 2638 948 2677 a
981 2627 1328 2698 typographis
1369 2635 1729 2703 excogitatum
1760 2609 1877 2704 est,

275 2711 525 2759 notarum
560 2709 802 2764 omnium
830 2718 1133 2786 congeries,
1162 2735 1281 2790 quae
1309 2721 1360 2776 in
1394 2724 1558 2793 priori
1591 2725 1878 2786 Ouzeliana

276 2806 402 2866 post
432 2806 642 2854 textum
670 2817 861 2873 agmen
905 2807 1152 2876 ducebat,
1199 2812 1284 2868 hic
1313 2815 1486 2884 ipsum
1516 2829 1717 2874 textum
1759 2838 1879 2893 pre-

276 2892 409 2957 mit,
465 2901 526 2948 ut
576 2898 772 2968 saepius
819 2900 974 2958 lineis
1000 2905 1190 2962 iisdem
1241 2910 1420 2965 sexies
1449 2922 1503 2968 et
1531 2914 1762 2983 amplius
1809 2917 1877 2973 ad

277 2985 614 3056 singulorum
667 3002 986 3064 auctorum,
1046 2999 1137 3069 qui
1185 3004 1424 3058 numeris
1477 3005 1878 3078 distinguuntur

285 3077 772 3140 animadversiones
789 3089 1034 3159 repetitis
1055 3093 1140 3148 vix
1160 3103 1362 3151 textum
1386 3113 1496 3167 prte
1517 3109 1662 3156 textu
1679 3103 1873 3175 digno-

293 3183 453 3226 scere
483 3176 667 3242 possis;
695 3178 764 3236 De
800 3197 950 3238 novo
994 3184 1329 3256 adjecerunt,
1381 3194 1640 3249 membris
1689 3197 1872 3254 itidem

289 3261 584 3333 distractis,
628 3269 839 3330 Meursii
869 3275 1117 3334 criticum
1147 3280 1518 3341 Minutianutn.
1551 3287 1704 3356 Quod
1735 3290 1872 3362 lepi-

278 3356 563 3416 dissimum
610 3364 840 3439 denique
869 3371 1084 3440 accidit,
1115 3376 1320 3433 medias
1357 3379 1499 3436 inter
1542 3383 1872 3452 reliquorum

270 3467 763 3518 commentatorum
811 3467 1307 3530 animadvertiones
1360 3475 1548 3532 titulus
1605 3479 1870 3538 variarum

268 3547 565 3607 lectionum
589 3557 815 3612 seorsim
843 3562 1191 3630 conspicitur,
1221 3583 1338 3638 qua:
1372 3569 1513 3627 unde
1535 3571 1710 3628 allata:
1738 3574 1867 3641 sint,

264 3641 354 3696 vix
387 3642 678 3715 divinabis,
718 3651 820 3706 nisi
867 3655 1083 3723 penitus
1129 3657 1220 3713 tibi
1249 3670 1529 3730 perspecta
1556 3665 1626 3718 sit
1673 3665 1872 3722 biblio-

261 3736 404 3805 pola:
455 3737 618 3808 hujus
669 3741 723 3797 in
770 3747 1081 3802 exornanda
1136 3749 1237 3807 hac
1289 3753 1528 3811 editione
1585 3759 1865 3817 sedulitas.-

263 3826 533 3886 Videlicet
584 3835 749 3889 variae
795 3837 1051 3895 lectiones
1094 3853 1221 3899 sunt
1271 3849 1495 3903 scorsim
1547 3850 1613 3906 ad
1662 3852 1867 3910 calcem

260 3921 520 3980 editionis
547 3941 662 3982 sua:
691 3930 762 3984 ab
790 3929 1185 3990 Elmenhorstio
1229 3941 1503 4008 exhibitm,
1551 3959 1684 4013 quas
1726 3945 1869 4002 sicut

257 4015 356 4072 ille
406 4033 474 4073 ex
533 4021 761 4093 singulis
818 4025 1052 4095 priorum
1111 4030 1376 4088 editorum
1431 4038 1868 4095 annotationibus

254 4107 592 4180 collegerat,
644 4114 715 4169 ita
757 4125 811 4172 et
851 4119 964 4173 suis
1017 4119 1148 4179 locis
1196 4127 1454 4198 singulas,
1510 4138 1563 4184 et
1611 4130 1866 4188 collectas

259 4200 464 4259 iterum
495 4209 638 4278 typis
669 4212 1009 4273 mandarunt.

993 4311 1151 4371 1678.

332 4388 664 4451 Oxomsssts
692 4397 753 4453 ll.
787 4399 1121 4461 [liciarum
1162 4406 1246 4464 lll.
1279 4407 1522 4479 Oxonize,
1555 4426 1677 4467 cum
1722 4415 1864 4471 uotis

251 4481 358 4539 Nic
386 4485 625 4558 Rigaltii.
673 4491 941 4566 (Giorttale
987 4499 1041 4554 di
1075 4499 1262 4570 Roma,
1297 4503 1458 4572 1679,
1490 4519 1543 4576 p.
1580 4506 1702 4562 157.
1749 4506 1860 4563 Fa-

252 4579 384 4635 bric.
415 4581 451 4636 ι.
481 4583 547 4653 l.)

977 4684 1138 4742 1682.

261 4755 274 4768 ’
328 4774 534 4831 Vaasw
551 4775 787 4834 ANGUCA
814 4776 878 4833 ll.
903 4778 946 4834 A
975 4780 1247 4853 Dialogue,
1275 4781 1343 4855 by
1365 4783 1578 4840 Marcus
1603 4786 1863 4844 Minucius

248 4866 453 4935 Felix,
511 4870 804 4926 translated
870 4871 984 4928 into
1051 4875 1296 4945 english,
1344 4875 1412 4948 by
1485 4878 1544 4933 P.
1599 4879 1856 4948 Lorrain;

248 4963 505 5035 London,
555 4965 730 5023 in-8°.
777 4966 980 5026 Eodem
1033 4971 1258 5042 repetita
1311 4985 1456 5028 anno
1506 4973 1668 5043 1695,
1724 4975 1854 5032 ibid.

248 5057 434 5113 iri-12.

977 5132 1136 5190 1685.

331 5221 435 5278 Eo.
470 5221 834 5282 HOLLANDICA.
884 5227 1183 5285 Amstelod.
1234 5230 1413 5301 iii-19,
1467 5249 1589 5290 cum
1635 5250 1772 5291 nova
1801 5245 1857 5293 et

246 5319 458 5388 optima
488 5319 732 5374 omnium
761 5336 822 5376 ac
850 5323 1121 5378 rarissima
1148 5327 1430 5384 recusione
1454 5329 1717 5387 versionis
1745 5331 1855 5403 gal-

245 5407 372 5466 lica:
402 5410 735 5468 Ablancurtii
763 5428 794 5468 e
818 5415 1040 5486 regione
1068 5426 1245 5474 textus
1270 5419 1481 5490 positae.

981 5509 1140 5568 1685.

322 5596 473 5653 Petri
499 5597 720 5656 Antonii
755 5601 1072 5670 Burchardi,
1105 5604 1430 5663 Slevicensis
1456 5607 1760 5666 Dissertatio
1789 5613 1854 5670 de

247 5689 507 5761 Hiuacio,
538 5709 695 5765 quam
748 5695 991 5752 tltesibus
1027 5714 1092 5754 ex
1136 5700 1254 5771 ejus
1278 5701 1472 5758 libellis
1493 5707 1759 5777 excerptis
1798 5718 1852 5763 et

243 5781 704 5844 Chrestontathia:
731 5790 1050 5847 Minucianze
1082 5795 1362 5864 prtemisit,
1392 5797 1491 5852 sub
1515 5798 1616 5856 hoc
1645 5801 1797 5856 titulo
1831 5819 1844 5856 :

215 5897 220 5900 ·
249 5876 330 5935 ιι.
364 5878 582 5938 Minucii
609 5880 799 5944 Felicis
827 5884 1088 5958 Octavius,
1119 5904 1218 5947 non
1249 5892 1596 5969 ortavuslibcr
1615 5895 1846 5964 Arnobt'i,

1719 328 2110 391 PREFATIO.
3575 377 3612 423 ι.

2007 466 2096 505 seu
2121 453 2530 525 elegantissimus
2559 459 2780 519 Minucii
2807 482 2903 537 pro
2929 469 3140 528 veritate
3167 474 3429 547 religionis
3471 479 3612 536 chri-

2003 547 2188 604 stiana:
2231 550 2490 626 dialogus,
2538 559 2592 612 in
2618 559 2781 616 theses
2825 563 3065 635 digestus,
3115 586 3244 640 quas
3283 572 3459 628 habuit
3486 590 3611 642 prte-

2000 638 2112 693 side
2151 639 2216 695 B.
2267 643 2334 699 ο.
2385 645 2677 707 Kortholto.
2735 638 3206 727 (Kiloniae,in—1'.
3240 662 3371 721 Vide
3400 638 3607 726 Molteri

2001 728 2224 788 Cimbria
2252 735 2406 792 litter.
2437 738 2476 806 Ι,
2510 740 2629 816 81.)

2720 842 2878 900 1689.

2070 920 2167 979 SS.
2213 923 2530 995 Felicitatis,
2587 932 2870 1003 Perpetua:
2913 947 2965 994 et
3014 940 3113 997 SS.
3141 941 3435 1016 Martyrum
3462 945 3604 1020 lpas-

1993 1013 2097 1080 sio,
2151 1015 2292 1073 inter
2339 1021 2468 1077 Acta
2515 1025 2715 1081 sincera
2761 1029 3074 1102 Martyrum,
3109 1051 3239 1091 cura
3281 1013 3354 1094 iD.
3388 1039 3598 1096 Tlteod.

1996 1107 2260 1167 Ruinartii
2287 1113 2428 1170 edita
2458 1117 2652 1188 Paris.;
2688 1121 2851 1190 ἰη-ιίο,
2880 1128 3106 1197 repetita
3133 1127 3440 1189 Amstelod.
3470 1148 3599 1191 ann.

1994 1199 2152 1271 1715,
2184 1203 2384 1263 Veron.
2420 1209 2577 1267 1751.

2719 1309 2880 1366 1689.

2061 1387 2359 1450 LIPSIENSIS
2412 1396 2450 1451 Ι.
2501 1397 2727 1471 Lipsiae,
2765 1403 2938 1472 itu-12,
2975 1419 3096 1462 cum
3127 1411 3377 1468 versione
3405 1413 3596 1484 gallica

1987 1479 2604 1562 Ablaneurtiieregione
2623 1502 2800 1551 textus
2828 1499 3016 1566 posita.
3051 1499 3265 1573 (Fabric
3305 1505 3340 1560 l.
3372 1479 3596 1581 l.'217.)

2715 1588 2874 1646 1696.

1990 1688 2001 1698 ·
2074 1670 2273 1733 VERSIO
2329 1675 2674 1737 HOLLANDICA
2731 1682 2814 1753 Il,
2870 1700 2938 1742 ex
2999 1687 3141 1760 typis
3197 1689 3593 1764 Elzevirianis,

1985 1764 2150 1823 ἰπὶ-12.

2699 1852 2859 1911 1698.

2055 1933 2118 1990 L.
2152 1935 2214 1992 E.
2246 1938 2444 2011 Dupin,
2476 1941 2543 2000 de
2589 1945 2842 2018 Minucio,
2891 1950 2943 2005 in
2973 1965 3113 2008 nova
3144 1952 3400 2014 Bibliotb.
3431 1956 3590 2015 Auct.

1982 2026 2374 2102 Ecclesiastic.,
2405 2044 2537 2092 tom.
2568 2054 2604 2107 ι,
2635 2040 2792 2098 in-d'.

2720 2135 2874 2194 1699.

2057 2217 2320 2278 Hannnsrs
2348 2223 2398 2290 Ι,
2429 2224 2686 2285 CLASSICA
2734 2230 2798 2287 II.
2832 2231 3042 2301 Halas.,
3075 2245 3298 2309 sumptt.
3329 2238 3411 2296 ιο.
3439 2239 3588 2298 Frid.

1983 2307 2202 2368 Zeitleri
2223 2324 2279 2370 et
2309 2315 2475 2373 Henr.
2510 2319 2773 2393 Musselii,
2803 2326 2976 2383 ius».
3010 2307 3226 2388 Minucii
3263 2332 3507 2391 Octavius
3536 2346 3591 2393 et

1981 2404 2273 2478 Cypriani;
2308 2421 2534 2484 uterque
2562 2420 2866 2476 recensitus
2882 2432 2938 2478 et
2959 2423 3257 2483 illustratus
3285 2442 3314 2482 a
3341 2427 3588 2486 Christo-

1985 2499 2159 2570 phoro
2205 2500 2532 2562 Cellario.—
2557 2509 2684 2566 Usui
2742 2514 3083 2585 scholarum,
3149 2535 3269 2588 qum
3317 2532 3434 2578 erat
3484 2524 3586 2580 viri

1983 2591 2142 2663 hujus
2171 2597 2376 2666 optime
2403 2602 2581 2656 meriti
2621 2602 2689 2659 de
2717 2605 3002 2674 jnventute
3041 2609 3334 2680 sedulitas,
3371 2615 3585 2671 consul-

1984 2694 2156 2755 turus,
2200 2699 2405 2750 textum
2459 2695 2670 2752 Minucii
2700 2714 2764 2755 ex
2815 2703 3158 2772 superiorum
3189 2706 3454 2763 editorum
3485 2724 3585 2766 nec

1983 2793 2089 2834 non
2116 2779 2202 2835 Jo.
2234 2781 2384 2839 Frid.
2438 2786 2714 2858 Gronovii,
2764 2793 2850 2848 cui
2897 2793 3096 2863 primas
3136 2799 3330 2854 merito
3374 2799 3581 2870 defert,

1981 2872 2378 2932 animadversis
2445 2882 2870 2941 emendatiorem
2943 2889 3318 2946 excudendum
3377 2895 3585 2950 curavit

1979 2967 2530 3043 annotationibusque
2552 2990 2659 3030 non
2680 2977 2863 3034 multis
2888 2990 2940 3035 et
2966 2982 3212 3051 prolixis,
3237 2983 3330 3039 sed
3352 2985 3580 3055 egregiis

1977 3068 2033 3116 et
2060 3061 2207 3118 nullo
2237 3079 2343 3120 non
2378 3074 2619 3138 tempore
2647 3072 2951 3143 legentibus
3006 3077 3300 3148 profuturis
3344 3082 3580 3151 explica-

1975 3154 2089 3224 vit,
2145 3173 2264 3228 qute
2305 3160 2388 3217 vel
2443 3161 2512 3217 ad
2564 3163 2847 3222 lectionem
2903 3169 3100 3241 ipsam,
3155 3173 3236 3227 vel
3297 3172 3576 3232 historiam

1975 3259 2137 3322 atque
2186 3253 2418 3324 fabulas,
2469 3259 2557 3314 vel
2611 3260 2844 3332 denique
2889 3264 3203 3322 latinitatem
3234 3278 3570 3340 spectarent,

1975 3343 2230 3416 Cypriani
2287 3349 2524 3406 libellum
2575 3353 2640 3408 ad
2694 3355 2953 3414 Wowerii
3003 3361 3305 3430 exemplum
3353 3362 3571 3434 adjecit,

1975 3437 2211 3512 itemque
2272 3443 2519 3502 Baldnini
2565 3448 3037 3520 dissertationem;
3088 3455 3319 3528 denique
3364 3459 3417 3513 in
3468 3458 3574 3515 line

1973 3545 2357 3605 accesserunt,
2404 3541 2545 3610 quod
2597 3543 2775 3598 serius
2827 3555 2881 3600 et
2936 3558 3082 3603 textu
3135 3549 3244 3619 jam
3301 3551 3573 3619 exscripto

1971 3623 2188 3682 demum
2219 3631 2379 3687 allata
2427 3645 2630 3701 essent,
2659 3636 2946 3695 observata
2977 3641 3222 3712 quaedam
3266 3641 3387 3698 Jac.
3424 3641 3574 3698 Peri-

1969 3721 2126 3774 zonii.
2161 3721 2463 3795 Postremo,
2509 3745 2630 3800 quae
2660 3731 2802 3787 haud
2828 3733 3047 3789 minima
3095 3735 3214 3790 libri
3256 3735 3354 3792 dos
3385 3744 3488 3800 est,
3519 3736 3572 3791 in

1969 3813 2198 3884 capitula
2242 3827 2296 3872 et
2343 3823 2712 3893 paragraphos
2767 3833 2892 3896 apte
2957 3835 3160 3882 textum
3210 3826 3568 3883 Minucianum

1971 3907 2176 3976 primus
2202 3909 2506 3984 descripsit.

2567 4046 2785 4089 SECULO
2824 4048 2978 4090 XVIII;

2686 4145 2842 4202 1705.

2041 4230 2206 4287 Vsus.
2231 4232 2468 4291 Ancum
2495 4235 2581 4292 lll.
2609 4239 2649 4293 Α
2673 4239 2950 4311 Dialogue,
2979 4241 3044 4313 by
3072 4241 3281 4297 Marcus
3303 4242 3568 4298 Minucius

1967 4322 2119 4379 Felix
2140 4326 2433 4384 translated
2457 4329 2570 4386 into
2595 4332 2856 4404 englisch,
2886 4333 2952 4407 by
2975 4334 3046 4390 Μ.
3070 4333 3296 4393 Combe.
3318 4335 3563 4403 London,

1967 4418 2134 4475 in-SO.

2671 4499 2853 4556 1707.‘

2038 4583 2141 4640 Eo.
2164 4584 2480 4654 DAVtsutm,
2505 4585 2765 4646 CLASSICA
2782 4591 2869 4648 lll.
2891 4591 3245 4665 Cantabrigia:
3271 4593 3412 4666 typis
3439 4607 3563 4650 aca-

1965 4673 2209 4743 demicis,
2234 4677 2475 4750 impensa
2499 4679 2583 4736 Jo.
2604 4681 2813 4750 Owcni,
2841 4684 3293 4742 in-8°.—Minucii
3320 4685 3563 4742 Octavius

1962 4781 2086 4822 cum
2115 4770 2338 4842 integris
2363 4773 2837 4833 observationibus
2864 4777 2980 4834 Nic.
3017 4779 3233 4851 Rigaltii
3265 4787 3320 4835 et
3343 4781 3558 4835 seleCtis

1962 4861 2192 4919 aliorum
2218 4868 2492 4922 recensuit
2517 4884 2750 4941 suasque
2779 4883 2936 4926 notas
2961 4871 3158 4942 adjecit
3183 4872 3266 4927 Jo.
3291 4872 3556 4928 Davisius.

1961 4957 2394 5016 —Prtemittitur
2415 4962 2608 5020 Frauc.
2636 4965 2886 5021 Baldnini
2906 4966 3239 5029 dissertatio.
3267 4983 3560 5035 rerumque

1961 5058 2018 5105 et
2045 5051 2330 5110 latinitatis
2375 5054 2583 5112 indices
2617 5059 3031 5114 subnectuntur.
3065 5059 3333 5128 Quoniam
3375 5069 3557 5116 autem

1960 5140 2252 5214 Rigaltium
2275 5146 2606 5219 reliquorum
2636 5151 2846 5207 Minucii
2871 5150 3228 5222 interpretum
3249 5168 3439 5224 agmen
3458 5151 3558 5207 du-

1955 5249 2086 5292 cere
2117 5238 2362 5296 Davisius
2388 5244 2668 5310 censebat,
2695 5260 3019 5315 quamquam
3049 5260 3156 5300 non
3187 5246 3255 5301 ab
3283 5251 3427 5300 omni
3455 5244 3554 5299 ha-

1957 5329 2233 5388 lucinandi
2284 5335 2530 5406 periculo
2581 5353 2704 5393 eum
2743 5349 2912 5394 tutum
2959 5355 3081 5396 esse
3124 5339 3393 5406 concedit,
3438 5339 3556 5410 cjtts

1955 5439 2069 5496 prae
2109 5427 2330 5499 reliquis
2365 5445 2552 5485 curam
2596 5431 2800 5487 habuit.
2828 5432 2934 5489 Sed
2975 5450 3075 5490 nec
3115 5435 3251 5489 alios
3289 5433 3549 5504 neglexit,

1956 5537 2056 5578 nec
2083 5522 2219 5577 adeo
2243 5539 2306 5579 ea
2339 5524 2608 5580 interdum
2645 5527 2881 5599 effugere
2923 5545 3112 5598 passus
3155 5540 3258 5597 est,
3302 5546 3421 5600 qua:
3447 5529 3552 5586 viri

1954 5613 2097 5670 docti
2123 5616 2321 5686 passim
2348 5617 2490 5673 aliud
2521 5629 2744 5690 agentes
2775 5621 2844 5677 de
2880 5621 3115 5678 Minucio
3147 5623 3548 5688 ohscrvassent,

1954 5709 2000 5764 si
2029 5725 2132 5779 qua
2163 5710 2352 5766 harum
2385 5713 2916 5772 animadversionum
2953 5717 3164 5772 utilitas
3189 5732 3311 5773 esse
3343 5727 3544 5787 posset.

1951 5801 2155 5858 Textus
2185 5803 2620 5862 distributionem
2647 5825 2676 5862 a
2703 5806 2944 5865 Cellario
2963 5809 3257 5879 adoptavit.
3278 5807 3546 5862 Caeterum

1958 5897 2246 5956 admodum
2279 5899 2526 5960 modeste
2553 5901 2618 5960 de
2659 5919 2824 5971 opera
2870 5917 2965 5960 sua
2997 5901 3162 5960 sentit
3191 5901 3268 5958 vir
3298 5900 3550 5957 doctissii-
