4050 6308
427 295 478 337 ιι
1835 285 2232 346 PMFA'I‘IO.
3661 319 3748 361 ut

429 409 571 461 mus,
591 407 713 466 quae
733 392 800 449 ad
820 393 1077 464 juvenum
1100 393 1312 466 ingenia
1331 395 1626 454 erudienda
1642 404 1697 455 et
1716 399 2028 459 exacuenda

428 497 540 562 prae
563 480 746 544 multis
771 483 1005 544 altorum
1036 496 1120 545 est
1149 481 1456 546 utilissima.

1150 596 1309 653 1708.

503 682 670 745 Vens.
703 683 942 747 ANGLlCA
994 679 1082 746 IV.
1115 688 1185 744 Μ.
1219 685 1481 746 Minucius
1538 691 1738 749 Felix’s
1791 693 2031 752 Octavius

429 783 536 838 and
560 783 908 841 Tertullian’s
927 784 1161 858 Apology
1188 784 1273 841 for
1297 785 1387 842 the
1417 786 1688 858 pritnitivc
1705 788 2027 848 Christiane.

433 877 681 946 London,
724 877 890 935 in-8°.

1146 982 1307 1039 1709.

506 1073 603 1131 Ει).
637 1074 1006 1133 Gnoaovmns.
1036 1076 1206 1148 Lugd.
1253 1078 1370 1132 Bat.
1403 1093 1490 1148 ap.
1519 1077 1682 1134 Corn.
1723 1080 2032 1137 Boutestein

434 1177 490 1222 et
516 1169 662 1225 Sam.
688 1167 1039 1225 Luchtmaur.
1069 1169 1232 1226 in-8°.
1266 1201 1338 1211 —
1363 1170 1581 1227 Minucii
1637 1172 1880 1229 Octavius
1910 1181 2035 1229 cum

438 1259 662 1330 integris
705 1259 970 1330 Woweri,
1016 1262 1434 1324 Elmenhorstii,
1479 1263 1698 1320 Heraldi
1730 1275 1783 1321 et
1821 1265 2036 1336 Rigaltii

439 1352 583 1409 netis
608 1352 951 1425 aliorumque
983 1353 1111 1411 hinc
1149 1355 1276 1411 inde
1317 1357 1564 1412 collectis
1607 1375 1673 1414 ex
1717 1359 2037 1415 recensione

437 1435 550 1501 Jac.
576 1441 857 1528 Gronovii,
878 1449 970 1519 qui
995 1449 1407 1506 emendationes
1427 1460 1481 1506 et
1506 1451 1893 1522 explicationes
1912 1461 2037 1509 suas

439 1539 659 1610 adjecit.
706 1541 929 1598 Accedit
973 1541 1115 1598 Care.
1169 1541 1471 1616 Cyprianus
1524 1557 1578 1601 et
1621 1546 1726 1602 Jul.
1769 1546 2038 1605 Firmicus

437 1632 734 1691 Maternus.
756 1663 830 1676 —
859 1635 1102 1692 Dandum
1135 1636 1388 1695 nimirum
1413 1650 1532 1695 erat
1574 1641 1884 1711 bibliopolis
1911 1642 2035 1711 hoc,

440 1739 590 1799 puto,
619 1740 676 1783 ut
703 1739 857 1785 notas
887 1730 1125 1786 virorum
1155 1748 1207 1787 tn
1251 1733 1406 1788 titulo
1435 1733 1772 1789 laudatorum
1803 1736 2039 1806 integras

440 1825 610 1892 repeti
641 1832 916 1894 pateretur
943 1823 1270 1893 Gronovius,
1298 1827 1387 1897 qui
1419 1827 1486 1883 de
1512 1828 1644 1898 ipsis
1666 1843 1816 1894 sane,
1846 1829 1889 1882 si
1919 1829 2040 1899 quis

441 1916 601 1983 alius,
634 1930 821 1972 veram
844 1919 1171 1974 sententiam
1196 1920 1339 1974 tulit.
1371 1919 1625 1977 Secundo
1647 1936 1780 1977 vero
1809 1921 2040 1978 consilio

440 2022 597 2064 curas
628 2009 961 2066 eruditorum
995 2011 1127 2067 loris
1149 2012 1202 2067 in
1231 2013 1516 2070 Minucium
1536 2013 1826 2081 exercitas,
1860 2011 1912 2069 id
1934 2017 2038 2081 est,

443 2105 826 2162 annotationes
857 2105 922 2161 ad
954 2106 1200 2164 diversos
1229 2120 1481 2164 auctores
1517 2109 1801 2164 occasione
1831 2109 1952 2164 data
1986 2109 2040 2164 in

441 2198 659 2254 Minucii
709 2199 852 2269 loca,
902 2214 998 2256 seu
1043 2209 1102 2256 ut
1144 2201 1479 2256 illustrarent
1523 2215 1620 2258 seu
1665 2201 2039 2268 emendarem,

442 2294 673 2364 scriptas
696 2293 1009 2366 diligentius
1038 2295 1370 2367 conquisitas
1397 2298 1657 2365 excussit,
1686 2311 1797 2368 quo
1821 2296 2043 2351 nomine

443 2385 705 2442 Pricteum
747 2386 813 2442 ad
843 2386 1129 2458 Apuleium
1172 2389 1226 2444 in
1271 2388 1456 2459 primis
1483 2390 1674 2460 ,tnagui
1721 2389 1870 2444 facit.
1903 2384 2042 2456 Quid

442 2477 557 2549 ipse
584 2478 747 2534 studii
777 2479 846 2535 ad
877 2479 1167 2537 Minucium
1211 2482 1524 2548 contulerit,
1555 2496 1622 2536 ex
1653 2481 1736 2536 his
1765 2480 1884 2551 ejus
1915 2493 2042 2534 ver-

443 2570 525 2626 bis
559 2571 762 2641 optime
795 2581 924 2641 puto
949 2573 1256 2628 constabit:
1289 2590 1308 2624 ‹
1343 2572 1509 2629 Insita
1533 2574 1760 2644 Dialogo
1796 2573 2043 2629 doctrina

443 2663 881 2735 suppeditaverat
926 2664 1150 2720 hilarem
1195 2665 1529 2733 ubertatem,
1579 2665 1773 2736 inquit.
1820 2665 2046 2736 Insuper

445 2772 658 2830 quoque
683 2758 964 2814 materiam
992 2758 1160 2816 libelli
1202 2759 1458 2829 gerebam
1499 2758 1777 2814 memorie
1805 2759 2043 2826 insitam,

446 2863 501 2910 et
520 2854 709 2910 aderat
726 2854 1002 2910 veneratio
1023 2855 1294 2910 sermonis
1313 2854 1466 2909 latini
1492 2863 1599 2909 tam
1621 2861 1769 2909 caste
1795 2853 1862 2908 ab
1884 2853 2050 2923 scrip-

449 2957 568 3005 tore
609 2952 872 3024 usurpati,
919 2961 975 3008 ut
1013 2953 1092 3008 sic
1133 2953 1190 3007 in
1234 2952 1464 3024 legendo
1507 2953 1657 3008 varia
1697 2960 1932 3019 secutus,
1978 2951 2046 3007 ad

447 3042 793 3099 collationem
838 3046 1108 3116 ingentem
1151 3044 1322 3100 forem
1364 3054 1663 3115 promptus.
1695 3045 1811 3100 Etsi
1851 3051 2048 3116 praeter

447 3134 697 3191 Sabaeum
739 3148 792 3192 et
819 3137 1099 3204 Ursinum,
1140 3147 1337 3209 prteter
1361 3139 1650 3194 Heraldum
1677 3149 1733 3196 et
1755 3139 2044 3211 Rigaltium

447 3226 718 3298 Josephus
748 3229 991 3301 Scaliger
1029 3246 1245 3301 quoque
1277 3240 1332 3286 et
1363 3231 1662 3287 Salmasius
1693 3245 1915 3302 operam
1948 3245 2045 3286 na-

448 3332 709 3378 vaverant
734 3324 1008 3380 oollationi
1037 3325 1240 3380 codicis
1266 3334 1394 3391 ms.,
1417 3325 1509 3396 qui
1535 3333 1617 3380 est
1647 3325 1897 3391 Lutetite,
1929 3323 2050 3380 nul-

448 3417 558 3471 lum
583 3427 762 3474 tamen
793 3419 930 3475 istuc
960 3419 1234 3490 proliciSci
1263 3436 1291 3473 a
1321 3420 1492 3475 multo
1517 3428 1764 3491 tempore
1787 3419 2045 3488 intellexi,

447 3525 608 3580 quem
646 3527 751 3566 non
779 3513 848 3568 ad
877 3513 1269 3584 inspiciendum
1300 3531 1489 3570 rursus
1524 3515 1774 3570 hortarer
1804 3526 1860 3569 et
1896 3515 2050 3570 insti-

448 3615 655 3677 garem.
687 3606 810 3663 Haec
838 3608 954 3679 ipsa
988 3607 1085 3663 fuit
1115 3609 1276 3665 etiam
1304 3610 1520 3664 occasio
1541 3621 1788 3664 accensae
1815 3609 2045 3665 acrimo-

449 3700 554 3754 uia:
582 3699 650 3755 ad
682 3701 827 3756 varia
859 3701 1265 3758 subolfacienda
1293 3711 1348 3757 et
1377 3711 1614 3759 veterem
1647 3715 1864 3758 manum
1894 3715 2052 3773 repo-

450 3791 682 3846 nendam
706 3800 798 3847 aut
825 3793 1200 3864 proferendam
1233 3796 1558 3851 sententiam
1577 3796 1882 3866 scriptoris,
1908 3797 2052 3854 unde

450 3883 774 3941 aberrabant
809 3887 920 3951 alii,
955 3903 1119 3958 quum
1152 3904 1212 3944 se
1252 3887 1561 3960 judicarent
1601 3890 1840 3945 maxime
1870 3889 2052 3946 felices

451 3989 505 4032 et
537 3993 776 4049 sagaces.
812 4000 830 4033 ι
862 3980 944 4034 Ad
994 3981 1166 4037 locum
1209 3998 1330 4052 cap.
1370 3999 1458 4037 xx:
1503 3982 1572 4038 de
1613 3984 1776 4038 Diana
1819 3982 2052 4054 Ephesia

451 4072 686 4127 verubus
713 4084 991 4132 exstructa
1009 4077 1270 4148 integram
1301 4077 1459 4133 Luca:
1477 4077 1742 4132 Holstenii
1771 4077 2048 4132 dissertat.

451 4169 732 4236 apposuit,
778 4169 990 4225 doctam
1036 4172 1219 4242 utique
1273 4180 1328 4228 ct
1372 4173 1701 4242 ingeniosam
1752 4186 1906 4234 sane,
1955 4168 2052 4225 sed

454 4257 607 4330 cujus
637 4259 776 4318 forte
820 4261 1158 4321 commodius
1201 4282 1410 4320 summa
1456 4276 1659 4321 tantum
1692 4265 2052 4321 adscribenda

453 4353 643 4411 luisset
673 4355 773 4428 (l).
799 4353 876 4412 Ne
903 4373 1032 4413 vero
1051 4367 1101 4414 te
1117 4349 1378 4426 oll‘entlat,
1407 4351 1546 4429 quod
1570 4367 1712 4414 totus
1743 4359 1813 4412 sit
1843 4357 1896 4412 in
1924 4373 2053 4413 exa-

451 4450 669 4521 gitando
691 4461 745 4506 et
772 4453 1093 4518 cavillando,
1131 4454 1220 4525 qui
1248 4455 1317 4509 ab
1342 4469 1408 4509 eo
1438 4454 1524 4508 vix
1557 4453 1823 4509 nominari
1852 4453 2050 4523 dignus

451 4554 571 4601 erat
621 4545 882 4612 Ouzelio,
939 4547 1197 4603 Jacobum
1257 4547 1587 4602 Gronovium
1643 4562 1803 4602 nosse
1859 4546 2047 4603 debes.

451 4636 712 4696 Nummos
741 4649 796 4696 et
823 4641 1022 4710 ﬁguras
1045 4656 1153 4696 sere
1189 4640 1388 4695 incisas
1416 4649 1548 4694 astas
1577 4639 1668 4701 illa
1694 4640 1745 4694 in
1769 4650 2049 4695 auctorum

452 4741 694 4788 veterum
741 4734 1069 4790 editionibus
1111 4735 1163 4790 in
1197 4733 1407 4790 deliciis
1450 4733 1720 4800 habebat;
1771 4733 1838 4790 ad
1882 4749 2041 4790 usum

454 4826 583 4884 nihil
607 4828 914 4885 conferunt.

1173 4920 1334 4978 1709.

524 5013 628 5070 Ed.
680 5014 856 5072 Prima
899 5015 1130 5074 seorsim
1181 5016 1302 5073 data
1354 5015 1710 5088 quorumdam
1768 5013 2051 5070 Novatiani

451 5121 699 5178 operum,
749 5109 852 5166 sub
897 5109 1001 5167 huc
1053 5109 1206 5167 titulo
1241 5127 1253 5165 :
1287 5108 1481 5166 Incerti
1511 5110 1734 5166 auctoris
1761 5108 1823 5163 de
1854 5107 2054 5180 Regula

461 5201 700 5258 Veritatis
724 5202 828 5258 sive
854 5202 1023 5268 Fidei,
1048 5206 1197 5275 vulgo
1221 5200 1503 5258 Novatiaui
1533 5203 1596 5256 de
1627 5201 1873 5256 Trinitate
1903 5201 2049 5270 liber,

451 5295 520 5348 ad
548 5294 772 5350 Pamelii
794 5297 948 5366 ﬁdem
977 5299 1299 5369 descriptus;
1324 5315 1413 5352 uec
1441 5298 1561 5352 ullis
1597 5295 2054 5350 animadversioni-

452 5390 542 5444 bus
569 5389 877 5458 illustratus,
936 5407 1060 5446 cura
1101 5392 1339 5448 William
1383 5390 1668 5447 Wltistou’s
1708 5390 1761 5442 in
1807 5389 2054 5444 Sermone

449 5484 554 5538 and
584 5500 759 5555 essays
783 5501 926 5554 upon
949 5487 1142 5540 several
1166 5487 1407 5551 subjects.

1087 5579 1419 5636 1709-1716.

527 5671 697 5729 Vens.
729 5672 967 5731 ANGLICA
993 5671 1060 5729 V.
1098 5671 1403 5728 Octavius...
1439 5670 1738 5730 translated
1779 5668 1938 5724 with.
1968 5682 2057 5726 no-

539 5786 644 5918 (ίέ
677 5785 809 5845 Vide
839 5802 1021 5860 supra,
1048 5785 1384 5844 curramdem
1415 5785 1677 5846 edendam
1699 5799 1818 5843 esse
1835 5782 2054 5842 duxeri-

539 5873 575 5917 l3
648 5875 736 5917 an.

453 5873 575 5917 mus
601 5873 736 5917 ΕΗΒ.

2319 404 2386 477 by
2416 405 2652 464 William
2683 410 2961 470 Reeves...
2991 413 3206 484 printed
3242 416 3375 471 wtth
3409 417 3501 474 the
3532 419 3749 491 Apolo-

2136 496 2252 568 gies
2289 497 2352 553 ol
2372 498 2462 555 the
2491 501 2762 572 primitive
2791 503 3013 562 fathers.
3045 507 3297 580 London,
3324 510 3362 565 Ξ
3388 513 3493 568 tot.
3524 513 3660 570 iri-8.

2868 600 3028 656 1711.

2210 684 2310 740 En.
2327 686 2616 745 Dswsuns
2635 689 2696 746 ll.
2718 691 3100 766 Cantabrigite,
3122 695 3282 752 iit-8°.
3305 697 3381 752 Ex
3399 700 3633 756 secunda
3648 701 3748 760 Jo.

2139 777 2339 834 Davisii
2365 783 2687 839 recensione
2714 799 2838 840 cum
2870 786 3151 844 Vsriorum
3190 789 3354 856 notis,
3382 791 3754 863 additoﬁom-

2140 873 2416 929 mediano.
2438 873 2541 944 (Ct.
2575 876 2707 932 Acta
2737 877 2930 945 Erud.,
2956 890 2996 937 ι.
3018 897 3096 950 tv,
3123 886 3329 956 suppl.,
3366 901 3416 956 p.
3449 885 3577 954 425;
3600 888 3748 945 Bibl.

2138 962 2364 1033 Choisie,
2399 976 2438 1022 t.
2466 984 2616 1036 xvnt,
2651 988 2701 1041 p.
2729 973 2867 1042 341;
2898 974 3054 1032 Hem.
3087 981 3161 1048 of.
3197 977 3510 1047 Literature,
3543 991 3582 1036 t.
3617 997 3654 1052 t,
3690 999 3751 1055 p.

2139 1057 2277 1124 555;
2318 1057 2476 1116 Mem.
2516 1062 2579 1118 de
2612 1061 2868 1132 Trévoutr,
2909 1077 2946 1122 t.
2986 1084 3046 1135 ll,
3085 1085 3136 1140 p.
3172 1070 3313 1138 888;
3352 1071 3489 1128 Bibl.
3520 1072 3755 1146 Choistc,

2142 1158 2180 1206 t.
2208 1168 2357 1220 xstv,
2379 1169 2432 1224 p.
2455 1155 2605 1228 120.)
2859 1232 2998 1287 me

2213 1311 2411 1376 νεικειο
2471 1311 2809 1382 llOLLANDICA
2867 1315 2952 1394 ill,
3012 1339 3236 1386 curante
3291 1331 3350 1387 D.
3407 1331 3756 1407 Gargonum,

2142 1405 2410 1485 Flessing,
2437 1409 2602 1472 in-8°.
2903 1485 2905 1488 η

2862 1489 3004 1548 1715

2221 1575 2280 1631 D.
2311 1575 2485 1634 Nicol.
2531 1579 2604 1634 Le
2650 1581 2884 1655 Nourry,
2921 1581 3229 1644 Dissertatio
3256 1587 3308 1645 in
3340 1579 3558 1646 Minucii
3591 1593 3765 1650 Octa-

2143 1669 2302 1737 vium,
2335 1679 2464 1726 tom.
2501 1688 2537 1726 ll
2563 1674 2821 1745 Apparet.

2736 1789 2930 1847 Eadem
2961 1799 3118 1850 anno.

2219 1899 2317 1958 SS.
2342 1895 2602 1974 Cornelii,
2644 1905 2818 1975 Lucii,
2864 1897 3125 1983 Stephani
3166 1921 3220 1968 et
3263 1913 3492 1970 aliorum
3511 1915 3769 1986 epistola:

2145 1994 2199 2049 in
2228 1994 2354 2050 Joh.
2391 1995 2648 2053 Harduini
2677 1999 3024 2059 Conciliorum
3045 2005 3346 2062 collectione
3369 2009 3625 2064 maxima.
3649 2008 3767 2066 Pa-

2146 2089 2264 2157 ris.,
2295 2087 2502 2158 in-l’ol.,
2535 2100 2664 2147 tom.
2690 2109 2729 2149 t.

2860 2165 3018 2223 1721.

2217 2256 2546 2313 Eorumdem
2594 2261 2839 2331 epistola:
2869 2278 2898 2317 a
2931 2264 2992 2318 D.
3053 2265 3214 2322 Petro
3247 2263 3564 2325 Cdustantio
3595 2267 3771 2326 edita:

2149 2351 2200 2405 in
2230 2353 2432 2408 eximio
2460 2370 2560 2409 nec
2595 2355 2727 2410 satis
2753 2355 3024 2416 laudando
3053 2376 3220 2434 opere
3249 2364 3336 2418 cui
3367 2364 3551 2419 titulus
3581 2383 3594 2419 :
3624 2364 3771 2436 Epi-

2148 2445 2295 2501 ston
2317 2446 2671 2503 Romanorum
2701 2449 3014 2522 Pontiﬁcum
3060 2463 3110 2512 et
3137 2459 3257 2527 qua:
3285 2457 3351 2512 ad
3395 2472 3489 2512 eos
3539 2453 3770 2528 scripta:

2149 2543 2306 2608 su‘nl,
2334 2556 2363 2594 a
2392 2540 2450 2597 S.
2479 2540 2757 2600 Clemente
2786 2539 2802 2599 l
2829 2559 2995 2617 usque
3024 2549 3090 2604 ad
3123 2549 3492 2607 Innocentium
3517 2547 3614 2619 ill,
3644 2561 3764 2610 etc.

2872 2637 3032 2697 1724.

2223 2723 2322 2782 En.
2356 2724 2595 2784 Ancum
2622 2728 2664 2784 ll
2692 2727 2995 2789 Novatlani.
3028 2733 3246 2804 Oxouii,
3275 2752 3306 2792 e
3335 2731 3569 2794 Theatro
3600 2737 3771 2797 Shel-

2150 2818 2279 2883 dun,
2314 2819 2473 2877 ἰη-8υ.
2499 2820 2780 2880 Novatlaui
2811 2836 2976 2896 opera
3008 2833 3128 2897 qua:
3160 2827 3396 2896 exstant,
3420 2830 3598 2884 omnia
3629 2837 3768 2887 cor-

2151 2914 2352 2970 rectius
2383 2914 2542 2987 longe
2569 2929 2728 2988 quain
2757 2935 3012 2991 umquam
3041 2920 3272 2979 antehac
3299 2922 3442 2979 edita
3463 2966 3478 2992 ,
3507 2925 3770 2996 notisque

2152 3006 2414 3063 tllustrata
2446 3023 2540 3080 per
2569 3009 2880 3067 Eduardum
2911 3008 3287 3070 Welchmann.

2226 3100 2739 3159 Exhibenturlibelli
2767 3103 2907 3163 inter
2937 3105 3301 3163 Tertulliauea
3322 3107 3520 3163 servati
3543 3118 3597 3164 et
3623 3105 3772 3167 alte-

2153 3205 2210 3250 ra
2239 3193 2306 3249 ad
2336 3194 2498 3268 Cypr.
2521 3197 2617 3268 Ep.
2636 3195 2978 3266 Welchmau‘,
2997 3199 3421 3271 quiadversatur
3443 3199 3768 3272 Whistono,

2153 3289 2370 3360 repetiit
2413 3299 2618 3346 textum
2651 3291 3027 3350 Geieuianum.
3066 3315 3084 3347 ι
3121 3291 3328 3352 Mendis
3353 3297 3774 3368 unlversisqui-

2154 3383 2253 3439 bus
2278 3392 2385 3440 tum
2411 3386 2462 3441 in
2496 3387 2716 3444 vocibus
2740 3431 2756 3457 ,
2785 3397 2896 3444 tum
2921 3390 2971 3445 in
2996 3391 3355 3445 clausularum
3397 3391 3772 3450 distinctioni-

2155 3476 2253 3532 bus
2286 3480 2482 3548 passim
2513 3479 2810 3549 laborabat,
2847 3483 3108 3539 nte‘dicain
3140 3489 3355 3538 iuauum
3395 3501 3600 3539 summa
3629 3500 3772 3542 cura

2154 3587 2213 3628 se
2243 3573 2560 3644 appdsuisse
2585 3573 2731 3632 dicit.
2791 3595 2808 3630 ι
2864 3575 3091 3648 Propter
3129 3584 3249 3648 qua":
3294 3583 3472 3633 acrem
3503 3575 3773 3635 Jacksoni

2157 3681 2254 3722 nec
2284 3667 2438 3737 plane
2467 3667 2790 3725 immeritam
2823 3679 3104 3726 censuram
3139 3677 3327 3741 passtts
3358 3679 3441 3726 est
3467 3713 3483 3740 ,
3511 3661 3710 3726 utenda
3737 3689 3772 3729 a

2157 3755 2394 3815 Pamelio
2446 3771 2686 3829 remuta,
2729 3765 3011 3820 Gelenium
3052 3763 3326 3836 sequendo
3368 3765 3562 3820 iterum
3595 3764 3773 3822 infer-

2155 3854 2312 3917 sisse,
2344 3853 2602 3927 pluraque
2624 3859 2845 3912 omnino
2873 3858 3155 3930 reliquisse
3176 3875 3335 3930 quam
3363 3857 3642 3914 sustulisse
3665 3857 3772 3916 ob-

2153 3945 2389 4014 jicienlls
2437 3962 2558 4003 cum
2618 3955 2797 4005 tamen
2843 3963 3088 4021 magnam
3138 3967 3321 4006 earum
3368 3956 3574 4023 partem
3606 3951 3773 4012 facile

2156 4039 2459 4096 etnaculare
2481 4043 2737 4111 potuerit,
2762 4043 3186 4114 siAnglicanutn
3241 4051 3344 4100 ius.
3397 4046 3683 4116 exemplar
3735 4062 3770 4103 a

2159 4133 2398 4189 l’atnelio
2427 4131 2757 4208 descriptum
2786 4147 2892 4192 non
2925 4135 3248 4208 neglexisset
3288 4147 3341 4194 et
3368 4138 3542 4194 Fulvii
3577 4135 3773 4200 Ursini

2158 4243 2224 4283 ex
2254 4245 2385 4284 mss.
2419 4230 2823 4286 observationes
2846 4247 2875 4285 a
2901 4231 2986 4287 Jo.
3006 4225 3264 4289 Wowero
3287 4234 3604 4304 exscriptas,
3626 4249 3773 4304 quas

2159 4323 2396 4379 nancisci
2431 4325 2684 4394 potuerit,
2719 4340 2825 4380 non
2860 4325 3071 4394 penitus
3099 4325 3482 4396 ignoravisset.
3513 4326 3771 4383 Alterum

2160 4417 2304 4487 quod
2335 4415 2503 4486 addit,
2533 4413 2989 4475 Welchmannum
3019 4419 3236 4490 quidem
3270 4418 3448 4475 luxata
3476 4417 3648 4490 capita
3694 4419 3772 4476 ad

2160 4513 2374 4582 prepria
2407 4512 2524 4568 loca
2556 4511 2857 4580 reduxisse;
2888 4513 2984 4570 sed
3017 4515 3068 4569 in
3108 4515 3209 4570 hoc
3235 4521 3632 4570 antecessorem
3666 4512 3774 4571 ha-

2160 4606 2343 4662 buisse
2370 4607 2634 4678 Responsi
2674 4618 2953 4664 auctorem
2991 4618 3178 4664 contra
3204 4608 3267 4662 D.
3297 4606 3631 4664 Waterlandi
3658 4607 3773 4665 de-

2159 4699 2462 4755 fensionem
2510 4703 2869 4772 quzestionum
2919 4702 3309 4773 quarumdam,
3342 4717 3474 4774 quas
3505 4701 3670 4758 edidit
3692 4703 3772 4761 de

2159 4791 2433 4849 Trinitatis
2462 4795 2851 4862 controversia,
2881 4805 2979 4851 nec
3008 4801 3184 4850 tamen
3217 4795 3333 4866 ejus
3362 4793 3672 4850 meminisse
3703 4805 3768 4853 et

2159 4883 2227 4942 de
2249 4885 2446 4942 notulis
2470 4875 2619 4952 item,
2646 4897 2807 4943 unam
2831 4895 2884 4943 et
2905 4883 3128 4943 alteram
3150 4897 3204 4944 et
3227 4887 3470 4943 locorum
3498 4888 3554 4945 S.
3577 4887 3771 4961 Scrip-

2162 4981 2295 5036 tura:
2318 4980 2551 5037 indicem
2574 4981 2730 5037 valde
2752 4981 3126 5054 imperfectttm
3157 4981 3422 5052 adjecisse
3455 4999 3470 5037 :
3501 4979 3553 5038 id
3581 4979 3772 5041 multis

2162 5077 2388 5131 fortasse
2427 5075 2585 5146 paulo
2629 5075 2862 5147 iniquius
2888 5077 2956 5132 ab
2997 5091 3065 5132 eo
3093 5076 3295 5132 dictum
3327 5074 3615 5132 videbitur.

2888 5191 3049 5247 1728.

2235 5285 2336 5342 Ea.
2391 5288 2630 5344 Ancum
2664 5285 2733 5344 lll
2778 5287 3100 5344 Novarum.
3155 5285 3431 5344 Londini:
3481 5285 3623 5356 typis
3673 5284 3772 5342 Jo.

2166 5382 2340 5454 Darby
2385 5391 2440 5437 et
2473 5382 2534 5437 Τ.
2583 5383 2805 5450 Brown,
2844 5392 2913 5450 et
2945 5382 3207 5453 impensis
3251 5379 3474 5437 Joannis
3515 5377 3670 5433 Neon
3713 5378 3774 5435 in

2164 5475 2284 5530 vico
2312 5474 2457 5530 dicto
2481 5473 2808 5545 Cheapside,
2846 5475 3000 5545 juxta
3025 5475 3284 5530 sacellum
3323 5472 3775 5530 Metaxariorum.

2163 5594 2234 5611 ο-
2277 5568 2559 5624 Novatiani
2607 5569 2795 5625 Presb.
2849 5569 3077 5625 Romani
3108 5584 3294 5640 opera,
3325 5583 3445 5639 qua:
3474 5576 3776 5637 supersunt

2163 5661 2343 5718 omnia
2365 5703 2378 5728 ,
2414 5673 2534 5733 post
2558 5662 2744 5718 Jacobi
2785 5662 3006 5718 Patuelii
3036 5662 3325 5734 Brugensis
3357 5660 3769 5728 recensionem,

2166 5757 2233 5812 ad
2263 5755 2598 5826 antiquiores
2623 5754 2892 5811 editiones
2917 5755 3208 5827 castigata,
3242 5765 3296 5811 et
3327 5769 3358 5808 a
3389 5752 3576 5808 multis
3617 5766 3774 5810 men-

2181 5853 2264 5912 dis
2288 5857 2580 5926 expurgant
2613 5867 2626 5906 :
2658 5848 2921 5907 illustrata
2960 5849 3121 5908 etiam
3166 5844 3554 5922 copiosissimis
3580 5844 3776 5906 obser-
