3982 6310
384 281 471 322 ux
1853 227 2242 298 PBEFATIO.
3635 251 3705 300 LX

1035 388 1254 431 SECULO
1292 389 1343 427 ν.

922 489 1058 544 Αηη.
1101 488 1206 543 582
1226 519 1296 529 -
1317 487 1440 542 420.

523 609 584 664 D.
621 608 985 669 Hrenouruus.
1019 604 1264 676 Catalogo
1299 601 1534 656 Virorum
1565 599 1884 655 illustrium:

467 722 484 754 ι
515 702 817 776 Cyprianus
845 699 978 758 Afer
1002 699 1232 770 primum
1259 696 1491 772 gloriose
1518 693 1844 758 rhetoricam
1892 691 1990 752 do-

389 799 499 854 cuit
531 815 544 851 :
578 796 794 861 exinde,
821 794 1080 851 suadente
1114 792 1430 864 presbytero
1465 789 1702 854 Caecilio,
1745 803 1775 842 a
1803 802 1909 858 quo
1935 797 1992 842 et

389 900 803 962 cognomentum
823 890 1045 944 sortitus
1063 895 1162 949 est,
1185 885 1530 940 Christianus
1552 882 1746 948 factus,
1773 895 1990 936 omnem

389 985 745 1040 substantiam
775 997 924 1037 suam
958 979 1284 1050 pauperibus
1309 977 1551 1048 erogavit
1595 993 1607 1028 :
1647 991 1708 1030 ac
1736 983 1856 1044 post
1884 989 1992 1027 non

390 1077 616 1132 multum
640 1075 916 1145 temporis,
949 1073 1156 1131 electus
1192 1073 1244 1126 in
1267 1070 1662 1142 presbyterum,
1699 1069 1858 1126 etiam
1883 1067 1996 1136 epi-

391 1185 587 1241 scopus
611 1167 1068 1239 Carthaginiensis
1094 1165 1417 1226 constitutus
1443 1175 1548 1219 est.
1600 1161 1770 1233 Hujus
1797 1161 1992 1232 ingenii

390 1261 717 1334 superﬂuum
747 1270 829 1316 est
857 1259 1087 1318 indicem
1116 1269 1319 1324 texere,
1343 1271 1466 1313 cum
1497 1255 1612 1310 sole
1639 1253 1867 1310 clariora
1891 1253 1999 1307 sint

393 1353 508 1424 ejus
535 1367 721 1424 opera.
751 1352 949 1407 Passus
967 1359 1050 1408 est
1076 1349 1176 1406 sul)
1192 1347 1480 1404 Valeriano
1508 1355 1560 1402 et
1581 1345 1827 1404 Gallieno
1852 1343 1998 1414 prin-

392 1447 622 1520 cipibus,
652 1445 1030 1518 persecutione
1065 1453 1274 1509 octava,
1303 1441 1494 1499 eodem
1525 1441 1613 1498 die
1656 1455 1764 1511 quo
1809 1439 1997 1495 Romae

392 1541 696 1608 Cornelius,
728 1540 820 1594 sed
850 1553 956 1594 non
988 1536 1178 1596 eodem
1208 1550 1371 1592 anno.
1398 1553 1417 1587 ι

445 1631 617 1704 Epist.
635 1632 702 1685 ad
720 1630 961 1686 Paulam.
983 1629 1178 1688 Beatus
1192 1628 1514 1700 Cyprianus,
1535 1627 1702 1682 instar
1716 1625 1880 1682 fontis
1901 1639 1996 1694 pu-

393 1727 616 1798 rissimi,
678 1725 850 1781 dulcis
901 1725 1100 1782 incedit
1129 1733 1183 1782 et
1211 1722 1454 1794 placidus
1489 1740 1499 1774 :
1529 1734 1583 1780 et
1621 1736 1743 1778 cum
1765 1726 1907 1776 totus
1931 1718 2002 1774 sit

395 1821 448 1874 in
482 1819 873 1877 exercitatione
900 1818 1155 1873 virtutum
1182 1858 1197 1884 ,
1240 1827 1532 1886 occupatus
1558 1813 1998 1885 persecutionum

393 1916 676 1990 angustiis,
692 1915 760 1970 de
778 1915 1068 1986 Scripturis
1085 1912 1282 1969 divinis
1302 1924 1639 1982 nequaquam
1669 1907 1941 1966 disseruit.
1977 1925 1995 1958 ι

467 2009 754 2064 Comment.
791 2010 843 2062 in
894 2007 1046 2077 Jon.,
1079 2021 1200 2077 cap.
1237 2007 1270 2062 5
1320 2022 1334 2060 :
1365 2024 1384 2058 ί
1419 2004 1792 2075 Proponamus
1843 2001 2002 2059 nobis

395 2102 457 2158 Β.
488 2101 850 2175 Cyprianum,
898 2101 990 2172 qui
1037 2100 1187 2172 prius
1233 2097 1552 2157 idololatrize
1600 2107 1844 2154 assertor
1885 2095 2000 2160 fuit,

396 2203 451 2250 ct
477 2195 528 2249 in
562 2203 766 2248 tantam
799 2193 1023 2263 gloriam
1056 2192 1203 2250 venit
1226 2189 1570 2260 eloquentiae,
1605 2195 1662 2242 ut
1708 2185 2002 2242 oratoriam

395 2305 610 2360 quoque
653 2287 872 2344 doceret
913 2282 1225 2357 Carthagini
1262 2301 1274 2338 :
1305 2282 1522 2342 audisse
1549 2279 1764 2339 tandem
1797 2293 2006 2337 sermo-

398 2399 520 2438 nem
547 2381 720 2452 J0me,
745 2390 799 2440 ct
823 2380 886 2436 ad
912 2379 1288 2452 pcenitcutiam
1333 2390 1677 2443 conversum,
1715 2375 1768 2430 in
1800 2383 2003 2430 tantam

399 2478 610 2533 venisse
655 2475 940 2544 virtutem,
975 2485 1030 2528 ut
1072 2470 1350 2531 Christum
1404 2470 1620 2544 publice
1658 2467 2003 2539 praedicaret,

397 2583 451 2627 et
484 2587 580 2644 pro
613 2569 705 2625 illo
733 2569 1000 2625 cervicem
1033 2566 1210 2640 gladio
1242 2564 1511 2624 ﬂecteret.
1555 2580 1575 2616 ι

1132 2657 1256 2712 450.

473 2757 531 2812 S.
553 2756 910 2810 Aususrrsus.
935 2783 1004 2796 -ι
1023 2748 1238 2822 ignorat
1257 2764 1418 2804 neruo
1446 2757 1644 2819 quanta
1659 2746 2008 2804 veneratione

401 2858 623 2905 sanctus
651 2847 985 2918 Augustinus
1019 2853 1333 2915 prosccutus
1365 2842 1526 2901 fuerit
1566 2855 1816 2914 magnum
1865 2839 2009 2896 hunc

401 2943 877 3013 Carthaginiensem
903 2941 1240 3010 episcopum,
1257 2923 1443 3008 quanti
1462 2935 1650 2993 fecerit
1675 2936 1792 3010 ejus
1816 2950 2003 3006 opera,

404 3048 534 3109 quot
581 3038 839 3108 praeclara
887 3035 1210 3089 documenta
1243 3041 1298 3094 et
1327 3031 1715 3090 instructiones
1742 3028 2010 3100 repererit

406 3133 458 3187 in
491 3133 556 3188 iis
583 3132 746 3187 etiam
789 3131 1037 3185 omnibus
1069 3143 1188 3200 qum
1218 3128 1538 3198 conscripsit
1567 3135 1786 3183 sanctus
1811 3125 2011 3202 Martyr

405 3225 474 3280 de
505 3223 750 3280 iterando
789 3219 1138 3294 Baptismate.
1168 3219 1226 3276 id
1258 3237 1420 3275 unum
1455 3218 1690 3278 sufliciat
1719 3219 1915 3287 dicere,
1947 3219 2006 3280 S.

407 3319 766 3389 Augustinum
789 3317 1048 3373 dilexisse
1072 3316 1440 3384 eloquentiam
1472 3314 1580 3370 divi
1607 3314 1884 3386 Cypriani,
1913 3312 2009 3369 sed

408 3422 463 3468 ct
491 3411 649 3466 simul
689 3412 986 3466 asseruisse
1030 3409 1407 3465 difficillimum
1439 3423 1560 3465 esse
1587 3407 1836 3464 eamdem
1863 3423 2011 3463 asse-

408 3507 498 3578 qui
529 3505 640 3580 (lib.
667 3522 739 3571 tv,
771 3506 833 3559 de
858 3504 1110 3563 Doctrina
1134 3503 1513 3569 Christiana,c.
1540 3502 1652 3575 14).
1681 3501 1802 3558 Alio
1833 3511 2011 3558 autem

409 3600 532 3654 loco
586 3615 599 3652 :
655 3617 672 3650 ‹
735 3597 851 3652 Νοη
903 3614 991 3653 me
1038 3607 1234 3662 terret,
1293 3615 1313 3648 ι
1371 3597 1544 3666 inquit
1593 3595 1654 3665 (ι.
1710 3611 1745 3649 ιι
1793 3593 1856 3649 de
1908 3593 2013 3648 Ba-

411 3693 656 3764 ptismo),
695 3709 713 3742 r
749 3691 1040 3745 auctoritas
1071 3689 1346 3762 Cypriani,
1381 3691 1504 3760 quia
1532 3688 1707 3744 reficit
1737 3687 2011 3743 humilitas

409 3784 693 3857 Cypriani;
721 3799 969 3855 magnum
989 3783 1205 3854 quidem
1225 3783 1476 3839 meritum
1495 3782 1742 3838 novimus
1753 3778 2011 3854 Cypriani

410 3877 647 3949 episcopi
677 3887 728 3934 et
758 3878 1034 3949 martyris.
1076 3895 1095 3930 ι

488 3990 507 4025 ι
542 3971 709 4042 Cujus
740 3969 1021 4027 reverendi
1067 3969 1306 4040 episcopi
1351 3978 1406 4025 et
1432 3968 1722 4024 venerandi
1756 3968 2012 4042 martyris

409 4066 667 4138 Cypriani
682 4066 951 4131 laudibus,
976 4065 1119 4120 nulla
1141 4065 1320 4136 lingua
1339 4063 1635 4130 sufficeret,
1660 4079 1757 4119 nec
1771 4063 1815 4117 si
1833 4064 2013 4134 seipse

413 4160 657 4217 laudaret
678 4179 697 4214 ι
729 4157 938 4233 (Serm.
969 4159 1077 4214 515
1101 4159 1164 4213 de
1195 4159 1256 4214 S.
1281 4155 1630 4230 Cyprianu),r
1664 4171 1764 4230 ego
1789 4156 2014 4229 Cypria-

411 4267 540 4309 num
578 4251 901 4307 catholicum
948 4251 1286 4322 episcOpum,
1333 4251 1660 4306 catholicum
1693 4260 2008 4322 martyrem,

411 4356 464 4404 et
490 4355 691 4418 quanto
719 4347 887 4418 magis
917 4361 1142 4417 magnus
1168 4354 1304 4411 erat,
1335 4353 1483 4399 tanto
1514 4359 1572 4400 se
1621 4344 1870 4399 omnibus
1917 4345 2016 4398 hu-

412 4441 732 4510 miliantem,
786 4450 844 4496 ut
870 4455 1052 4496 coram
1103 4439 1214 4494 Deo
1257 4439 1525 4493 inveniret
1567 4439 1814 4507 gratiam,
1869 4436 2015 4491 nullo

413 4549 639 4605 prorsus
666 4534 829 4591 modo
860 4531 1209 4595 crediderim,
1242 4530 1294 4586 in
1323 4539 1514 4586 sancto
1545 4532 1843 4601 prresertim
1887 4543 2014 4584 con-

413 4628 543 4683 cilio
572 4629 903 4700 collegarum
925 4625 1066 4681 aliud
1099 4626 1409 4695 protulisse,
1441 4640 1602 4694 quam
1631 4623 1794 4680 corde
1838 4632 2016 4694 gesta-

413 4720 506 4775 bat
542 4739 561 4772 ι
595 4720 707 4791 (lib.
738 4736 791 4777 ιιι
828 4720 890 4774 de
931 4717 1228 4788 Baptirmo,
1261 4734 1307 4771 c.
1338 4717 1417 4790 3).
1470 4734 1488 4769 ‹
1525 4716 1785 4773 Ecclesia:
1823 4718 2014 4771 catho-

415 4813 530 4870 licae
554 4817 930 4871 auctoritatem
955 4812 1127 4882 cujus,
1153 4813 1268 4884 ipse
1286 4811 1561 4883 egregium
1586 4820 1638 4867 et
1658 4810 2015 4866 clarissimum

412 4910 720 4966 membrum
775 4920 899 4977 est,
952 4922 1052 4979 pro
1107 4915 1288 4961 nostra
1346 4906 1659 4962 inﬁrmitate
1711 4914 2014 4972 sectantes,

413 5005 675 5070 adversus
715 5001 1004 5059 haereticos
1030 5009 1084 5057 et
1114 5000 1492 5056 schismaticos
1534 4999 1831 5056 enodemus
1855 5018 1874 5052 ι
1901 4998 2014 5072 (lib.

414 5113 484 5152 vn
511 5098 572 5150 de
596 5095 875 5164 Baptism.,
906 5112 949 5149 ο.
984 5094 1062 5165 1).
1099 5113 1117 5145 ‹
1157 5093 1560 5161 Beatissimum,
1609 5107 1809 5148 corona
1851 5091 2015 5147 etiam

416 5190 660 5262 martyrii
701 5189 1152 5260 gloriosissimum
1198 5186 1546 5259 Cyprianum,
1602 5202 1702 5242 nec
1749 5185 2013 5242 Africanis

415 5293 575 5354 atque
599 5282 1031 5338 Occidentalibus
1059 5291 1284 5349 tantum,
1339 5295 1528 5336 verum
1571 5289 1626 5337 et
1651 5281 2018 5338 Orientalibus

416 5377 663 5433 ecclesiis
693 5376 836 5436 fatua
877 5375 1206 5451 prmdicante
1232 5386 1286 5432 et
1312 5379 1516 5447 scripta
1541 5376 1660 5447 ejus
1686 5377 1846 5448 longe
1885 5377 2022 5432 late-

417 5488 522 5543 que
551 5469 906 5535 dilfundente,
958 5469 1323 5537 notissimum,
1355 5471 1516 5528 etiam
1567 5469 1684 5541 ipse
1734 5471 2022 5528 hreresiar-

416 5565 547 5619 ches
592 5562 820 5622 istorum
868 5560 1116 5633 Pelagius
1142 5605 1158 5630 ,
1207 5577 1330 5620 cum
1387 5563 1573 5621 debito
1619 5573 1765 5622 certe
1811 5564 2024 5626 honore

417 5665 808 5715 commemorat
858 5675 878 5710 ι
937 5654 1206 5730 (Αιιςιυα.⁷
1263 5657 1349 5714 lib.
1404 5673 1480 5729 tr,
1534 5659 1604 5716 ad
1654 5656 2020 5736 Bonifaciunr,

417 5765 533 5826 cap.
558 5749 647 5823 8).

2764 354 3020 412 587-465.

2171 447 2228 503 S.
2255 446 2504 503 Mutuus
2536 447 2884 506 Taurinensis
2911 450 3177 522 duplicem
3219 449 3382 508 habet
3423 451 3476 507 in
3519 453 3706 508 natale

2096 540 2154 595 S.
2185 539 2435 611 Cypriani
2481 541 2781 607 homiliam,
2840 558 3024 612 unam,
3058 560 3241 611 Lsxrx,
3289 545 3396 600 col.
3427 544 3702 616 255-258,

2095 636 2340 702 alteram,
2371 653 2534 706 Lxxx,
2565 639 2671 694 col.
2700 638 2964 704 259-260,
2996 639 3128 695 edit.
3159 640 3342 708 Rom.,
3381 639 3542 696 1781.

2766 731 3028 789 492-496.

2098 829 2103 852 -‘
2167 820 2226 877 S.
2256 823 2544 889 GELASIUS,
2578 825 2816 895 pontifex
2842 825 3137 895 Romanus,
3165 827 3218 882 in
3246 827 3363 898 ejus
3393 825 3614 882 decreto
3635 825 3709 883 de

2100 914 2293 984 Script.
2330 917 2477 972 Eccl.
2515 916 2780 986 Opuscula
2806 916 3054 990 Cypriani
3105 921 3349 992 martyris
3374 931 3421 974 et
3441 921 3707 992 carthagi-

2098 1008 2268 1063 nensis
2311 1009 2579 1081 Episcopi,
2612 1020 2745 1067 tom.
2775 1027 2832 1067 tv
2861 1011 3090 1068 Collect.
3120 1014 3426 1080 concilior.,
3455 1013 3561 1069 cui.
3613 1015 3707 1081 12,

2100 1102 2191 1169 62,
2241 1105 2380 1174 apud
2411 1105 2726 1174 Labbteum,
2782 1106 3138 1173 liarduinum,
3196 1117 3326 1163 tom.
3377 1123 3412 1164 ιι
3471 1107 3704 1164 Collect.

2099 1200 2406 1268 concilior.,
2456 1201 2560 1256 col.
2603 1200 2732 1270 942,
2763 1210 2818 1258 et
2849 1201 3038 1267 Mansi,
3075 1212 3206 1257 tom.
3241 1218 3352 1269 VI",
3382 1203 3489 1258 col.
3519 1201 3617 1258 161
3652 1211 3710 1258 et

2099 1309 2256 1365 seqq.
2301 1294 2676 1350 Recensentur
2718 1295 2934 1366 quidem
2967 1297 3019 1349 in
3051 1295 3250 1352 Gelasli
3280 1297 3509 1352 Decreto
3536 1311 3708 1367 opera

2102 1387 2262 1458 hujus
2293 1387 2468 1443 Patris
2498 1389 2636 1444 inter
2670 1402 2734 1444 ea
2764 1403 2888 1459 qua:
2927 1389 2996 1444 ab
3025 1387 3266 1444 Ecclesia
3315 1387 3580 1456 Romana,
3627 1390 3706 1442 uti

2101 1482 2410 1553 apocrypha
2433 1481 2788 1553 reﬁciuntur:
2825 1481 3090 1552 Opuscula
3119 1481 3292 1537 Tascii
3314 1482 3564 1553 Cypriani
3583 1499 3710 1552 apo-

2103 1578 2318 1648 crypha,
2348 1576 2522 1648 inquit
2557 1586 2745 1633 auctor
2770 1576 2930 1647 hujus
2973 1576 3203 1632 Decreti.
3249 1575 3470 1642 Verum,
3508 1585 3713 1647 praeter

2103 1668 2205 1722 alia
2262 1679 2568 1734 momenta,
2623 1685 2741 1739 qua:
2787 1669 2932 1724 clare
2973 1669 3229 1724 evincunt
3268 1670 3487 1724 recitata
3539 1669 3710 1724 verba

2109 1763 2337 1818 Decreto
2365 1762 2564 1818 Gelasii
2593 1763 2841 1834 adjuncta
2873 1763 3042 1820 fuisse
3081 1764 3149 1817 ab
3185 1763 3366 1835 aliquo
3410 1772 3708 1828 extraneo;

2107 1874 2174 1913 ex
2198 1858 2459 1914 Gratiano
2490 1859 2541 1914 id
2564 1858 2892 1915 validissime
2921 1859 3356 1926 demonstratur;
3389 1875 3418 1913 a
3451 1858 3713 1915 Gratiano

2107 1950 2370 2023 siquidem
2395 1966 2502 2006 non
2530 1952 2670 2007 inter
2703 1951 2867 2008 libros
2899 1952 3261 2023 apocryphos,
3315 1949 3410 2006 sed
3459 1950 3602 2006 inter
3644 1949 3716 2005 ii-

2106 2046 2233 2101 bros
2285 2046 2353 2101 ab
2406 2045 2643 2102 Ecclesia
2698 2047 2951 2117 probatos
2997 2055 3346 2102 recensentur
3391 2060 3554 2118 opera
3599 2046 3714 2101 divi

2107 2136 2378 2208 Cypriani.
2407 2137 2542 2194 Vide
2587 2138 2896 2194 Tillemont.
2931 2147 3045 2195 not.
3093 2137 3183 2206 52,
3231 2155 3320 2194 sur
3358 2137 3420 2195 S.
3463 2135 3710 2218 Cyprien,

2109 2241 2240 2287 tom.
2269 2245 2343 2299 tv,
2372 2247 2423 2303 p.
2455 2233 2543 2288 55.

2743 2342 2964 2384 διευιο
2989 2345 3061 2384 VI.

2648 2422 2795 2478 Circa
2823 2441 3013 2479 annum
3040 2423 3166 2482 550.

2187 2514 2444 2580 Paocor.,
2508 2516 2602 2573 lib.
2657 2533 2672 2571 I
2723 2516 2856 2572 Belli
2913 2518 3135 2574 Vandal.
3179 2533 3200 2574 .'
3243 2519 3522 2595 Κυπριανόν
3569 2518 3718 2593 ἅγιον

2111 2603 2269 2683 ἄνδρα
2335 2607 2560 2682 μάλιστα
2631 2611 2831 2666 πάντων
2901 2611 2947 2666 οἱ
3017 2609 3357 2688 Καρχηδὸνωι
3427 2611 3669 2668 σέϐονται
3697 2655 3713 2679 ,

2111 2705 2197 2757 καὶ
2220 2703 2362 2775 αὐτῷ
2381 2704 2498 2757 νέων
2525 2704 2638 2759 τινὰ
2661 2704 2809 2778 λόγου
2837 2705 3023 2760 πολλοῦ
3063 2703 3220 2771 ἄξιον,
3262 2706 3362 2779 πρὸ
3407 2714 3498 2766 τῆς·
3522 2704 3720 2766 πόλεως·

2112 2791 2443 2870 ἱδρυσάμενοι
2474 2799 2616 2872 παρὰ
2657 2802 2746 2857 τὴν
2771 2807 2863 2860 τῆς
2887 2798 3177 2858 θαλλὰσσης
3220 2796 3386 2864 ἣΐονα,
3440 2799 3559 2852 τὰτε
3591 2793 3722 2854 (ID-at

2110 2888 2447 2955 ἐξοσιοῦνται,
2466 2894 2549 2946 καὶ
2567 2889 2782 2965 ἄγουσιν
2805 2893 3052 2947 ἐνιαύσιον
3075 2891 3272 2968 ἑορτὴν,
3293 2892 3350 2951 ἦν
3367 2888 3427 2950 δή
3448 2891 3721 2967 Κυπριανά

2113 2983 2344 3041 καλοῦσι.
2387 2983 2704 3056 Cyprianum
2745 2987 2905 3040 virum
2928 2998 3182 3051 sanctum,
3222 3001 3330 3060 pra:
3367 2985 3562 3040 ueteris
3587 2982 3722 3039 Car-

2119 3078 2438 3147 tltaginenses
2469 3090 2786 3147 venerantur,
2823 3080 3021 3150 ipsique
3046 3078 3289 3150 templum
3319 3079 3577 3148 quoddam
3603 3094 3717 3132 scr-

2117 3186 2265 3224 mone
2312 3171 2450 3224 haud
2477 3173 2683 3226 minmto
2722 3173 2954 3243 dignum,
2984 3173 3038 3226 in
3065 3173 3233 3226 littore
3274 3172 3427 3226 maris
3468 3180 3717 3238 erectum,

2116 3265 2256 3318 cultu
2285 3265 2606 3320 honorantur
2639 3267 2926 3338 prtvcipuo;
2955 3283 3281 3338 annuumque
3310 3274 3463 3339 agent
3507 3269 3716 3337 festum,

2115 3357 2253 3429 quod
2281 3367 2459 3415 vocant
2485 3356 2764 3431 Cypriane.

2855 3454 2979 3510 562.

2185 3544 2568 3602 Cassmnoaus.
2605 3544 2774 3600 Diviu.
2805 3545 3061 3611 Lection.,
3092 3559 3214 3615 cap.
3244 3560 3334 3600 xix
3365 3563 3377 3598 :

2194 3657 2213 3690 ‹
2251 3639 2600 3695 Beatissimus
2623 3639 2946 3712 Cyprianus,
2968 3640 3114 3696 velut
3138 3639 3316 3696 oleum
3345 3639 3640 3695 decurrens
3664 3639 3723 3696 in

2117 3747 2333 3787 onmem
2357 3734 2676 3788 suavitatem
2711 3731 2887 3804 lingua
2918 3732 3251 3803 composita;
3275 3731 3605 3787 declamator
3635 3730 3722 3786 in-

2117 3823 2283 3895 signis
2310 3824 2605 3896 doctorque
2629 3825 2983 3882 admirabilis.
3009 3825 3249 3892 Quantos
3275 3825 3419 3881 enim
3444 3824 3535 3880 ille
3561 3823 3722 3879 dubi-

2121 3926 2296 3972 tantes
2324 3933 2429 3974 non
2473 3918 2691 3989 pertulit
2719 3916 2845 3983 labi,
2883 3919 3060 3988 lapsos
3090 3933 3218 3974 vero
3245 3918 3548 3973 ﬁrmissima
3575 3933 3726 3989 pra:-

2118 4009 2385 4066 dicatione
2414 4010 2682 4076 solidavit,
2737 4009 3079 4066 confessores
3123 4010 3190 4064 ad
3239 4010 3555 4082 martyrium
3605 4009 3727 4080 ipse

2117 4102 2413 4174 perduxit?
2463 4104 2529 4158 Et
2556 4120 2622 4158 ne
2663 4105 2839 4159 minor
2865 4112 3012 4159 esset
3061 4101 3538 4174 praedicationibus
3582 4100 3723 4174 suis,

2118 4199 2232 4268 ipse
2260 4212 2474 4268 quoque
2499 4197 2741 4268 martyrii
2767 4212 2990 4264 corona,
3027 4196 3257 4252 Domino
3283 4203 3592 4268 praestante,
3627 4193 3728 4251 de-

2119 4300 2333 4347 curatus
2362 4299 2464 4346 est.

2194 4385 2420 4452 Eunom,
2451 4384 2618 4452 episc.
2640 4382 2911 4439 Ticinens.
2950 4402 2964 4438 :

2399 4495 2538 4560 Vatis
2559 4494 2785 4560 Cypriani
2811 4507 2862 4548 et
2886 4499 3112 4560 martyris

2399 4559 2510 4619 Cor,
2537 4559 2722 4622 lingua,
2746 4573 2942 4620 sensus,
2965 4559 3180 4621 dignitas

2399 4622 2610 4686 Mortem
2636 4623 2842 4672 ferendo
2863 4626 3138 4686 proferunt.

2402 4685 2575 4734 Vitalis
2601 4688 2749 4735 ictum
2776 4685 2872 4734 nex
2897 4685 3056 4744 dedit,

2399 4747 2637 4810 biucrone
2661 4757 2797 4810 parta
2827 4747 2912 4795 lux
2937 4751 3105 4800 micat.

2406 4807 2562 4872 Dictis
2579 4806 2674 4859 fult
2697 4810 3030 4872 praefulgidus,

2403 4870 2467 4922 Et
2491 4886 2577 4922 ore
2600 4870 2744 4921 dives
2767 4870 2928 4931 unico,

2398 4935 2653 4985 'l‘orrentis
2675 4935 2803 4983 unda
2825 4935 3036 4997 gurgitis

2399 4997 2613 5062 impacta
2635 5009 2786 5062 cornu
2820 4996 3010 5060 spicula

2405 5057 2647 5110 Sci-moue
2674 5057 2879 5111 vincens
2901 5057 3141 5123 promulo.
3172 5065 3270 5109 etc.

2778 5164 3062 5221 CODICES.

2729 5275 2942 5317 δέεαι]ιο
2972 5276 3152 5317 ιν-νιι.

2199 5378 2372 5434 Codex
2416 5375 2728 5434 Parisiensis
2754 5391 2792 5434 ι.
2824 5376 2879 5430 1η
2913 5375 3052 5430 Bibl.
3086 5375 3271 5447 Regia,
3302 5375 3404 5433 sub
3435 5391 3584 5432 num.
3623 5377 3735 5433 712

2128 5472 2396 5544 supplem.
2426 5470 2518 5526 lat.
2550 5470 2678 5526 olim
2728 5470 2778 5523 in
2824 5466 3220 5525 Sun-German.
3258 5471 3377 5526 sub.
3411 5486 3558 5525 num.
3592 5470 3735 5527 185-

2132 5564 2253 5633 186,
2283 5572 2439 5620 antea
2471 5564 2522 5618 in
2553 5561 2688 5620 Bibl.
2711 5557 2934 5617 Coislin.
2963 5570 3300 5628 asservatus;
3323 5562 3393 5618 ab
3423 5561 3570 5617 Italia
3593 5559 3737 5619 forte

2130 5667 2400 5730 acceptus,
2449 5653 2863 5730 conjicientibus
2887 5669 3033 5712 mon.
3056 5654 3324 5724 Benedd.,
3367 5657 3420 5711 in
3465 5655 3642 5712 forma
3666 5653 3737 5711 4“

2133 5750 2245 5810 fere
2283 5751 2578 5825 quadrata,
2629 5748 2958 5808 membranis
2999 5757 3053 5807 et
3090 5748 3306 5822 quidem
3349 5747 3734 5828 elegantibus,
