3982 6310
431 228 566 271 LXIII

509 329 640 386 Cod.
665 327 979 389 Parisiensis
1015 330 1182 405 xxni,
1215 332 1356 394 Bibl.
1391 346 1530 411 reg.,
1551 338 1712 406 5352,
1772 341 1931 413 epist.
1965 341 2035 398 de

435 420 668 477 Celei-ina
697 423 911 490 lectore,
944 426 1184 485 in-l‘olio.

504 513 633 569 Cod.
659 514 1005 587 Divionensis,
1034 520 1173 576 Bibl.
1202 522 1349 592 publ.
1376 523 1615 580 Divionis
1638 566 1653 592 ,
1684 525 2035 595 membranae,

432 604 677 677 in-folio,
717 609 777 664 S.
806 609 1053 681 Cypriani
1081 615 1309 684 epistola:
1329 658 1343 683 ,
1373 615 1616 673 in-l'olio.

1058 721 1272 764 εισι]ιο
1309 725 1398 764 κν.

430 795 442 843 l
505 795 632 849 Cod.
659 795 972 854 Parisiensis
1012 817 1158 867 xxw,
1189 802 1330 859 Bibl.
1364 820 1481 876 reg.
1525 805 1688 873 1651,
1747 807 1876 862 olim
1912 807 2037 864 Col-

430 887 710 957 bertinus,
746 892 1002 963 in-l'olio,
1024 911 1121 960 xu,
1155 897 1376 954 abusiva
1408 900 1554 956 edita
1579 916 1610 955 a
1641 901 1703 956 Β.
1732 899 2035 974 Cypriano,

430 983 632 1054 Abgari
658 1028 673 1053 ,
707 996 816 1043 etc.

502 1076 632 1134 Cod.
665 1077 976 1137 Parisiensis
1012 1099 1144 1153 xxv,
1193 1085 1336 1142 Bibl.
1384 1101 1500 1159 reg.
1544 1087 1707 1156 1659,
1741 1088 1871 1145 olim
1919 1105 2040 1146 car-

430 1167 630 1226 dinalis
655 1170 936 1228 Borbonii.

503 1265 631 1321 ϐοά.
659 1265 974 1324 Parisiensis
1021 1287 1178 1338 xxvr,
1200 1272 1339 1330 Bibl.
1365 1289 1479 1346 reg.
1500 1273 1630 1343 4‘26,
1665 1291 1829 1332 manu
1857 1277 2040 1333 chorte

431 1359 585 1427 corii,
611 1373 754 1415 anno
773 1362 936 1430 1188,
963 1375 1234 1422 exaratos.
1255 1367 1442 1423 Oratio
1463 1368 1520 1425 S.
1543 1368 1818 1442 Cypriano
1842 1371 2036 1428 tributa

429 1453 583 1523 cujus
609 1469 714 1525 ope
741 1455 974 1512 infausta
1007 1473 1236 1530 quaeque
1263 1476 1369 1516 non
1401 1463 1575 1518 arceri
1609 1472 1854 1533 possunt.

500 1543 629 1600 Cod.
657 1544 970 1604 Parisiensis
1013 1567 1178 1620 xxvu,
1217 1553 1358 1609 Bibl.
1386 1570 1499 1626 reg.
1564 1556 1726 1624 7571,
1755 1556 1887 1612 olim
1916 1557 2040 1613 Col-

429 1636 676 1695 bertiuus
700 1681 716 1708 ,
786 1639 1106 1700 chartaceus
1131 1684 1146 1712 ,
1195 1645 1332 1702 liber
1384 1647 1453 1703 de
1487 1647 1697 1704 Unitate
1744 1649 1996 1706 Ecclesia:
2021 1691 2037 1719 ,

431 1729 669 1787 in-l‘olio.

504 1827 632 1883 ϐοά.
654 1829 1022 1900 Alrebatensis,
1045 1831 1185 1891 Bibl.
1207 1835 1354 1892 urbis
1370 1836 1546 1908 publ.,
1567 1837 1868 1894 membran.
1892 1837 2040 1894 ιιι-4⁸

433 1920 696 1992 (Hoencl,
732 1939 783 1994 p.
814 1925 950 1998 41).

506 2014 636 2071 ϐοά.
663 2018 1021 2089 Sangallensis
1051 2037 1130 2091 tu,
1161 2024 1213 2078 in
1245 2025 1460 2083 Bibl.S.
1493 2026 1634 2083 Galli
1662 2028 1878 2085 collect.
1911 2027 2036 2086 Joh.

434 2107 618 2176 Biner,
657 2113 1045 2181 opusculorum
1080 2116 1136 2173 8.
1163 2116 1447 2174 Bernardi.

506 2199 634 2257 ϐοά.
690 2203 1021 2276 Sangallens.
1075 2225 1150 2276 ιιι,
1185 2209 1244 2266 8.
1298 2213 1616 2283 Augustini,
1674 2215 1930 2287 Cypriani
1985 2225 2040 2272 et

435 2295 642 2352 alior...
675 2298 876 2354 chartae
903 2301 955 2355 in
982 2301 1062 2357 4°.

509 2386 638 2442 Cod.
675 2389 1095 2449 Midlehillensis.
1130 2395 1206 2452 De
1249 2399 1322 2452 xn
1367 2398 1733 2457 Abusionibus
1782 2402 2040 2474 opuscula

438 2481 683 2554 quaedam
712 2502 726 2537 :
761 2483 913 2542 frons
955 2496 1010 2544 et
1031 2489 1228 2546 litterae
1261 2493 1496 2551 initiales
1523 2496 1801 2567 eleganter
1829 2512 1962 2552 auro
1991 2507 2044 2554 et

438 2575 714 2633 coloribus
761 2589 890 2636 sunt
929 2579 1195 2653 depicta),
1241 2585 1470 2659 insignia
1523 2589 1778 2646 Edwardi
1809 2590 2044 2648 Browne

440 2668 819 2740 praefiguntur.

947 2780 1165 2825 CODICES
1208 2784 1382 2827 IGNOTI
1411 2787 1534 2828 ενι.

517 2857 647 2913 ϐοά.
705 2857 1018 2917 Parisiensis
1081 2880 1271 2932 xxv",
1326 2866 1466 2922 Bibl.
1527 2867 1893 2942 Sangenovel‘.
1957 2884 2038 2927 cc.

447 2950 604 3006 1&0.
629 2950 953 3009 Tertulliani
978 2956 1168 3026 (verius
1196 2957 1507 3034 Novatiani)
1533 2968 1588 3018 et
1616 2962 1849 3019 aliorum
1881 2977 2047 3034 opus-

447 3045 590 3101 cuia.

517 3135 645 3192 ϐοά.
692 3141 1056 3201 Avenionensis
1102 3161 1142 3214 ι,
1198 3145 1361 3220 Cypr.
1410 3162 1576 3221 opera
1627 3164 1750 3206 cum
1803 3148 2042 3221 pictura,

445 3234 794 3292 membranae
835 3237 886 3292 in
921 3237 1070 3296 folio.

519 3323 648 3380 ϐοά.
675 3329 1037 3387 Avenionensis
1065 3349 1139 3403 ιι,
1168 3334 1473 3391 membran.
1519 3334 1732 3392 in—l‘olio
1776 3335 2043 3408 epistolae.

517 3416 646 3476 ϐοά.
703 3421 1066 3481 Avenionensis
1118 3441 1217 3495 ιιι,
1274 3442 1556 3485 sermones
1611 3444 1734 3484 cum
1789 3429 1996 3500 pictura
2027 3468 2044 3495 ,

445 3513 748 3569 mcmbran.
771 3517 931 3585 epist.
958 3517 1235 3590 Cypriani,
1264 3519 1577 3594 Hieronymi
1599 3530 1655 3578 et
1681 3523 1738 3578 S.
1764 3520 2044 3578 Bernardi.

516 3607 642 3664 Cod.
675 3608 1125 3684 Carolopolitanus
1157 3615 1214 3672 8.
1248 3615 1507 3688 Cypriani
1550 3618 1603 3673 in
1654 3618 1903 3674 oratione
1934 3617 2044 3673 Do-

445 3699 648 3758 minica
675 3704 943 3774 expositio
966 3706 1108 3762 inter
1135 3709 1481 3767 miscellanea
1511 3710 1615 3765 PP.

517 3793 645 3850 Cod.
677 3795 1010 3854 Carnutensis
1037 3799 1095 3856 S.
1125 3796 1382 3872 Cypriani
1412 3811 1466 3857 et
1492 3802 1736 3873 epistolae
1764 3817 1886 3859 cum
1913 3801 2048 3858 duo-

445 3888 548 3947 bus
593 3893 869 3964 opusculis
913 3894 977 3949 de
1029 3893 1223 3950 Habitu
1262 3897 1538 3968 virginum,
1570 3897 1633 3953 de
1674 3897 2049 3970 Singularitate

445 3984 769 4040 clericorum.

445 4113 458 4144 δ
521 4077 650 4132 ϐοά.
668 4080 896 4136 diaecesis
912 4081 1148 4139 Heimbr.
1179 4083 1396 4142 in-folio
1424 4086 1481 4143 S.
1505 4082 1761 4163 Cypriani
1782 4086 2045 4161 epistolae.

444 4177 466 4242 δ
520 4171 650 4226 ϐοά.
694 4171 956 4230 Metensis.
999 4175 1057 4232 S.
1087 4176 1343 4250 Cypriani
1371 4179 1635 4250 epistolae.

520 4263 651 4320 Cod.
685 4263 984 4338 Bernensis,
1016 4269 1220 4328 charta:
1252 4273 1422 4329 in-4°.

520 4356 649 4413 Cod.
677 4356 999 4434 Stratcburg.
1023 4367 1097 4435 ξιι,
1145 4363 1402 4438 Cypriani
1445 4366 1709 4438 epistolae,
1742 4365 2046 4424 membran.

446 4452 501 4510 in
527 4455 608 4512 4⁸.

521 4549 649 4605 ϐοά.
672 4551 1003 4608 Basileensis.
1037 4553 1406 4609 Auctoritates
1435 4553 1543 4609 PP.
1570 4553 1826 4610 Ecclesiae
1854 4551 2047 4609 ortho-

445 4639 624 4711 doxaz,
658 4645 799 4701 inter
819 4659 955 4717 quos
975 4643 1140 4717 Cypr.
1169 4644 1336 4700 in-8°.

522 4734 649 4791 ϐοά.
682 4736 962 4810 Brugensis
990 4737 1046 4794 S.
1079 4734 1335 4810 Cypriani
1376 4747 1430 4794 et
1459 4737 1686 4794 aliorum
1715 4751 1901 4809 opera.

521 4827 575 4882 1.
608 4826 841 4886 Andreas
866 4829 1142 4884 Aleriensis
1169 4844 1238 4886 ex
1258 4829 1444 4886 codice
1472 4831 1766 4888 Parisiensi
1805 4831 2051 4901 descrip-

446 4929 616 4990 serat,
645 4939 766 4994 quae
807 4924 862 4981 in
891 4924 1134 4996 principe
1163 4923 1408 4982 Romana
1437 4925 1607 4982 edidit
1633 4925 1887 4997 Cypriani
1909 4940 2046 4997 opu-

446 5016 616 5072 scola.

518 5112 575 5165 ‘2.
615 5109 804 5166 Latino
825 5110 1052 5181 Latinio,
1083 5113 1140 5169 in
1167 5112 1410 5170 Romana
1452 5113 1514 5170 P.
1549 5113 1769 5170 Manutii
1796 5122 2050 5185 suppete-

445 5203 542 5260 bat
589 5203 775 5262 Codex
844 5207 1248 5265 vetustissimus
1299 5207 1626 5276 Veronensis,
1668 5209 1737 5266 de
1791 5226 1900 5282 quo
1947 5224 2048 5268 suo

443 5295 569 5353 loco
615 5299 771 5355 nobis
823 5300 1085 5356 constitit.
1115 5303 1322 5371 Quibus
1358 5311 1546 5373 postea
1575 5304 1628 5360 in
1677 5306 1822 5361 curis
1849 5319 2045 5361 secun-

445 5393 532 5449 dis
562 5410 692 5451 usus
718 5396 809 5464 sit,
837 5411 944 5452 non
974 5396 1174 5455 diserte
1199 5398 1474 5456 indicavit.

516 5489 572 5544 ὅ.
603 5488 871 5546 Pamelius
897 5503 1028 5546 usus
1057 5501 1140 5547 est
1168 5493 1446 5549 codicibus
1477 5507 1609 5548 mss.
1655 5492 1874 5548 abbatiw
1898 5492 2044 5566 Afﬂi-

441 5580 711 5653 giniensis,
736 5581 876 5639 haud
901 5584 1087 5654 procul
1105 5583 1372 5642 Bruxella.
1392 5584 1703 5657 AnglicoJo.
1725 5585 2039 5655 Clementis,

443 5673 537 5744 qui
585 5673 650 5729 ad
701 5674 878 5744 ipsum
926 5675 1189 5747 quasdam
1213 5677 1340 5734 inde
1386 5679 1769 5750 castigationes
1809 5679 2040 5736 miserat.

427 5764 658 5825 Abbatiaz
693 5766 1105 5840 Blandiniensis,
1133 5769 1274 5843 apud
1293 5770 1631 5841 Gandenses,
1664 5788 1784 5845 quae
1808 5771 1874 5828 D.
1895 5771 2042 5830 Petri

1897 222 2292 284 PREFATIO.

3621 252 3746 294 ιιιν

2147 350 2507 414 nuncupatur,
2541 346 2629 416 qui
2661 345 2821 418 paulo
2845 356 3022 419 posta
3055 349 3300 408 sectariis
3337 359 3610 410 crematus
3635 367 3740 412 est.

2144 434 2470 506 Fragmenta
2519 439 2750 510 quodam
2801 441 3004 498 codicis
3031 459 3135 500 ms.
3180 444 3430 501 Ludovici
3457 445 3742 516 Carrionis,

2144 527 2198 582 in
2229 543 2337 596 quo
2367 532 2620 586 nonnulla
2653 532 2906 605 Cypriani
2939 535 3198 605 opuscula
3227 539 3669 596 continebantur.

2214 619 2428 676 Excuso
2458 622 2646 679 codice
2673 623 2763 679 Jo.
2796 624 3009 680 Canchii
3044 626 3377 699 Ultrajectini
3409 645 3534 686 cum
3576 631 3746 688 casti-

2141 711 2449 781 gationibus
2477 715 2544 769 ad
2576 717 2876 787 marginem
2904 735 2969 774 ex
3001 735 3134 777 mss.
3166 723 3330 778 variis
3353 723 3512 780 codd.
3542 724 3746 782 Codice

2144 803 2208 856 D.
2243 803 2586 861 Pantaleonis
2629 808 2770 878 apud
2823 806 3123 878 Coloniam,
3176 828 3337 884 quem
3389 815 3747 873 Coloniensem

2141 904 2319 950 vocat.
2372 894 2829 970 Castigationibus
2881 901 2972 957 lo.
3028 903 3263 973 Costa-ii,
3320 906 3386 962 ad
3445 911 3747 979 marginem

2141 987 2433 1060 adscripta:
2480 991 2683 1048 codicis
2713 991 2945 1050 Canchii.
2994 995 3197 1053 Codice
3236 1013 3341 1054 ms.
3372 999 3592 1056 obbatia:
3633 1001 3751 1056 Du-

2143 1082 2316 1136 nensis
2346 1083 2398 1136 in
2441 1081 2717 1152 Flandria,
2772 1102 2842 1142 ex
2879 1087 3132 1144 incendio
3159 1093 3516 1148 sectariorum
3548 1111 3752 1167 super-

2142 1173 2288 1229 stite.
2320 1173 2516 1231 Codice
2545 1191 2646 1233 ms.
2675 1177 2764 1232 Jo.
2802 1177 3028 1236 Harrisii
3052 1179 3235 1254 Angli,
3261 1199 3328 1240 ex
3378 1201 3485 1257 quo
3513 1190 3751 1261 castiga-

2142 1266 2320 1322 tiones
2350 1268 2492 1322 haud
2517 1269 2859 1338 poenitendas
2884 1282 3190 1343 acceperat.
3216 1275 3418 1333 Codice
3457 1294 3559 1335 ms.
3589 1279 3754 1336 abba-

2144 1358 2229 1414 tiae
2255 1359 2634 1418 Marc/tinensis
2666 1363 2805 1419 haud
2837 1366 3023 1435 procul
3051 1383 3094 1434 _a
3140 1367 3408 1425 Duacensi
3443 1372 3751 1429 academia.

2140 1449 2344 1508 Codice
2369 1469 2472 1509 ms.
2501 1453 2563 1508 D.
2597 1453 2804 1511 Nicolai
2831 1465 2982 1512 extra
3008 1473 3191 1514 muros
3218 1458 3590 1519 Tornacenses.

2215 1546 2271 1603 4.
2313 1545 2578 1617 Rigaltius
2624 1547 2807 1603 laudat
2829 1550 3122 1608 varietates
3151 1551 3355 1608 codicis
3380 1553 3551 1626 Regii,
3579 1554 3756 1612 Bene-

2142 1641 2365 1709 ventani,
2419 1641 2755 1710 Corbeiensis,
2808 1641 3166 1715 Neapolitani,
3219 1646 3551 1718 Rhemensis,
3593 1648 3759 1705 Vero-

2145 1735 2333 1800 nensis,
2355 1743 2399 1788 et
2423 1732 2652 1802 Thuani,
2667 1735 2858 1791 librum
2888 1734 3011 1792 Nic.
3029 1736 3214 1808 Fabri,
3233 1747 3281 1794 et
3303 1741 3564 1813 exemplar
3588 1741 3759 1799 Pont-

2147 1828 2422 1899 posianum
2433 1867 2446 1882 .

2217 1923 2270 1978 5.
2314 1923 2650 1980 Oxonienses
2677 1923 2918 1997 denique
2962 1936 3291 2000 usurparunt
3319 1944 3450 1985 mss.
3489 1930 3754 1988 codices:

2145 2027 2378 2088 quatuor
2423 2017 2756 2085 Bodleianos,
2809 2028 3042 2091 quatuor
3085 2019 3164 2077 Is.
3225 2020 3414 2079 Vossii.
3468 2023 3584 2080 Duo
3634 2025 3762 2080 novi

2145 2107 2361 2180 Collegii
2384 2106 2620 2162 Oxoniw.
2655 2107 2830 2165 Unum
2857 2107 3072 2183 Collegii
3118 2109 3495 2169 Lincolniensis
3524 2114 3756 2172 ibidem.

2145 2201 2322 2258 Unum
2355 2200 2568 2275 Collegii
2605 2201 3001 2259 Pembrocltiani
3047 2203 3410 2279 Cantabrigite.
3446 2206 3620 2264 Unum
3673 2211 3757 2264 bi-

2147 2294 2413 2350 bliotheca:
2465 2295 2882 2351 Lamberthanw.
2957 2296 3134 2354 Unum
3185 2297 3307 2355 bibl.
3361 2299 3756 2360 Arundeliame.

2145 2389 2322 2447 Unum
2372 2390 2495 2445 bibl.
2542 2390 2902 2447 Eboracensis.
2959 2391 3135 2449 Unum
3164 2392 3288 2450 bibl.
3338 2393 3757 2452 Westmonaste-

2144 2486 2346 2541 riensis.
2381 2484 2558 2541 Unum
2610 2486 2735 2542 bibl.
2768 2485 3183 2542 Salisburiensis.
3221 2487 3396 2544 Unum
3443 2488 3533 2544 ibl.
3568 2487 3755 2546 Cotto-

2146 2582 2335 2637 niame.
2401 2581 2535 2637 Item
2608 2581 2928 2639 collationes
2997 2582 3188 2639 codicis
3247 2583 3450 2656 collegii
3505 2582 3754 2654 Corporis

2147 2673 2338 2730 Christi
2367 2672 2730 2748 Cantabrigiw,
2784 2685 2840 2733 et
2879 2675 3105 2732 alterius
3134 2675 3479 2734 Londinensis
3505 2694 3602 2750 per
3640 2678 3748 2736 Tit.

2149 2768 2277 2824 Gate
2322 2767 2550 2834 factam,
2599 2770 2726 2825 item
2756 2770 2978 2826 alterius
3025 2771 3306 2842 cujusdam
3354 2770 3752 2829 Salisburicnsis

2147 2877 2246 2934 per
2328 2863 2640 2933 episcopum
2720 2861 3089 2934 Asaphensem.
3181 2863 3508 2920 Collationes
3582 2864 3747 2923 codd.

2148 2955 2357 3009 Thuani
2399 2955 2744 3011 coenobiorum
2777 2957 2839 3011 S.
2872 2955 3144 3012 Michaelis
3191 2956 3244 3012 in
3275 2956 3517 3028 periculo
3542 2961 3709 3014 maris
3729 2999 3749 3026 ,

2149 3047 2212 3105 S.
2250 3047 2467 3104 Victoris
2518 3047 2851 3117 Parisiensis,
2905 3049 2969 3106 S.
3016 3049 3251 3104 Mauritii
3293 3049 3646 3118 Tossatensis,
3693 3062 3756 3109 et

2147 3143 2204 3201 S.
2255 3141 2403 3200 Petri
2431 3143 2776 3201 Corbeiensis
2815 3158 2913 3217 per
2960 3143 3064 3200 PP.
3112 3144 3491 3202 Bcnedictinos
3516 3145 3753 3204 Lutetia:

2148 3245 2384 3294 curatas.
2439 3237 2773 3295 Collationes
2811 3237 3020 3309 aliquot
3057 3237 3217 3294 codd.
3261 3236 3317 3293 in
3357 3237 3606 3294 Vaticana
3656 3239 3754 3296 Ve-

2147 3348 2290 3388 rome
2309 3342 2364 3389 et
2389 3332 2661 3388 Beneventi
2686 3333 3057 3398 existentium,
3093 3347 3194 3388 nec
3224 3347 3332 3388 non
3355 3331 3499 3403 regis
3522 3317 3748 3400 Gallizei

2147 3425 2331 3483 studio
2361 3425 2424 3481 Ι).
2457 3425 2598 3482 Rob.
2632 3424 2822 3497 Rigby.
2851 3424 3122 3481 Praeterea
3173 3428 3310 3480 ratio
3355 3424 3538 3480 habita
3584 3424 3750 3481 codd.

2149 3519 2324 3577 aJac.
2362 3519 2623 3588 Pamelio,
2675 3518 2978 3588 Goulartio,
3027 3519 3143 3575 Nic.
3186 3518 3383 3588 Fabro,
3433 3519 3554 3576 Lat.
3604 3519 3756 3575 Lati-

2150 3615 2262 3682 nio,
2294 3623 2424 3681 etc.,
2455 3612 2842 3669 adhibitorum.

2224 3707 2277 3763 6.
2321 3706 2570 3762 Baluzius
2598 3721 2706 3762 non
2739 3706 2914 3761 solum
2960 3705 3140 3761 omnia
3179 3704 3420 3777 priorum
3451 3705 3751 3762 editionum

2151 3815 2217 3856 ex
2242 3799 2518 3855 codicibus
2548 3813 2680 3856 mss.
2713 3798 2949 3855 subsidia
2978 3797 3158 3856 denuo
3187 3799 3444 3867 excussit,
3475 3798 3568 3855 sed
3599 3813 3758 3854 com-

2152 3894 2332 3964 plures
2359 3893 2428 3949 de
2472 3907 2612 3948 novo
2653 3892 2814 3949 etiam
2861 3890 3154 3958 consuluit,
3196 3905 3334 3962 quos
3363 3891 3590 3947 strictim
3619 3906 3757 3948 euu-

2153 3997 2328 4044 merat
2351 3985 2604 4043 Maranus
2643 3987 2943 4058 prolegom.
2972 4000 3028 4057 p.
3061 4000 3264 4041 chvu.
3297 3984 3582 4042 Multorum
3623 4000 3758 4041 vero

2151 4080 2330 4136 varias
2355 4080 2615 4137 lectiones
2638 4079 2791 4135 libris
2814 4079 2926 4136 suis
2951 4077 3335 4150 adscripserat,
3355 4077 3470 4146 sed,
3501 4077 3757 4150 quoniam

2152 4176 2313 4232 citius
2341 4175 2420 4231 illi
2446 4173 2904 4242 distraherentur,
2926 4173 3140 4244 plenam
3165 4188 3350 4230 eorum
3377 4174 3623 4231 notitiam
3645 4174 3759 4231 col-

2153 4271 2321 4344 ligere
2351 4286 2460 4328 non
2488 4270 2708 4327 licebat.

2623 4363 2899 4406 EDITIONES
2934 4361 3158 4405 CYPBIAN
3166 4363 3292 4411 ICE,’

2226 4442 2535 4500 Editionum
2575 4442 2829 4516 Cypriani
2870 4451 3081 4514 septem
3103 4440 3308 4499 classes
3334 4441 3618 4499 commode
3646 4441 3758 4498 dis-

2153 4539 2301 4596 cerni
2327 4546 2592 4610 possunt,
2619 4551 2848 4607 quarum
2865 4536 3036 4607 prima
3057 4536 3126 4592 ab
3151 4551 3295 4591 anno
3319 4537 3480 4602 N71,
3496 4552 3526 4591 a
3555 4536 3761 4592 teneris

2153 4629 2322 4688 initiis
2344 4630 2601 4687 Romanae
2624 4629 2884 4701 principis
2912 4626 2980 4684 ad
3006 4627 3302 4685 editionem
3325 4628 3760 4685 Remboltianam

2153 4724 2504 4796 producenda
2541 4731 2659 4787 est;
2693 4722 2930 4779 secunda
2960 4736 2990 4775 a
3022 4720 3396 4777 Remboltiana
3418 4721 3485 4776 ad
3511 4720 3758 4777 Erasmi-

2153 4835 2310 4886 cam;
2333 4819 2491 4875 tertia
2522 4817 2855 4873 Erasmicam
2879 4816 3038 4872 toties
3065 4815 3352 4886 repetitam
3386 4814 3578 4882 habet;
3602 4830 3761 4886 quar-

2155 4926 2264 4974 tam
2316 4914 2619 4980 Pamelius;
2649 4913 2894 4985 quintam
2947 4911 3244 4983 Rigaltius;
3289 4919 3498 4967 sextam
3531 4910 3756 4978 Fellus;

2153 5009 2441 5082 septimam
2467 5006 2723 5063 Baluzius
2749 5004 3025 5063 instruxit.
3056 5003 3188 5060 Inde
3212 5003 3279 5059 ad
3311 5013 3552 5059 nostram
3584 5019 3759 5076 usque

2153 5104 2502 5160 Baluzianam
2542 5084 2705 5158 simul
2733 5109 2790 5157 et
2809 5098 3199 5167 Oxoniensem,
3243 5097 3445 5169 duplex
3471 5096 3759 5153 deducitur

2155 5199 2451 5257 editionum
2502 5196 2668 5263 ordo,
2717 5209 2943 5264 quarum
2990 5193 3057 5250 ad
3097 5192 3374 5249 Baluzium
3424 5192 3578 5259 alite,
3634 5189 3761 5246 alia:

2152 5293 2220 5350 ad
2248 5292 2458 5349 Fellum
2485 5289 2787 5348 referenda:
2821 5299 2967 5345 sunt.

2195 5405 2395 5452 PRIMA
2440 5402 2807 5449 EDITIONUM
2852 5399 3080 5446 SANCTI
3123 5396 3426 5446 CYPRIANI
3470 5397 3712 5446 SEBIES.

2654 5485 2920 5542 Editiones
2947 5485 3260 5556 primigenia.

2777 5591 2996 5634 SECULO
3035 5592 3128 5632 ιν.

2791 5670 2941 5726 Anno
2980 5670 3138 5726 H71.

2151 5767 2342 5831 Enrrto
2386 5781 2639 5828 PRINCEPS
2679 5765 2909 5826 Bonam
2934 5764 2977 5823 ι.
3007 5765 3194 5824 Romae
3223 5763 3277 5822 in
3306 5763 3470 5825 domo
3510 5761 3654 5823 Petri
3702 5769 3762 5824 et
