3982 6310
248 287 350 327 LXV

250 390 521 447 Francisci
553 391 623 449 de
652 392 897 451 Maximis
927 408 1024 465 per
1055 395 1216 451 Conr.
1242 394 1603 471 Sweynheym
1633 407 1688 454 et
1711 402 1843 456 Arn.

248 483 545 551 Pannartz,
597 486 810 543 in-folio
837 487 896 544 S.
945 489 1203 562 Cypriani
1251 492 1693 564 Carthaginiensis
1735 498 1847 566 epi-

245 579 391 648 scopi
428 579 676 650 epistola:
700 595 767 636 ex
795 584 1163 652 recognitione
1192 584 1315 640 Joh.
1355 585 1607 655 Andreae,
1641 597 1697 644 et
1723 604 1846 644 cum

247 669 486 740 ejusdem
515 673 746 743 epistola
773 674 841 728 ad
858 674 1080 731 Paulum
1103 677 1150 732 ll
1183 679 1236 733 in
1265 678 1372 735 fine
1406 699 1418 734 :

368 764 584 834 ASpicis,
612 764 995 834 il_lustri_s_lector
1027 769 1350 834 quicumque,
1377 771 1595 824 libellos.

464 827 518 875 Si
543 829 682 896 cupis
703 829 944 896 artificum
963 827 1159 881 nomina
1177 827 1340 896 nosse,
1367 834 1504 896 lege.

369 887 572 960 ASpera
590 887 781 940 ridebis
801 895 1122 960 congnomina
1147 887 1530 960 (sici)'1‘eut5na;
1559 899 1719 949 forsan

467 951 671 1013 Mitiget
693 967 774 1002 ars
796 951 948 1004 musis
970 956 1123 1006 inscia
1148 951 1300 1008 verba
1319 961 1498 1008 virum.

369 1012 618 1065 Couradus
633 1015 979 1082 Sweynheym,
997 1019 1238 1070 Arnoldus
1258 1022 1562 1134 Panartzque
1580 1025 1796 1088 magistri

462 1075 631 1126 Romae
653 1079 1012 1134 impresserunt
1035 1081 1150 1131 talia
1173 1083 1322 1134 multa
1347 1088 1468 1134 simu

462 1075 631 1126 Romae
653 1075 1012 1140 impresserunt
1035 1081 1150 1131 talia
1173 1083 1322 1134 multa
1347 1088 1468 1134 simu

365 1139 554 1203 Petrps
569 1153 680 1190 eum
699 1139 850 1192 fratre
877 1142 1156 1203 Francisco,
1182 1147 1427 1196 maximus
1451 1149 1594 1200 ambo

459 1200 590 1252 Huic
611 1204 756 1266 operi
778 1200 1329 1318 σξιιξιιὲιὲιρῖιιῗὲιὲῗιθ
1349 1210 1563 1260 domum.

908 1267 1071 1320 CCCC.
1109 1269 1277 1321 LXXI.

311 1348 388 1404 Ex
438 1349 680 1421 Epistola
733 1350 1030 1408 Aleriensis
1081 1353 1248 1426 liquet
1297 1355 1436 1414 hanc
1479 1358 1536 1415 S.
1585 1359 1844 1432 Cypriani

247 1440 534 1499 editionem
586 1445 933 1514 prrecessisse
981 1445 1272 1503 editionem
1328 1464 1470 1506 sacr.
1526 1451 1843 1522 Bibliorum,

245 1551 465 1607 quorum
492 1537 941 1608 impressionem,
975 1549 1197 1612 prepter
1243 1543 1444 1598 charta:
1487 1545 1708 1617 majoris
1751 1548 1847 1604 de-

246 1631 474 1699 fectum,
523 1633 922 1705 interrumpere
965 1638 1140 1692 coacti
1185 1637 1401 1695 fuerant
1452 1641 1693 1712 opifices.
1737 1643 1844 1700 llas

245 1735 410 1782 autem
440 1727 702 1797 epistolas
731 1745 791 1784 se
832 1730 1189 1802 descripsisse
1222 1734 1387 1789 refert
1412 1750 1476 1791 ex
1509 1747 1722 1792 vetusto
1752 1753 1845 1794 co-

241 1818 353 1874 dice
403 1819 732 1887 Parisieusi,
783 1839 946 1892 quum
991 1824 1292 1881 studiorum
1339 1842 1499 1884 causa
1548 1829 1601 1884 in
1654 1831 1842 1888 eadem

239 1909 364 1966 urbe
393 1921 730 1968 versaretur.
759 1911 890 1970 Haec
929 1915 1047 1986 ejus
1074 1917 1324 1986 epistola,
1358 1920 1445 1976 cui
1492 1921 1722 1978 inseruit
1749 1940 1846 1980 ex-

236 2001 598 2074 planationem
641 2006 933 2062 multorum
979 2009 1367 2067 voeabulorum
1397 2029 1427 2067 a
1468 2013 1526 2070 S.
1570 2015 1845 2088 Cypriane

234 2096 623 2164 adhibitorum,
656 2116 775 2171 qum
824 2120 842 2153 ι
894 2117 1124 2174 propere
1161 2105 1508 2176 perlegendo,
1563 2128 1582 2162 ι
1633 2119 1691 2164 ιιι
1729 2109 1845 2179 ipse

233 2189 322 2257 ait,
368 2207 390 2241 ‹
447 2191 679 2262 alicujus
720 2192 1209 2264 iuterpretamenti.
1260 2209 1482 2269 propter
1529 2202 1843 2273 tyrunculos

233 2284 494 2353 quosdam
538 2286 820 2343 litterariae
866 2289 1165 2359 facultatis,
1213 2292 1459 2364 indigere
1497 2296 1777 2364 crederet,
1817 2315 1838 2350 ι

234 2393 350 2434 cum
378 2379 581 2446 indice,
616 2383 705 2453 qui
748 2383 1060 2441 immediate
1090 2384 1395 2457 subjicitur,
1428 2402 1654 2460 occupat
1686 2391 1844 2462 paulo

239 2472 406 2527 minus
438 2489 606 2543 quam
641 2475 740 2529 tria
772 2473 922 2530 folia.
957 2477 1213 2548 Exempla
1255 2490 1489 2551 quatuor
1536 2483 1591 2537 in
1642 2483 1841 2538 biblio-

236 2561 402 2619 thecis
436 2563 702 2621 Romanis
731 2583 790 2623 se
821 2575 1084 2626 tractasse
1123 2571 1418 2640 Audi/fredi
1446 2574 1642 2630 acerbe
1687 2575 1847 2634 docet

236 2656 486 2724 Lairium,
515 2662 609 2730 qui
639 2670 836 2730 praeter
859 2662 1163 2720 Crevenme
1193 2669 1477 2738 exemplar
1503 2669 1651 2725 aliud
1688 2670 1832 2726 haud

234 2749 451 2818 vidisse,
486 2767 590 2808 nec
632 2753 788 2810 facile
809 2770 1094 2813 occurrere
1129 2759 1362 2816 dixerat.
1397 2760 1760 2820 Enumeratur
1788 2765 1842 2820 in

234 2843 346 2899 Cat.
379 2845 522 2902 Bibl.
553 2845 712 2920 Chig.
963 2923 1095 2979 “7i

308 3008 406 3064 Eo.
441 3007 672 3068 VENETA
725 3011 778 3080 Ι,
835 3015 996 3086 vulgo
1041 3015 1338 3074 Smneasrs.
1375 3018 1652 3088 Venetiis,
1698 3023 1844 3094 apud

239 3103 592 3229 fetltideliuum
619 3107 688 3163 de
710 3106 866 3179 Spira
891 3110 937 3181 (t
953 3111 994 3181 ),
1015 3112 1190 3170 ιιι-[οι.
1212 3113 1270 3168 S.
1289 3113 1544 3186 Cypriani
1563 3116 1842 3188 Epistolte.

271 3192 302 3229 ll
369 3191 432 3229 ne
461 3196 472 3229 ζ

271 3192 302 3229 Il
330 3191 432 3231 nne
461 3196 472 3230 ζ

304 3266 537 3346 goquit‘ur
563 3269 723 3346 lector
755 3272 816 3346 ad
840 3273 1166 3346 Vindelinum
1182 3276 1469 3346 Spirensem
1492 3280 1730 3333 artificem
1756 3283 1843 3346 qui

296 3331 546 3395 Epistolas
579 3334 726 3385 Beati
765 3331 1275 3452 CyiriépliCé-edldyigiiln
1309 3341 1488 3391 lucem.

240 3476 572 3550 Quamquam
598 3495 706 3535 non
733 3495 798 3536 ex
833 3481 1016 3537 verbis
1038 3524 1052 3549 ,
1077 3484 1245 3538 reddit
1266 3485 1318 3539 in
1343 3485 1506 3541 lucem
1531 3503 1653 3544 cum
1683 3489 1843 3547 docto

238 3567 443 3625 editore
498 3569 745 3643 Catalogi
801 3573 1050 3629 biblioth.
1106 3575 1410 3634 Crevennze
1462 3580 1623 3648 1776,
1679 3583 1839 3652 iu-i°,

240 3671 361 3718 tom.
391 3679 431 3730 t,
465 3679 521 3735 p.
554 3665 642 3733 59,
676 3666 813 3722 hanc
857 3667 1153 3725 editionem
1198 3670 1438 3727 Romana
1485 3677 1842 3734 recentiorem

239 3768 351 3811 esse
395 3756 660 3826 probem;
693 3757 911 3814 certiori
957 3768 1135 3816 tamen
1185 3774 1509 3834 argumento
1550 3767 1680 3824 illud
1721 3784 1844 3826 esse

238 3844 331 3901 hac
370 3847 666 3904 occasione
693 3851 882 3920 possit,
913 3852 1058 3922 quod
1087 3868 1208 3909 cum
1245 3853 1487 3912 Romana
1513 3859 1681 3916 editio
1714 3863 1838 3919 cod.

240 3955 332 3994 ms.
365 3940 514 3995 unde
537 3955 796 4012 expressa
830 3944 921 4010 sit,
965 3943 1186 4011 indicet,
1221 3944 1426 4004 Veneta
1461 3961 1652 4008 eontra
1674 3954 1742 4010 de
1771 3955 1844 4010 si-

240 4033 343 4087 mili
371 4033 633 4104 przesidio
679 4035 857 4100 sileat,
889 4045 943 4093 et
992 4037 1094 4093 hoc
1139 4039 1254 4109 ipso
1287 4041 1502 4098 silentio
1549 4045 1840 4104 editionem

239 4127 512 4198 antiquam
559 4137 685 4184 ante
731 4143 984 4186 excusant
1041 4144 1434 4203 reprtcseutare
1481 4151 1541 4192 SC
1591 4148 1832 4199 testetur.

309 4261 387 4334 (1)
415 4261 700 4346 Errorem,
730 4264 819 4334 qui
847 4265 1050 4322 saeculo
1079 4268 1357 4346 prmterito
1389 4270 1649 4340 plurimos
1681 4273 1840 4346 hujus

244 4333 537 4411 argumenti
578 4333 752 4411 libros
793 4333 1153 4411 occupaverat
1193 4333 1497 4411 saepiusque
1542 4333 1842 4404 exinde'et

243 4404 426 4486 iterum
466 4404 728 4486 explosus
762 4419 845 4486 est
884 4404 1069 4486 spiras
1098 4413 1228 4466 hanc
1258 4404 1530 4486 editio-nem
1560 4419 1835 4486 prodiisse,

240 4476 337 4559 y'iri
369 4478 590 4531 nomine
629 4475 877 4559 fraudem
913 4475 1146 4559 faciente
1167 4525 1194 4559 ,_
1218 4485 1383 4559 verbo
1410 4475 1628 4559 notasse
1665 4475 1835 4559 juvet:

237 4545 495 4630 Necyero
524 4549 819 4630 erroriste
844 4550 924 4630 iis
946 4554 1116 4630 magis
1143 4554 1305 4630 objici
1336 4556 1517 4623 debet,
1551 4559 1640 4629 qui
1665 4545 1834 4630 supe-

238 4619 371 4700 riori_
417 4635 537 4675 aevo
595 4621 841 4700 notitiam
874 4619 1456 4700 litterariamihorum
1505 4619 1833 4700 scriptorum

237 4691 746 4772 conderentkquaut
774 4694 918 4772 ipsis
953 4710 1141 4750 eorum
1172 4698 1470 4772 editoribus
1495 4691 1833 4772 exprobran-

238 4760 450 4835 dus,giis
472 4762 679 4835 scilicet
699 4760 892 4831 quibus
917 4782 1078 4822 manu
1105 4770 1302 4823 versari
1331 4769 1448 4826 illas
1472 4760 1680 4829 veteres
1706 4775 1832 4835 edd.

235 4833 482 4903 contigit,
511 4834 658 4903 quod
685 4835 771 4889 vix
806 4836 932 4893 illis.
964 4837 1022 4891 lu
1057 4839 1279 4896 istorum
1307 4858 1532 4898 numero
1559 4855 1643 4900 est
1672 4833 1836 4903 Beia;

235 4902 423 4989 hartus
471 4902 770 4989 Altorfmus
815 4908 1156 4989 Epp.__Cypr.
1190 4927 1252 4989 _a_.
1296 4913 1458 4977 £689,
1506 4917 1701 4989 editor,
1735 4902 1835 4989 qui

236 4984 518 5046 utramque
547 4975 841 5031 Romanam
864 4975 1091 5036 ’s'cilicét'
1109 4991 1163 5036 et
1190 4975 1455 5040 Venetam
1479 4986 1568 5042 ed.
1603 5004 1666 5044 ex
1687 4975 1836 5046 Bibl.

238 5044 674 5126 Pierinibergeusi
703 5050 803 5126 ipsi
826 5051 1224 5108 commodatum
1253 5056 1504 5126 inspexit,
1532 5075 1631 5116 nec
1658 5044 1835 5118 tamen

239 5118 394 5194 aliter
419 5119 626 5194 de_illis
658 5120 912 5189 loquitur,
938 5139 1000 5178 ac
1026 5126 1069 5178 si
1104 5140 1198 5194 per
1222 5118 1469 5182 somimm
1493 5118 1561 5184 de
1593 5132 1655 5186 tis
1682 5148 1838 5189 acce-

241 5190 425 5265 pisset,
477 5189 1004 5265 Spirensemivocam
1034 5236 1050 5261 ,
1082 5189 1239 5265 cujus
1283 5199 1478 5254 artifex
1525 5202 1838 5261 Vindeliuus

240 5263 451 5342 quidam
486 5261 751 5342 laudetur.
781 5264 994 5342 Pariter
1019 5261 1253 5342 editores
1276 5271 1433 5342 Angli
1462 5282 1516 5328 et
1543 5290 1608 5328 ex
1643 5275 1706 5330 iis
1732 5276 1838 5330 Ba-

241 5330 414 5387 luzius
445 5348 662 5403 semper
689 5334 991 5411 Spireitsem
1020 5339 1162 5411 hanc
1188 5330 1486 5411 appellant.
1519 5345 1719 5400 Baluzii
1753 5362 1839 5403 er-

241 5415 538 5488 rorantem
583 5419 657 5488 eo_
689 5405 1035 5488 infensiorem
1075 5405 1238 5467 facile
1265 5405 1533 5470 lectorem
1585 5418 1836 5488 habebit,

244 5474 327 5553 ubi
363 5490 557 5553 recens
585 5491 612 5528 a
634 5477 875 5553 lectione
918 5497 1104 5536 eorum
1145 5499 1266 5553 qure
1296 5496 1546 5542 accurate
1577 5489 1628 5543 in
1658 5474 1841 5547 limine

244 5544 393 5628 istius
422 5548 676 5628 editipnis
722 5565 882 5628 super
909 5553 990 5606 his
1014 5544 1268 5628 lilara'nus
1311 5561 1585 5628 prtecepit,
1632 5561 1683 5615 in
1715 5544 1838 5617 eum

244 5615 510 5696 ipeiderit.
543 5618 695 5674 Scire
733 5615 892 5696 etiam
943 5625 1106 5680 velim
1152 5615 1401 5696 quaenam
1447 5615 1521 5684 si't
1567 5615 1653 5686 illa
1703 5615 1842 5688 uetus

256 5685 627 5769 ifenetguquam
667 5708 792 5769 cum
832 5694 1064 5769 Spirensi
1092 5685 1193 5769 una
1240 5700 1437 5769 saepius
1470 5703 1650 5758 laudat
1681 5685 1841 5759 Balu-

246 5759 512 5847 Zillgr‘fxi‘
536 5772 690 5817 notas
727 5764 793 5819 ad
837 5759 927 5821 lib.
960 5759 1343 5826 'l‘cstimouior'.
1378 5772 1642 5833 adversus
1685 5776 1840 5847 Jud.,

246 5843 298 5904 p.
325 5830 445 5889 596.
480 5832 884 5892 SCMENEIABIN.

684 5930 961 5996 Parnm"
995 5933 1081 5998 III
1128 5988 1136 5999 .

1704 280 2100 341 PREFATIU.

3423 327 3554 369 LXVI

1950 400 2180 460 Gravius
2233 413 2569 463 momentum
2623 416 2802 468 textus
2844 412 2986 471 inter
3027 425 3315 493 utramque
3355 439 3556 485 conve-

1951 496 2175 565 nientia,
2196 509 2589 568 quae,testante
2610 504 2800 562 eodem
2827 508 2942 564 viro
2967 509 3148 580 docto,
3177 523 3320 571 tanta
3351 529 3454 586 est,
3476 529 3556 586 ut,

1951 600 2152 660 praeter
2171 593 2363 649 menda
2387 596 2630 667 quaedam
2655 604 3061 674 typographica,
3093 625 3214 679 qua:
3243 611 3560 674 Vindelinus

1951 698 1980 737 e
1999 682 2240 739 Romana
2258 687 2544 744 sustulisse
2569 689 2740 746 videri
2769 692 2986 765 debeat,
3021 713 3240 768 prorsus
3264 703 3407 760 illam
3442 707 3560 764 hzec

1951 776 2149 831 referat
2180 775 2552 850 (l).-Nitore
2579 792 2633 838 et
2657 783 2924 856 elegantia
2951 791 3085 847 artis
3113 793 3410 852 Romanam
3438 800 3561 857 vin-

1949 881 2076 922 cere
2108 876 2342 938 putatur.
2376 869 2554 940 Caret,
2588 884 2648 930 ut
2674 891 2866 934 omnes
2904 878 3019 936 fere
3047 882 3210 954 hujus
3240 891 3414 946 aetatis
3443 893 3561 949 edi-

1951 957 2158 1023 tiones,
2203 961 2517 1032 paginarum
2570 964 2896 1027 foliorumve
2938 980 3202 1043 numeris,
3243 983 3560 1042 custodibus

1949 1067 2013 1107 ac
2055 1054 2367 1124 signaturis.
2417 1057 2631 1125 Textui,
2674 1077 2832 1132 quem
2879 1069 3194 1136 praecedunt
3235 1072 3364 1132 folia
3409 1075 3558 1147 duo,

1951 1145 2181 1203 indicem
2214 1149 2559 1220 praeferentia
2594 1152 2672 1226 (δὲ)
2708 1156 2893 1214 titulus
2918 1165 3357 1234 superscriptus:

1951 1260 2202 1326 Incipiunt
2222 1263 2918 1351 lipi‘stolfe‘gaeeih‘iﬁgypriani
2959 1275 3018 1351 ad
3043 1277 3324 1351 Cornelium
3348 1283 3552 1351 Papam,

2281 1334 2334 1378 et
2359 1333 2508 1391 prima
2529 1333 2593 1381 de
2619 1333 2967 1400 Confessione,
2993 1339 3227 1394 feliciter.

2020 1430 2078 1485 lu
2099 1431 2199 1489 hac
2214 1435 2454 1493 editione
2479 1438 2685 1495 Veneta
2716 1442 2983 1499 habentur
3008 1447 3170 1503 etiam
3194 1449 3558 1511 Testimonio-

1949 1539 2068 1580 rum
2098 1527 2221 1582 adv.
2250 1527 2470 1585 Judaeos
2500 1534 2564 1587 ad
2595 1535 2875 1602 Quirinum
2908 1538 3049 1604 libri,
3070 1543 3165 1597 sed
3189 1543 3297 1601 duo
3328 1555 3554 1615 tantum,

1949 1625 2004 1672 et
2030 1619 2214 1675 multis
2236 1620 2444 1678 lacunis
2473 1624 2813 1694 laborantes;
2849 1630 2989 1686 haud
3018 1633 3178 1691 dubie
3205 1638 3421 1694 eosdem
3445 1641 3558 1712 jam

1949 1707 2194 1766 Romana
2226 1713 2327 1769 sub
2349 1716 2596 1785 epistolis
2619 1722 3019 1790 complectitur.

2678 1814 2837 1870 M85.

2022 1895 2252 1954 Vanam
2283 1899 2624 1970 lI.,Venetiis
2655 1909 2796 1977 apud
2826 1909 3026 1968 Lucam
3054 1913 3351 1986 Venetam,
3377 1922 3558 1984 in-fol.

1947 1989 2208 2062 Epistolce
2239 2003 2294 2051 et
2321 2000 2579 2066 opuscula
2612 2019 2622 2054 :
2657 2001 2710 2056 in
2745 2003 2888 2059 line:
2920 2007 3034 2063 Divi
3067 2009 3271 2068 Cmcilii
3302 2016 3561 2090 Cypriani

1948 2086 2045 2142 viri
2074 2091 2397 2145 sanctissimi
2417 2100 2472 2148 et
2488 2092 2917 2165 eloquentissimi
2939 2101 3193 2173 epistolas
3214 2086 3561 2172 exactissime

1947 2181 2252 2251 recognitas
2278 2182 2450 2239 Lucas
2471 2185 2731 2253 Venetus,
2769 2190 3029 2248 Dominici
3064 2196 3223 2266 filius,
3258 2201 3414 2258 solita
3437 2205 3562 2262 dili-

1945 2275 2123 2346 gentia
2167 2277 2444 2347 impressit
2472 2279 2712 2337 Venetiis
2753 2299 2898 2340 anno
2929 2287 3120 2344 salutis
3157 2307 3557 2365 uccccuxxm,

1945 2371 2118 2441 pridie
2139 2388 2310 2427 uonas
2333 2373 2650 2430 decembres
2675 2377 2886 2448 (Goetze
2908 2379 3223 2440 Merkwiird.
3252 2387 3342 2441 der
3362 2389 3553 2446 Dresd.

1949 2461 2135 2534 δεδι).
2168 2463 2428 2522 Exstahat
2456 2467 2618 2522 etiam
2671 2469 2723 2524 in
2753 2469 2894 2526 Bibl.
2944 2472 3266 2532 Pinelliana.
3307 2478 3388 2535 Cf.
3439 2480 3554 2538 Cat.

1950 2555 2179 2621 Morel/1',
2209 2565 2340 2612 tom.
2373 2575 2410 2626 ι,
2437 2575 2490 2629 p.
2521 2559 2612 2628 95,
2645 2577 2700 2615 ιι.
2733 2562 2856 2618 578.
2888 2563 3166 2623 Tractatus
3189 2579 3245 2625 et
3272 2587 3557 2631 sermones

1947 2648 2239 2704 nonnullos
2265 2652 2565 2708 accessisse
2599 2654 2831 2725 propriis
2862 2655 3117 2715 adhibitis
3146 2661 3328 2717 verbis
3364 2665 3560 2722 Audif-

1947 2738 2082 2796 fredi
2115 2741 2167 2795 in
2214 2739 2330 2796 Cat.
2378 2742 2517 2799 Bibl.
2550 2744 2827 2813 Casanat.,
2862 2757 2996 2805 tom.
3027 2765 3089 2818 ιι,
3119 2768 3172 2822 p.
3201 2753 3326 2822 524,
3359 2758 3557 2826 prodit.

1945 2831 2016 2889 At
2063 2834 2237 2905 major
2280 2847 2428 2893 certe
2484 2853 2608 2908 pars
2648 2833 2999 2913 eorum‘quae
3043 2844 3418 2904 Remboltiana
3464 2852 3556 2911 ed.

1946 2928 2172 2998 prmbet,
2200 2929 2310 2999 jam
2344 2931 2429 2986 hic
2473 2933 2684 3004 vulgata
2722 2945 2825 3001 est,
2865 2946 2924 2992 ut
2957 2953 3022 2992 ex
3053 2941 3373 3010 prmfatione
3398 2945 3460 3000 C.
3487 2947 3560 3004 de

1947 3018 2008 3076 P.
2053 3021 2120 3076 ad
2167 3022 2279 3078 Jac.
2328 3023 2694 3081 Grasolarium
2743 3029 2914 3085 civem
2966 3031 3253 3100 Venetam,
3283 3038 3372 3108 qui
3416 3039 3558 3098 hanc

1947 3111 2240 3170 editionem
2274 3118 2507 3173 maxime
2535 3119 2810 3191 ﬂagitasse
2832 3123 3052 3190 dicitur,
3079 3127 3131 3181 in
3156 3127 3429 3187 Rembolt.
3463 3135 3552 3190 ed.

1947 3207 2198 3276 repetita,
2246 3208 2633 3266 intelleximus.
2668 3213 3004 3285 Praecipuum
3050 3217 3213 3274 habet
3259 3221 3358 3278 hoc
3401 3241 3553 3281 com-

1947 3300 2116 3368 modi,
2145 3302 2286 3373 quod
2313 3305 2559 3375 epistolis
2581 3308 2808 3379 singulis
2839 3320 2892 3366 et
2924 3313 3240 3371 tractatibus
3264 3323 3555 3377 summaria

1945 3394 2163 3464 praefixa
2194 3395 2306 3451 sint
2332 3395 2548 3466 brevia,
2594 3415 2823 3470 quaeque
2853 3405 2906 3457 in
2950 3404 3186 3462 tabulam
3226 3413 3553 3481 compendio

1944 3489 2162 3545 redacta
2188 3500 2310 3562 post
2335 3492 2702 3563 praefationem
2731 3499 3158 3568 conspiciuntur.

2018 3582 2113 3637 His
2141 3584 2387 3654 proxime
2427 3586 2797 3660 adjungeudas
2837 3600 2965 3662 puto
2992 3593 3260 3654 editiones
3288 3600 3548 3670 quasdam

1947 3676 2049 3735 hoc
2072 3679 2274 3735 saeculo
2296 3679 2499 3753 absque
2520 3685 2668 3753 anni,
2697 3686 2780 3741 vel
2811 3687 2915 3744 loci
2946 3688 3110 3746 etiam
3138 3703 3265 3749 nota
3294 3693 3484 3754 factas.

2535 3778 2742 3837 Incerto
2787 3801 2944 3840 mmo.

2020 3871 2151 3927 Siue
2172 3885 2338 3938 anno,
2353 3870 2573 3939 Brixiae,
2594 3873 2762 3930 ιιι-Γ.
2783 3875 3255 3950 CmciliiCypriani
3278 3898 3459 3940 sermo
3479 3885 3548 3944 de

1945 3963 2200 4020 Oratione
2221 3967 2518 4031 Dominica,
2540 3968 2767 4034 scilicet,
2797 3969 2954 4026 Pater
2969 3983 3158 4041 uoster,
3185 3976 3236 4030 in
3262 3994 3368 4048 quo
3389 3979 3550 4038 docet

1945 4070 2048 4126 qua
2074 4057 2407 4126 potissimum
2430 4059 2785 4128 oratioueuti,
2815 4073 2869 4118 et
2889 4065 3120 4135 qualiter
3145 4067 3213 4124 ad
3242 4087 3359 4126 eam
3385 4089 3544 4130 acce-

1945 4152 2074 4208 dere
2103 4161 2155 4207 et
2180 4167 2286 4222 quo
2311 4160 2465 4223 gestu
2505 4153 2746 4225 corporis
2773 4165 2829 4211 et
2876 4157 3037 4214 modo
3067 4163 3214 4218 vocis
3239 4169 3545 4238 conveniat,

1945 4244 2036 4314 qui
2061 4259 2119 4299 se
2146 4245 2497 4300 christianum
2543 4261 2667 4303 esse
2704 4251 2918 4306 asserit.
2950 4283 3020 4291 —
3045 4251 3181 4328 (Cat.
3223 4258 3286 4313 de
3313 4262 3363 4314 la
3389 4259 3452 4316 Β.
3487 4263 3543 4316 d.

1951 4335 2039 4403 R.,
2073 4352 2125 4407 p.
2153 4337 2281 4402 366,
2315 4354 2370 4394 ιι.
2423 4337 2563 4405 502,
2597 4340 2686 4397 ubi
2717 4341 2934 4398 additur
2977 4357 3160 4402 :vetus
3188 4351 3378 4420 editio,
3408 4353 3548 4410 circa

1940 4445 2132 4484 annum
2152 4429 2338 4498 1490).
2371 4430 2514 4489 Alibi
2541 4431 2725 4504 legere
2756 4433 2907 4491 illam
2933 4453 3042 4493 non
3067 4441 3312 4497 utemini.

2540 4529 2746 4586 Incerto
2783 4549 2943 4589 anno.

2012 4619 2200 4676 Eotrto
2228 4635 2556 4677 INNOMINATA
2577 4621 2620 4676 Ι.
2647 4623 2777 4681 Sine
2801 4623 2924 4682 loco
2951 4639 3005 4682 et
3034 4643 3178 4686 anno
3207 4639 3262 4686 et
3290 4643 3541 4707 typogra-

1939 4713 2069 4783 pho.
2100 4712 2276 4768 Prima
2319 4713 2476 4785 hujus
2506 4715 2742 4786 generis.
2775 4717 2962 4774 Sancti
2991 4717 3246 4794 Cypriani
3276 4727 3542 4797 epistolae,

1938 4802 2171 4858 in-folio.
2218 4805 2298 4860 Ab
2340 4806 2494 4861 initio
2539 4809 2774 4864 occurrit
2812 4828 2824 4863 :
2876 4830 2893 4863 ι
2943 4811 3148 4870 Tabula
3193 4819 3544 4878 materiarum

1941 4897 2290 4967 epistolarum
2310 4899 2447 4955 beati
2478 4901 2730 4973 Cypriani
2769 4907 3024 4978 martyris
3058 4909 3358 4968 secundum
3399 4915 3547 4971 ordi-

1944 5006 2065 5046 nem
2093 4991 2363 5062 alphabeti
2400 5011 2419 5047 ι
2456 4994 2524 5066 (i.
2556 5011 2606 5051 e.
2638 4997 2797 5052 index
2836 5015 3016 5054 rerum
3049 5001 3372 5060 mirabilium
3412 5009 3545 5064 satis

2017 5127 2254 5209 (l)_Mira
2308 5139 2436 5185 sunt
2477 5146 2597 5209 qua}
2645 5132 2993 5209 Beburiusin
3026 5134 3414 5209 Bibliogrnphie
3455 5145 3540 5199 in-

1940 5201 2180 5272 structive
2209 5201 2543 5270 (inStrueuda
2575 5204 2778 5272 verius)
2817 5205 2883 5259 de
2922 5205 3021 5262 hac
3048 5201 3537 5271 editio'ne'narrat:

1949 5271 2123 5348 c_Elle
2173 5287 2200 5325 a
2247 5272 2439 5329 mérité
2485 5271 2804 5348 d’avoirﬂété
2846 5277 2983 5333 cclle
3032 5296 3136 5348 que
3167 5281 3234 5336 M.
3273 5283 3471 5342 Baluze
3509 5305 3540 5343 a

1943 5343 2316 5420 ehoisie‘pour
2339 5345 2609 5420 travajller
2635 5346 2664 5400 Ξι
2693 5346 2932 5420 l’édition
2962 5343 3090 5420 qu’il
3121 5369 3256 5406 unus
3276 5371 3304 5408 a
3327 5355 3542 5414 donuée

1943 5414 2011 5469 de
2052 5431 2112 5470 ce
2146 5415 2282 5472 Pére
2322 5417 2391 5470 de
2426 5414 2660 5484 I‘Eglise,
2694 5429 2746 5472 et
2783 5419 2820 5474 il
2861 5435 2928 5476 en
2978 5414 3152 5476 faisait
3197 5440 3263 5477 uu
3296 5442 3388 5481 eas
3431 5440 3545 5485 lout

1943 5487 2280 5558 particulier.
2318 5488 2443 5570 Elle.
2462 5505 2490 5541 ει
2520 5489 2816 5560 l'avautage
2841 5491 2908 5546 de
2936 5496 3245 5572 rentermer
3264 5497 3544 5572 beaucoup

1945 5560 2014 5613 de
2037 5575 2288 5640 passages
2315 5561 2614 5640 originaux,
2643 5577 2748 5640 que
2769 5573 2863 5640 cet
2885 5574 3074 5640 auteur
3098 5581 3128 5620 a
3163 5565 3452 5640 éléAobligé
3475 5560 3543 5628 de

1945 5630 2240 5702 soustraire
2257 5645 2325 5684 ou
2355 5629 2422 5686 de
2442 5629 2681 5702 changer
2696 5633 2831 5690 dans
2852 5635 2896 5689 la
2921 5637 3126 5691 sienue.
3143 5655 3161 5690 ι
3242 5629 3542 5700 Sentium.

2019 5700 2242 5784 (myrte
2296 5702 2429 5756 table
2481 5700 2824 5784 particuliere.
2875 5708 3160 5784 l)ebu__ri_us,
3202 5710 3406 5779 junior,
3458 5717 3542 5770 in-

1946 5771 2079 5842 quit.
2113 5771 2440 5846 Utramque,
2475 5771 2519 5830 Si
2557 5776 2662 5830 diis
2703 5777 2921 5846 placet,
2960 5771 3251 5838 editionem
3299 5771 3546 5846 manibus

1947 5846 2038 5903 ille
2063 5845 2284 5902 triverat
2309 5845 2322 5900 !
2357 5845 2760 5905 δοιιωιιειιιιιιιι.

2887 5958 2984 6004 ΙΙΙ.
