3982 6310
436 314 583 360 LIVI]

431 411 698 486 locuples)
745 411 976 482 «incipit
1023 409 1274 468 feliciter.
1305 427 1324 462 ο
1384 405 1732 465 Subnectitur
1774 403 2043 460 indiculus

436 518 813 567 contentorum
861 522 984 564 cum
1033 505 1291 562 brevibus
1335 500 1685 575 argumentis.
1733 499 1869 558 Sunt
1913 514 2043 555 vero

439 604 579 676 Epp.
608 600 953 664 unm—Ad
976 599 1261 669 Quirinum
1292 596 1413 654 libri
1437 593 1838 652 tres.—Sermo
1850 594 1912 648 Β.
1933 592 2045 649 Au-

431 699 638 770 gustini
672 698 744 754 de
772 697 832 753 B.
866 694 1161 770 Cypriano.
1192 690 1468 748 —Oratio
1495 691 1634 762 Cyp.
1668 687 1945 761 martyris.
1973 715 2044 728 --

435 794 568 854 ltem
617 795 792 850 oratio
836 791 1077 862 ejusdem
1122 804 1286 860 quam
1336 787 1440 843 sub
1479 787 1568 842 die
1618 784 1890 856 passionis
1929 797 2046 840 suae

435 887 591 945 dixit.
611 917 682 930 —-
703 885 891 941 Passio
916 884 977 940 Β.
998 880 1486 955 Cypriani.-—-Sex
1515 880 1638 936 libri
1667 879 1734 933 ad
1759 877 2042 948 Quirinum

433 996 628 1054 agmen
651 979 929 1036 claudunt.
958 978 1237 1048 Occupant
1265 975 1382 1031 haec
1409 974 1535 1031 folia
1557 989 1686 1030 xvm
1712 988 1835 1029 cum
1863 973 2044 1042 signa-

433 1074 571 1130 turis
599 1073 646 1130 Λ
670 1081 724 1129 et
752 1072 796 1128 Β
823 1086 894 1125 vi.
922 1069 1133 1126 Folium
1175 1085 1270 1126 ιιι
1316 1067 1497 1124 album
1551 1067 1663 1122 fere
1702 1072 1874 1120 totum
1903 1078 2041 1118 cou-

429 1165 658 1236 spicitur
677 1173 872 1233 prater
896 1176 1086 1233 pauca,
1113 1177 1235 1232 qua;
1263 1162 1317 1216 in
1345 1161 1555 1232 pagiuzc
1575 1157 1831 1214 secundae
1857 1165 2039 1213 extre-

431 1258 537 1318 mis
563 1271 628 1312 ex
655 1255 988 1328 Hieronymo
1018 1254 1284 1326 impressa
1315 1253 1568 1324 leguntur
1599 1251 1702 1307 hoc
1733 1249 1924 1306 titulo:
1960 1246 2045 1302 Ea:

432 1351 565 1406 libro
595 1350 725 1406 beati
760 1347 1070 1421 Hieronymi
1092 1348 1158 1403 de
1178 1348 1303 1404 uiris
1330 1348 1641 1412 illustribus,
1671 1346 1736 1402 de
1771 1345 1914 1399 beato
1945 1343 2047 1416 Cy-

433 1445 638 1518 priane.
674 1445 944 1514 Incipiunt
970 1443 1215 1514 epistolae
1241 1459 1272 1498 a
1299 1441 1396 1498 fol.
1428 1458 1496 1497 xx
1541 1451 1597 1497 et
1643 1439 1988 1512 proferuntur
2013 1452 2044 1492 a

433 1536 728 1610 signaturis
761 1552 791 1593 a
826 1536 848 1592 Ι
873 1551 1045 1606 usque
1069 1534 1136 1592 ad
1166 1535 1212 1591 ll
1237 1534 1502 1592 inclusive
1526 1533 1708 1604 quinis
1734 1532 1903 1588 ferme
1930 1530 2044 1602 pla-

431 1630 575 1702 gulis
598 1628 867 1686 consertis
888 1628 1258 1700 subscriptum
1284 1644 1299 1682 :
1336 1647 1356 1682 ι
1397 1627 1629 1699 Explicit
1648 1625 1893 1698 epistolae
1921 1624 2040 1696 glo-

430 1722 562 1778 riosi
596 1721 849 1793 martyris
891 1719 1144 1793 Cypriani
1167 1721 1314 1776 Cart.
1349 1720 1543 1789 episc.,
1565 1726 1761 1790 quanta
1786 1718 2042 1789 eloquen-

429 1809 504 1862 tia
519 1817 825 1880 quantaque
837 1806 1080 1862 doctrina
1099 1808 1242 1863 inter
1257 1805 1460 1864 cathol.
1477 1805 1732 1861 doctores
1746 1803 2042 1868 refulserit,

430 1900 674 1974 epistolae
702 1900 821 1972 ejus
837 1899 1277 1972 splendidissime
1295 1900 1587 1956 verborum
1607 1906 1802 1956 ornatu
1823 1905 2044 1954 senten-

430 1995 736 2066 tiarumque
766 1994 1015 2050 ubertate
1042 1993 1248 2065 optime
1275 1992 1655 2050 testiﬁcantur.
1689 2009 1709 2044 ι
1739 1989 1876 2047 Hinc
1901 2005 2044 2046 novo

427 2087 830 2160 signaturarum
887 2087 1081 2146 ordine
1131 2087 1253 2143 A-D
1307 2086 1700 2158 quaterniones
1742 2093 2047 2158 sequuntur

430 2179 535 2236 hac
560 2180 912 2252 inscriptione
936 2199 951 2236 :

431 2315 610 2382 Incipit
628 2315 861 2382 prolugns
883 2316 1114 2382 in_libros
1149 2318 1286 2382 beati
1326 2317 1556 2382 Cypriani
1599 2319 1845 2382 martyris
1872 2324 2044 2368 contra

716 2379 907 2456 editos.
933 2379 1024 2456 Qui
1060 2381 1262 2456 quidem
1289 2379 1524 2445 prologus
1562 2387 1640 2432 est
1671 2379 1880 2446 epistola
1903 2392 2042 2443 quae.-

491 2441 605 2493 dam
627 2441 687 2492 ad
715 2442 974 2502 Quirinum
999 2441 1200 2509 scripta.

431 2546 490 2604 ln
513 2548 623 2605 line
654 2548 778 2605 libri
814 2567 827 2604 :

428 2659 788 2772 Explicitliber
811 2661 994 2712 tertius
1007 2661 1185 2736 Caecilii
1203 2661 1438 2737 Cypriani
1451 2663 1665 2738 gloriosi
1690 2667 1938 2736 martyris,
1966 2673 2042 2710 ar-

489 2737 518 2772 c
554 2735 791 2772 IBDISCODI
817 2723 1262 2772 Carthammensns.
1283 2733 1491 2772 oratoris
1515 2725 1949 2772 excellentissimi.
1977 2723 2039 2772 ad

489 2723 791 2787 chiepiscopi
817 2723 1263 2836 Carthaginiensis,
1282 2723 1491 2775 oratoris
1515 2723 1949 2778 excellentissimi.
1977 2723 2039 2773 ad

493 2786 772 2836 Ouirinum.
788 2785 844 2835 In
859 2800 958 2836 nuo
979 2786 1010 2836 li
1051 2799 1124 2836 ro.
1144 2789 1278 2836 sicut
1289 2794 1341 2836 et
1361 2789 1410 2836 in
1428 2789 1625 2836 duobus
1644 2789 1905 2836 prioribus.
1919 2787 2039 2836 ﬁdes

493 2785 772 2850 Quirinum)
788 2785 844 2835 In
859 2785 1124 2850 quoglibro,
1144 2789 1278 2838 sicut
1289 2794 1341 2838 et
1361 2789 1410 2836 in
1428 2789 1625 2838 duobus
1644 2789 1905 2850 prioribus,
1919 2787 2044 2836 ﬁdes

489 2848 731 2899 catholica
752 2848 924 2914 contra
947 2848 1230 2900 Iudaeorum
1255 2850 1512 2914 perﬁdiam
1539 2848 1879 2914 etig'entilium
1905 2862 2044 2914 erro-

489 2925 576 2962 res
597 2922 843 2975 sacrarum
868 2911 1232 2975 Scripturarum
1255 2911 1567 2966 testimoniis
1591 2911 1856 2965 fortissime
1881 2912 2044 2963 muni-

492 2982 574 3025 tur
598 2980 653 3024 et
669 2972 1030 3024 corroboratur.
1045 2972 1158 3025 Deo
1175 2977 1381 3039 gratias.

501 3085 858 3140 Characteres
891 3093 1140 3156 typorum
1171 3083 1374 3140 similes
1400 3098 1524 3140 esse
1566 3083 1632 3139 iis
1677 3098 1798 3153 quae
1829 3083 1884 3138 in
1923 3081 2043 3137 edi-

429 3178 576 3236 tione
602 3177 917 3234 Ofliciorum
949 3175 1228 3233 Ciceronis
1266 3176 1598 3248 Moguntina,
1630 3176 1792 3244 1.165,
1826 3175 2044 3247 conspi-

431 3272 642 3328 ciantur
673 3276 869 3341 praeter
910 3269 1120 3325 litteras
1164 3284 1368 3342 paucas
1412 3269 1738 3339 majusculas
1777 3267 2043 3324 Deburius

433 3381 549 3422 seu.
580 3364 670 3437 qui
710 3362 1118 3418 accuratissime
1160 3362 1301 3418 hanc
1329 3361 1625 3419 editionem
1671 3361 1959 3432 descripsit
1990 3362 2044 3416 in

436 3457 550 3513 Cat.
592 3455 656 3511 de
683 3457 734 3510 la
757 3453 895 3510 Bibl.
920 3455 990 3509 du
1010 3455 1108 3510 duc
1134 3455 1199 3510 de
1236 3456 1288 3510 la
1326 3453 1469 3523 ναι,
1493 3463 1626 3511 tom.
1656 3471 1709 3523 ι,
1737 3470 1791 3528 p.
1830 3455 1925 3510 151
1957 3468 2040 3524 sq.

431 3551 683 3606 afﬁrmat.
739 3549 928 3605 Mediae
980 3557 1107 3604 sunt
1155 3550 1298 3605 inter
1343 3549 1618 3620 gothicum
1665 3558 1719 3603 et
1759 3561 2043 3603 romanum

432 3643 823 3700 characterem.
855 3642 1078 3713 Propter
1115 3641 1313 3698 librum
1344 3641 1560 3698 tertium
1587 3639 2042 3698 Testimoniorum

436 3737 700 3794 adversus
741 3735 955 3792 Judacos
993 3735 1061 3791 ad
1101 3735 1240 3792 hanc
1279 3736 1572 3793 editionem
1609 3735 1816 3790 adverti
1857 3733 2042 3799 velim,

437 3846 564 3888 cum
591 3832 752 3904 vulgo
782 3832 987 3905 primus
1013 3847 1078 3888 ex
1119 3832 1242 3889 cod.
1288 3848 1390 3887 ms.
1427 3841 1658 3887 monast.
1690 3828 2046 3886 Cemblacen-

437 3925 512 3980 sis
551 3924 798 3981 emisisse
839 3925 1182 3982 existimetur
1225 3925 1501 3982 Erasmus.
1552 3923 1730 3980 Editio
1757 3922 1877 3978 haec
1908 3922 2046 3979 adeo

439 4032 542 4074 nec
586 4018 813 4074 Erasmo
858 4019 1091 4074 innotuit
1135 4034 1235 4075 nec
1277 4018 1546 4075 editorum
1577 4018 1887 4090 sequiorum
1928 4015 2043 4084 ulli,

440 4117 636 4181 praeter
652 4109 974 4178 Pamelium,
995 4110 1085 4182 qui
1101 4110 1247 4182 quod
1264 4126 1331 4166 ex
1347 4109 1753 4182 comparatione
1777 4117 2038 4164 annotatt.

442 4203 563 4274 ejus
601 4201 666 4256 ad
695 4202 912 4258 tertium
942 4202 1088 4260 hunc
1108 4203 1303 4260 librum
1337 4204 1538 4268 discas,
1571 4211 1631 4258 ut
1655 4201 1810 4257 multi
1842 4200 2042 4271 potius,

442 4299 532 4370 qui
549 4311 707 4354 manu
722 4298 1024 4354 versavisse
1039 4296 1158 4370 ejus
1175 4297 1454 4372 exemplar
1485 4293 1715 4367 professi
1736 4304 1886 4359 sunt,
1907 4307 2043 4349 con-

437 4401 645 4450 stanter
673 4390 901 4448 duorum
955 4399 1160 4448 tantum
1209 4391 1478 4447 adversus
1520 4388 1737 4446 Judacos
1784 4388 2043 4444 librorum

442 4490 770 4545 mentionem
825 4486 1069 4552 faciant,
1120 4487 1362 4560 aliosque
1418 4485 1581 4540 etiam
1638 4484 2046 4552 circumspecta:

442 4581 638 4638 mentis
683 4581 830 4636 viros
883 4581 938 4634 in
988 4588 1170 4648 partes
1216 4576 1502 4634 traxerint.
1553 4575 1816 4630 Nimirum
1863 4585 2044 4630 autem

441 4673 586 4730 aliud
617 4675 701 4730 hic
728 4675 891 4740 latet;
915 4672 1112 4743 duplex
1134 4680 1312 4729 exstat
1337 4671 1505 4727 editio
1533 4669 1890 4732 innominata,
1916 4684 2047 4740 qua-

444 4781 564 4821 rum
597 4767 840 4833 alteram,
870 4780 1028 4837 quam
1052 4764 1164 4836 jam
1206 4762 1598 4834 descripsimus
1629 4761 1922 4818 adhibitam
1951 4776 2047 4816 seu

443 4859 709 4930 cognitam
748 4858 990 4914 dicemus
1032 4855 1300 4912 editorum
1351 4855 1612 4910 hactenus
1656 4854 1825 4921 nulli;
1854 4854 2044 4922 altera,

448 4950 521 5008 de
547 4965 650 5022 qua
679 4951 859 5006 statim
900 4964 1232 5020 exponamus
1257 4990 1272 5013 ,
1305 4948 1546 5003 omnium
1578 4961 1675 5003 ore
1703 4947 1922 5018 jactata,
1951 4944 2048 5001 sed

444 5046 568 5117 quia
594 5059 663 5099 ne
693 5044 859 5099 verbo
901 5043 1117 5114 quidem
1161 5041 1495 5098 describeret
1540 5039 1754 5111 aliquis,
1795 5053 2048 5108 magnum

443 5152 685 5197 errorem
713 5135 941 5206 peperit.
973 5134 1265 5198 Pamelius,
1295 5133 1387 5204 qui
1412 5131 1546 5188 nihil
1577 5130 1808 5200 amplius
1831 5130 2048 5200 quidem

443 5231 627 5289 retulit
651 5229 720 5286 de
747 5244 834 5296 ea,
869 5245 1028 5298 quam
1057 5229 1242 5284 statim
1276 5235 1400 5300 post
1431 5229 1704 5282 inventam
1743 5234 1915 5280 artem
1961 5233 2048 5296 ty-

447 5325 826 5399 pographicam
878 5338 1131 5380 excusam
1179 5323 1372 5390 videri,
1419 5330 1611 5379 censet
1657 5328 1834 5376 tamen
1882 5319 2050 5375 multo

445 5422 657 5479 Erasmi
683 5419 1112 5492 castigatiorem.

519 5515 711 5570 EDITIO
741 5528 1062 5570 INNOMINATA
1097 5511 1160 5567 ll.
1189 5542 1261 5552 —
1280 5510 1410 5568 Sine
1439 5511 1559 5567 loco
1585 5517 1640 5566 et
1669 5524 1832 5575 anno,
1865 5505 2045 5564 in-fol.

446 5607 642 5680 lucipit
671 5607 739 5663 ab
764 5606 941 5664 indice
961 5614 1343 5664 contentorum
1374 5605 1633 5676 inscripto
1660 5621 1672 5658 :

957 5783 1112 5848 ίεςορί
1134 5781 1535 5848 ϐριὴιείηερεὲβ
1551 5785 1605 5848 βε
1625 5785 1747 5848 ωδε(
1755 5776 2046 5848 nitidisniti-

443 5783 626 5836 Caacilii
642 5783 873 5848 Cypriani

1795 5841 2042 5894 Donatum

509 5848 618 5897 simi
641 5845 753 5898 libri
779 5857 832 5899 et
857 5845 1159 5912 epistolzé.-—
1173 5845 1417 5911 Incipiunt
1434 5845 1670 5897 feliciter.

1886 287 2276 347 ΡΒΔΖΡΔΤΙΟ.

3577 299 3744 344 ιιτιιῐ

2205 403 2271 452 de
2285 399 2597 466 Yanitattbus
2618 405 2672 466 et
2687 401 2998 466 Spectagilis
3021 401 3116 466 (ί).
3144 427 3207 439 -
3222 397 3739 466 Adhnemetrignum.

2208 493 2269 500 —
2289 464 2365 514 De
2390 465 2588 530 pietalis
2611 461 2777 530 Opere
2805 472 2858 514 et
2877 461 3196 530 Eleemo'syna
3209 463 3360 530 _XIII_.
3387 492 3450 530 -_—
3467 461 3543 512 Ad
3561 462 3743 530 fortn-

2209 538 2375 590 natum
2390 524 2460 590 βε
2485 524 2840 578 Exhoriatione
2865 524 3187 590 martyrii.'—-
3209 526 3287 578 De
3325 526 3446 578 Zelo
3458 530 3522 590 _et
3561 524 3740 590 livore.

2211 617 2272 624 —
2290 589 2368 638 De
2388 589 2526 642 Bono
2550 590 2817 652 patientiae.
2842 617 2905 628 —
2926 587 3005 640 De
3029 589 3346 652 Hortalitate.
3363 616 3434 652 τ-
3456 588 3533 652 De
3561 587 3744 652 Habitu

2213 654 2472 714 virginum.
2495 651 2562 691 -ἑ
2582 653 2658 701 Ad
2681 652 2924 704 Caecilium
2945 652 3009 702 de
3023 651 3344 704 Sacramenta
3361 651 3749 714 Domitticicali-

2211 715 2281 784 eis
2293 712 2368 784 β.)
2378 713 2705 784 .—-Ad_ver_sus
2719 714 3040 784 Novatianum
3057 716 3423 784 schismaticum
3434 715 3500 764 de
3513 712 3751 784 Ecclesia}

2214 775 2583 841 {nitate—De
2610 777 2941 841 Lapsis.;—De
2967 777 3204 841 Oratione
3230 777 3502 841 Dominica.
3518 801 3581 812 —-
3601 775 3752 841 Quod

2212 839 2342 903 idola
2361 841 2428 890 dii
2451 854 2548 890 non
2571 837 2694 891 sint:
2714 867 2776 878 -—-
2797 840 2874 891 De
2894 839 3254 902 Singularium
3274 840 3572 903 clericorum
3593 837 3753 903 (3):-

2209 900 2287 951 De
2313 905 2562 954 montibus
2582 903 2700 954 Sina
2739 909 2794 954 et
2817 905 2940 954 Sion
2973 900 3214 954 adversus
3250 903 3452 953 Iudaeos
3475 902 3570 964 (ι).
3595 900 3660 938 -ὲέ
3676 902 3752 950 Ad

2213 965 2594 1030 Anthoniauum,
2621 966 2687 1016 de
2709 965 2940 1030 Cornelio
2963 974 3016 1016 et
3039 965 3312 1030 Novatiano
3338 966 3434 1030 (5),.
3459 964 3620 1030 -τ-ΛΑᾶ
3638 964 3756 1030 Thi-

2211 1029 2458 1095 baritanos
2478 1029 2819 1095 Exhortatoria
2842 1028 3098 1095 (BL—“4d
3124 1028 3372 1095 Magnum,
3393 1028 3463 1095 de
3485 1028 3568 1077 bis
3588 1029 3674 1090 qui
3702 1029 3757 1076 in

2210 1090 2342 1156 l_ec_to
2365 1090 3086 1156 gratiam_consequuntur_(7).
3100 1118 3164 1156 σέ
3185 1090 3260 1156 Id
3279 1091 3557 1156 Quirinum,
3581 1098 3758 1140 contra

2208 1153 2405 1204 Judzeos
2427 1153 2541 1204 libri
2564 1154 2680 1204 duo.
2701 1153 3191 1220 IncipiuntEpi'stolm
3215 1153 3342 1206 Ceo.
3368 1153 3534 1222 Cypr.,
3555 1157 3656 1204 etc.

2147 1235 2204 1292 In
2234 1236 2340 1294 fine
2367 1257 2378 1290 :

2147 1329 2432 1398 Expliciunt
2444 1331 2676 1398 Epistolas
2699 1331 2825 1384 Caec.
2841 1331 3006 1398 σωκ,
3021 1331 3226 1398 ρωηᾉηίι
3244 1331 3470 1396 amplius.

2266 1393 2514 1467 haracter
2558 1396 2854 1467 litterarum
2879 1393 2972 1452 cst
2993 1393 3280 1467 'gothicus,
3301 1393 3489 1467 textus
3521 1393 3763 1467 impres-

2146 1481 2240 1522 sus
2267 1475 2350 1522 est
2386 1465 2656 1523 columnis
2680 1469 2864 1539 sectis,
2890 1465 3196 1538 signaturas
3225 1466 3387 1524 habet
3414 1466 3760 1539 plagularum

2146 1550 2528 1609 quaternarum
2556 1539 2624 1596 ab
2646 1539 2712 1594 Δ.
2747 1538 2860 1594 llll.
2889 1568 2961 1582 --
2982 1539 3049 1596 R.
3075 1539 3166 1597 lll.

2766 1645 2991 1689 8801]ιο
3028 1647 3136 1688 XVI.

2881 1725 3043 1783 1500.

2219 1817 2317 1874 En.
2343 1817 2675 1878 PABISIBNSIS
2713 1816 2755 1874 l.
2796 1817 3127 1887 Parrhisiis,
3169 1818 3312 1890 apud
3359 1817 3622 1878 Jodocum
3655 1817 3765 1876 Ba-

2149 1912 2316 1970 dium.
2348 1913 2606 1986 Cypriaui
2629 1913 2873 1985 epistola:
2892 1922 2948 1970 et
2967 1913 3228 1984 opuscula
3247 1921 3504 1972 tractatus
3521 1912 3590 1969 de
3616 1909 3763 1970 Car-

2144 2005 2417 2066 dinalibus
2445 2005 2648 2064 Christi
2688 2007 2965 2079 operibus.
3002 2007 3082 2064 De
3109 2005 3210 2064 hac
3234 2005 3476 2063 editione
3501 2020 3610 2062 non
3649 2003 3764 2062 nisi

2147 2114 2244 2170 per
2267 2099 2610 2170 conjecturas
2659 2109 2900 2156 statuere
2936 2099 3088 2156 licet.
3133 2097 3540 2158 Commemorat
3565 2097 3766 2157 Fabri-

2143 2193 2258 2250 cius
2278 2192 2332 2250 in
2363 2193 2478 2249 Del.
2510 2192 2612 2250 SS.
2645 2208 2744 2265 pro
2767 2193 2896 2250 Ver.
2925 2193 2992 2250 R.
3015 2192 3145 2250 Chr.
3171 2209 3224 2265 p.
3251 2193 3390 2262 222,
3419 2193 3613 2250 librum
3640 2193 3762 2266 Cy-

2143 2287 2336 2358 priano
2387 2287 2718 2358 adscriptum
2766 2288 2836 2346 de
2884 2289 3268 2346 Cardiualibus
3317 2289 3521 2347 Christi
3569 2287 3765 2362 operi-

2145 2381 2266 2449 bus,
2300 2390 2430 2450 etc.,
2462 2382 2634 2440 Paris.
2692 2382 2832 2440 1500
2875 2383 3104 2450 editum,
3136 2383 3284 2440 nulla
3314 2392 3576 2456 praterea
3599 2423 3614 2450 ,
3647 2397 3763 2440 nec

2144 2474 2463 2547 bibliopolae
2488 2491 2590 2533 nec
2618 2477 2939 2548 typograpbi
2971 2493 3072 2534 nec
3097 2479 3164 2534 de
3205 2477 3443 2535 editione
3464 2478 3577 2550 ipsa
3600 2491 3766 2532 men-

2144 2569 2291 2626 tione
2319 2570 2520 2628 addita.
2571 2571 2830 2628 Erasmus
2856 2587 2988 2629 vero
3016 2575 3069 2627 in
3099 2572 3453 2629 annotatione
3499 2571 3568 2627 ad
3596 2585 3764 2627 eum-

2142 2663 2267 2719 dem
2309 2663 2504 2720 librum
2548 2663 2769 2722 editioni
2819 2679 2934 2722 suae
2979 2665 3239 2723 insertum
3287 2666 3536 2723 meminit
3584 2683 3605 2718 ι
3631 2664 3764 2722 edi-

2145 2755 2306 2812 tionis
2347 2756 2638 2824 Badianae,
2686 2759 2741 2814 in
2783 2773 2891 2829 qua
2941 2767 3249 2830 separatum
3301 2759 3606 2816 habebatur
3643 2758 3763 2816 hoc

2143 2862 2280 2919 opus
2335 2864 2364 2902 a
2420 2849 2630 2920 reliquo
2685 2850 2980 2907 volumine.
3015 2871 3034 2905 ι
3093 2851 3210 2907 Jam
3267 2851 3466 2910 Badius
3519 2853 3761 2924 primum

2143 2957 2288 2999 anno
2338 2943 2518 3014 1500;,
2577 2945 2798 3001 Parisiis
2846 2946 3125 3002 librariam
3172 2963 3429 3005 exercere
3472 2947 3762 3018 librosque

2144 3038 2401 3095 emittere
2448 3039 2614 3109 erepit
2643 3039 2848 3113 '(Maitt.
2878 3048 2918 3095 t.
2948 3056 3018 3108 ιι,
3042 3040 3170 3114 75).
3205 3039 3416 3114 Colligo
3462 3053 3595 3112 ergo
3643 3037 3761 3094 Pa-

2143 3130 2429 3187 risiensem
2461 3131 2628 3199 illam,
2677 3148 2840 3202 quam
2867 3132 3150 3190 Fabricius
3180 3135 3423 3200 notavit,
3451 3133 3762 3191 editionem

2144 3237 2266 3279 esse
2284 3223 2607 3291 Badianam;
2634 3240 2734 3281 nec
2759 3240 2890 3282 vero
2921 3226 3064 3282 istud
3089 3227 3265 3282 solum
3289 3225 3635 3298 opusculum,
3652 3223 3760 3280 sed

2143 3318 2320 3389 plura,
2355 3316 2536 3374 forsan
2568 3320 2732 3374 etiam
2788 3319 3052 3390 epistolas
3083 3319 3336 3392 Cypriani
3361 3333 3483 3380 esse
3506 3316 3761 3389 comple-

2146 3428 2269 3467 xam
2293 3430 2307 3478 ;
2331 3413 2538 3468 tamdiu
2555 3424 2736 3468 autem
2751 3428 2782 3468 a
2798 3412 3334 3468 recensueditionum
3355 3409 3610 3485 Cypriani
3627 3424 3762 3466 eam

2145 3503 2354 3576 sejungi
2386 3504 2570 3572 velim,
2589 3503 2767 3561 donec
2797 3505 3002 3561 certius
3032 3505 3236 3576 aliquid
3254 3505 3358 3560 erit
3385 3511 3757 3574 compertum.

2861 3599 3020 3656 1501.

2221 3691 2317 3747 Eo.
2345 3690 2568 3749 Vsus“
2591 3693 2630 3748 l.
2658 3693 2876 3758 Venet.,
2901 3707 2985 3763 ap.
3021 3690 3265 3757 Aldum.,
3294 3689 3462 3748 ἰπὶ-4⁸³.
3494 3687 3761 3762 Cypriani

2144 3786 2376 3843 Carmen
2421 3787 2490 3843 de
2520 3787 2689 3858 Ligno
2739 3787 2928 3843 Crucis
2955 3805 2967 3840 :
2994 3787 3136 3842 inter
3184 3794 3371 3856 poetas
3413 3783 3762 3840 Christianos

2146 3878 2282 3954 (Cal.
2318 3879 2456 3936 Bibl.
2491 3881 2763 3950 Casanat.,
2795 3892 2929 3938 tom.
2954 3897 3012 3946 ll,
3038 3895 3158 3953 pag.
3189 3879 3341 3947 525).

2785 4002 3028 4049 CLASSIS
3072 4002 3144 4045 Π.

2379 4087 2454 4142 Ab
2479 4087 2706 4142 editione
2726 4086 3082 4142 Rembolliana
3118 4084 3187 4138 ad
3222 4081 3537 4138 Erasmicas.

2874 4177 3032 4236 1512.

2221 4276 2318 4331 En.
2353 4275 2765 4330 REIBOLTMNA.
2817 4271 2918 4329 En.
2965 4271 3321 4337 PABlSIENSIS,
3382 4266 3448 4324 ll.
3504 4265 3761 4336 Parisiis,

2150 4367 2323 4422 in-AO.
2351 4365 2657 4422 Beatissimi
2703 4363 2902 4420 Caecilii
2961 4360 3764 4438 CyprianiCarthaginensinm

2148 4460 2420 4533 praesulis,
2439 4459 2692 4527 oratoris,
2720 4457 2980 4530 verbique
3005 4456 3174 4514 divini
3197 4455 3466 4520 Draconis
3491 4454 3763 4525 eloquen-

2152 4551 2344 4606 tissimi
2377 4569 2391 4606 :
2422 4565 2486 4606 ac
2515 4551 2640 4606 triui
2671 4549 2937 4620 uniusque
2999 4547 3093 4604 Dei
3129 4546 3546 4617 proclamatoris
3591 4543 3766 4602 vehe-

2150 4646 2474 4702 mentissimi
2531 4660 2695 4716 opera
2735 4643 2862 4704 hinc
2911 4642 3038 4698 inde
3088 4650 3351 4712 recepta,
3407 4648 3463 4695 et
3504 4639 3558 4694 in
3587 4653 3761 4694 unum

2149 4741 2345 4812 vigiliis
2371 4749 2425 4795 et
2451 4739 2758 4810 sumptibus
2785 4736 3032 4810 magistri

2147 4855 2404 4907 Bertholdi
2425 4853 2651 4904 Rmom
2677 4860 2729 4904 et
2742 4851 2948 4902 Joannis
2971 4850 3294 4908 War-nscas,
3317 4843 3761 4910 calcographorum

2222 4961 2304 5035 (l)
2338 4962 2529 5035 Postea
2572 4959 3010 5035 iutcr_epistolas_
3035 4957 3240 5035 relatus
3268 4971 3298 5010 a
3332 4953 3575 5035 Pamelio
3599 4968 3656 5035 tt.
3697 4953 3756 5035 2,

2151 5042 2204 5090 et
2225 5025 2533 5098 in'Beued.,
2560 5051 2614 5088 ιι.
2642 5033 2687 5087 1.
2717 5025 3042 5087 Οιέοηὶθηδὶε
3062 5030 3239 5084 editor
3267 5038 3453 5098 tamen
3478 5025 3762 5095 inscripsit

2152 5105 2349 5162 librum
2375 5107 2438 5161 de
2467 5095 2647 5160 Gratia
2684 5103 2813 5170 Dei,
2861 5119 2917 5174 p.
2943 5102 2969 5156 1
2997 5143 3013 5169 ,
3063 5101 3155 5160 ubi
3183 5098 3387 5156 videsis
3423 5095 3584 5153 docta
3631 5099 3760 5168 ejus

2151 5187 2425 5232 annotata.
2454 5177 2864 5234 Summanum.

2227 5249 2304 5321 (2)
2362 5249 2746 5321 Posteahiutcr
2783 5263 2909 5318 epp.
2958 5243 3160 5301 relatus
3208 5243 3264 5299 in
3293 5240 3385 5299 ed.
3435 5237 3644 5297 Pamel.
3699 5248 3759 5297 et

2152 5319 2328 5376 Oxon.
2364 5337 2514 5377 Lxm.
2557 5319 2785 5377 Senam.

2225 5394 2304 5464 (3)
2335 5393 2526 5464 Postea
2553 5390 2716 5464 Cypr.
2743 5389 3100 5464 abjudicatus.
3133 5385 3361 5464 Sangus.

2224 5458 2306 5538 (4)
2345 5458 2615 5538 Cypriane
2635 5458 2968 5538 abjudicatus
2998 5467 3214 5538 postea;
3237 5458 3461 5538 Sculnam.

2231 5524 2308 5608 ζεῖ)
2349 5524 2493 5592 Inter
2531 5551 2656 5608 epp.
2700 5524 2904 5590 relatus
2953 5524 3012 5587 in
3053 5530 3142 5588 ed.
3175 5529 3384 5587 Pamel.
3410 5543 3504 5596 ιν,
3533 5524 3710 5584 Oxon.
3737 5563 3755 5591 ,

2154 5626 2246 5668 ιιι.
2285 5623 2508 5665 δεΒωΝ.

2226 5678 2305 5754 (6)
2345 5681 2566 5736 Delatus
2611 5675 2751 5734 inter
2801 5691 2927 5749 epp.
2972 5673 3218 5744 Pamel.,
3247 5669 3617 5802 “1116:6232.
3642 5682 3753 5728 va.

2234 5823 2314 5898 (7.)
2360 5823 2497 5895 Epp.
2529 5821 2680 5878 Pam.
2711 5817 2984 5889 thx,0x.
3020 5832 3207 5881 um.
3252 5815 3476 5875 Sanan.
