3982 6310
182 335 343 383 LXXIII

246 434 693 493 Erasmianarum
730 443 973 494 annotat.
1002 436 1212 510 aliquot
1235 446 1421 495 tamen
1447 434 1574 508 quia
1599 436 1777 508 priva-

181 533 271 588 tim
297 531 413 587 suis
441 530 583 586 locis
603 530 781 602 aptari
809 546 918 587 non
937 531 1217 598 volebant,
1244 530 1315 587 ab
1343 531 1498 587 initio
1531 543 1777 586 seorsum

1632 316 2023 377 PREFATIO.

3323 333 3485 381 ιιιιν

1950 536 2053 593 En.
2103 550 2461 594 wenuuwsrs
2498 535 2611 593 Vll.
2655 440 2937 608 i[iisg‘dunh
2992 534 3135 609 apud
3184 531 3488 608 Gryphum,

183 643 298 685 cum
347 625 800 698 castigationibus
843 625 1027 682 Gravii
1070 626 1298 683 relictae.
1343 623 1426 681 Ad
1473 624 1669 682 librum
1712 624 1782 680 de
1878 626 2043 697 in-8°,
2071 635 2209 686 teste
2230 628 2467 686 Marano.

187 720 328 792 dupl.
370 719 636 793 Martyrio
678 718 910 776 Gravius
955 720 1295 791 suspicatur:
1336 718 1576 790 phrasim
1616 718 1782 774 Eras-

188 827 326 869 mum
370 810 555 883 ipsum
583 820 677 867 aut
715 811 1023 883 quempiam
1056 812 1284 868 Erasmo
1313 812 1547 869 similem
1579 809 1785 868 referre

184 905 355 980 potius
412 914 729 973 auctorem,
788 920 948 976 quam
1009 905 1362 979 Cyprianum.
1424 906 1482 962 In
1534 904 1783 962 eamdem

187 998 502 1057 sententiam
533 998 631 1055 ivit
654 1006 841 1070 postea
879 998 1156 1055 Pameiius
1181 1000 1320 1057 alios
1347 1000 1510 1056 etiam
1538 1009 1783 1056 assenta-

187 1103 320 1151 tores
369 1103 589 1151 nactus.
636 1092 801 1148 Errat
824 1106 956 1149 vero
994 1091 1287 1163 Pamelius,
1330 1092 1458 1148 dum
1503 1102 1788 1163 utramque

192 1186 576 1244 Frobeniauam
599 1184 747 1241 hunc
764 1185 962 1241 librum
985 1185 1231 1256 proferre
1273 1185 1471 1256 inquit,
1495 1184 1783 1256 siquidem,

1956 795 2056 851 En.
2118 810 2478 853 ausumausus
2534 702 2945 854 Vlﬂfsslﬁbidem
2972 837 2987 864 ,
3038 794 3204 864 ἰπὶ-8⁸,
3267 792 3495 853 testibus

1890 886 2142 960 Nourryo
2169 897 2226 945 et
2252 887 2549 946 Ceiliierio.

2640 961 2807 1018 1557.

1961 1051 2020 1107 S.
2047 1051 2324 1124 Cypriani,
2354 1052 2493 1108 liber
2517 1051 2584 1108 de
2623 1052 2840 1109 Unitate
2868 1053 3148 1119 Ecclesiae,
3171 1067 3296 1109 cum
3323 1065 3495 1108 anno-

1891 1143 2215 1212 tationibus,
2251 1142 2437 1198 itidem
2467 1158 2591 1200 cum
2639 1144 2920 1216 Augustini
2970 1144 3108 1199 libro
3135 1143 3377 1214 ejusdem
3403 1157 3494 1198 ar-

200 1237 1790 1349 i;gi;magis;;.;,';.;;.;;.;i1magian;ista
1889 1238 2154 1349 βιπξξξιιιίν
2176 1238 2452 1311 prmissa
2484 1238 2551 1297 οι
2581 1237 2778 1297 Cauni
2806 1237 3499 1307 θειωειη

192 1372 404 1429 οι1525
447 1371 651 1444 (1).....
682 1370 904 1427 Baiuzio
944 1379 1167 1427 auctore
1194 1412 1212 1438 ,
1257 1384 1367 1426 non
1397 1371 1514 1441 ipse
1558 1369 1793 1427 Gravius

191 1464 317 1523 hanc
366 1463 463 1521 ed.
514 1463 748 1533 curavit,
802 1464 900 1521 sed
946 1464 1102 1530 alius,
1135 1464 1230 1534 qui
1273 1464 1572 1534 exemplari
1619 1464 1787 1534 edito,

191 1558 510 1629 conjecturis
557 1567 615 1615 et
662 1557 830 1614 variis
884 1557 1209 1614 lectionibus
1260 1572 1329 1614 ex
1380 1556 1537 1613 codd.
1591 1572 1725 1614 mss.
1759 1573 1790 1614 a

190 1649 361 1709 Gravii
387 1666 555 1706 manu
581 1659 771 1707 notato
786 1658 1052 1707 uteretur.
1068 1649 1224 1719 Quod
1246 1665 1313 1706 ex
1342 1649 1507 1706 totius
1536 1650 1794 1707 editionis

190 1744 535 1801 adornatione
561 1744 888 1801 concludere
925 1744 1059 1800 mihi
1105 1743 1190 1799 vir
1218 1743 1602 1817 sagacissimus
1640 1742 1791 1800 visus

191 1845 269 1893 est
290 1852 410 1910 qua:
434 1851 574 1894 sane
597 1835 727 1895 huic
754 1836 1053 1909 suspicioni
1078 1835 1251 1893 favet.

921 1930 1082 1987 1544.

256 2022 352 2078 En.
381 2037 652 2079 tamtum
670 2022 815 2090 XIV,
843 2021 1205 2079 Guvumii.
1241 2021 1501 2090 Basiieae,
1525 2021 1580 2077 in
1609 2021 1798 2091 Quen-

198 2116 381 2173 teliana
429 2115 649 2172 ofﬁcina
698 2115 919 2174 Henrici
969 2115 1119 2173 edita
1172 2115 1389 2171 fuerunt
1447 2114 1640 2172 eadem
1691 2115 1796 2188 Cy-

200 2209 356 2279 priani
399 2223 592 2281 opera,
647 2208 923 2266 referente
944 2208 1011 2265 D.
1059 2205 1314 2280 Nourryo
1353 2214 1542 2264 nostro
1572 2216 1628 2265 et
1672 2218 1799 2279 post

200 2317 311 2359 eum
336 2302 596 2373 Lumper.

920 2374 1081 2433 1544.

263 2467 352 2524 En.
389 2467 768 2524 Luconssusrs
788 2467 879 2525 IV.
910 2466 1190 2541 Lugduni,
1221 2465 1364 2539 apud
1391 2465 1597 2541 Gryph.
1627 2466 1794 2536 ἰπὶ-8⁸,

202 2561 234 2618 2
250 2563 365 2619 volt.
389 2562 530 2619 Vide
552 2562 886 2635 superiores.
916 2633 1057 2692 1546

268 2730 358 2786 En.
392 2728 626 2786 Vnum;
644 2727 710 2785 ll.
740 2728 962 2798 Venet.,
990 2728 1152 2785 ἰπὶ-1⁸.
1180 2727 1436 2801 Cypriani
1470 2728 1795 2786 Exorcismi.

207 2821 423 2895 (Bm)
910 2893 1071 2951 1547.

269 2988 364 3044 Eo.
393 2988 622 3044 VENBTA
673 2987 765 3044 ill.
826 2986 1045 3055 Venet.,
1078 2986 1146 3042 ad
1192 2987 1403 3058 signum
1436 2986 1601 3057 Spei,
1649 2985 1800 3043 in.8°

207 3084 382 3153 (Fabr.
408 3083 612 3154 teste).
639 3082 815 3153 Opera
842 3082 1068 3153 adjectis
1097 3081 1340 3153 ejusdem
1363 3079 1707 3138 Carminibus
1734 3081 1804 3139 de

206 3174 379 3231 Cruee
402 3175 800 3248 Redemptoris.
836 3173 991 3247 (Cat.
1026 3174 1163 3231 Bibl.
1189 3173 1337 3246 Cliig.
1363 3175 1382 3246 )

276 3363 371 3419 Eo.
402 3363 680 3420 EBASIIICA
709 3361 828 3431 XV,
858 3269 1139 3419 6:55:1th
1182 3361 1269 3417 III.
1297 3361 1570 3451 Coloniae,
1603 3361 1801 3436 (in-fol.

208 3456 376 3532 puto),
399 3473 467 3514 ex
495 3456 674 3529 ejusd.
707 3455 889 3514 Gravii
920 3456 1261 3512 recensione.
1295 3454 1542 3511 Fabricio
1574 3463 1731 3512 teste.

998 3550 1088 3606 49.

274 3647 372 3703 En.
401 3646 608 3703 Enasu.
640 3643 779 3701 XVI.
811 3550 1244 3715 Basiilgﬁmpud
1273 3641 1510 3699 Froben.
1537 3684 1552 3711 ,
1582 3643 1809 3701 testibus

216 3739 452 3813 Dupinio,
487 3739 758 3813 Nourryo,
796 3736 1072 3797 Ceiliierio
1102 3746 1158 3793 et
1181 3735 1436 3810 Lumper.

936 3833 958 3887 1
1048 3832 1100 3885 9.

247 3927 716 3985 Eo.annuzvr:ssrs
732 3923 796 3981 V.
816 3831 1345 3990 lit-8°,5r‘tferentibus
1359 3920 1550 3978 iisdem
1565 3921 1807 3979 testibus.

280 4116 376 4173 En.
426 4118 707 4173 EBASMCA
755 4021 1211 4180 Χνιι.¹ἶῗιὲῑιεω,
1261 4111 1404 4183 apud
1445 4111 1810 4183 Herwagium,

226 4217 344 4266 teste
363 4209 633 4282 Nourryo.

926 4278 1086 4336 1550.

290 4374 380 4430 Ea.
405 4374 782 4431 Lucanusnsrs
818 4370 909 4439 VI,
941 4370 1106 4438 iii-8°,
1158 4368 1300 4442 apud
1346 4368 1650 4442 Gryphum,
1681 4377 1818 4426 teste

228 4464 441 4540 Dupinio
471 4478 528 4524 et
553 4465 845 4523 Ceiiiierio.

940 4538 1099 4595 1555.

294 4636 472 4694 Venio
499 4636 810 4693 Germanica
849 4635 912 4699 Il,
946 4634 1190 4691 abfelch.
1239 4632 1538 4691 Ambachio
1564 4630 1617 4687 in
1644 4631 1821 4686 lucem

227 4734 446 4801 prolata,
469 4732 574 4786 sub
594 4732 695 4785 hoc
718 4728 872 4784 titulo
902 4748 916 4784 :
948 4728 1005 4785 S.
1032 4726 1237 4784 Cmcilii
1256 4725 1535 4799 Cypriani.
1559 4724 1656 4780 des
1680 4723 1820 4778 alten

226 4823 440 4880 Christi.
495 4824 731 4879 Lehrers
770 4838 823 4876 ιι.
875 4819 1122 4876 Bischofs
1154 4818 1440 4889 Predigten
1468 4834 1525 4873 u.
1552 4813 1823 4872 Schriften

227 4921 313 4974 mit
368 4918 714 4975 Summarien
768 4932 819 4971 ιι.
876 4914 1250 4985 Erklarungen
1319 4911 1544 4968 etiicher
1595 4906 1827 4964 duukier

226 5010 463 5082 Spruche
501 5027 557 5066 u.
580 5008 825 5072 Worter,
856 5007 1023 5063 deren
1074 5006 1131 5062 S.
1177 5004 1477 5078 Cyprianus
1503 5000 1824 5073 gebraucht,

228 5118 316 5161 aus
351 5105 412 5162 S.
440 5101 699 5176 Cypriani
756 5100 927 5157 seibst
978 5116 1033 5156 ιι.
1066 5098 1316 5156 Anderer
1356 5096 1578 5153 Christi.
1623 5095 1829 5151 Leltrer

228 5197 459 5255 Scriften
489 5197 803 5253 erlaeutert.
828 5193 1111 5265 Zeuguiss,
1143 5191 1341 5247 urtheii
1371 5206 1423 5245 u.
1456 5189 1571 5246 Lob
1596 5190 1694 5245 der
1719 5187 1833 5243 fiir-

234 5305 474 5351 nemsten
506 5293 713 5349 Lehrer
736 5306 859 5347 vom
889 5290 1091 5354 Lebcn,
1124 5287 1298 5344 Lehre
1329 5304 1381 5342 u.
1414 5286 1592 5343 iciden
1625 5285 1681 5342 S.
1715 5285 1834 5341 Ca:-

239 5390 319 5444 ciii
347 5387 628 5460 Cypriani,
656 5384 903 5442 Norimb.
930 5413 999 5423 —
1028 5380 1146 5438 Non
1178 5381 1357 5438 omnia
1389 5380 1588 5452 scripta
1615 5393 1832 5451 genua-

238 5482 350 5539 nice
373 5482 723 5541 exhibentur.

307 5666 386 5738 (l‘,
418 5665 526 5722 Nec
583 5662 638 5718 in
687 5660 928 5717 editione
971 5650 1515 5738 Frobeniangcﬁil,
1548 5668 1650 5709 nec
1690 5653 1836 5738 inea

273 5725 381 5795 595'
429 5752 589 5807 quam
643 5742 931 5807 utramque
961 5740 1146 5807 utpote
1186 5730 1237 5807 i_n
1285 5725 1615 5807 hibliodteca
1655 5736 1837 5807 nostra

243 5824 332 5865 exs
358 5797 577 5867 autem.
618 5797 911 5875 diligenter
955 5797 1150 5875 evolvi.
1195 5798 1440 5856 laudatus
1488 5806 1745 5855 tractatus
1771 5797 1839 5853 de

242 5881 433 5953 duplici
472 5874 988 5950 Martyriohabetur.
1015 5874 1253 5927 Lunam.

1892 1330 2058 1388 in-8°.

2623 1404 2785 1463 1558.

1969 1496 2069 1554 En.
2119 1496 2396 1555 Enasmcs
2441 1495 2632 1553 XVIII.
2665 1497 2914 1566 Basiietc,
2963 1496 3104 1568 apud
3130 1494 3498 1565 Herwagium,

1896 1589 1950 1646 in
1975 1587 2095 1657 fol.,
2113 1604 2180 1645 ex
2207 1588 2295 1644 ed.
2316 1597 2370 1645 et
2396 1589 2837 1647 annotationibus
2866 1589 2929 1644 D.
2956 1588 3186 1647 Erasmi.
3211 1588 3361 1644 lianc
3385 1585 3503 1644 ian-

1898 1681 2028 1740 dant
2058 1683 2320 1755 Dupiuius
2338 1725 2354 1753 ,
2377 1681 2679 1740 Ceiilierius
2706 1692 2760 1739 et
2784 1682 3054 1739 Maranus.

2623 1778 2785 1834 1560.

1972 1870 2173 1940 Paris.,
2222 1871 2399 1928 forma
2454 1886 2563 1928 non
2612 1872 2932 1945 significata.
2981 1870 3241 1929 Carmina
3285 1869 3356 1929 de
3398 1868 3505 1928 Ge-

1902 1965 2020 2023 nesi
2042 1974 2100 2021 et
2124 1963 2359 2021 Sodoma
2391 1964 2410 2038 (
2433 1964 2592 2021 Barb.
2610 1965 2653 2037 ).

2701 2059 2788 2114 65.

2701 2059 2731 2113 6
2776 2101 2788 2114 .

1975 2138 2077 2208 En.
2131 2059 2845 2219 MANUTIANA,ROI::A51I.
2904 2152 3115 2219 Romae,
3163 2151 3306 2224 apud
3348 2151 3504 2209 Paul.

1903 2241 2204 2299 Manutium
2232 2243 2357 2299 Aldi
2394 2244 2456 2300 F.
2492 2244 2652 2300 in-f°.
2678 2245 2743 2300 D.
2766 2243 2831 2299 C.
2853 2242 2916 2300 C.
2940 2244 3040 2316 Ep.
3064 2244 3125 2300 C.
3146 2253 3197 2300 et
3214 2243 3503 2316 gloriosis-

1901 2336 2028 2393 simi
2055 2336 2311 2410 martyris
2339 2338 2517 2409 Opera
2538 2380 2552 2402 ,
2583 2337 2653 2392 ad
2681 2338 2964 2394 veritatem
3003 2338 3498 2395 vetustissimorum

1904 2430 2298 2504 exemplarium
2348 2446 2557 2489 summa
2606 2431 2713 2488 fide
2753 2433 3039 2488 emendata
3068 2476 3083 2499 ,
3128 2432 3315 2489 addito
3341 2434 3504 2489 etiam

1904 2526 2097 2599 quinto
2125 2526 2476 2597 epistolarum
2510 2526 2673 2592 libro,
2702 2535 2864 2582 antea
2890 2542 3181 2597 numquam
3196 2527 3361 2583 edito.
3384 2525 3506 2583 Alia

1906 2618 2084 2676 eidem
2132 2617 2402 2692 Cypriano
2451 2619 2742 2690 adscripta.
2790 2620 2924 2677 Cum
2978 2620 3156 2677 indice
3210 2637 3392 2678 rerum
3445 2635 3512 2677 ac

1908 2713 2202 2771 verborum
2230 2712 2666 2768 memorabilium
2697 2713 2926 2769 maxima
2953 2712 3225 2786 diligentia
3258 2714 3511 2771 collecto.

1983 2805 2520 2861 RecensuitLatinus
2544 2805 2807 2872 Latinius,
2853 2805 3094 2863 adhibito
3142 2808 3514 2864 vetustissimo

1907 2898 2098 2958 codice
2127 2914 2193 2954 ex
2230 2898 2531 2956 Veronensi
2568 2899 2896 2956 bibliotheca
2929 2900 3179 2965 advecto.
3224 2917 3287 2956 ac
3318 2901 3512 2957 litteris

1908 2993 2256 3063 capitalibus,
2302 3004 2428 3049 ante
2454 3009 2628 3049 annos
2660 2995 2808 3051 mille
2833 3003 3074 3061 exarata,
3116 2995 3343 3067 aliisque
3377 3011 3513 3053 mss.

1908 3088 2337 3158 exemplaribus,
2391 3087 2459 3143 de
2506 3088 2703 3158 quibus
2748 3088 2976 3157 singulis
3022 3100 3199 3145 tamen
3242 3089 3516 3146 affirmare

1909 3194 2019 3234 non
2043 3180 2214 3234 ausim
2236 3222 2251 3247 ,
2283 3179 2351 3234 ad
2384 3195 2601 3235 manum
2634 3179 2850 3249 fuerint,
2878 3181 2929 3236 in
2958 3182 3131 3252 prima
3177 3181 3277 3237 hac
3318 3197 3515 3237 recen-

1910 3272 2086 3335 sione.
2119 3287 2222 3328 nec
2249 3287 2335 3326 ne.
2372 3272 2640 3329 Dominic.
2668 3271 2880 3327 Macrus
2906 3273 2962 3328 in
2989 3271 3108 3328 Vita
3138 3273 3290 3345 ejus:
3325 3292 3346 3325 ι
3376 3272 3513 3328 Mui-

1914 3364 2004 3430 tis,
2031 3365 2224 3436 inquit,
2253 3364 2449 3436 vigiliis
2470 3380 2533 3419 ac
2556 3364 2834 3421 laboribus
2853 3379 3012 3435 quam
3039 3365 3267 3435 plurima
3289 3364 3518 3437 college-

1910 3458 2089 3514 ratad
2122 3457 2441 3513 illustrauda
2481 3457 2598 3513 loca
2644 3457 2822 3528 aliqua
2862 3457 3199 3513 obscuriora.
3226 3456 3521 3513 Paraverat

1913 3553 2077 3609 etiam
2117 3550 2378 3622 quasdam
2404 3549 2897 3619 annotatiunculas,
2934 3550 2987 3606 in
3018 3550 3235 3623 quibus,
3267 3560 3391 3622 post
3418 3566 3522 3606 va-

1913 3646 2025 3703 rias
2051 3644 2299 3701 codicum
2344 3644 2604 3701 lectiones
2645 3644 2931 3711 iudicatas,
2956 3658 3116 3715 quam
3146 3644 3261 3715 ipse
3282 3643 3519 3701 maxime

1914 3747 2061 3794 esset
2092 3746 2327 3802 secutus,
2376 3736 2751 3809 significabat;
2799 3736 3016 3793 additus
3042 3736 3207 3792 etiam
3233 3735 3302 3792 ab
3325 3751 3392 3793 eo
3423 3734 3523 3791 fuit

1915 3831 2163 3886 sincerus
2200 3830 2549 3901 epistolarum
2598 3830 2769 3895 iiber,
2817 3829 2984 3886 multa
3033 3828 3266 3899 denique
3307 3843 3518 3884 summa

1916 3922 2023 3979 ﬁde
2058 3923 2305 3978 restituta
2344 3922 2576 3979 fuerant.
2631 3921 2763 3987 Sed,
2805 3921 2929 3991 quia
2957 3929 3144 3975 contra
3186 3920 3513 3991 scriptorum

1919 4014 2164 4070 codicum
2189 4015 2373 4081 fidem,
2396 4014 2653 4069 nonnulla
2678 4021 2907 4075 retenta,
2928 4011 3105 4081 aliqua
3129 4010 3331 4079 addita,
3352 4026 3515 4080 quam

1919 4107 2149 4179 plurima
2177 4107 2453 4161 immutata
2485 4106 2816 4176 (operarum
2847 4104 3008 4160 etiam
3051 4100 3301 4175 incuria)
3334 4102 3517 4158 consi-

1919 4199 2166 4267 derabat,
2197 4213 2303 4254 non
2330 4207 2413 4254 cst
2444 4213 2633 4268 passus
2660 4212 2858 4252 nomen
2897 4212 3051 4251 suum
3078 4212 3108 4252 a
3140 4197 3380 4253 Manutio
3408 4196 3519 4251 ullo

1920 4294 2085 4351 modo
2109 4294 2160 4348 in
2188 4292 2277 4349 ed.
2307 4292 2565 4358 adscribi,
2603 4306 2672 4347 ne
2717 4291 2879 4346 ﬁdem
2924 4306 3075 4346 suam
3121 4291 3206 4347 vel
3247 4290 3522 4346 levissime

1922 4385 2650 4444 infirmareta—Recensuit
2668 4384 2866 4441 deinde
2883 4384 3118 4440 secunda
3149 4384 3266 4441 vice
3294 4384 3360 4439 ad
3386 4381 3519 4438 edit.

1922 4481 2312 4549 Pameiianam,
2344 4496 2465 4552 quae
2491 4480 2610 4551 ejus
2634 4495 2780 4536 cura:
2820 4479 2873 4534 in
2907 4479 3044 4534 Bibl.
3079 4478 3244 4536 Sacra
3274 4487 3330 4534 et
3372 4476 3522 4533 Prof.

1924 4589 2017 4645 pp.
2058 4574 2160 4628 174
2187 4588 2308 4643 sqq.
2338 4572 2686 4637 exhibentur,
2720 4574 2772 4625 in
2810 4571 3008 4642 quibus
3035 4571 3165 4626 satis
3200 4569 3268 4625 de
3288 4568 3527 4625 Manutio

1927 4665 2192 4736 queritur,
2220 4664 2491 4734 simulque
2521 4679 2665 4735 aegre
2691 4662 2794 4719 fert
2818 4663 3058 4717 Manutio
3091 4662 3249 4733 hujus
3271 4660 3528 4717 editionis

1928 4759 2115 4816 laudes
2137 4776 2165 4815 a
2189 4759 2429 4815 Pamelio
2453 4758 2700 4814 tributas.
2750 4757 2925 4813 liabet
2946 4757 3062 4812 hazc
3089 4755 3177 4811 ed.
3202 4755 3383 4811 omnia
3406 4771 3527 4825 qua:

1930 4852 2144 4924 vulgata
2172 4860 2328 4906 erant
2356 4850 2408 4905 in
2440 4849 2774 4905 Erasmianis
2820 4856 2877 4903 et
2919 4846 3104 4903 Gravii
3151 4844 3278 4902 edd.
3333 4854 3531 4916 praeter

1930 4942 2232 5001 Firmiliani
2259 4941 2326 4996 ad
2347 4939 2675 5013 Cyprianum
2704 4939 2989 5010 epistolam
3021 4945 3208 4992 contra
3244 4935 3527 5007 epistolam

1935 5036 2191 5105 Stephani
2221 5049 2372 5105 papzn
2397 5032 2452 5087 in
2494 5032 2701 5086 Pamei.
2744 5039 2799 5085 et
2825 5028 2927 5084 Ox.
2957 5047 3014 5083 ιι.
3046 5029 3134 5096 75,
3167 5027 3235 5084 de
3260 5044 3367 5099 quo
3389 5027 3534 5082 Lati-

1934 5147 2035 5187 nus
2056 5130 2298 5185 Latinius
2320 5129 2371 5183 iu
2397 5127 2533 5184 Bibi.
2557 5142 2609 5196 p.
2638 5126 2761 5192 177,
2784 5133 2971 5180 contra
2993 5132 3243 5179 aunotata
3271 5119 3536 5177 Pamelia—

1936 5239 2003 5279 na
2052 5241 2118 5276 ει
2150 5221 2263 5292 Ego
2311 5219 2538 5275 Latinus
2586 5218 2767 5280 omisi,
2818 5216 3011 5288 inquit,
3063 5232 3172 5271 nou
3231 5216 3532 5286 Manutius,

1936 5334 2058 5373 cum
2086 5315 2350 5386 majorum
2391 5311 2640 5383 exempla
2681 5318 2920 5377 secutus,
2960 5319 3071 5365 tum
3118 5309 3353 5363 hominis
3376 5317 3537 5380 petu-

1938 5410 2163 5466 lantiam
2189 5407 2557 5463 detestatus.»
2593 5402 2843 5458 Accessit
2868 5411 3048 5459 autem
3075 5401 3144 5459 de
3170 5415 3312 5456 novo
3341 5408 3538 5470 prmter

1940 5507 2139 5563 librum
2187 5521 2219 5560 γ
2273 5503 2650 5570 epistolarum,
2698 5498 2786 5568 qui
2844 5513 2915 5552 xv
2971 5505 3205 5560 constat,
3254 5496 3395 5550 inter
3447 5493 3539 5549 illa

1942 5615 2062 5671 quae
2087 5597 2318 5654 adscribi
2339 5596 2610 5668 Cypriano
2634 5591 2835 5657 solent,
2864 5590 3041 5646 dubiae
3069 5600 3246 5644 tamen
3281 5587 3406 5643 fidei
3430 5587 3543 5642 visa

1941 5702 2083 5756 sunt,
2119 5692 2254 5747 liber
2278 5690 2343 5745 de
2372 5687 2729 5761 Spectaculis,
2760 5684 2839 5758 (l)
2865 5695 2975 5741 tum
3005 5683 3126 5739 Vita
3154 5680 3410 5755 Cypriani
3442 5696 3539 5753 per

2022 5862 2100 5937 (l)
2143 5862 2313 5935 Hujus
2350 5859 2623 5919 rarissima
2653 5873 2775 5917 esse
2820 5855 3089 5934 exempla.
3116 5868 3249 5913 mss.
3294 5851 3552 5912 Baluzius
