3982 6310
401 319 540 361 [XXV

403 423 648 477 Pontium
678 421 1005 491 conscripta,
1030 434 1135 475 una
1180 434 1302 475 cum
1333 419 1468 474 Actu
1518 419 1810 490 passionis,
1841 419 1996 490 cujus

404 514 519 584 ipse
542 513 764 568 Pontius
785 513 1031 569 meminit
1061 520 1116 567 et
1137 512 1391 567 Passione
1411 511 1600 582 Cypr.,
1617 527 1738 583 qum
1758 512 1814 567 in
1843 524 2002 583 supe-

404 608 636 663 rioribus
661 607 782 663 edd.
815 605 1061 662 exstabat
1088 616 1140 661 et
1167 606 1255 660 hic
1275 605 1440 660 Paulo
1460 605 1688 660 diacono
1725 607 2003 662 tribuitur.

405 703 557 770 Quod
585 703 650 756 ad
679 703 919 759 habitum
945 703 1102 770 hujus
1132 701 1219 755 ed.
1245 711 1527 755 externum
1561 710 1788 770 spectat,
1823 703 2006 757 nescio

404 812 472 852 an
520 797 854 867 splendidam
892 797 1068 866 potius
1097 801 1257 864 qdarn
1291 794 1513 850 nitidam
1555 795 1738 853 dicere
1767 796 2004 863 debeas;

406 890 452 944 is
481 900 630 945 certe
675 899 924 960 typorum
970 890 1020 942 in
1069 889 1294 956 epistola
1322 887 1650 944 dedicatoria
1690 891 1756 944 ad
1799 889 2006 945 cardiu.

407 985 760 1041 Borrotneum
803 1015 877 1027 ——
923 984 1285 1038 aditibitorum
1337 995 1419 1038 est
1469 984 1642 1040 honos
1670 995 1724 1040 et
1775 986 2011 1062 ἀκρίϐεια

408 1088 465 1134 ut
488 1080 570 1135 vel
601 1081 846 1145 summis,
877 1078 1070 1146 quibus
1104 1076 1265 1132 hodie
1292 1075 1436 1133 italia
1483 1080 1760 1149 gloriatur,
1785 1088 2010 1134 conten-

405 1172 537 1228 dere
587 1172 762 1242 possis
815 1157 975 1240 hujus
1028 1171 1160 1224 artis
1206 1171 1609 1235 monumentis;
1667 1185 1766 1225 nec
1819 1170 2010 1241 reliqui

409 1271 610 1329 textus,
655 1264 831 1318 minor
861 1263 1006 1329 licet,
1052 1261 1224 1316 multo
1251 1251 1476 1317 inferior
1508 1271 1588 1317 est
1619 1261 1921 1318 character.
1953 1259 2012 1318 In

408 1356 538 1412 bibl.
594 1355 760 1410 Acad.
825 1355 1106 1424 exemplar
1157 1369 1279 1408 cum
1328 1353 1620 1409 collatione
1669 1354 1828 1409 codd.
1882 1353 2010 1410 Ver.

408 1445 529 1502 Vat.
587 1445 907 1511 Benevent.,
962 1457 1070 1500 etc.
1121 1445 1304 1500 eitsiat
1353 1445 1506 1516 cujus
1555 1446 1684 1500 olim
1732 1461 2016 1517 possessor

408 1537 508 1593 fuit
555 1533 754 1610 Joseph
789 1529 985 1603 Smitl't,
1021 1527 1211 1592 consul
1254 1537 1544 1592 Britannus
1577 1525 1717 1609 apud
1753 1526 2010 1594 Venetos.

411 1631 471 1688 In
506 1623 638 1688 bibl.
677 1630 862 1686 Baluz.
896 1629 1055 1701 hujus
1085 1619 1337 1699 exempla
1366 1627 1472 1685 duo
1501 1645 1623 1686 cum
1656 1646 1787 1686 mss.
1819 1630 2015 1687 collata

411 1725 715 1783 exstabant.
1209 1791 1212 1794 ξ

1205 1794 1362 1850 1564.

487 1887 586 1946 Eo.
620 1887 992 1956 Honestum,
1013 1886 1419 1944 PintstsnstsV.
1442 1885 1684 1952 Parisiis,
1705 1885 1843 1958 apud
1871 1887 2016 1946 Guil.

417 1985 662 2048 Desbois,
683 1985 1095 2054 in-f".—-t)pera
1126 1982 1328 2049 omnia,
1358 1992 1604 2037 veterum
1629 1983 2018 2051 exemplarium

417 2079 704 2135 collatione
734 2085 1040 2147 repurgata,
1085 2075 1249 2130 editio
1274 2081 1430 2128 aucta
1472 2084 1526 2129 et
1548 2076 2020 2131 observationibus

419 2169 725 2235 illustrala,
781 2162 1057 2237 diligentia
1118 2173 1172 2219 et
1228 2165 1417 2220 labore
1477 2164 1695 2221 Cttiiiel.
1764 2163 2017 2220 Morellii.

419 2262 680 2317 Prtefatus
719 2270 805 2318 est
844 2259 1008 2316 Hadr.
1040 2249 1345 2325 Turnebus,
1391 2259 1634 2315 rastiiuia
1679 2273 1765 2330 ep.
1819 2257 2021 2315 Firmi-

419 2355 567 2420 liani,
621 2354 745 2409 add.
778 2369 864 2424 ep.
913 2367 964 2407 tv
1014 2353 1112 2407 int.
1165 2352 1372 2407 Pamel.
1424 2352 1694 2408 Prmtere'a
1739 2359 2024 2410 accesSer‘e

419 2447 687 2517 adscripta
719 2446 993 2518 Cypriane
1017 2465 1033 2500 :
1059 2446 1193 2501 liber
1228 2445 1297 2501 de
1327 2445 1683 2509 Aleatoribus,
1715 2457 1873 2516 quem
1915 2441 2022 2514 Cy-

422 2541 594 2609 priani
622 2554 744 2596 esse
767 2542 850 2595 vix
874 2539 1083 2594 dubitat
1113 2540 1383 2594 Pamclius
1409 2557 1423 2603 ;
1453 2540 1705 2594 Carmina
1733 2555 1746 2592 :
1773 2537 2020 2609 Genesis,

421 2634 678 2698 Sodoma,
725 2633 792 2687 ad
826 2633 1166 2697 Senatorem,
1216 2633 1284 2688 de
1338 2632 1543 2687 Pascha
1593 2629 2024 2690 Domihi.-—Ad

420 2724 674 2796 Vigilium
712 2722 853 2778 Celsi
904 2725 954 2778 itt
1003 2725 1408 2780 altercationem
1457 2723 1671 2781 Jasonis
1709 2735 1763 2780 et
1816 2721 2026 2797 Papisci

424 2817 689 2888 prasfatio.
733 2847 807 2860 —-
859 2817 1135 2874 Adversus
1189 2818 1427 2884 Judzeos,
1479 2818 1572 2890 qui
1619 2819 1848 2876 insecuti
1900 2830 2028 2876 sunt

423 2907 718 2964 Christum.
744 2940 814 2951 —-
845 2911 920 2965 De
966 2911 1249 2966 duodecim
1303 2911 1671 2967 Abusionibtis
1719 2911 1925 2968 saeculi.
1955 2943 2030 2954 ~—

427 3002 718 3072 DiSpositio
763 3018 955 3060 ctente.
983 3033 1054 3043 ——
1082 3004 1250 3074 Hujus
1298 3005 1387 3059 ed.
1438 3014 1646 3075 septem
1697 3007 2024 3078 exemplaria

425 3111 474 3151 c.
506 3112 636 3152 mss.
671 3097 832 3153 codd.
857 3098 981 3152 coll.
1014 3098 1065 3152 itt
1097 3095 1228 3152 bibl.
1261 3099 1544 3153 Balttziana
1582 3099 1936 3156 habebantur.

1217 3191 1372 3246 [fili-iv.

499 3285 609 3342 Soli
644 3292 898 3339 tractatus
926 3281 1253 3356 Cyprianici,
1279 3291 1396 3354 post
1415 3283 1612 3340 Leonis
1637 3283 1809 3356 Magni
1841 3293 2025 3356 opera,

431 3380 670 3443 Parisiis,
701 3379 840 3448 apud
882 3376 1165 3434 Claudium
1194 3379 1322 3434 editi
1375 3379 1609 3444 fuerunt,
1642 3380 1910 3436 referente
1937 3380 2028 3434 Ni-

429 3473 583 3526 eolao
610 3471 881 3542 ΝΟΜ-ι’]οι

1191 3543 1348 3598 1565.

516 3635 689 3690 l’mio
738 3632 942 3689 Gallica
983 3634 1024 3688 Ι.
1070 3634 1359 3690 Sermones
1411 3635 1469 3691 S.
1531 3635 1780 3706 Cypriani
1840 3636 2032 3706 gailice

431 3728 665 3785 reddidit
692 3726 1010 3782 Franciscus
1034 3728 1103 3782 de
1129 3727 1466 3794 Beileforest,
1491 3739 1627 3784 teste
1671 3729 1862 3784 eodem
1889 3730 2032 3785 Ceil-

432 3821 605 3878 lierio.
641 3820 807 3885 Paris,
836 3818 996 3876 ili-8°.

1180 3891 1340 3950 1566.

505 3985 774 4058 Anonymi
814 3983 926 4038 Vita
966 3983 1233 4056 Cypriani,
1268 3986 1464 4055 Paris.,
1519 3987 1680 4055 in-8°,
1706 3990 2036 4044 mentionem

434 4077 554 4146 ejus
587 4076 788 4131 faciunt
831 4075 1110 4132 Fabricius
1134 4120 1148 4143 ,
1184 4077 1320 4133 Bibi.
1382 4079 1501 4147 lat.,
1530 4080 1638 4134 vol.
1685 4096 1761 4148 tu,
1819 4097 1871 4150 p.
1907 4082 2034 4148 584;

435 4169 699 4236 Walcltis,
731 4168 867 4223 Bibi.
891 4169 1132 4239 l’atrist.,
1163 4187 1210 4226 c.
1246 4173 1298 4240 l,
1329 4171 1357 4244 ᾗ
1389 4173 1442 4240 6,
1476 4191 1528 4244 p.
1560 4174 1654 4236 Li;
1679 4172 1841 4241 lenae,
1871 4174 2031 4230 1854.

1192 4266 1351 4322 1567.
1822 4276 1830 4287 “

519 4352 666 4411 Vera.
695 4351 885 4410 Italica
912 4355 954 4411 Ι.
989 4355 1297 4413 Tractatum
1332 4357 1399 4413 de
1428 4357 1624 4430 duplici
1654 4359 1925 4431 Martyrio,
1961 4359 2040 4413 in-

440 4459 522 4505 ter
584 4451 642 4505 S.
690 4445 943 4522 Cypriani
1019 4467 1184 4521 opera
1244 4453 1594 4524 apocrypha,
1652 4455 1826 4507 italice
1881 4452 2044 4506 vertit

441 4543 503 4596 1).
527 4542 824 4612 oRaphacl,
875 4543 1175 4597 monachus
1223 4543 1592 4611 Florentinus,
1617 4543 1814 4598 additis
1845 4543 1959 4597 Vita
1989 4552 2044 4597 et

441 4634 699 4691 Passione
739 4635 982 4707 ejusdem
1020 4637 1188 4690 sancti
1241 4637 1478 4707 episc0pi
1535 4646 1590 4693 et
1641 4642 1914 4709 martyris.
1964 4637 2044 4693 Ex

440 4724 694 4797 Argelato
725 4738 781 4783 et
812 4726 1056 4794 Paitono,
1092 4725 1397 4784 Florentius.

1055 4860 1298 4906 CLASSIS
1342 4860 1430 4908 IV.

938 4946 1203 5004 Editiones
1230 4945 1567 5002 Pamelinm.

1160 5041 1321 5097 1568.

519 5137 617 5193 En.
654 5137 967 5192 Paucum
997 5134 1037 5190 l.
1071 5133 1404 5204 Antverpim,
1450 5145 1538 5204 ap.
1584 5131 1802 5189 viduam
1844 5143 1898 5191 et
1937 5133 2046 5190 bte-

444 5230 564 5286 red.
593 5229 750 5285 Joan.
776 5227 969 5284 Steltli.
1005 5226 1162 5282 in-f".
1202 5229 1517 5296 Opera......
1541 5226 1650 5297 jam
1679 5226 1858 5281 denuo
1885 5241 2045 5296 quam

445 5323 853 5378 accuratissime
908 5321 1181 5391 recognita
1212 5317 1506 5375 collatione
1555 5316 1694 5373 facta
1746 5318 2044 5374 editionum

447 5414 599 5470 Pauli
624 5413 845 5469 Manutii
867 5422 922 5468 et
949 5411 1092 5468 Guil.
1120 5411 1347 5466 liloreilii
1371 5410 1438 5466 ad
1481 5410 1809 5481 exemplaria
1843 5411 2048 5483 aliquot

450 5521 696 5561 manusc.
730 5503 1120 5572 vetustiSsima,
1146 5514 1405 5574 certaque
1434 5503 1644 5571 ordine,
1693 5502 1872 5558 habita
1913 5515 2048 5558 tem-

448 5614 640 5669 porum
683 5598 892 5652 ratione
917 5597 970 5651 in
1002 5606 1110 5650 tres
1143 5605 1318 5650 tomos
1345 5609 1490 5652 nunc
1514 5597 1744 5664 primum
1768 5595 2044 5651 distincta.

452 5764 668 5822 monet,
725 5768 825 5810 nec
887 5769 1072 5824 parum
1128 5753 1386 5824 gloriatur
1427 5755 1534 5809 duo
1581 5755 1681 5809 sibi
1718 5752 2044 5824 ex‘emplaria

439 5827 748 5896 contigisse,
768 5825 909 5895 quod
939 5827 1136 5882 nemini
1163 5827 1426 5882 editorum
1463 5828 1722 5902 priorum.
1741 5824 2040 5882 Sentinati.

1836 303 2220 363 l’lhﬁFATlO.

3547 319 3704 362 LXXVI

2107 421 2501 478 Annutationes
2527 421 2621 478 Jac
2673 421 3032 478 Pamelii......
3066 420 3164 477 toll
3196 420 3344 492 operi
3377 420 3602 490 sparsim
3633 419 3710 474 in-

2107 517 2378 587 terjectat;
2421 515 2614 588 quibus
2639 523 2752 571 tum
2798 516 3213 587 castigationbm
3252 515 3390 570 ratio
3429 523 3483 570 et
3516 513 3708 568 lectio-

2109 623 2236 664 num
2288 609 2522 663 varietas
2575 607 2752 664 obiter
2804 607 3108 671 indie’atur,
3164 616 3276 662 tum
3332 603 3588 677 quidquid
3639 603 3710 660 ad

2108 701 2482 771 antiquitatem
2526 701 2950 756 ecclesiasticam
2993 701 3245 771 pertinet,
3304 698 3490 770 paucis
3533 698 3711 769 expli-

2109 803 2281 848 catur.
2314 792 2397 847 Ah
2443 792 2633 848 eodem
2684 807 2876 848 recens
2927 783 3133 863 adjecta
3195 792 3256 847 D.
3310 793 3476 862 Cypr.
3521 789 3637 845 Vita
3681 805 3714 845 e

2111 886 2326 956 scriptis
2369 886 2538 955 ipsius
2581 885 2833 951 collecta,
2879 895 2933 940 et
2979 884 3378 957 Scripturaruzn
3426 884 3714 940 citatarum

2114 979 2273 1032 index
2304 979 2790 1050 locupletisssimus
2835 971 3172 1034 desideratus
3213 979 3586 1034 itactenus.-—
3608 977 3717 1033 lle-

2115 1070 2328 1126 frictum
2350 1088 2453 1143 quo
2481 1088 2548 1128 ex
2577 1074 2738 1144 longo
2767 1072 2897 1127 satis
2928 1075 3196 1127 annorum
3230 1072 3406 1143 spatio
3438 1071 3718 1128 Pamclius

2113 1168 2386 1239 Cypriano
2412 1181 2630 1237 operam
2662 1167 2904 1233 dederat,
2939 1167 3196 1234 studium,
3238 1167 3365 1222 dum
3397 1169 3628 1238 primum
3660 1168 3716 1222 in

2119 1259 2437 1330 titeologicis
2501 1257 2692 1315 studiis
2739 1269 2884 1315 esset
2934 1262 3272 1331 occupatior,
3333 1275 3456 1316 mox
3511 1259 3720 1316 Gallica

2119 1352 2455 1422 profectione
2479 1353 2789 1424 impeditus,
2821 1353 3058 1408 inccndit
3099 1367 3226 1409 ecce
3275 1354 3466 1408 iterum
3516 1352 3722 1422 duplex

2118 1446 2277 1518 hujus
2306 1449 2604 1518 scriptoris,
2638 1459 2757 1519 qute
2778 1448 2968 1503 eodem
2998 1463 3135 1518 pene
3158 1457 3400 1518 tempore
3426 1447 3725 1519 prodiissct

2118 1538 2178 1594 P.
2212 1541 2429 1594 Manutii
2458 1549 2514 1596 et
2538 1541 2606 1596 C.
2635 1533 2858 1596 Morellli
2886 1539 3070 1595 editio.
3102 1539 3178 1594 Ae
3202 1541 3472 1611 superavit
3499 1541 3726 1612 quidem

2123 1635 2403 1703 utriusque
2465 1634 2690 1690 virtutes
2761 1633 3016 1705 (egregia
3088 1634 3250 1689 etiam
3319 1634 3486 1705 ipsius
3561 1625 3727 1690 laude

2121 1737 2400 1793 mactatas,
2453 1726 2523 1781 ita
2566 1735 2744 1782 tamen
2777 1734 2853 1795 .ut
2901 1717 3220 1782 Manutianae
3274 1725 3474 1797 primas
3501 1727 3724 1798 daret),

2119 1834 2241 1874 cum
2290 1819 2478 1874 iterata
2509 1827 2566 1874 et
2613 1819 2764 1874 novis
2815 1819 3078 1890 priesitiiis‘
3119 1819 3301 1890 adjnta
3351 1827 3526 1875 textus
3553 1827 3722 1888 cura;

2123 1921 2235 1967 tum
2268 1913 2480 1967 caeteris
2528 1913 2720 1982 copiis,
2778 1925 2910 1981 quas
2933 1905 3115 1967 titulus
3165 1913 3462 1984 pollicetur,
3516 1915 3731 1985 primus

2122 2004 2452 2076 Cyprianum
2500 2005 2756 2058 instruxit
2809 2013 2872 2059 ac
2919 2004 3220 2069 decuravlt,
3250 2006 3301 2060 in
3333 2001 3520 2077 primis
3559 2015 3731 2078 argu-

2126 2099 2326 2155 mentis
2356 2100 2632 2170 prasclaris
2657 2108 2711 2154 et
2738 2099 2930 2154 lucidis
2958 2101 3180 2170 singulis
3208 2100 3359 2155 libris
3391 2116 3452 2156 ac
3482 2097 3731 2172 epistolis

2128 2193 2383 2262 prmﬁxis,
2415 2202 2467 2246 et
2516 2191 2779 2246 industria
2813 2197 2912 2261 qua
2947 2181 3276 2262 singulorum
3333 2191 3632 2248 libellorum
3662 2209 3732 2250 ac

2125 2286 2472 2356 epistolarum
2504 2285 2702 2341 seriem
2733 2285 3169 2357 chronologicam
3219 2286 3470 2358 indagare
3500 2288 3730 2344 studuit.

2126 2381 2297 2435 Codd.
2342 2396 2470 2435 usus
2500 2391 2583 2436 est
2623 2396 2755 2436 mss.
2803 2381 3048 2451 pl‘uritnis
3098 2397 3163 2436 ex
3190 2383 3334 2435 omni
3386 2383 3496 2438 fere
3542 2383 3736 2454 Belgio

2127 2475 2464 2546 conquisitis.
2500 2473 2574 2529 Ex
2607 2463 2733 2529 edd.
2775 2474 3169 2544 antiquioribus
3197 2475 3464 2544 praécipue
3497 2476 3737 2530 innotui-

2129 2578 2305 2622 natam
2349 2568 2391 2632 Ι,
2423 2568 2489 2622 de
2525 2583 2630 2637 qua
2675 2581 2834 2637 supra
2876 2566 3135 2634 diximus,
3188 2575 3241 2622 et
3295 2565 3733 2623 Remboltianatn

2128 2659 2345 2714 evolvit.
2388 2657 2609 2714 Latinus
2662 2658 2925 2726 Latinius,
2978 2659 3132 2728 cujus
3183 2674 3342 2729 supra
3394 2659 3736 2715 laudavimus

2130 2767 2288 2807 curas
2317 2750 2602 2813 secundas,
2639 2750 2861 2804 nimium
2894 2763 3039 2819 saepe
3065 2737 3280 2804 Manutii
3311 2750 3576 2804 conlisum
3607 2766 3739 2806 esse

2129 2842 2557 2898 eorrectionibus
2589 2840 2881 2894 Pamelinm
2924 2852 3128 2894 censet.
3177 2841 3294 2910 ipse
3325 2851 3521 2910 praeter
3547 2841 3649 2895 700
3679 2851 3739 2895 et

2131 2948 2198 2988 eo
2246 2931 2479 3001 amplius
2533 2932 2681 2986 locos
2733 2929 3013 2984 restitutos
3063 2931 3113 2984 in
3167 2931 3282 2984 sola
3328 2932 3735 3001 Scripturarunt

2131 3026 2390 3080 citatione
2447 3021 2751 3094 marginali,
2803 3021 2871 3076 ab
2903 3021 3200 3076 innumeris
3251 3023 3468 3092 insuper
3523 3023 3738 3078 mendis

2133 3126 2516 3189 perpurgatum
2548 3115 2876 3188 Cyprianum
2908 3127 3002 3167 sua
3035 3129 3197 3183 opera
3226 3115 3443 3185 prodire
3477 3113 3738 3181 afftrmat,

2135 3210 2228 3276 ita,
2265 3209 2434 3273 addit,
2461 3219 2519 3263 ut
2545 3223 2756 3278 Speretn
2789 3210 2869 3279 (si
2894 3206 3023 3261 citra
3057 3205 3313 3260 invidiam
3335 3207 3515 3262 dicere
3543 3207 3738 3270 liceat;

2137 3302 2280 3356 nulla
2313 3301 2540 3370 posthac
2568 3301 2686 3371 ejus
2711 3299 3082 3372 recognitione
3107 3313 3243 3367 opus
3272 3297 3405 3353 fore.
3457 3299 3741 3354 l’rtevertit

2133 3411 2262 3449 vero
2296 3385 2395 3448 hac
2434 3409 2595 3464 opera
2626 3393 2711 3449 Jo.
2751 3393 3047 3448 Harrisittm
3089 3390 3341 3461 Anglum.
3373 3391 3474 3444 Tit.
3517 3391 3663 3446 Moro
3705 3409 3741 3446 τι

2135 3487 2360 3543 secretis
2391 3487 2683 3557 quondam,
2719 3505 2744 3540 a
2778 3501 2886 3556 quo
2932 3485 3160 3538 invicem
3213 3485 3476 3538 anteverti
3507 3484 3654 3551 cupit
3683 3483 3738 3536 in

2135 3579 2470 3633 Tcrtuliiano
2526 3579 2846 3650 evulgando.
2913 3577 3044 3630 Vita:
3099 3575 3352 3646 Cypriani
3410 3591 3440 3628 a
3498 3575 3742 3628 Patnelio

2137 3672 2453 3738 conscripue
2479 3671 2754 3739 praemissa
2791 3679 2937 3734 sunt,
2971 3685 3089 3739 qua:
3117 3656 3292 3721 l’ontii
3326 3678 3379 3721 et
3427 3667 3576 3720 Pauli
3617 3668 3742 3720 dia-

2139 3763 2258 3818 Cotti
2290 3763 2508 3816 nomine
2534 3761 2602 3816 de
2632 3763 2741 3816 vita
2770 3761 2886 3830 ejus
2916 3775 2966 3816 et
2997 3761 3247 3831 passione
3277 3760 3542 3822 feruntur,
3601 3758 3735 3812 item

2140 3855 2421 3924 Augustini
2450 3852 2625 3907 oratio
2655 3863 2709 3907 et
2735 3852 3006 3922 Agobardi
3029 3852 3272 3922 quaedam
3296 3850 3363 3904 de
3387 3851 3744 3905 translatiOne

2139 3947 2384 4016 corporis
2437 3945 2496 3998 ι).
2527 3946 2689 4018 Cypr.
2745 3945 2798 3999 in
2827 3944 3076 4000 Galliam.
3096 3942 3258 3998 —-Ac
3285 3959 3404 3996 cunt
3438 3953 3545 3996 tota
3573 3943 3747 3997 editio

2139 4040 2312 4094 divisa
2343 4041 2411 4093 sit
2461 4040 2513 4092 itt
2547 4050 2658 4094 tres
2693 4050 2888 4104 tomos,
2936 4039 3140 4106 primus
3167 4052 3290 4106 epp.
3343 4035 3603 4100 continet,
3639 4051 3746 4088 ttu-

2142 4149 2292 4187 tncro
2334 4147 2566 4196 Lxxxm,
2599 4131 2699 4186 bac
2740 4131 2880 4186 serie
2910 4148 2923 4184 :
2951 4129 3003 4184 l"
3033 4129 3168 4199 Epp.
3204 4129 3383 4183 statim
3407 4145 3437 4182 a
3468 4127 3750 4197 Baptismo

2146 4226 2208 4279 D.
2239 4226 2425 4296 Cypr.;
2457 4224 2514 4278 9.“
2547 4226 2598 4278 in
2631 4239 2849 4278 secessu
2873 4224 3046 4292 ejusd.
3093 4232 3204 4277 toto
3248 4223 3500 4287 biennio;
3557 4221 3614 4275 5°
3644 4221 3750 4276 sub

2143 4320 2460 4387 pontificatu
2487 4317 2721 4370 Cornelii
2754 4325 2808 4371 et
2837 4316 3019 4382 Lucii;
3050 4316 3106 4370 4⁸³
3137 4316 3513 4370 miscellaneas
3543 4315 3593 4367 itt
3613 4328 3752 4383 pace

2147 4412 2401 4465 liceiesim
2419 4411 2577 4464 variis
2592 4411 2926 4479 temporibus
2943 4427 2956 4473 ;
2974 4409 3136 4463 5°snb
3156 4409 3468 4479 pontificatu
3485 4407 3752 4478 Stephani

2146 4504 2213 4559 de
2228 4503 2562 4573 baptizandis
2581 4502 2883 4563 luereticis;
2906 4502 2961 4555 ii”
2977 4502 3030 4554 itt
3047 4503 3239 4556 exsilio
3257 4510 3311 4555 et
3327 4502 3426 4554 sub
3441 4502 3600 4555 linem
3622 4502 3750 4554 vitae

2149 4599 2503 4666 conscriptas.
2536 4593 2840 4660 Secundus,
2873 4594 3035 4648 libros
3060 4604 3113 4649 et
3139 4603 3407 4649 tractatus
3437 4594 3617 4647 varios
3647 4609 3753 4648 nu-

2148 4704 2300 4746 mero
2328 4706 2413 4745 xv.
2445 4689 2680 4752 'i‘ertius,
2699 4689 2872 4756 Opera
2897 4687 3164 4756 Cypriano
3181 4685 3473 4756 adscripta.
3493 4715 3565 4725 ——
3583 4684 3662 4740 Ac
3692 4687 3752 4742 in

2146 4791 2402 4839 contextu
2441 4781 2697 4836 nonnulla
2725 4780 2944 4851 quidem
2994 4781 3213 4850 proprio
3242 4781 3465 4834 arbitrio
3495 4785 3587 4834 aut
3614 4795 3644 4833 a
3689 4795 3753 4834 se

2146 4877 2346 4932 omissa
2375 4886 2467 4928 aut
2496 4874 2668 4944 posita
2720 4887 2844 4928 esse
2893 4871 3160 4926 Pamclius
3208 4871 3427 4938 fatetur,
3478 4887 3753 4927 nonnum-

2146 4986 2306 5041 quam
2337 4970 2498 5024 etiam
2531 4977 2722 5022 contra
2761 4981 2891 5020 mss.
2938 4965 3097 5020 codd.
3137 4964 3533 5031 auctoritatem,
3563 4973 3619 5019 et
3648 4963 3754 5019 hac

2147 5065 2378 5135 ingenua
2425 5062 2762 5132 professione
2792 5061 3071 5128 liberoque
3099 5059 3167 5113 de
3204 5059 3424 5114 Manutii
3449 5074 3513 5112 ac
3540 5057 3756 5114 Morelii

2147 5158 2535 5215 mutationibus
2565 5155 2770 5227 judicio
2815 5154 2971 5209 malae
2999 5152 3204 5208 fraudis
3237 5153 3601 5222 suspicionem
3632 5166 3660 5205 a
3691 5167 3755 5208 se

2146 5251 2370 5308 amovit.

2857 5341 3018 5398 1569.

2230 5435 2407 5492 Versio
2457 5433 3072 5490 ltalicalI.—Anuib.tl
3120 5432 3262 5488 Caro
3313 5434 3443 5488 italo
3499 5445 3754 5486 sermone

2146 5530 2368 5585 donavit
2421 5535 2706 5582 tractaturo
2754 5527 2811 5579 S.
2845 5524 3102 5596 Cypriani
3149 5527 3216 5581 de
3245 5525 3618 5595 eleetnosyna,
3653 5523 3754 5576 im-

2147 5637 2397 5694 pressum
2452 5619 2592 5691 apud
2644 5617 2842 5673 Aldum
2891 5627 3013 5673 eum
3075 5619 3283 5674 duabus
3325 5618 3662 5673 orationibus
3689 5616 3748 5672 S.

2147 5717 2395 5787 Gregorii
2418 5713 2740 5769 Nazianzeni
2773 5714 2977 5784 pariter
3010 5714 3194 5770 italice
3223 5715 3396 5770 versis
3417 5753 3433 5782 ,
3469 5721 3604 5768 teste
3634 5713 3747 5770 Eu-

2149 5814 2308 5871 doxio
2337 5811 2603 5870 Philenio.
2634 5811 2830 5878 Venet,
2862 5808 3023 5865 ῑιι-ιο.
