  <div class='ocr_page' id='page_1' title='image "/cluster/home/n/w/nwhite01/storage/ocr_20150623/3/hvd.32044015471212/049.png"; bbox 0 0 4050 6308; ppageno 0'>
   <div class='ocr_carea' id='block_1_1' title="bbox 447 295 616 346">
    <p class='ocr_par' dir='ltr' id='par_1_1' title="bbox 447 295 616 346">
     <span class='ocr_line' id='line_1_1' title="bbox 447 295 616 346; baseline 0.006 -2"><span class='ocrx_word' id='word_1_1' title='bbox 447 295 616 346; x_wconf 62' lang='grc' dir='ltr'><strong>ιςκικ</strong></span> 
     </span>
    </p>
   </div>
   <div class='ocr_carea' id='block_1_2' title="bbox 1169 406 1327 464">
    <p class='ocr_par' dir='ltr' id='par_1_2' title="bbox 1169 406 1327 464">
     <span class='ocr_line' id='line_1_2' title="bbox 1169 406 1327 464; baseline 0.013 -3"><span class='ocrx_word' id='word_1_2' title='bbox 1169 406 1327 464; x_wconf 78' lang='grc'><strong>1615.</strong></span> 
     </span>
    </p>
   </div>
   <div class='ocr_carea' id='block_1_3' title="bbox 520 495 2048 572">
    <p class='ocr_par' dir='ltr' id='par_1_3' title="bbox 520 495 2048 572">
     <span class='ocr_line' id='line_1_3' title="bbox 520 495 2048 572; baseline 0.001 -18"><span class='ocrx_word' id='word_1_3' title='bbox 520 496 843 572; x_wconf 84' lang='lat' dir='ltr'><strong>Cyprianus,</strong></span> <span class='ocrx_word' id='word_1_4' title='bbox 875 495 945 556; x_wconf 91' lang='lat' dir='ltr'><strong>de</strong></span> <span class='ocrx_word' id='word_1_5' title='bbox 988 497 1260 556; x_wconf 89' lang='lat' dir='ltr'><strong>Idolorum</strong></span> <span class='ocrx_word' id='word_1_6' title='bbox 1301 499 1556 567; x_wconf 75' lang='lat' dir='ltr'><strong>vanitate,</strong></span> <span class='ocrx_word' id='word_1_7' title='bbox 1597 513 1718 556; x_wconf 90' lang='lat' dir='ltr'><strong>cum</strong></span> <span class='ocrx_word' id='word_1_8' title='bbox 1750 499 2048 556; x_wconf 88' lang='lat' dir='ltr'><strong>observatt.</strong></span> 
     </span>
    </p>
   </div>
   <div class='ocr_carea' id='block_1_4' title="bbox 447 589 1340 668">
    <p class='ocr_par' dir='ltr' id='par_1_4' title="bbox 447 589 1340 668">
     <span class='ocr_line' id='line_1_4' title="bbox 447 589 1340 668; baseline -0.001 -17"><span class='ocrx_word' id='word_1_9' title='bbox 447 589 686 664; x_wconf 81' lang='lat' dir='ltr'><strong>Rigaltii.</strong></span> <span class='ocrx_word' id='word_1_10' title='bbox 713 592 872 666; x_wconf 83' lang='lat' dir='ltr'><strong>(Bibl.</strong></span> <span class='ocrx_word' id='word_1_11' title='bbox 900 593 1055 650; x_wconf 86' lang='lat' dir='ltr'><strong><em>Bodl.</em></strong></span> <span class='ocrx_word' id='word_1_12' title='bbox 1081 606 1126 650; x_wconf 85' lang='lat' dir='ltr'><strong>et</strong></span> <span class='ocrx_word' id='word_1_13' title='bbox 1153 593 1340 668; x_wconf 82' lang='lat' dir='ltr'><strong>Barb.)</strong></span> 
     </span>
    </p>
   </div>
   <div class='ocr_carea' id='block_1_5' title="bbox 1174 689 1332 746">
    <p class='ocr_par' dir='ltr' id='par_1_5' title="bbox 1174 689 1332 746">
     <span class='ocr_line' id='line_1_5' title="bbox 1174 689 1332 746; baseline -0.006 -3"><span class='ocrx_word' id='word_1_14' title='bbox 1174 689 1332 746; x_wconf 71' lang='lat' dir='ltr'><strong>16H.</strong></span> 
     </span>
    </p>
   </div>
   <div class='ocr_carea' id='block_1_6' title="bbox 517 782 2052 858">
    <p class='ocr_par' dir='ltr' id='par_1_6' title="bbox 517 782 2052 858">
     <span class='ocr_line' id='line_1_6' title="bbox 517 782 2052 858; baseline 0.001 -18"><span class='ocrx_word' id='word_1_15' title='bbox 517 782 616 840; x_wconf 81' lang='lat' dir='ltr'><strong>En.</strong></span> <span class='ocrx_word' id='word_1_16' title='bbox 645 782 960 840; x_wconf 67' lang='grc' dir='ltr'><strong>ΡΑκειιΑΝΑ</strong></span> <span class='ocrx_word' id='word_1_17' title='bbox 1001 784 1303 842; x_wconf 79' lang='lat' dir='ltr'><strong>GOULARTII</strong></span> <span class='ocrx_word' id='word_1_18' title='bbox 1348 784 1438 841; x_wconf 81' lang='grc' dir='ltr'><strong>Ν.</strong></span> <span class='ocrx_word' id='word_1_19' title='bbox 1473 785 1608 843; x_wconf 86' lang='lat' dir='ltr'><strong>Eam</strong></span> <span class='ocrx_word' id='word_1_20' title='bbox 1635 784 1860 843; x_wconf 87' lang='lat' dir='ltr'><strong>laudant</strong></span> <span class='ocrx_word' id='word_1_21' title='bbox 1886 785 2052 858; x_wconf 86' lang='lat' dir='ltr'><strong>Dupi-</strong></span> 
     </span>
    </p>
   </div>
   <div class='ocr_carea' id='block_1_7' title="bbox 446 876 1330 950">
    <p class='ocr_par' dir='ltr' id='par_1_7' title="bbox 446 876 1330 950">
     <span class='ocr_line' id='line_1_7' title="bbox 446 876 1330 950; baseline 0 -16"><span class='ocrx_word' id='word_1_22' title='bbox 446 877 590 947; x_wconf 87' lang='lat' dir='ltr'><strong>nius,</strong></span> <span class='ocrx_word' id='word_1_23' title='bbox 614 876 890 950; x_wconf 85' lang='lat' dir='ltr'><strong>Nourryus</strong></span> <span class='ocrx_word' id='word_1_24' title='bbox 921 887 975 935; x_wconf 91' lang='lat' dir='ltr'><strong>et</strong></span> <span class='ocrx_word' id='word_1_25' title='bbox 1001 877 1330 936; x_wconf 91' lang='lat' dir='ltr'><strong>Ceillierius.</strong></span> 
     </span>
    </p>
   </div>
   <div class='ocr_carea' id='block_1_8' title="bbox 1163 972 1320 1028">
    <p class='ocr_par' dir='ltr' id='par_1_8' title="bbox 1163 972 1320 1028">
     <span class='ocr_line' id='line_1_8' title="bbox 1163 972 1320 1028; baseline -0.006 -2"><span class='ocrx_word' id='word_1_26' title='bbox 1163 972 1320 1028; x_wconf 75' lang='grc'><strong>1645.</strong></span> 
     </span>
    </p>
   </div>
   <div class='ocr_carea' id='block_1_9' title="bbox 533 1064 2054 1138">
    <p class='ocr_par' dir='ltr' id='par_1_9' title="bbox 533 1064 2054 1138">
     <span class='ocr_line' id='line_1_9' title="bbox 533 1064 2054 1138; baseline 0.001 -18"><span class='ocrx_word' id='word_1_27' title='bbox 533 1064 708 1121; x_wconf 86' lang='lat' dir='ltr'><strong>Versio</strong></span> <span class='ocrx_word' id='word_1_28' title='bbox 758 1064 960 1122; x_wconf 86' lang='lat' dir='ltr'><strong>Gallica</strong></span> <span class='ocrx_word' id='word_1_29' title='bbox 1006 1065 1096 1122; x_wconf 87' lang='lat' dir='ltr'><strong>IV.</strong></span> <span class='ocrx_word' id='word_1_30' title='bbox 1141 1065 1428 1122; x_wconf 89' lang='lat' dir='ltr'><strong>Tractatus</strong></span> <span class='ocrx_word' id='word_1_31' title='bbox 1482 1064 1550 1121; x_wconf 92' lang='lat' dir='ltr'><strong>de</strong></span> <span class='ocrx_word' id='word_1_32' title='bbox 1603 1065 1794 1136; x_wconf 88' lang='lat' dir='ltr'><strong>Lapsis</strong></span> <span class='ocrx_word' id='word_1_33' title='bbox 1858 1065 2054 1138; x_wconf 89' lang='lat' dir='ltr'><strong>gallice</strong></span> 
     </span>
    </p>
   </div>
   <div class='ocr_carea' id='block_1_10' title="bbox 448 1157 2049 1230">
    <p class='ocr_par' dir='ltr' id='par_1_10' title="bbox 448 1157 2049 1230">
     <span class='ocr_line' id='line_1_10' title="bbox 448 1157 2049 1230; baseline 0 -15"><span class='ocrx_word' id='word_1_34' title='bbox 448 1157 696 1216; x_wconf 83' lang='lat' dir='ltr'><strong>redditus</strong></span> <span class='ocrx_word' id='word_1_35' title='bbox 729 1159 797 1216; x_wconf 89' lang='lat' dir='ltr'><strong>ab</strong></span> <span class='ocrx_word' id='word_1_36' title='bbox 842 1159 1112 1227; x_wconf 83' lang='lat' dir='ltr'><strong>Arnoldo,</strong></span> <span class='ocrx_word' id='word_1_37' title='bbox 1163 1173 1259 1215; x_wconf 92' lang='lat' dir='ltr'><strong>seu</strong></span> <span class='ocrx_word' id='word_1_38' title='bbox 1285 1159 1512 1230; x_wconf 91' lang='lat' dir='ltr'><strong>gallice:</strong></span> <span class='ocrx_word' id='word_1_39' title='bbox 1544 1157 1722 1214; x_wconf 82' lang='lat' dir='ltr'><strong>Traité</strong></span> <span class='ocrx_word' id='word_1_40' title='bbox 1758 1160 1849 1215; x_wconf 80' lang='lat' dir='ltr'><strong>des</strong></span> <span class='ocrx_word' id='word_1_41' title='bbox 1889 1158 2049 1215; x_wconf 80' lang='lat' dir='ltr'><strong>Chre-</strong></span> 
     </span>
    </p>
   </div>
   <div class='ocr_carea' id='block_1_11' title="bbox 447 1252 2052 1323">
    <p class='ocr_par' dir='ltr' id='par_1_11' title="bbox 447 1252 2052 1323">
     <span class='ocr_line' id='line_1_11' title="bbox 447 1252 2052 1323; baseline 0 -14"><span class='ocrx_word' id='word_1_42' title='bbox 447 1252 582 1309; x_wconf 73' lang='lat' dir='ltr'><strong>tieus</strong></span> <span class='ocrx_word' id='word_1_43' title='bbox 606 1254 692 1323; x_wconf 85' lang='lat' dir='ltr'><strong>qui</strong></span> <span class='ocrx_word' id='word_1_44' title='bbox 720 1254 908 1308; x_wconf 77' lang='lat' dir='ltr'><strong>étaient</strong></span> <span class='ocrx_word' id='word_1_45' title='bbox 955 1255 1148 1309; x_wconf 83' lang='lat' dir='ltr'><strong>tombés</strong></span> <span class='ocrx_word' id='word_1_46' title='bbox 1206 1257 1395 1308; x_wconf 77' lang='lat' dir='ltr'><strong>durant</strong></span> <span class='ocrx_word' id='word_1_47' title='bbox 1440 1253 1492 1308; x_wconf 92' lang='lat' dir='ltr'><strong>la</strong></span> <span class='ocrx_word' id='word_1_48' title='bbox 1532 1254 1888 1323; x_wconf 81' lang='lat' dir='ltr'><strong>persécution,</strong></span> <span class='ocrx_word' id='word_1_49' title='bbox 1945 1264 2052 1310; x_wconf 87' lang='lat' dir='ltr'><strong>tra-</strong></span> 
     </span>
    </p>
   </div>
   <div class='ocr_carea' id='block_1_12' title="bbox 449 1345 1955 1420">
    <p class='ocr_par' dir='ltr' id='par_1_12' title="bbox 449 1345 1955 1420">
     <span class='ocr_line' id='line_1_12' title="bbox 449 1345 1955 1420; baseline 0.001 -20"><span class='ocrx_word' id='word_1_50' title='bbox 449 1345 561 1402; x_wconf 87' lang='lat' dir='ltr'><strong>duit</strong></span> <span class='ocrx_word' id='word_1_51' title='bbox 591 1362 689 1418; x_wconf 88' lang='lat' dir='ltr'><strong>par</strong></span> <span class='ocrx_word' id='word_1_52' title='bbox 712 1345 792 1402; x_wconf 81' lang='lat' dir='ltr'><strong>M.</strong></span> <span class='ocrx_word' id='word_1_53' title='bbox 816 1347 1057 1402; x_wconf 83' lang='lat' dir='ltr'><strong>Arnault.</strong></span> <span class='ocrx_word' id='word_1_54' title='bbox 1089 1345 1282 1418; x_wconf 90' lang='lat' dir='ltr'><strong>(Catal.</strong></span> <span class='ocrx_word' id='word_1_55' title='bbox 1314 1345 1454 1401; x_wconf 84' lang='lat' dir='ltr'><strong>Bibl.</strong></span> <span class='ocrx_word' id='word_1_56' title='bbox 1486 1346 1714 1416; x_wconf 89' lang='lat' dir='ltr'><strong>Bunav.,</strong></span> <span class='ocrx_word' id='word_1_57' title='bbox 1745 1362 1800 1418; x_wconf 91' lang='lat' dir='ltr'><strong>p.</strong></span> <span class='ocrx_word' id='word_1_58' title='bbox 1836 1347 1955 1420; x_wconf 87' lang='lat'><strong>50.)</strong></span> 
     </span>
    </p>
   </div>
   <div class='ocr_carea' id='block_1_13' title="bbox 1093 1458 1445 1503">
    <p class='ocr_par' dir='ltr' id='par_1_13' title="bbox 1093 1458 1445 1503">
     <span class='ocr_line' id='line_1_13' title="bbox 1093 1458 1445 1503; baseline -0.003 -2"><span class='ocrx_word' id='word_1_59' title='bbox 1093 1458 1339 1502; x_wconf 63' lang='grc' dir='ltr'><strong>σωθείς</strong></span> <span class='ocrx_word' id='word_1_60' title='bbox 1380 1459 1445 1503; x_wconf 75' lang='grc' dir='ltr'><strong>ν.</strong></span> 
     </span>
    </p>
   </div>
   <div class='ocr_carea' id='block_1_14' title="bbox 939 1539 1572 1614">
    <p class='ocr_par' dir='ltr' id='par_1_14' title="bbox 939 1539 1572 1614">
     <span class='ocr_line' id='line_1_14' title="bbox 939 1539 1572 1614; baseline 0.002 -19"><span class='ocrx_word' id='word_1_61' title='bbox 939 1539 1204 1598; x_wconf 83' lang='lat' dir='ltr'><strong>Editiones</strong></span> <span class='ocrx_word' id='word_1_62' title='bbox 1243 1541 1572 1614; x_wconf 81' lang='lat' dir='ltr'><strong>Rigaltiante.</strong></span> 
     </span>
    </p>
   </div>
   <div class='ocr_carea' id='block_1_15' title="bbox 523 1633 2051 1776">
    <p class='ocr_par' dir='ltr' id='par_1_15' title="bbox 523 1633 2051 1776">
     <span class='ocr_line' id='line_1_15' title="bbox 523 1633 2051 1776; baseline 0.001 -14"><span class='ocrx_word' id='word_1_63' title='bbox 523 1705 622 1763; x_wconf 85' lang='lat' dir='ltr'><strong>Eo.</strong></span> <span class='ocrx_word' id='word_1_64' title='bbox 655 1706 992 1763; x_wconf 71' lang='lat' dir='ltr'><strong>RIGALTIANA</strong></span> <span class='ocrx_word' id='word_1_65' title='bbox 1035 1706 1078 1773; x_wconf 90' lang='lat' dir='ltr'><strong>t,</strong></span> <span class='ocrx_word' id='word_1_66' title='bbox 1110 1633 1442 1764; x_wconf 55' lang='lat' dir='ltr'><strong>Piigigésis</strong></span> <span class='ocrx_word' id='word_1_67' title='bbox 1471 1706 1583 1763; x_wconf 86' lang='lat' dir='ltr'><strong>xu.</strong></span> <span class='ocrx_word' id='word_1_68' title='bbox 1618 1707 1820 1776; x_wconf 90' lang='lat' dir='ltr'><strong>Lutet.,</strong></span> <span class='ocrx_word' id='word_1_69' title='bbox 1851 1708 2051 1774; x_wconf 89' lang='lat' dir='ltr'><strong>Paris.,</strong></span> 
     </span>
    </p>
   </div>
   <div class='ocr_carea' id='block_1_16' title="bbox 449 1799 2055 1874">
    <p class='ocr_par' dir='ltr' id='par_1_16' title="bbox 449 1799 2055 1874">
     <span class='ocr_line' id='line_1_16' title="bbox 449 1799 2055 1874; baseline 0.001 -19"><span class='ocrx_word' id='word_1_70' title='bbox 449 1811 538 1872; x_wconf 85' lang='lat' dir='ltr'><strong>ap.</strong></span> <span class='ocrx_word' id='word_1_71' title='bbox 566 1800 676 1855; x_wconf 91' lang='lat' dir='ltr'><strong>vid.</strong></span> <span class='ocrx_word' id='word_1_72' title='bbox 708 1799 991 1854; x_wconf 84' lang='lat' dir='ltr'><strong>Mathurini</strong></span> <span class='ocrx_word' id='word_1_73' title='bbox 1037 1799 1263 1870; x_wconf 81' lang='lat' dir='ltr'><strong>Dupuis,</strong></span> <span class='ocrx_word' id='word_1_74' title='bbox 1297 1799 1385 1854; x_wconf 84' lang='lat' dir='ltr'><strong>via</strong></span> <span class='ocrx_word' id='word_1_75' title='bbox 1433 1799 1718 1868; x_wconf 71' lang='lat' dir='ltr'><strong>Jacobaea,</strong></span> <span class='ocrx_word' id='word_1_76' title='bbox 1759 1801 1859 1857; x_wconf 92' lang='lat' dir='ltr'><strong>sub</strong></span> <span class='ocrx_word' id='word_1_77' title='bbox 1902 1801 2055 1874; x_wconf 87' lang='lat' dir='ltr'><strong>signo</strong></span> 
     </span>
    </p>
   </div>
   <div class='ocr_carea' id='block_1_17' title="bbox 451 1892 2057 1966">
    <p class='ocr_par' dir='ltr' id='par_1_17' title="bbox 451 1892 2057 1966">
     <span class='ocr_line' id='line_1_17' title="bbox 451 1892 2057 1966; baseline 0.001 -17"><span class='ocrx_word' id='word_1_78' title='bbox 451 1894 700 1949; x_wconf 90' lang='lat' dir='ltr'><strong>Coronae.</strong></span> <span class='ocrx_word' id='word_1_79' title='bbox 733 1893 908 1949; x_wconf 90' lang='lat' dir='ltr'><strong>in-fol.</strong></span> <span class='ocrx_word' id='word_1_80' title='bbox 936 1923 1008 1935; x_wconf 90' lang='lat'><strong>—-</strong></span> <span class='ocrx_word' id='word_1_81' title='bbox 1035 1894 1090 1950; x_wconf 75' lang='grc' dir='ltr'><strong>1ο</strong></span> <span class='ocrx_word' id='word_1_82' title='bbox 1117 1893 1174 1950; x_wconf 91' lang='lat' dir='ltr'><strong>S.</strong></span> <span class='ocrx_word' id='word_1_83' title='bbox 1207 1892 1270 1950; x_wconf 92' lang='lat' dir='ltr'><strong>C.</strong></span> <span class='ocrx_word' id='word_1_84' title='bbox 1303 1893 1363 1950; x_wconf 92' lang='lat' dir='ltr'><strong>C.</strong></span> <span class='ocrx_word' id='word_1_85' title='bbox 1396 1908 1560 1966; x_wconf 87' lang='lat' dir='ltr'><strong>Opera</strong></span> <span class='ocrx_word' id='word_1_86' title='bbox 1590 1894 1796 1951; x_wconf 86' lang='lat' dir='ltr'><strong>Nicolai</strong></span> <span class='ocrx_word' id='word_1_87' title='bbox 1839 1895 2057 1966; x_wconf 78' lang='lat' dir='ltr'><strong>Rigaltii</strong></span> 
     </span>
    </p>
   </div>
   <div class='ocr_carea' id='block_1_18' title="bbox 451 1985 2057 2057">
    <p class='ocr_par' dir='ltr' id='par_1_18' title="bbox 451 1985 2057 2057">
     <span class='ocr_line' id='line_1_18' title="bbox 451 1985 2057 2057; baseline 0.001 -14"><span class='ocrx_word' id='word_1_88' title='bbox 451 1986 919 2043; x_wconf 77' lang='lat' dir='ltr'><strong>observationibus</strong></span> <span class='ocrx_word' id='word_1_89' title='bbox 947 1985 1015 2042; x_wconf 91' lang='lat' dir='ltr'><strong>ad</strong></span> <span class='ocrx_word' id='word_1_90' title='bbox 1050 1995 1294 2042; x_wconf 81' lang='lat' dir='ltr'><strong>veterum</strong></span> <span class='ocrx_word' id='word_1_91' title='bbox 1330 1988 1719 2057; x_wconf 77' lang='lat' dir='ltr'><strong>exemplarium</strong></span> <span class='ocrx_word' id='word_1_92' title='bbox 1772 1989 1931 2044; x_wconf 86' lang='lat' dir='ltr'><strong>ﬁdem</strong></span> <span class='ocrx_word' id='word_1_93' title='bbox 1971 2005 2057 2045; x_wconf 87' lang='lat' dir='ltr'><strong>re-</strong></span> 
     </span>
    </p>
   </div>
   <div class='ocr_carea' id='block_1_19' title="bbox 449 2080 2056 2153">
    <p class='ocr_par' dir='ltr' id='par_1_19' title="bbox 449 2080 2056 2153">
     <span class='ocr_line' id='line_1_19' title="bbox 449 2080 2056 2153; baseline 0.001 -15"><span class='ocrx_word' id='word_1_94' title='bbox 449 2081 663 2153; x_wconf 84' lang='lat' dir='ltr'><strong>cognita</strong></span> <span class='ocrx_word' id='word_1_95' title='bbox 679 2090 735 2136; x_wconf 90' lang='lat' dir='ltr'><strong>et</strong></span> <span class='ocrx_word' id='word_1_96' title='bbox 751 2080 1033 2138; x_wconf 84' lang='lat' dir='ltr'><strong>illustrata.</strong></span> <span class='ocrx_word' id='word_1_97' title='bbox 1063 2080 1128 2136; x_wconf 77' lang='lat'><strong>2&quot;</strong></span> <span class='ocrx_word' id='word_1_98' title='bbox 1150 2081 1268 2138; x_wconf 86' lang='lat' dir='ltr'><strong>Nic.</strong></span> <span class='ocrx_word' id='word_1_99' title='bbox 1302 2081 1520 2152; x_wconf 86' lang='lat' dir='ltr'><strong>Rigaltii</strong></span> <span class='ocrx_word' id='word_1_100' title='bbox 1545 2081 1964 2140; x_wconf 84' lang='lat' dir='ltr'><strong>Observationes</strong></span> <span class='ocrx_word' id='word_1_101' title='bbox 1988 2084 2056 2139; x_wconf 89' lang='lat' dir='ltr'><strong>ad</strong></span> 
     </span>
    </p>
   </div>
   <div class='ocr_carea' id='block_1_20' title="bbox 454 2170 2054 2248">
    <p class='ocr_par' dir='ltr' id='par_1_20' title="bbox 454 2170 2054 2248">
     <span class='ocr_line' id='line_1_20' title="bbox 454 2170 2054 2248; baseline 0.001 -18"><span class='ocrx_word' id='word_1_102' title='bbox 454 2170 520 2230; x_wconf 91' lang='lat' dir='ltr'><strong>C.</strong></span> <span class='ocrx_word' id='word_1_103' title='bbox 547 2172 608 2229; x_wconf 92' lang='lat' dir='ltr'><strong>C.</strong></span> <span class='ocrx_word' id='word_1_104' title='bbox 631 2173 730 2245; x_wconf 88' lang='lat' dir='ltr'><strong>Ep.</strong></span> <span class='ocrx_word' id='word_1_105' title='bbox 759 2182 814 2229; x_wconf 90' lang='lat' dir='ltr'><strong>et</strong></span> <span class='ocrx_word' id='word_1_106' title='bbox 841 2172 1046 2230; x_wconf 88' lang='lat' dir='ltr'><strong>Tractt.</strong></span> <span class='ocrx_word' id='word_1_107' title='bbox 1079 2174 1220 2230; x_wconf 90' lang='lat' dir='ltr'><strong>Diss.</strong></span> <span class='ocrx_word' id='word_1_108' title='bbox 1251 2175 1506 2240; x_wconf 83' lang='lat' dir='ltr'><strong>anonvmi</strong></span> <span class='ocrx_word' id='word_1_109' title='bbox 1542 2176 1823 2248; x_wconf 90' lang='lat' dir='ltr'><strong>scriptoris</strong></span> <span class='ocrx_word' id='word_1_110' title='bbox 1850 2177 2054 2247; x_wconf 85' lang='lat' dir='ltr'><strong>antiqui</strong></span> 
     </span>
    </p>
   </div>
   <div class='ocr_carea' id='block_1_21' title="bbox 453 2267 2052 2344">
    <p class='ocr_par' dir='ltr' id='par_1_21' title="bbox 453 2267 2052 2344">
     <span class='ocr_line' id='line_1_21' title="bbox 453 2267 2052 2344; baseline 0.001 -18"><span class='ocrx_word' id='word_1_111' title='bbox 453 2267 522 2326; x_wconf 90' lang='lat' dir='ltr'><strong>de</strong></span> <span class='ocrx_word' id='word_1_112' title='bbox 537 2268 813 2337; x_wconf 91' lang='lat' dir='ltr'><strong>Baptismo</strong></span> <span class='ocrx_word' id='word_1_113' title='bbox 830 2268 1202 2326; x_wconf 84' lang='lat' dir='ltr'><strong>haereticorum</strong></span> <span class='ocrx_word' id='word_1_114' title='bbox 1234 2284 1376 2327; x_wconf 91' lang='lat' dir='ltr'><strong>nunc</strong></span> <span class='ocrx_word' id='word_1_115' title='bbox 1406 2270 1639 2344; x_wconf 90' lang='lat' dir='ltr'><strong>primum</strong></span> <span class='ocrx_word' id='word_1_116' title='bbox 1667 2271 1808 2328; x_wconf 86' lang='lat' dir='ltr'><strong>edita</strong></span> <span class='ocrx_word' id='word_1_117' title='bbox 1831 2288 1895 2329; x_wconf 81' lang='lat' dir='ltr'><strong>ex</strong></span> <span class='ocrx_word' id='word_1_118' title='bbox 1911 2272 2052 2330; x_wconf 86' lang='lat' dir='ltr'><strong>Bibl.</strong></span> 
     </span>
    </p>
   </div>
   <div class='ocr_carea' id='block_1_22' title="bbox 452 2361 833 2435">
    <p class='ocr_par' dir='ltr' id='par_1_22' title="bbox 452 2361 833 2435">
     <span class='ocr_line' id='line_1_22' title="bbox 452 2361 833 2435; baseline 0 -16"><span class='ocrx_word' id='word_1_119' title='bbox 452 2361 785 2435; x_wconf 81' lang='lat' dir='ltr'><strong>Remigiana.</strong></span> <span class='ocrx_word' id='word_1_120' title='bbox 822 2370 833 2419; x_wconf 80' lang='lat' dir='ltr'><strong>i</strong></span> 
     </span>
    </p>
   </div>
   <div class='ocr_carea' id='block_1_23' title="bbox 449 2457 2060 2543">
    <p class='ocr_par' dir='ltr' id='par_1_23' title="bbox 449 2457 2060 2543">
     <span class='ocr_line' id='line_1_23' title="bbox 449 2457 2060 2543; baseline 0.007 -22"><span class='ocrx_word' id='word_1_121' title='bbox 449 2457 525 2511; x_wconf 69' lang='grc' dir='ltr'><strong>Δί]</strong></span> <span class='ocrx_word' id='word_1_122' title='bbox 549 2471 789 2543; x_wconf 75' lang='lat' dir='ltr'><strong>Epistolas</strong></span> <span class='ocrx_word' id='word_1_123' title='bbox 813 2481 866 2526; x_wconf 86' lang='lat' dir='ltr'><strong>et</strong></span> <span class='ocrx_word' id='word_1_124' title='bbox 879 2474 1156 2543; x_wconf 76' lang='lat' dir='ltr'><strong>Tractatus,</strong></span> <span class='ocrx_word' id='word_1_125' title='bbox 1181 2475 1426 2538; x_wconf 82' lang='lat' dir='ltr'><strong>Rigaltius</strong></span> <span class='ocrx_word' id='word_1_126' title='bbox 1449 2469 1624 2543; x_wconf 65' lang='lat' dir='ltr'><strong>inquit,</strong></span> <span class='ocrx_word' id='word_1_127' title='bbox 1670 2469 2060 2543; x_wconf 50' lang='lat' dir='ltr'><strong>05!endi,ltl‘$c_i&#39;</strong></span> 
     </span>
    </p>
   </div>
   <div class='ocr_carea' id='block_1_24' title="bbox 516 2531 2059 2600">
    <p class='ocr_par' dir='ltr' id='par_1_24' title="bbox 516 2531 2059 2600">
     <span class='ocr_line' id='line_1_24' title="bbox 516 2531 2059 2600; baseline -0.003 -13"><span class='ocrx_word' id='word_1_128' title='bbox 516 2531 610 2596; x_wconf 71' lang='lat' dir='ltr'><strong>pua</strong></span> <span class='ocrx_word' id='word_1_129' title='bbox 633 2539 819 2600; x_wconf 82' lang='lat' dir='ltr'><strong>veteris</strong></span> <span class='ocrx_word' id='word_1_130' title='bbox 835 2541 1089 2600; x_wconf 74' lang='lat' dir='ltr'><strong>scripturae</strong></span> <span class='ocrx_word' id='word_1_131' title='bbox 1109 2531 1430 2599; x_wconf 72' lang='lat' dir='ltr'><strong>lineamenta,</strong></span> <span class='ocrx_word' id='word_1_132' title='bbox 1443 2535 1504 2584; x_wconf 82' lang='lat' dir='ltr'><strong>ab</strong></span> <span class='ocrx_word' id='word_1_133' title='bbox 1518 2531 1680 2600; x_wconf 78' lang='lat' dir='ltr'><strong>ipsius</strong></span> <span class='ocrx_word' id='word_1_134' title='bbox 1697 2533 1910 2600; x_wconf 75' lang='lat' dir='ltr'><strong>auctoris</strong></span> <span class='ocrx_word' id='word_1_135' title='bbox 1933 2531 2059 2600; x_wconf 82' lang='lat' dir='ltr'><strong>stylo</strong></span> 
     </span>
    </p>
   </div>
   <div class='ocr_carea' id='block_1_25' title="bbox 515 2596 2060 2664">
    <p class='ocr_par' dir='ltr' id='par_1_25' title="bbox 515 2596 2060 2664">
     <span class='ocr_line' id='line_1_25' title="bbox 515 2596 2060 2664; baseline 0.003 -16"><span class='ocrx_word' id='word_1_136' title='bbox 515 2609 710 2664; x_wconf 73' lang='lat' dir='ltr'><strong>servata</strong></span> <span class='ocrx_word' id='word_1_137' title='bbox 733 2596 944 2651; x_wconf 79' lang='lat' dir='ltr'><strong>fideliter</strong></span> <span class='ocrx_word' id='word_1_138' title='bbox 976 2604 1026 2651; x_wconf 93' lang='lat' dir='ltr'><strong>in</strong></span> <span class='ocrx_word' id='word_1_139' title='bbox 1061 2605 1257 2664; x_wconf 84' lang='lat' dir='ltr'><strong>optimis</strong></span> <span class='ocrx_word' id='word_1_140' title='bbox 1300 2596 1672 2664; x_wconf 55' lang='lat' dir='ltr'><strong>exemplarjyus</strong></span> <span class='ocrx_word' id='word_1_141' title='bbox 1706 2596 2060 2664; x_wconf 22' lang='lat' dir='ltr'><strong>Veronensi’et</strong></span> 
     </span>
    </p>
   </div>
   <div class='ocr_carea' id='block_1_26' title="bbox 516 2659 2062 2730">
    <p class='ocr_par' dir='ltr' id='par_1_26' title="bbox 516 2659 2062 2730">
     <span class='ocr_line' id='line_1_26' title="bbox 516 2659 2062 2730; baseline 0.002 -19"><span class='ocrx_word' id='word_1_142' title='bbox 516 2661 876 2730; x_wconf 76' lang='lat' dir='ltr'><strong>Beneventano</strong></span> <span class='ocrx_word' id='word_1_143' title='bbox 899 2659 1512 2730; x_wconf 52' lang='lat' dir='ltr'><strong>collatis&#39;olin1_a_biarcello</strong></span> <span class='ocrx_word' id='word_1_144' title='bbox 1530 2659 1604 2730; x_wconf 70' lang='lat' dir='ltr'><strong>(Ii</strong></span> <span class='ocrx_word' id='word_1_145' title='bbox 1617 2665 1759 2730; x_wconf 73' lang='lat' dir='ltr'><strong>papa)</strong></span> <span class='ocrx_word' id='word_1_146' title='bbox 1779 2670 1832 2730; x_wconf 83' lang='lat' dir='ltr'><strong>et</strong></span> <span class='ocrx_word' id='word_1_147' title='bbox 1849 2662 2062 2730; x_wconf 81' lang='lat' dir='ltr'><strong>Antonio</strong></span> 
     </span>
    </p>
   </div>
   <div class='ocr_carea' id='block_1_27' title="bbox 519 2725 2051 2793">
    <p class='ocr_par' dir='ltr' id='par_1_27' title="bbox 519 2725 2051 2793">
     <span class='ocr_line' id='line_1_27' title="bbox 519 2725 2051 2793; baseline 0.001 -18"><span class='ocrx_word' id='word_1_148' title='bbox 519 2726 795 2793; x_wconf 74' lang='lat' dir='ltr'><strong>Augustino</strong></span> <span class='ocrx_word' id='word_1_149' title='bbox 816 2730 1047 2793; x_wconf 70' lang='lat' dir='ltr'><strong>episcon</strong></span> <span class='ocrx_word' id='word_1_150' title='bbox 1068 2727 1438 2793; x_wconf 40' lang='lat' dir='ltr'><strong>tunegllifano:</strong></span> <span class='ocrx_word' id='word_1_151' title='bbox 1459 2725 1570 2793; x_wconf 65' lang='lat' dir='ltr'><strong>quae</strong></span> <span class='ocrx_word' id='word_1_152' title='bbox 1590 2728 1644 2793; x_wconf 83' lang='lat' dir='ltr'><strong>_it_t</strong></span> <span class='ocrx_word' id='word_1_153' title='bbox 1669 2725 1891 2793; x_wconf 79' lang='lat' dir='ltr'><strong>Cypriani</strong></span> <span class='ocrx_word' id='word_1_154' title='bbox 1920 2729 2051 2777; x_wconf 80' lang='lat' dir='ltr'><strong>volu-</strong></span> 
     </span>
    </p>
   </div>
   <div class='ocr_carea' id='block_1_28' title="bbox 513 2789 2060 2851">
    <p class='ocr_par' dir='ltr' id='par_1_28' title="bbox 513 2789 2060 2851">
     <span class='ocr_line' id='line_1_28' title="bbox 513 2789 2060 2851; baseline 0.003 -14"><span class='ocrx_word' id='word_1_155' title='bbox 513 2791 645 2838; x_wconf 91' lang='lat' dir='ltr'><strong>mine</strong></span> <span class='ocrx_word' id='word_1_156' title='bbox 662 2802 806 2838; x_wconf 90' lang='lat' dir='ltr'><strong>manu</strong></span> <span class='ocrx_word' id='word_1_157' title='bbox 819 2789 928 2839; x_wconf 87' lang='lat' dir='ltr'><strong>Car.</strong></span> <span class='ocrx_word' id='word_1_158' title='bbox 942 2789 1201 2840; x_wconf 75' lang='lat' dir='ltr'><strong>Menchalli</strong></span> <span class='ocrx_word' id='word_1_159' title='bbox 1217 2789 1494 2841; x_wconf 83' lang='lat' dir='ltr'><strong>&#39;l‘olosatum</strong></span> <span class='ocrx_word' id='word_1_160' title='bbox 1509 2789 1858 2851; x_wconf 78' lang='lat' dir='ltr'><strong>archiepiscopi</strong></span> <span class='ocrx_word' id='word_1_161' title='bbox 1870 2805 2060 2841; x_wconf 86' lang='lat' dir='ltr'><strong>summa</strong></span> 
     </span>
    </p>
   </div>
   <div class='ocr_carea' id='block_1_29' title="bbox 515 2851 2054 2916">
    <p class='ocr_par' dir='ltr' id='par_1_29' title="bbox 515 2851 2054 2916">
     <span class='ocr_line' id='line_1_29' title="bbox 515 2851 2054 2916; baseline 0.003 -16"><span class='ocrx_word' id='word_1_162' title='bbox 515 2851 770 2916; x_wconf 83' lang='lat' dir='ltr'><strong>diligentia</strong></span> <span class='ocrx_word' id='word_1_163' title='bbox 809 2865 866 2916; x_wconf 81' lang='lat' dir='ltr'><strong>ac</strong></span> <span class='ocrx_word' id='word_1_164' title='bbox 909 2852 1004 2902; x_wconf 81' lang='lat' dir='ltr'><strong>fide</strong></span> <span class='ocrx_word' id='word_1_165' title='bbox 1047 2853 1317 2914; x_wconf 87' lang='lat' dir='ltr'><strong>descripta,</strong></span> <span class='ocrx_word' id='word_1_166' title='bbox 1344 2863 1588 2916; x_wconf 84' lang='lat' dir='ltr'><strong>perpetuo</strong></span> <span class='ocrx_word' id='word_1_167' title='bbox 1612 2855 1754 2904; x_wconf 89' lang='lat' dir='ltr'><strong>nobis</strong></span> <span class='ocrx_word' id='word_1_168' title='bbox 1778 2868 1870 2905; x_wconf 91' lang='lat' dir='ltr'><strong>usu</strong></span> <span class='ocrx_word' id='word_1_169' title='bbox 1893 2854 2054 2905; x_wconf 88' lang='lat' dir='ltr'><strong>fuere.</strong></span> 
     </span>
    </p>
   </div>
   <div class='ocr_carea' id='block_1_30' title="bbox 516 2915 2060 2980">
    <p class='ocr_par' dir='ltr' id='par_1_30' title="bbox 516 2915 2060 2980">
     <span class='ocr_line' id='line_1_30' title="bbox 516 2915 2060 2980; baseline 0.002 -15"><span class='ocrx_word' id='word_1_170' title='bbox 516 2915 682 2977; x_wconf 82' lang='lat' dir='ltr'><strong>Atque</strong></span> <span class='ocrx_word' id='word_1_171' title='bbox 702 2916 782 2964; x_wconf 91' lang='lat' dir='ltr'><strong>hic</strong></span> <span class='ocrx_word' id='word_1_172' title='bbox 807 2915 890 2965; x_wconf 89' lang='lat' dir='ltr'><strong>illa</strong></span> <span class='ocrx_word' id='word_1_173' title='bbox 907 2916 1108 2979; x_wconf 92' lang='lat' dir='ltr'><strong>quidem</strong></span> <span class='ocrx_word' id='word_1_174' title='bbox 1134 2919 1183 2966; x_wconf 93' lang='lat' dir='ltr'><strong>in</strong></span> <span class='ocrx_word' id='word_1_175' title='bbox 1207 2919 1313 2976; x_wconf 85' lang='lat' dir='ltr'><strong>ipso</strong></span> <span class='ocrx_word' id='word_1_176' title='bbox 1337 2915 1560 2980; x_wconf 87' lang='lat' dir='ltr'><strong>Cypriani</strong></span> <span class='ocrx_word' id='word_1_177' title='bbox 1585 2930 1791 2977; x_wconf 83' lang='lat' dir='ltr'><strong>Operam</strong></span> <span class='ocrx_word' id='word_1_178' title='bbox 1819 2925 2060 2968; x_wconf 82' lang='lat' dir='ltr'><strong>contextu</strong></span> 
     </span>
    </p>
   </div>
   <div class='ocr_carea' id='block_1_31' title="bbox 515 2979 2058 3041">
    <p class='ocr_par' dir='ltr' id='par_1_31' title="bbox 515 2979 2058 3041">
     <span class='ocr_line' id='line_1_31' title="bbox 515 2979 2058 3041; baseline 0.003 -15"><span class='ocrx_word' id='word_1_179' title='bbox 515 2980 862 3041; x_wconf 65' lang='lat' dir='ltr'><strong>repraesentari</strong></span> <span class='ocrx_word' id='word_1_180' title='bbox 898 2982 1059 3029; x_wconf 84' lang='lat' dir='ltr'><strong>omnia</strong></span> <span class='ocrx_word' id='word_1_181' title='bbox 1097 2980 1330 3029; x_wconf 81' lang='lat' dir='ltr'><strong>debuisse</strong></span> <span class='ocrx_word' id='word_1_182' title='bbox 1352 2979 1448 3028; x_wconf 83' lang='lat' dir='ltr'><strong>non</strong></span> <span class='ocrx_word' id='word_1_183' title='bbox 1475 2979 1686 3041; x_wconf 84' lang='lat' dir='ltr'><strong>inﬁcior;</strong></span> <span class='ocrx_word' id='word_1_184' title='bbox 1714 2994 1811 3031; x_wconf 87' lang='lat' dir='ltr'><strong>nec</strong></span> <span class='ocrx_word' id='word_1_185' title='bbox 1849 2995 1928 3029; x_wconf 84' lang='lat' dir='ltr'><strong>me</strong></span> <span class='ocrx_word' id='word_1_186' title='bbox 1970 2981 2058 3030; x_wconf 82' lang='lat' dir='ltr'><strong>hu-</strong></span> 
     </span>
    </p>
   </div>
   <div class='ocr_carea' id='block_1_32' title="bbox 516 3039 2057 3104">
    <p class='ocr_par' dir='ltr' id='par_1_32' title="bbox 516 3039 2057 3104">
     <span class='ocr_line' id='line_1_32' title="bbox 516 3039 2057 3104; baseline 0.003 -15"><span class='ocrx_word' id='word_1_187' title='bbox 516 3039 653 3104; x_wconf 74' lang='lat' dir='ltr'><strong>iusce</strong></span> <span class='ocrx_word' id='word_1_188' title='bbox 676 3041 866 3090; x_wconf 90' lang='lat' dir='ltr'><strong>consilii</strong></span> <span class='ocrx_word' id='word_1_189' title='bbox 888 3043 1170 3100; x_wconf 76' lang='lat' dir='ltr'><strong>ambiguum</strong></span> <span class='ocrx_word' id='word_1_190' title='bbox 1208 3042 1360 3091; x_wconf 87' lang='lat' dir='ltr'><strong>fuisse</strong></span> <span class='ocrx_word' id='word_1_191' title='bbox 1385 3056 1613 3104; x_wconf 88' lang='lat' dir='ltr'><strong>umquam</strong></span> <span class='ocrx_word' id='word_1_192' title='bbox 1657 3039 1926 3094; x_wconf 83' lang='lat' dir='ltr'><strong>existimari</strong></span> <span class='ocrx_word' id='word_1_193' title='bbox 1966 3059 2057 3094; x_wconf 89' lang='lat' dir='ltr'><strong>ve-</strong></span> 
     </span>
    </p>
   </div>
   <div class='ocr_carea' id='block_1_33' title="bbox 517 3099 2060 3172">
    <p class='ocr_par' dir='ltr' id='par_1_33' title="bbox 517 3099 2060 3172">
     <span class='ocr_line' id='line_1_33' title="bbox 517 3099 2060 3172; baseline 0.005 -23"><span class='ocrx_word' id='word_1_194' title='bbox 517 3099 602 3172; x_wconf 73' lang='lat' dir='ltr'><strong>lim</strong></span> <span class='ocrx_word' id='word_1_195' title='bbox 616 3099 1066 3172; x_wconf 77' lang='lat' dir='ltr'><strong>;_tris_tissime_tuli,</strong></span> <span class='ocrx_word' id='word_1_196' title='bbox 1102 3105 1231 3172; x_wconf 80' lang='lat' dir='ltr'><strong>quod</strong></span> <span class='ocrx_word' id='word_1_197' title='bbox 1256 3099 1605 3172; x_wconf 80' lang='lat' dir='ltr'><strong>festinantibus</strong></span> <span class='ocrx_word' id='word_1_198' title='bbox 1635 3109 1803 3171; x_wconf 86' lang='lat' dir='ltr'><strong>Operis</strong></span> <span class='ocrx_word' id='word_1_199' title='bbox 1827 3112 2060 3172; x_wconf 83' lang='lat' dir='ltr'><strong>typogra-</strong></span> 
     </span>
    </p>
   </div>
   <div class='ocr_carea' id='block_1_34' title="bbox 519 3165 1368 3227">
    <p class='ocr_par' dir='ltr' id='par_1_34' title="bbox 519 3165 1368 3227">
     <span class='ocr_line' id='line_1_34' title="bbox 519 3165 1368 3227; baseline 0.002 -13"><span class='ocrx_word' id='word_1_200' title='bbox 519 3165 678 3227; x_wconf 89' lang='lat' dir='ltr'><strong>phicis</strong></span> <span class='ocrx_word' id='word_1_201' title='bbox 699 3166 876 3217; x_wconf 83' lang='lat' dir='ltr'><strong>adesse</strong></span> <span class='ocrx_word' id='word_1_202' title='bbox 892 3167 1010 3217; x_wconf 89' lang='lat' dir='ltr'><strong>mihi</strong></span> <span class='ocrx_word' id='word_1_203' title='bbox 1031 3165 1132 3216; x_wconf 79' lang='lat' dir='ltr'><strong>non</strong></span> <span class='ocrx_word' id='word_1_204' title='bbox 1152 3167 1368 3218; x_wconf 89' lang='lat' dir='ltr'><strong>licuerit.</strong></span> 
     </span>
    </p>
   </div>
   <div class='ocr_carea' id='block_1_35' title="bbox 454 3246 2058 3324">
    <p class='ocr_par' dir='ltr' id='par_1_35' title="bbox 454 3246 2058 3324">
     <span class='ocr_line' id='line_1_35' title="bbox 454 3246 2058 3324; baseline 0.002 -20"><span class='ocrx_word' id='word_1_205' title='bbox 454 3246 878 3306; x_wconf 89' lang='lat' dir='ltr'><strong>Observationes</strong></span> <span class='ocrx_word' id='word_1_206' title='bbox 932 3266 1079 3322; x_wconf 88' lang='lat' dir='ltr'><strong>ergo,</strong></span> <span class='ocrx_word' id='word_1_207' title='bbox 1122 3252 1293 3323; x_wconf 91' lang='lat' dir='ltr'><strong>inquit</strong></span> <span class='ocrx_word' id='word_1_208' title='bbox 1315 3250 1738 3320; x_wconf 76' lang='lat' dir='ltr'><strong>Sclttenemaun,</strong></span> <span class='ocrx_word' id='word_1_209' title='bbox 1780 3253 1975 3324; x_wconf 89' lang='lat' dir='ltr'><strong>partim</strong></span> <span class='ocrx_word' id='word_1_210' title='bbox 2005 3253 2058 3308; x_wconf 93' lang='lat' dir='ltr'><strong>in</strong></span> 
     </span>
    </p>
   </div>
   <div class='ocr_carea' id='block_1_36' title="bbox 456 3339 2062 3416">
    <p class='ocr_par' dir='ltr' id='par_1_36' title="bbox 456 3339 2062 3416">
     <span class='ocr_line' id='line_1_36' title="bbox 456 3339 2062 3416; baseline 0.002 -20"><span class='ocrx_word' id='word_1_211' title='bbox 456 3339 708 3398; x_wconf 89' lang='lat' dir='ltr'><strong>lectionis</strong></span> <span class='ocrx_word' id='word_1_212' title='bbox 727 3344 988 3400; x_wconf 85' lang='lat' dir='ltr'><strong>varietate</strong></span> <span class='ocrx_word' id='word_1_213' title='bbox 1014 3345 1170 3401; x_wconf 89' lang='lat' dir='ltr'><strong>codd.</strong></span> <span class='ocrx_word' id='word_1_214' title='bbox 1202 3345 1540 3402; x_wconf 86' lang='lat' dir='ltr'><strong>laudatorum</strong></span> <span class='ocrx_word' id='word_1_215' title='bbox 1571 3345 1915 3416; x_wconf 90' lang='lat' dir='ltr'><strong>dijudicanda</strong></span> <span class='ocrx_word' id='word_1_216' title='bbox 1939 3361 2062 3402; x_wconf 91' lang='lat' dir='ltr'><strong>ver-</strong></span> 
     </span>
    </p>
   </div>
   <div class='ocr_carea' id='block_1_37' title="bbox 458 3437 2064 3510">
    <p class='ocr_par' dir='ltr' id='par_1_37' title="bbox 458 3437 2064 3510">
     <span class='ocr_line' id='line_1_37' title="bbox 458 3437 2064 3510; baseline 0.004 -23"><span class='ocrx_word' id='word_1_217' title='bbox 458 3443 666 3504; x_wconf 87' lang='lat' dir='ltr'><strong>santur,</strong></span> <span class='ocrx_word' id='word_1_218' title='bbox 699 3438 896 3507; x_wconf 91' lang='lat' dir='ltr'><strong>partim</strong></span> <span class='ocrx_word' id='word_1_219' title='bbox 943 3437 1271 3494; x_wconf 85' lang='lat' dir='ltr'><strong>scltoliorum</strong></span> <span class='ocrx_word' id='word_1_220' title='bbox 1311 3439 1482 3495; x_wconf 89' lang='lat' dir='ltr'><strong>vicem</strong></span> <span class='ocrx_word' id='word_1_221' title='bbox 1536 3438 1825 3507; x_wconf 88' lang='lat' dir='ltr'><strong>sustinent,</strong></span> <span class='ocrx_word' id='word_1_222' title='bbox 1855 3454 1974 3510; x_wconf 76' lang='lat' dir='ltr'><strong>quae</strong></span> <span class='ocrx_word' id='word_1_223' title='bbox 2005 3447 2064 3494; x_wconf 92' lang='lat' dir='ltr'><strong>ut</strong></span> 
     </span>
    </p>
   </div>
   <div class='ocr_carea' id='block_1_38' title="bbox 459 3525 2065 3603">
    <p class='ocr_par' dir='ltr' id='par_1_38' title="bbox 459 3525 2065 3603">
     <span class='ocr_line' id='line_1_38' title="bbox 459 3525 2065 3603; baseline 0.003 -20"><span class='ocrx_word' id='word_1_224' title='bbox 459 3525 644 3584; x_wconf 86' lang='lat' dir='ltr'><strong>brevia</strong></span> <span class='ocrx_word' id='word_1_225' title='bbox 667 3538 794 3585; x_wconf 85' lang='lat' dir='ltr'><strong>sunt</strong></span> <span class='ocrx_word' id='word_1_226' title='bbox 817 3529 1074 3601; x_wconf 91' lang='lat' dir='ltr'><strong>pleraque</strong></span> <span class='ocrx_word' id='word_1_227' title='bbox 1099 3570 1114 3593; x_wconf 90' lang='lat'><strong>,</strong></span> <span class='ocrx_word' id='word_1_228' title='bbox 1147 3530 1220 3585; x_wconf 90' lang='lat' dir='ltr'><strong>ita</strong></span> <span class='ocrx_word' id='word_1_229' title='bbox 1262 3529 1400 3603; x_wconf 81' lang='lat' dir='ltr'><strong>frugi</strong></span> <span class='ocrx_word' id='word_1_230' title='bbox 1437 3531 1754 3601; x_wconf 90' lang='lat' dir='ltr'><strong>plenissima</strong></span> <span class='ocrx_word' id='word_1_231' title='bbox 1777 3540 1832 3588; x_wconf 86' lang='lat' dir='ltr'><strong>et</strong></span> <span class='ocrx_word' id='word_1_232' title='bbox 1852 3546 1882 3586; x_wconf 90' lang='lat' dir='ltr'><strong>a</strong></span> <span class='ocrx_word' id='word_1_233' title='bbox 1912 3541 2065 3588; x_wconf 91' lang='lat' dir='ltr'><strong>recto</strong></span> 
     </span>
    </p>
   </div>
   <div class='ocr_carea' id='block_1_39' title="bbox 458 3621 2063 3700">
    <p class='ocr_par' dir='ltr' id='par_1_39' title="bbox 458 3621 2063 3700">
     <span class='ocr_line' id='line_1_39' title="bbox 458 3621 2063 3700; baseline 0.001 -23"><span class='ocrx_word' id='word_1_234' title='bbox 458 3629 515 3677; x_wconf 89' lang='lat' dir='ltr'><strong>et</strong></span> <span class='ocrx_word' id='word_1_235' title='bbox 531 3621 759 3694; x_wconf 80' lang='lat' dir='ltr'><strong>eleganti</strong></span> <span class='ocrx_word' id='word_1_236' title='bbox 781 3622 984 3694; x_wconf 92' lang='lat' dir='ltr'><strong>judicio</strong></span> <span class='ocrx_word' id='word_1_237' title='bbox 1011 3631 1066 3680; x_wconf 92' lang='lat' dir='ltr'><strong>et</strong></span> <span class='ocrx_word' id='word_1_238' title='bbox 1092 3624 1304 3695; x_wconf 88' lang='lat' dir='ltr'><strong>egregia</strong></span> <span class='ocrx_word' id='word_1_239' title='bbox 1326 3624 1596 3700; x_wconf 80' lang='grc' dir='ltr'><strong>παῤῥησίᾳ</strong></span> <span class='ocrx_word' id='word_1_240' title='bbox 1616 3623 1928 3695; x_wconf 89' lang='lat' dir='ltr'><strong>conspicua.</strong></span> <span class='ocrx_word' id='word_1_241' title='bbox 1961 3625 2063 3679; x_wconf 81' lang='lat' dir='ltr'><strong>Ac-</strong></span> 
     </span>
    </p>
   </div>
   <div class='ocr_carea' id='block_1_40' title="bbox 461 3714 2065 3789">
    <p class='ocr_par' dir='ltr' id='par_1_40' title="bbox 461 3714 2065 3789">
     <span class='ocr_line' id='line_1_40' title="bbox 461 3714 2065 3789; baseline 0.001 -19"><span class='ocrx_word' id='word_1_242' title='bbox 461 3714 605 3770; x_wconf 88' lang='lat' dir='ltr'><strong>cedit</strong></span> <span class='ocrx_word' id='word_1_243' title='bbox 628 3723 892 3789; x_wconf 77' lang='lat' dir='ltr'><strong>praeterea</strong></span> <span class='ocrx_word' id='word_1_244' title='bbox 934 3715 988 3771; x_wconf 90' lang='lat' dir='ltr'><strong>iu</strong></span> <span class='ocrx_word' id='word_1_245' title='bbox 1043 3715 1434 3772; x_wconf 90' lang='lat' dir='ltr'><strong>Tertullianum</strong></span> <span class='ocrx_word' id='word_1_246' title='bbox 1484 3723 1642 3771; x_wconf 87' lang='lat' dir='ltr'><strong>antea</strong></span> <span class='ocrx_word' id='word_1_247' title='bbox 1695 3715 2065 3787; x_wconf 86' lang='lat' dir='ltr'><strong>superioribus</strong></span> 
     </span>
    </p>
   </div>
   <div class='ocr_carea' id='block_1_41' title="bbox 461 3807 2063 3880">
    <p class='ocr_par' dir='ltr' id='par_1_41' title="bbox 461 3807 2063 3880">
     <span class='ocr_line' id='line_1_41' title="bbox 461 3807 2063 3880; baseline 0.001 -18"><span class='ocrx_word' id='word_1_248' title='bbox 461 3807 618 3863; x_wconf 86' lang='lat' dir='ltr'><strong>annis</strong></span> <span class='ocrx_word' id='word_1_249' title='bbox 638 3808 840 3864; x_wconf 93' lang='lat' dir='ltr'><strong>editum</strong></span> <span class='ocrx_word' id='word_1_250' title='bbox 860 3809 1006 3865; x_wconf 89' lang='lat' dir='ltr'><strong>obss.</strong></span> <span class='ocrx_word' id='word_1_251' title='bbox 1027 3808 1384 3880; x_wconf 89' lang='lat' dir='ltr'><strong>spicilegium,</strong></span> <span class='ocrx_word' id='word_1_252' title='bbox 1404 3817 1457 3864; x_wconf 93' lang='lat' dir='ltr'><strong>et</strong></span> <span class='ocrx_word' id='word_1_253' title='bbox 1481 3808 1721 3864; x_wconf 89' lang='lat' dir='ltr'><strong>famosus</strong></span> <span class='ocrx_word' id='word_1_254' title='bbox 1741 3808 1830 3864; x_wconf 91' lang='lat' dir='ltr'><strong>ille</strong></span> <span class='ocrx_word' id='word_1_255' title='bbox 1851 3809 1914 3864; x_wconf 90' lang='lat' dir='ltr'><strong>de</strong></span> <span class='ocrx_word' id='word_1_256' title='bbox 1938 3809 2063 3864; x_wconf 88' lang='lat' dir='ltr'><strong>Cor-</strong></span> 
     </span>
    </p>
   </div>
   <div class='ocr_carea' id='block_1_42' title="bbox 463 3899 2064 3973">
    <p class='ocr_par' dir='ltr' id='par_1_42' title="bbox 463 3899 2064 3973">
     <span class='ocr_line' id='line_1_42' title="bbox 463 3899 2064 3973; baseline 0.001 -18"><span class='ocrx_word' id='word_1_257' title='bbox 463 3901 608 3971; x_wconf 81' lang='lat' dir='ltr'><strong>poris</strong></span> <span class='ocrx_word' id='word_1_258' title='bbox 644 3899 832 3955; x_wconf 81' lang='lat' dir='ltr'><strong>Christi</strong></span> <span class='ocrx_word' id='word_1_259' title='bbox 873 3901 1252 3973; x_wconf 81' lang='lat' dir='ltr'><strong>pulchritudine</strong></span> <span class='ocrx_word' id='word_1_260' title='bbox 1277 3909 1554 3959; x_wconf 89' lang='lat' dir='ltr'><strong>tractatus.</strong></span> <span class='ocrx_word' id='word_1_261' title='bbox 1585 3901 1733 3958; x_wconf 91' lang='lat' dir='ltr'><strong>Ordo</strong></span> <span class='ocrx_word' id='word_1_262' title='bbox 1755 3902 1896 3957; x_wconf 89' lang='lat' dir='ltr'><strong>idem</strong></span> <span class='ocrx_word' id='word_1_263' title='bbox 1922 3917 1985 3958; x_wconf 89' lang='lat' dir='ltr'><strong>ac</strong></span> <span class='ocrx_word' id='word_1_264' title='bbox 2010 3901 2064 3957; x_wconf 92' lang='lat' dir='ltr'><strong>in</strong></span> 
     </span>
    </p>
   </div>
   <div class='ocr_carea' id='block_1_43' title="bbox 461 3995 2067 4070">
    <p class='ocr_par' dir='ltr' id='par_1_43' title="bbox 461 3995 2067 4070">
     <span class='ocr_line' id='line_1_43' title="bbox 461 3995 2067 4070; baseline 0.001 -19"><span class='ocrx_word' id='word_1_265' title='bbox 461 3995 790 4062; x_wconf 86' lang='lat' dir='ltr'><strong>Pameliana,</strong></span> <span class='ocrx_word' id='word_1_266' title='bbox 812 4013 1136 4070; x_wconf 88' lang='lat' dir='ltr'><strong>quamquam</strong></span> <span class='ocrx_word' id='word_1_267' title='bbox 1158 4012 1264 4053; x_wconf 92' lang='lat' dir='ltr'><strong>non</strong></span> <span class='ocrx_word' id='word_1_268' title='bbox 1280 3997 1334 4052; x_wconf 93' lang='lat' dir='ltr'><strong>in</strong></span> <span class='ocrx_word' id='word_1_269' title='bbox 1357 4005 1468 4054; x_wconf 87' lang='lat' dir='ltr'><strong>tres</strong></span> <span class='ocrx_word' id='word_1_270' title='bbox 1482 4005 1660 4053; x_wconf 89' lang='lat' dir='ltr'><strong>tomos</strong></span> <span class='ocrx_word' id='word_1_271' title='bbox 1683 3995 1922 4053; x_wconf 90' lang='lat' dir='ltr'><strong>distincti</strong></span> <span class='ocrx_word' id='word_1_272' title='bbox 1941 4005 2067 4052; x_wconf 91' lang='lat' dir='ltr'><strong>sunt</strong></span> 
     </span>
    </p>
   </div>
   <div class='ocr_carea' id='block_1_44' title="bbox 463 4086 2063 4160">
    <p class='ocr_par' dir='ltr' id='par_1_44' title="bbox 463 4086 2063 4160">
     <span class='ocr_line' id='line_1_44' title="bbox 463 4086 2063 4160; baseline -0.001 -18"><span class='ocrx_word' id='word_1_273' title='bbox 463 4086 610 4144; x_wconf 87' lang='lat' dir='ltr'><strong>libri.</strong></span> <span class='ocrx_word' id='word_1_274' title='bbox 650 4087 948 4160; x_wconf 87' lang='lat' dir='ltr'><strong>Epistolam</strong></span> <span class='ocrx_word' id='word_1_275' title='bbox 993 4088 1154 4146; x_wconf 90' lang='lat' dir='ltr'><strong>etiam</strong></span> <span class='ocrx_word' id='word_1_276' title='bbox 1197 4089 1422 4160; x_wconf 87' lang='lat' dir='ltr'><strong>primam</strong></span> <span class='ocrx_word' id='word_1_277' title='bbox 1454 4103 1552 4145; x_wconf 94' lang='lat' dir='ltr'><strong>seu</strong></span> <span class='ocrx_word' id='word_1_278' title='bbox 1588 4087 1782 4158; x_wconf 80' lang='lat' dir='ltr'><strong>fragm.</strong></span> <span class='ocrx_word' id='word_1_279' title='bbox 1819 4087 2063 4158; x_wconf 86' lang='lat' dir='ltr'><strong>epistolae</strong></span> 
     </span>
    </p>
   </div>
   <div class='ocr_carea' id='block_1_45' title="bbox 462 4178 2068 4252">
    <p class='ocr_par' dir='ltr' id='par_1_45' title="bbox 462 4178 2068 4252">
     <span class='ocr_line' id='line_1_45' title="bbox 462 4178 2068 4252; baseline -0.001 -19"><span class='ocrx_word' id='word_1_280' title='bbox 462 4179 666 4250; x_wconf 87' lang='lat' dir='ltr'><strong>potius,</strong></span> <span class='ocrx_word' id='word_1_281' title='bbox 697 4179 837 4250; x_wconf 91' lang='lat' dir='ltr'><strong>quod</strong></span> <span class='ocrx_word' id='word_1_282' title='bbox 856 4181 1058 4250; x_wconf 89' lang='lat' dir='ltr'><strong>primus</strong></span> <span class='ocrx_word' id='word_1_283' title='bbox 1085 4180 1396 4252; x_wconf 83' lang='lat' dir='ltr'><strong>vulgaverat</strong></span> <span class='ocrx_word' id='word_1_284' title='bbox 1425 4179 1716 4245; x_wconf 89' lang='lat' dir='ltr'><strong>Pamelius,</strong></span> <span class='ocrx_word' id='word_1_285' title='bbox 1762 4179 1946 4235; x_wconf 91' lang='lat' dir='ltr'><strong>omisit</strong></span> <span class='ocrx_word' id='word_1_286' title='bbox 1975 4178 2068 4233; x_wconf 83' lang='lat' dir='ltr'><strong>Ri-</strong></span> 
     </span>
    </p>
   </div>
   <div class='ocr_carea' id='block_1_46' title="bbox 462 4272 2062 4347">
    <p class='ocr_par' dir='ltr' id='par_1_46' title="bbox 462 4272 2062 4347">
     <span class='ocr_line' id='line_1_46' title="bbox 462 4272 2062 4347; baseline -0.002 -18"><span class='ocrx_word' id='word_1_287' title='bbox 462 4274 676 4345; x_wconf 87' lang='lat' dir='ltr'><strong>galtius.</strong></span> <span class='ocrx_word' id='word_1_288' title='bbox 724 4274 895 4345; x_wconf 83' lang='lat' dir='ltr'><strong>Hujus</strong></span> <span class='ocrx_word' id='word_1_289' title='bbox 941 4275 1030 4332; x_wconf 92' lang='lat' dir='ltr'><strong>ed.</strong></span> <span class='ocrx_word' id='word_1_290' title='bbox 1083 4285 1312 4346; x_wconf 86' lang='lat' dir='ltr'><strong>quatuor</strong></span> <span class='ocrx_word' id='word_1_291' title='bbox 1346 4275 1593 4347; x_wconf 84' lang='lat' dir='ltr'><strong>exempla</strong></span> <span class='ocrx_word' id='word_1_292' title='bbox 1648 4288 1700 4330; x_wconf 89' lang='lat' dir='ltr'><strong>c.</strong></span> <span class='ocrx_word' id='word_1_293' title='bbox 1733 4289 1865 4330; x_wconf 91' lang='lat' dir='ltr'><strong>mss.</strong></span> <span class='ocrx_word' id='word_1_294' title='bbox 1899 4272 2062 4330; x_wconf 90' lang='lat' dir='ltr'><strong>codd.</strong></span> 
     </span>
    </p>
   </div>
   <div class='ocr_carea' id='block_1_47' title="bbox 460 4367 1468 4426">
    <p class='ocr_par' dir='ltr' id='par_1_47' title="bbox 460 4367 1468 4426">
     <span class='ocr_line' id='line_1_47' title="bbox 460 4367 1468 4426; baseline 0 -2"><span class='ocrx_word' id='word_1_295' title='bbox 460 4367 591 4424; x_wconf 88' lang='lat' dir='ltr'><strong>coll.</strong></span> <span class='ocrx_word' id='word_1_296' title='bbox 619 4367 672 4424; x_wconf 94' lang='lat' dir='ltr'><strong>in</strong></span> <span class='ocrx_word' id='word_1_297' title='bbox 695 4367 835 4424; x_wconf 90' lang='lat' dir='ltr'><strong>Bibl.</strong></span> <span class='ocrx_word' id='word_1_298' title='bbox 861 4369 1149 4425; x_wconf 87' lang='lat' dir='ltr'><strong>Baluziana</strong></span> <span class='ocrx_word' id='word_1_299' title='bbox 1167 4371 1468 4426; x_wconf 83' lang='lat' dir='ltr'><strong>exstabant.</strong></span> 
     </span>
    </p>
   </div>
   <div class='ocr_carea' id='block_1_48' title="bbox 539 4459 2068 4533">
    <p class='ocr_par' dir='ltr' id='par_1_48' title="bbox 539 4459 2068 4533">
     <span class='ocr_line' id='line_1_48' title="bbox 539 4459 2068 4533; baseline 0.001 -19"><span class='ocrx_word' id='word_1_300' title='bbox 539 4459 615 4516; x_wconf 90' lang='lat' dir='ltr'><strong>De</strong></span> <span class='ocrx_word' id='word_1_301' title='bbox 644 4459 860 4532; x_wconf 80' lang='lat' dir='ltr'><strong>Rigaltii</strong></span> <span class='ocrx_word' id='word_1_302' title='bbox 887 4460 1126 4518; x_wconf 90' lang='lat' dir='ltr'><strong>editione</strong></span> <span class='ocrx_word' id='word_1_303' title='bbox 1155 4462 1225 4517; x_wconf 86' lang='lat' dir='ltr'><strong>ita</strong></span> <span class='ocrx_word' id='word_1_304' title='bbox 1245 4471 1434 4518; x_wconf 89' lang='lat' dir='ltr'><strong>censet</strong></span> <span class='ocrx_word' id='word_1_305' title='bbox 1455 4462 1718 4533; x_wconf 80' lang='lat' dir='ltr'><strong>Dupinius</strong></span> <span class='ocrx_word' id='word_1_306' title='bbox 1749 4480 1763 4516; x_wconf 89' lang='lat'>:</span> <span class='ocrx_word' id='word_1_307' title='bbox 1790 4481 1809 4513; x_wconf 87' lang='grc'><em>‹</em></span> <span class='ocrx_word' id='word_1_308' title='bbox 1846 4461 1928 4516; x_wconf 81' lang='lat' dir='ltr'><strong>Ad</strong></span> <span class='ocrx_word' id='word_1_309' title='bbox 1950 4460 2068 4530; x_wconf 85' lang='lat' dir='ltr'><strong>ejus</strong></span> 
     </span>
    </p>
   </div>
   <div class='ocr_carea' id='block_1_49' title="bbox 465 4553 2065 4626">
    <p class='ocr_par' dir='ltr' id='par_1_49' title="bbox 465 4553 2065 4626">
     <span class='ocr_line' id='line_1_49' title="bbox 465 4553 2065 4626; baseline 0 -15"><span class='ocrx_word' id='word_1_310' title='bbox 465 4555 772 4624; x_wconf 82' lang='lat' dir='ltr'><strong>exemplum</strong></span> <span class='ocrx_word' id='word_1_311' title='bbox 801 4554 868 4610; x_wconf 93' lang='lat' dir='ltr'><strong>D.</strong></span> <span class='ocrx_word' id='word_1_312' title='bbox 887 4553 1177 4626; x_wconf 84' lang='lat' dir='ltr'><strong>Rigaltius,</strong></span> <span class='ocrx_word' id='word_1_313' title='bbox 1195 4556 1532 4612; x_wconf 89' lang='lat' dir='ltr'><strong>Tertulliano</strong></span> <span class='ocrx_word' id='word_1_314' title='bbox 1558 4557 1612 4611; x_wconf 92' lang='lat' dir='ltr'><strong>in</strong></span> <span class='ocrx_word' id='word_1_315' title='bbox 1633 4557 1806 4612; x_wconf 88' lang='lat' dir='ltr'><strong>lucem</strong></span> <span class='ocrx_word' id='word_1_316' title='bbox 1828 4556 2030 4611; x_wconf 92' lang='lat' dir='ltr'><strong>emisso</strong></span> <span class='ocrx_word' id='word_1_317' title='bbox 2049 4599 2065 4625; x_wconf 90' lang='lat'><strong>,</strong></span> 
     </span>
    </p>
   </div>
   <div class='ocr_carea' id='block_1_50' title="bbox 465 4644 2067 4719">
    <p class='ocr_par' dir='ltr' id='par_1_50' title="bbox 465 4644 2067 4719">
     <span class='ocr_line' id='line_1_50' title="bbox 465 4644 2067 4719; baseline 0.002 -19"><span class='ocrx_word' id='word_1_318' title='bbox 465 4644 793 4718; x_wconf 87' lang='lat' dir='ltr'><strong>Cyprianum</strong></span> <span class='ocrx_word' id='word_1_319' title='bbox 826 4647 1017 4714; x_wconf 90' lang='lat' dir='ltr'><strong>edidit,</strong></span> <span class='ocrx_word' id='word_1_320' title='bbox 1034 4647 1278 4719; x_wconf 87' lang='lat' dir='ltr'><strong>nihilque</strong></span> <span class='ocrx_word' id='word_1_321' title='bbox 1299 4650 1353 4704; x_wconf 91' lang='lat' dir='ltr'><strong>in</strong></span> <span class='ocrx_word' id='word_1_322' title='bbox 1371 4649 1562 4705; x_wconf 88' lang='lat' dir='ltr'><strong>ordine</strong></span> <span class='ocrx_word' id='word_1_323' title='bbox 1575 4664 1604 4703; x_wconf 92' lang='lat' dir='ltr'><strong>a</strong></span> <span class='ocrx_word' id='word_1_324' title='bbox 1622 4649 1693 4703; x_wconf 87' lang='lat' dir='ltr'><strong>Pa</strong></span> <span class='ocrx_word' id='word_1_325' title='bbox 1703 4648 1861 4704; x_wconf 88' lang='lat' dir='ltr'><strong>melio</strong></span> <span class='ocrx_word' id='word_1_326' title='bbox 1875 4648 2067 4706; x_wconf 90' lang='lat' dir='ltr'><strong>obser-</strong></span> 
     </span>
    </p>
   </div>
   <div class='ocr_carea' id='block_1_51' title="bbox 466 4738 2069 4811">
    <p class='ocr_par' dir='ltr' id='par_1_51' title="bbox 466 4738 2069 4811">
     <span class='ocr_line' id='line_1_51' title="bbox 466 4738 2069 4811; baseline 0.002 -18"><span class='ocrx_word' id='word_1_327' title='bbox 466 4744 594 4793; x_wconf 88' lang='lat' dir='ltr'><strong>vato</strong></span> <span class='ocrx_word' id='word_1_328' title='bbox 611 4747 849 4807; x_wconf 88' lang='lat' dir='ltr'><strong>mutans,</strong></span> <span class='ocrx_word' id='word_1_329' title='bbox 868 4738 1032 4810; x_wconf 92' lang='lat' dir='ltr'><strong>hujus</strong></span> <span class='ocrx_word' id='word_1_330' title='bbox 1061 4741 1299 4795; x_wconf 88' lang='lat' dir='ltr'><strong>auctoris</strong></span> <span class='ocrx_word' id='word_1_331' title='bbox 1319 4755 1483 4811; x_wconf 89' lang='lat' dir='ltr'><strong>opera</strong></span> <span class='ocrx_word' id='word_1_332' title='bbox 1508 4749 1719 4796; x_wconf 85' lang='lat' dir='ltr'><strong>tantum</strong></span> <span class='ocrx_word' id='word_1_333' title='bbox 1741 4743 1983 4796; x_wconf 85' lang='lat' dir='ltr'><strong>correxit</strong></span> <span class='ocrx_word' id='word_1_334' title='bbox 2003 4756 2069 4797; x_wconf 84' lang='lat' dir='ltr'><strong>ex</strong></span> 
     </span>
    </p>
   </div>
   <div class='ocr_carea' id='block_1_52' title="bbox 469 4830 2072 4904">
    <p class='ocr_par' dir='ltr' id='par_1_52' title="bbox 469 4830 2072 4904">
     <span class='ocr_line' id='line_1_52' title="bbox 469 4830 2072 4904; baseline 0.002 -18"><span class='ocrx_word' id='word_1_335' title='bbox 469 4830 680 4887; x_wconf 84' lang='lat' dir='ltr'><strong>duobus</strong></span> <span class='ocrx_word' id='word_1_336' title='bbox 697 4831 862 4887; x_wconf 73' lang='lat' dir='ltr'><strong>Italia:</strong></span> <span class='ocrx_word' id='word_1_337' title='bbox 881 4833 1286 4904; x_wconf 88' lang='lat' dir='ltr'><strong>manuscriptis,</strong></span> <span class='ocrx_word' id='word_1_338' title='bbox 1299 4849 1418 4904; x_wconf 82' lang='lat' dir='ltr'><strong>quae</strong></span> <span class='ocrx_word' id='word_1_339' title='bbox 1434 4833 1501 4889; x_wconf 91' lang='lat' dir='ltr'><strong>de</strong></span> <span class='ocrx_word' id='word_1_340' title='bbox 1519 4833 1790 4900; x_wconf 80' lang='lat' dir='ltr'><strong>Monchal,</strong></span> <span class='ocrx_word' id='word_1_341' title='bbox 1811 4833 2072 4904; x_wconf 82' lang='lat' dir='ltr'><strong>archiepi-</strong></span> 
     </span>
    </p>
   </div>
   <div class='ocr_carea' id='block_1_53' title="bbox 469 4921 2072 4996">
    <p class='ocr_par' dir='ltr' id='par_1_53' title="bbox 469 4921 2072 4996">
     <span class='ocr_line' id='line_1_53' title="bbox 469 4921 2072 4996; baseline 0.001 -18"><span class='ocrx_word' id='word_1_342' title='bbox 469 4936 666 4994; x_wconf 91' lang='lat' dir='ltr'><strong>scopus</strong></span> <span class='ocrx_word' id='word_1_343' title='bbox 690 4921 1011 4992; x_wconf 88' lang='lat' dir='ltr'><strong>Tolosanus,</strong></span> <span class='ocrx_word' id='word_1_344' title='bbox 1045 4923 1113 4979; x_wconf 89' lang='lat' dir='ltr'><strong>ad</strong></span> <span class='ocrx_word' id='word_1_345' title='bbox 1137 4926 1433 4992; x_wconf 84' lang='lat' dir='ltr'><strong>marginem</strong></span> <span class='ocrx_word' id='word_1_346' title='bbox 1455 4924 1709 4996; x_wconf 89' lang='lat' dir='ltr'><strong>Cypriani</strong></span> <span class='ocrx_word' id='word_1_347' title='bbox 1740 4926 1823 4980; x_wconf 89' lang='lat' dir='ltr'><strong>sui</strong></span> <span class='ocrx_word' id='word_1_348' title='bbox 1863 4925 2072 4981; x_wconf 86' lang='lat' dir='ltr'><strong>adscri-</strong></span> 
     </span>
    </p>
   </div>
   <div class='ocr_carea' id='block_1_54' title="bbox 471 5017 2073 5088">
    <p class='ocr_par' dir='ltr' id='par_1_54' title="bbox 471 5017 2073 5088">
     <span class='ocr_line' id='line_1_54' title="bbox 471 5017 2073 5088; baseline 0.002 -19"><span class='ocrx_word' id='word_1_349' title='bbox 471 5024 674 5083; x_wconf 88' lang='lat' dir='ltr'><strong>pserat,</strong></span> <span class='ocrx_word' id='word_1_350' title='bbox 710 5023 970 5087; x_wconf 88' lang='lat' dir='ltr'><strong>notasque</strong></span> <span class='ocrx_word' id='word_1_351' title='bbox 995 5017 1325 5088; x_wconf 90' lang='lat' dir='ltr'><strong>conscripsit</strong></span> <span class='ocrx_word' id='word_1_352' title='bbox 1353 5017 1418 5072; x_wconf 90' lang='lat' dir='ltr'><strong>ad</strong></span> <span class='ocrx_word' id='word_1_353' title='bbox 1459 5017 1577 5073; x_wconf 88' lang='lat' dir='ltr'><strong>loca</strong></span> <span class='ocrx_word' id='word_1_354' title='bbox 1624 5017 1866 5072; x_wconf 84' lang='lat' dir='ltr'><strong>difﬁcilia</strong></span> <span class='ocrx_word' id='word_1_355' title='bbox 1898 5018 2073 5088; x_wconf 77' lang='lat' dir='ltr'><strong>expli-</strong></span> 
     </span>
    </p>
   </div>
   <div class='ocr_carea' id='block_1_55' title="bbox 469 5108 2068 5182">
    <p class='ocr_par' dir='ltr' id='par_1_55' title="bbox 469 5108 2068 5182">
     <span class='ocr_line' id='line_1_55' title="bbox 469 5108 2068 5182; baseline 0.003 -19"><span class='ocrx_word' id='word_1_356' title='bbox 469 5108 666 5175; x_wconf 88' lang='lat' dir='ltr'><strong>canda,</strong></span> <span class='ocrx_word' id='word_1_357' title='bbox 691 5116 748 5165; x_wconf 86' lang='lat' dir='ltr'><strong>et</strong></span> <span class='ocrx_word' id='word_1_358' title='bbox 787 5109 1198 5168; x_wconf 87' lang='lat' dir='ltr'><strong>observationes</strong></span> <span class='ocrx_word' id='word_1_359' title='bbox 1241 5110 1308 5166; x_wconf 91' lang='lat' dir='ltr'><strong>ad</strong></span> <span class='ocrx_word' id='word_1_360' title='bbox 1337 5111 1678 5182; x_wconf 89' lang='lat' dir='ltr'><strong>disciplinam</strong></span> <span class='ocrx_word' id='word_1_361' title='bbox 1709 5112 1900 5166; x_wconf 91' lang='lat' dir='ltr'><strong>horum</strong></span> <span class='ocrx_word' id='word_1_362' title='bbox 1931 5121 2068 5167; x_wconf 89' lang='lat' dir='ltr'><strong>tem-</strong></span> 
     </span>
    </p>
   </div>
   <div class='ocr_carea' id='block_1_56' title="bbox 472 5202 2072 5272">
    <p class='ocr_par' dir='ltr' id='par_1_56' title="bbox 472 5202 2072 5272">
     <span class='ocr_line' id='line_1_56' title="bbox 472 5202 2072 5272; baseline 0.002 -15"><span class='ocrx_word' id='word_1_363' title='bbox 472 5217 664 5272; x_wconf 88' lang='lat' dir='ltr'><strong>porum</strong></span> <span class='ocrx_word' id='word_1_364' title='bbox 689 5202 1058 5259; x_wconf 87' lang='lat' dir='ltr'><strong>illustrandam</strong></span> <span class='ocrx_word' id='word_1_365' title='bbox 1080 5222 1094 5272; x_wconf 90' lang='lat'><strong>;</strong></span> <span class='ocrx_word' id='word_1_366' title='bbox 1115 5205 1306 5260; x_wconf 89' lang='lat' dir='ltr'><strong>harum</strong></span> <span class='ocrx_word' id='word_1_367' title='bbox 1324 5205 1764 5261; x_wconf 84' lang='lat' dir='ltr'><strong>Observationum</strong></span> <span class='ocrx_word' id='word_1_368' title='bbox 1798 5204 2072 5260; x_wconf 87' lang='lat' dir='ltr'><strong>nonnullae</strong></span> 
     </span>
    </p>
   </div>
   <div class='ocr_carea' id='block_1_57' title="bbox 472 5293 2074 5368">
    <p class='ocr_par' dir='ltr' id='par_1_57' title="bbox 472 5293 2074 5368">
     <span class='ocr_line' id='line_1_57' title="bbox 472 5293 2074 5368; baseline 0.004 -21"><span class='ocrx_word' id='word_1_369' title='bbox 472 5293 704 5350; x_wconf 89' lang='lat' dir='ltr'><strong>audaces</strong></span> <span class='ocrx_word' id='word_1_370' title='bbox 769 5293 984 5365; x_wconf 92' lang='lat' dir='ltr'><strong>quidem</strong></span> <span class='ocrx_word' id='word_1_371' title='bbox 1051 5297 1302 5353; x_wconf 88' lang='lat' dir='ltr'><strong>videntur</strong></span> <span class='ocrx_word' id='word_1_372' title='bbox 1339 5342 1354 5362; x_wconf 89' lang='lat'><strong>,</strong></span> <span class='ocrx_word' id='word_1_373' title='bbox 1423 5307 1479 5353; x_wconf 85' lang='lat' dir='ltr'><strong>at</strong></span> <span class='ocrx_word' id='word_1_374' title='bbox 1517 5312 1610 5353; x_wconf 89' lang='lat' dir='ltr'><strong>eas</strong></span> <span class='ocrx_word' id='word_1_375' title='bbox 1659 5299 1711 5351; x_wconf 91' lang='lat' dir='ltr'><strong>in</strong></span> <span class='ocrx_word' id='word_1_376' title='bbox 1755 5296 2074 5368; x_wconf 87' lang='lat' dir='ltr'><strong>praefatione</strong></span> 
     </span>
    </p>
   </div>
   <div class='ocr_carea' id='block_1_58' title="bbox 473 5390 2072 5464">
    <p class='ocr_par' dir='ltr' id='par_1_58' title="bbox 473 5390 2072 5464">
     <span class='ocr_line' id='line_1_58' title="bbox 473 5390 2072 5464; baseline 0.003 -20"><span class='ocrx_word' id='word_1_377' title='bbox 473 5403 732 5444; x_wconf 78' lang='lat' dir='ltr'><strong>excusare</strong></span> <span class='ocrx_word' id='word_1_378' title='bbox 769 5397 1016 5444; x_wconf 90' lang='lat' dir='ltr'><strong>conatur.</strong></span> <span class='ocrx_word' id='word_1_379' title='bbox 1071 5390 1234 5446; x_wconf 82' lang='lat' dir='ltr'><strong>Addit</strong></span> <span class='ocrx_word' id='word_1_380' title='bbox 1274 5391 1549 5464; x_wconf 82' lang='lat' dir='ltr'><strong>Remigius</strong></span> <span class='ocrx_word' id='word_1_381' title='bbox 1598 5391 1860 5459; x_wconf 92' lang='lat' dir='ltr'><strong>Ceillier,</strong></span> <span class='ocrx_word' id='word_1_382' title='bbox 1928 5391 2072 5464; x_wconf 91' lang='lat' dir='ltr'><strong>quod</strong></span> 
     </span>
    </p>
   </div>
   <div class='ocr_carea' id='block_1_59' title="bbox 473 5478 2075 5556">
    <p class='ocr_par' dir='ltr' id='par_1_59' title="bbox 473 5478 2075 5556">
     <span class='ocr_line' id='line_1_59' title="bbox 473 5478 2075 5556; baseline 0.004 -23"><span class='ocrx_word' id='word_1_383' title='bbox 473 5478 712 5535; x_wconf 89' lang='lat' dir='ltr'><strong>liberalis</strong></span> <span class='ocrx_word' id='word_1_384' title='bbox 767 5479 985 5551; x_wconf 80' lang='lat' dir='ltr'><strong>Rigaltii</strong></span> <span class='ocrx_word' id='word_1_385' title='bbox 1025 5483 1281 5551; x_wconf 87' lang='lat' dir='ltr'><strong>audacia,</strong></span> <span class='ocrx_word' id='word_1_386' title='bbox 1338 5500 1442 5556; x_wconf 89' lang='lat' dir='ltr'><strong>qua</strong></span> <span class='ocrx_word' id='word_1_387' title='bbox 1503 5485 1615 5539; x_wconf 89' lang='lat' dir='ltr'><strong>suis</strong></span> <span class='ocrx_word' id='word_1_388' title='bbox 1653 5484 2075 5540; x_wconf 87' lang='lat' dir='ltr'><strong>Commentariis</strong></span> 
     </span>
    </p>
   </div>
   <div class='ocr_carea' id='block_1_60' title="bbox 479 5575 2074 5651">
    <p class='ocr_par' dir='ltr' id='par_1_60' title="bbox 479 5575 2074 5651">
     <span class='ocr_line' id='line_1_60' title="bbox 479 5575 2074 5651; baseline 0.001 -20"><span class='ocrx_word' id='word_1_389' title='bbox 479 5577 593 5631; x_wconf 92' lang='lat' dir='ltr'><strong>loca</strong></span> <span class='ocrx_word' id='word_1_390' title='bbox 641 5577 883 5646; x_wconf 68' lang='lat' dir='ltr'><strong>quaedam</strong></span> <span class='ocrx_word' id='word_1_391' title='bbox 913 5576 976 5631; x_wconf 93' lang='lat' dir='ltr'><strong>D.</strong></span> <span class='ocrx_word' id='word_1_392' title='bbox 999 5575 1256 5649; x_wconf 88' lang='lat' dir='ltr'><strong>Cypriani</strong></span> <span class='ocrx_word' id='word_1_393' title='bbox 1289 5580 1676 5651; x_wconf 83' lang='lat' dir='ltr'><strong>pracrogativas</strong></span> <span class='ocrx_word' id='word_1_394' title='bbox 1702 5579 2074 5634; x_wconf 85' lang='lat' dir='ltr'><strong>Romanorum</strong></span> 
     </span>
    </p>
   </div>
   <div class='ocr_carea' id='block_1_61' title="bbox 479 5669 2077 5740">
    <p class='ocr_par' dir='ltr' id='par_1_61' title="bbox 479 5669 2077 5740">
     <span class='ocr_line' id='line_1_61' title="bbox 479 5669 2077 5740; baseline 0.001 -18"><span class='ocrx_word' id='word_1_395' title='bbox 479 5669 867 5740; x_wconf 83' lang='lat' dir='ltr'><strong>Episcoporum</strong></span> <span class='ocrx_word' id='word_1_396' title='bbox 914 5671 1238 5728; x_wconf 88' lang='lat' dir='ltr'><strong>stabilientia</strong></span> <span class='ocrx_word' id='word_1_397' title='bbox 1303 5687 1566 5728; x_wconf 88' lang='lat' dir='ltr'><strong>enervare</strong></span> <span class='ocrx_word' id='word_1_398' title='bbox 1623 5671 1926 5737; x_wconf 78' lang='lat' dir='ltr'><strong>studuerit,</strong></span> <span class='ocrx_word' id='word_1_399' title='bbox 1971 5685 2077 5724; x_wconf 87' lang='lat' dir='ltr'><strong>non</strong></span> 
     </span>
    </p>
   </div>
   <div class='ocr_carea' id='block_1_62' title="bbox 477 5763 2074 5834">
    <p class='ocr_par' dir='ltr' id='par_1_62' title="bbox 477 5763 2074 5834">
     <span class='ocr_line' id='line_1_62' title="bbox 477 5763 2074 5834; baseline 0.001 -17"><span class='ocrx_word' id='word_1_400' title='bbox 477 5777 678 5834; x_wconf 88' lang='lat' dir='ltr'><strong>paucos</strong></span> <span class='ocrx_word' id='word_1_401' title='bbox 713 5763 890 5821; x_wconf 90' lang='lat' dir='ltr'><strong>eidem</strong></span> <span class='ocrx_word' id='word_1_402' title='bbox 921 5764 1262 5823; x_wconf 87' lang='lat' dir='ltr'><strong>adversarios</strong></span> <span class='ocrx_word' id='word_1_403' title='bbox 1290 5767 1567 5829; x_wconf 85' lang='lat' dir='ltr'><strong>conﬂarit,</strong></span> <span class='ocrx_word' id='word_1_404' title='bbox 1597 5765 1739 5821; x_wconf 90' lang='lat' dir='ltr'><strong>inter</strong></span> <span class='ocrx_word' id='word_1_405' title='bbox 1767 5777 1905 5834; x_wconf 92' lang='lat' dir='ltr'><strong>quos</strong></span> <span class='ocrx_word' id='word_1_406' title='bbox 1933 5777 2074 5834; x_wconf 60' lang='lat' dir='ltr'><strong>prae-</strong></span> 
     </span>
    </p>
   </div>
   <div class='ocr_carea' id='block_1_63' title="bbox 479 5857 2072 5933">
    <p class='ocr_par' dir='ltr' id='par_1_63' title="bbox 479 5857 2072 5933">
     <span class='ocr_line' id='line_1_63' title="bbox 479 5857 2072 5933; baseline 0.001 -22"><span class='ocrx_word' id='word_1_407' title='bbox 479 5857 634 5926; x_wconf 89' lang='lat' dir='ltr'><strong>cipue</strong></span> <span class='ocrx_word' id='word_1_408' title='bbox 667 5858 1055 5932; x_wconf 71' lang='lat' dir='ltr'><strong>Albaspinaeus,</strong></span> <span class='ocrx_word' id='word_1_409' title='bbox 1083 5862 1196 5933; x_wconf 92' lang='lat' dir='ltr'><strong>qui,</strong></span> <span class='ocrx_word' id='word_1_410' title='bbox 1231 5870 1366 5919; x_wconf 88' lang='lat' dir='ltr'><strong>teste</strong></span> <span class='ocrx_word' id='word_1_411' title='bbox 1395 5860 1617 5929; x_wconf 81' lang='lat' dir='ltr'><strong>llugone</strong></span> <span class='ocrx_word' id='word_1_412' title='bbox 1645 5859 1833 5922; x_wconf 83' lang='lat' dir='ltr'><strong>Grotio</strong></span> <span class='ocrx_word' id='word_1_413' title='bbox 1861 5857 2072 5930; x_wconf 87' lang='lat' dir='ltr'><strong>(Epist.</strong></span> 
     </span>
    </p>
   </div>
   <div class='ocr_carea' id='block_1_64' title="bbox 1933 285 2326 349">
    <p class='ocr_par' dir='ltr' id='par_1_64' title="bbox 1933 285 2326 349">
     <span class='ocr_line' id='line_1_64' title="bbox 1933 285 2326 349; baseline -0.008 -3"><span class='ocrx_word' id='word_1_414' title='bbox 1933 285 2326 349; x_wconf 58' lang='lat' dir='ltr'><strong>PREFATIO.</strong></span> 
     </span>
    </p>
   </div>
   <div class='ocr_carea' id='block_1_65' title="bbox 3601 306 3750 350">
    <p class='ocr_par' dir='ltr' id='par_1_65' title="bbox 3601 306 3750 350">
     <span class='ocr_line' id='line_1_65' title="bbox 3601 306 3750 350; baseline 0.013 -2"><span class='ocrx_word' id='word_1_415' title='bbox 3601 306 3750 350; x_wconf 68' lang='lat' dir='ltr'><strong>LXXX</strong></span> 
     </span>
    </p>
   </div>
   <div class='ocr_carea' id='block_1_66' title="bbox 2158 401 3761 477">
    <p class='ocr_par' dir='ltr' id='par_1_66' title="bbox 2158 401 3761 477">
     <span class='ocr_line' id='line_1_66' title="bbox 2158 401 3761 477; baseline 0.003 -20"><span class='ocrx_word' id='word_1_416' title='bbox 2158 401 2226 458; x_wconf 92' lang='lat' dir='ltr'><strong>ad</strong></span> <span class='ocrx_word' id='word_1_417' title='bbox 2252 401 2488 459; x_wconf 90' lang='lat' dir='ltr'><strong>Salmas.</strong></span> <span class='ocrx_word' id='word_1_418' title='bbox 2507 443 2522 468; x_wconf 93' lang='lat'><strong>,</strong></span> <span class='ocrx_word' id='word_1_419' title='bbox 2552 416 2606 474; x_wconf 92' lang='lat' dir='ltr'><strong>p.</strong></span> <span class='ocrx_word' id='word_1_420' title='bbox 2633 401 2805 477; x_wconf 71' lang='lat'><strong>325),</strong></span> <span class='ocrx_word' id='word_1_421' title='bbox 2838 402 3089 460; x_wconf 90' lang='lat' dir='ltr'><strong>eumdem</strong></span> <span class='ocrx_word' id='word_1_422' title='bbox 3141 410 3414 476; x_wconf 88' lang='lat' dir='ltr'><strong>tamquam</strong></span> <span class='ocrx_word' id='word_1_423' title='bbox 3443 403 3761 462; x_wconf 78' lang='lat' dir='ltr'><strong>barreticum</strong></span> 
     </span>
    </p>
   </div>
   <div class='ocr_carea' id='block_1_67' title="bbox 2156 494 3764 570">
    <p class='ocr_par' dir='ltr' id='par_1_67' title="bbox 2156 494 3764 570">
     <span class='ocr_line' id='line_1_67' title="bbox 2156 494 3764 570; baseline 0.003 -19"><span class='ocrx_word' id='word_1_424' title='bbox 2156 494 2550 564; x_wconf 88' lang='lat' dir='ltr'><strong>denuntiasset,</strong></span> <span class='ocrx_word' id='word_1_425' title='bbox 2581 497 2684 553; x_wconf 90' lang='lat' dir='ltr'><strong>nisi</strong></span> <span class='ocrx_word' id='word_1_426' title='bbox 2728 511 2875 554; x_wconf 90' lang='lat' dir='ltr'><strong>mors</strong></span> <span class='ocrx_word' id='word_1_427' title='bbox 2917 498 3164 570; x_wconf 77' lang='lat' dir='ltr'><strong>ejusdem</strong></span> <span class='ocrx_word' id='word_1_428' title='bbox 3189 498 3479 554; x_wconf 76' lang='lat' dir='ltr'><strong>conatibus</strong></span> <span class='ocrx_word' id='word_1_429' title='bbox 3518 500 3764 557; x_wconf 88' lang='lat' dir='ltr'><strong>interve-</strong></span> 
     </span>
    </p>
   </div>
   <div class='ocr_carea' id='block_1_68' title="bbox 2155 589 3767 663">
    <p class='ocr_par' dir='ltr' id='par_1_68' title="bbox 2155 589 3767 663">
     <span class='ocr_line' id='line_1_68' title="bbox 2155 589 3767 663; baseline 0.003 -19"><span class='ocrx_word' id='word_1_430' title='bbox 2155 589 2344 644; x_wconf 89' lang='lat' dir='ltr'><strong>nisset.</strong></span> <span class='ocrx_word' id='word_1_431' title='bbox 2391 589 2530 644; x_wconf 82' lang='lat' dir='ltr'><strong>Male</strong></span> <span class='ocrx_word' id='word_1_432' title='bbox 2570 605 2784 661; x_wconf 85' lang='lat' dir='ltr'><strong>quoque</strong></span> <span class='ocrx_word' id='word_1_433' title='bbox 2831 591 2980 646; x_wconf 90' lang='lat' dir='ltr'><strong>audit</strong></span> <span class='ocrx_word' id='word_1_434' title='bbox 3041 591 3183 662; x_wconf 89' lang='lat' dir='ltr'><strong>apud</strong></span> <span class='ocrx_word' id='word_1_435' title='bbox 3236 591 3554 663; x_wconf 80' lang='lat' dir='ltr'><strong>theologos,</strong></span> <span class='ocrx_word' id='word_1_436' title='bbox 3611 593 3767 662; x_wconf 90' lang='lat' dir='ltr'><strong>quod</strong></span> 
     </span>
    </p>
   </div>
   <div class='ocr_carea' id='block_1_69' title="bbox 2155 681 3764 758">
    <p class='ocr_par' dir='ltr' id='par_1_69' title="bbox 2155 681 3764 758">
     <span class='ocr_line' id='line_1_69' title="bbox 2155 681 3764 758; baseline 0.004 -20"><span class='ocrx_word' id='word_1_437' title='bbox 2155 681 2490 754; x_wconf 91' lang='lat' dir='ltr'><strong>Baptismum</strong></span> <span class='ocrx_word' id='word_1_438' title='bbox 2537 684 2821 742; x_wconf 84' lang='lat' dir='ltr'><strong>infantium</strong></span> <span class='ocrx_word' id='word_1_439' title='bbox 2848 685 3154 743; x_wconf 87' lang='lat' dir='ltr'><strong>traditionis</strong></span> <span class='ocrx_word' id='word_1_440' title='bbox 3179 700 3302 743; x_wconf 89' lang='lat' dir='ltr'><strong>esse</strong></span> <span class='ocrx_word' id='word_1_441' title='bbox 3331 687 3644 758; x_wconf 75' lang='lat' dir='ltr'><strong>apostolicae</strong></span> <span class='ocrx_word' id='word_1_442' title='bbox 3668 688 3764 744; x_wconf 89' lang='lat' dir='ltr'><strong>in-</strong></span> 
     </span>
    </p>
   </div>
   <div class='ocr_carea' id='block_1_70' title="bbox 2156 777 2571 834">
    <p class='ocr_par' dir='ltr' id='par_1_70' title="bbox 2156 777 2571 834">
     <span class='ocr_line' id='line_1_70' title="bbox 2156 777 2571 834; baseline -0.005 -1"><span class='ocrx_word' id='word_1_443' title='bbox 2156 777 2367 834; x_wconf 82' lang='lat' dir='ltr'><strong>ﬁciatus</strong></span> <span class='ocrx_word' id='word_1_444' title='bbox 2393 777 2571 834; x_wconf 81' lang='lat' dir='ltr'><strong>fuerit.</strong></span> 
     </span>
    </p>
   </div>
   <div class='ocr_carea' id='block_1_71' title="bbox 2882 874 3042 928">
    <p class='ocr_par' dir='ltr' id='par_1_71' title="bbox 2882 874 3042 928">
     <span class='ocr_line' id='line_1_71' title="bbox 2882 874 3042 928; baseline 0 0"><span class='ocrx_word' id='word_1_445' title='bbox 2882 874 3042 928; x_wconf 75' lang='grc'><strong>1619.</strong></span> 
     </span>
    </p>
   </div>
   <div class='ocr_carea' id='block_1_72' title="bbox 2229 872 3769 1038">
    <p class='ocr_par' dir='ltr' id='par_1_72' title="bbox 2229 872 3769 1038">
     <span class='ocr_line' id='line_1_72' title="bbox 2229 872 3769 1038; baseline 0.001 -16"><span class='ocrx_word' id='word_1_446' title='bbox 2229 966 2331 1022; x_wconf 84' lang='lat' dir='ltr'><strong>En.</strong></span> <span class='ocrx_word' id='word_1_447' title='bbox 2364 965 2698 1023; x_wconf 57' lang='lat' dir='ltr'><strong>Brennum</strong></span> <span class='ocrx_word' id='word_1_448' title='bbox 2728 964 2796 1023; x_wconf 91' lang='lat' dir='ltr'><strong>ll.</strong></span> <span class='ocrx_word' id='word_1_449' title='bbox 2825 872 3080 1034; x_wconf 53' lang='lat' dir='ltr'><strong>-:l</strong></span> <span class='ocrx_word' id='word_1_450' title='bbox 3124 966 3268 1038; x_wconf 90' lang='lat' dir='ltr'><strong>apud</strong></span> <span class='ocrx_word' id='word_1_451' title='bbox 3295 967 3567 1038; x_wconf 91' lang='lat' dir='ltr'><strong>eumdem,</strong></span> <span class='ocrx_word' id='word_1_452' title='bbox 3600 967 3769 1036; x_wconf 75' lang='lat' dir='ltr'><strong>in-i&quot;,</strong></span> 
     </span>
    </p>
   </div>
   <div class='ocr_carea' id='block_1_73' title="bbox 2156 1058 3449 1132">
    <p class='ocr_par' dir='ltr' id='par_1_73' title="bbox 2156 1058 3449 1132">
     <span class='ocr_line' id='line_1_73' title="bbox 2156 1058 3449 1132; baseline -0.002 -14"><span class='ocrx_word' id='word_1_453' title='bbox 2156 1061 2408 1132; x_wconf 80' lang='lat' dir='ltr'><strong>repetita.</strong></span> <span class='ocrx_word' id='word_1_454' title='bbox 2435 1058 2498 1115; x_wconf 90' lang='lat' dir='ltr'><strong>C.</strong></span> <span class='ocrx_word' id='word_1_455' title='bbox 2526 1075 2632 1116; x_wconf 88' lang='lat' dir='ltr'><strong>ms.</strong></span> <span class='ocrx_word' id='word_1_456' title='bbox 2658 1059 2857 1116; x_wconf 84' lang='lat' dir='ltr'><strong>collata</strong></span> <span class='ocrx_word' id='word_1_457' title='bbox 2887 1063 2940 1115; x_wconf 92' lang='lat' dir='ltr'><strong>in</strong></span> <span class='ocrx_word' id='word_1_458' title='bbox 2969 1058 3089 1115; x_wconf 86' lang='lat' dir='ltr'><strong>Cat.</strong></span> <span class='ocrx_word' id='word_1_459' title='bbox 3122 1060 3260 1116; x_wconf 88' lang='lat' dir='ltr'><strong>Bibl.</strong></span> <span class='ocrx_word' id='word_1_460' title='bbox 3291 1061 3449 1117; x_wconf 88' lang='lat' dir='ltr'><strong>Bodl.</strong></span> 
     </span>
    </p>
   </div>
   <div class='ocr_carea' id='block_1_74' title="bbox 2228 1154 3774 1319">
    <p class='ocr_par' dir='ltr' id='par_1_74' title="bbox 2228 1154 3774 1319">
     <span class='ocr_line' id='line_1_74' title="bbox 2228 1154 3774 1319; baseline 0.001 -18"><span class='ocrx_word' id='word_1_461' title='bbox 2228 1246 2476 1313; x_wconf 84' lang='lat' dir='ltr'><strong>Landini,</strong></span> <span class='ocrx_word' id='word_1_462' title='bbox 2509 1154 3234 1319; x_wconf 61' lang='lat' dir='ltr'><strong>in-8°,Cypri:r?i52puscula</strong></span> <span class='ocrx_word' id='word_1_463' title='bbox 3252 1249 3401 1302; x_wconf 88' lang='lat' dir='ltr'><strong>varia</strong></span> <span class='ocrx_word' id='word_1_464' title='bbox 3428 1264 3441 1300; x_wconf 89' lang='lat'>:</span> <span class='ocrx_word' id='word_1_465' title='bbox 3472 1246 3774 1318; x_wconf 77' lang='lat' dir='ltr'><strong>Epistolze,</strong></span> 
     </span>
    </p>
   </div>
   <div class='ocr_carea' id='block_1_75' title="bbox 2156 1339 3782 1411">
    <p class='ocr_par' dir='ltr' id='par_1_75' title="bbox 2156 1339 3782 1411">
     <span class='ocr_line' id='line_1_75' title="bbox 2156 1339 3782 1411; baseline 0 -15"><span class='ocrx_word' id='word_1_466' title='bbox 2156 1339 2226 1396; x_wconf 91' lang='lat' dir='ltr'><strong>de</strong></span> <span class='ocrx_word' id='word_1_467' title='bbox 2256 1340 2450 1396; x_wconf 81' lang='lat' dir='ltr'><strong>Habitu</strong></span> <span class='ocrx_word' id='word_1_468' title='bbox 2478 1350 2532 1395; x_wconf 92' lang='lat' dir='ltr'><strong>et</strong></span> <span class='ocrx_word' id='word_1_469' title='bbox 2558 1339 2844 1411; x_wconf 86' lang='lat' dir='ltr'><strong>disciplina</strong></span> <span class='ocrx_word' id='word_1_470' title='bbox 2872 1339 3176 1411; x_wconf 76' lang='lat' dir='ltr'><strong>Virginum,</strong></span> <span class='ocrx_word' id='word_1_471' title='bbox 3196 1341 3265 1396; x_wconf 89' lang='lat' dir='ltr'><strong>de</strong></span> <span class='ocrx_word' id='word_1_472' title='bbox 3291 1340 3502 1410; x_wconf 85' lang='lat' dir='ltr'><strong>Lapsis,</strong></span> <span class='ocrx_word' id='word_1_473' title='bbox 3532 1341 3600 1396; x_wconf 93' lang='lat' dir='ltr'><strong>de</strong></span> <span class='ocrx_word' id='word_1_474' title='bbox 3633 1340 3782 1397; x_wconf 87' lang='lat' dir='ltr'><strong>Uni-</strong></span> 
     </span>
    </p>
   </div>
   <div class='ocr_carea' id='block_1_76' title="bbox 2157 1433 3779 1503">
    <p class='ocr_par' dir='ltr' id='par_1_76' title="bbox 2157 1433 3779 1503">
     <span class='ocr_line' id='line_1_76' title="bbox 2157 1433 3779 1503; baseline 0 -13"><span class='ocrx_word' id='word_1_475' title='bbox 2157 1443 2268 1490; x_wconf 90' lang='lat' dir='ltr'><strong>tate</strong></span> <span class='ocrx_word' id='word_1_476' title='bbox 2324 1433 2608 1499; x_wconf 87' lang='lat' dir='ltr'><strong>Ecclesiae,</strong></span> <span class='ocrx_word' id='word_1_477' title='bbox 2659 1434 2729 1490; x_wconf 95' lang='lat' dir='ltr'><strong>de</strong></span> <span class='ocrx_word' id='word_1_478' title='bbox 2782 1433 3041 1490; x_wconf 87' lang='lat' dir='ltr'><strong>Oratione</strong></span> <span class='ocrx_word' id='word_1_479' title='bbox 3101 1433 3401 1500; x_wconf 91' lang='lat' dir='ltr'><strong>Dominica,</strong></span> <span class='ocrx_word' id='word_1_480' title='bbox 3435 1444 3568 1503; x_wconf 93' lang='lat' dir='ltr'><strong>etc.,</strong></span> <span class='ocrx_word' id='word_1_481' title='bbox 3620 1435 3779 1490; x_wconf 90' lang='lat' dir='ltr'><strong>inter</strong></span> 
     </span>
    </p>
   </div>
   <div class='ocr_carea' id='block_1_77' title="bbox 2160 1525 3776 1599">
    <p class='ocr_par' dir='ltr' id='par_1_77' title="bbox 2160 1525 3776 1599">
     <span class='ocr_line' id='line_1_77' title="bbox 2160 1525 3776 1599; baseline 0.001 -18"><span class='ocrx_word' id='word_1_482' title='bbox 2160 1527 2355 1582; x_wconf 82' lang='lat' dir='ltr'><strong>Franc.</strong></span> <span class='ocrx_word' id='word_1_483' title='bbox 2391 1527 2538 1582; x_wconf 78' lang='lat' dir='ltr'><strong>Rous</strong></span> <span class='ocrx_word' id='word_1_484' title='bbox 2579 1526 2738 1583; x_wconf 79' lang='lat' dir='ltr'><strong>Mella</strong></span> <span class='ocrx_word' id='word_1_485' title='bbox 2770 1527 3014 1595; x_wconf 86' lang='lat' dir='ltr'><strong>Patrum,</strong></span> <span class='ocrx_word' id='word_1_486' title='bbox 3047 1543 3102 1599; x_wconf 90' lang='lat' dir='ltr'><strong>p.</strong></span> <span class='ocrx_word' id='word_1_487' title='bbox 3131 1526 3395 1584; x_wconf 61' lang='lat'><strong>865-944.</strong></span> <span class='ocrx_word' id='word_1_488' title='bbox 3436 1526 3575 1599; x_wconf 87' lang='lat' dir='ltr'><strong>(Cat.</strong></span> <span class='ocrx_word' id='word_1_489' title='bbox 3621 1525 3776 1583; x_wconf 85' lang='lat' dir='ltr'><strong>Bibl.</strong></span> 
     </span>
    </p>
   </div>
   <div class='ocr_carea' id='block_1_78' title="bbox 2159 1618 3016 1748">
    <p class='ocr_par' dir='ltr' id='par_1_78' title="bbox 2159 1618 3016 1748">
     <span class='ocr_line' id='line_1_78' title="bbox 2159 1618 3016 1748; baseline -0.001 -74"><span class='ocrx_word' id='word_1_490' title='bbox 2159 1618 2357 1675; x_wconf 87' lang='lat' dir='ltr'><strong>Bunav.</strong></span> <span class='ocrx_word' id='word_1_491' title='bbox 2376 1618 2394 1690; x_wconf 96' lang='lat'><strong>)</strong></span> <span class='ocrx_word' id='word_1_492' title='bbox 2874 1691 3016 1748; x_wconf 49' lang='lat'><strong>166‘</strong></span> 
     </span>
    </p>
   </div>
   <div class='ocr_carea' id='block_1_79' title="bbox 2247 1783 3784 1857">
    <p class='ocr_par' dir='ltr' id='par_1_79' title="bbox 2247 1783 3784 1857">
     <span class='ocr_line' id='line_1_79' title="bbox 2247 1783 3784 1857; baseline 0.001 -18"><span class='ocrx_word' id='word_1_493' title='bbox 2247 1785 2420 1840; x_wconf 84' lang='lat' dir='ltr'><strong>Versio</strong></span> <span class='ocrx_word' id='word_1_494' title='bbox 2466 1784 2669 1840; x_wconf 78' lang='lat' dir='ltr'><strong>Gallica</strong></span> <span class='ocrx_word' id='word_1_495' title='bbox 2696 1785 2760 1840; x_wconf 74' lang='grc' dir='ltr'><strong>ν.</strong></span> <span class='ocrx_word' id='word_1_496' title='bbox 2802 1785 2860 1840; x_wconf 89' lang='lat' dir='ltr'><strong>D.</strong></span> <span class='ocrx_word' id='word_1_497' title='bbox 2905 1783 3161 1857; x_wconf 88' lang='lat' dir='ltr'><strong>Cypriani</strong></span> <span class='ocrx_word' id='word_1_498' title='bbox 3211 1792 3469 1841; x_wconf 87' lang='lat' dir='ltr'><strong>tractatus</strong></span> <span class='ocrx_word' id='word_1_499' title='bbox 3520 1784 3587 1841; x_wconf 89' lang='lat' dir='ltr'><strong>de</strong></span> <span class='ocrx_word' id='word_1_500' title='bbox 3632 1785 3784 1841; x_wconf 87' lang='lat' dir='ltr'><strong>Ora-</strong></span> 
     </span>
    </p>
   </div>
   <div class='ocr_carea' id='block_1_80' title="bbox 2160 1877 3785 1950">
    <p class='ocr_par' dir='ltr' id='par_1_80' title="bbox 2160 1877 3785 1950">
     <span class='ocr_line' id='line_1_80' title="bbox 2160 1877 3785 1950; baseline 0.001 -16"><span class='ocrx_word' id='word_1_501' title='bbox 2160 1878 2307 1935; x_wconf 92' lang='lat' dir='ltr'><strong>tione</strong></span> <span class='ocrx_word' id='word_1_502' title='bbox 2351 1879 2628 1934; x_wconf 86' lang='lat' dir='ltr'><strong>Dominica</strong></span> <span class='ocrx_word' id='word_1_503' title='bbox 2660 1888 2716 1934; x_wconf 89' lang='lat' dir='ltr'><strong>et</strong></span> <span class='ocrx_word' id='word_1_504' title='bbox 2765 1880 2835 1934; x_wconf 90' lang='lat' dir='ltr'><strong>de</strong></span> <span class='ocrx_word' id='word_1_505' title='bbox 2859 1877 3203 1946; x_wconf 82' lang='lat' dir='ltr'><strong>Mortalitate,</strong></span> <span class='ocrx_word' id='word_1_506' title='bbox 3228 1878 3421 1949; x_wconf 87' lang='lat' dir='ltr'><strong>gallice</strong></span> <span class='ocrx_word' id='word_1_507' title='bbox 3450 1877 3645 1934; x_wconf 88' lang='lat' dir='ltr'><strong>redditi</strong></span> <span class='ocrx_word' id='word_1_508' title='bbox 3672 1895 3785 1950; x_wconf 83' lang='lat' dir='ltr'><strong>per</strong></span> 
     </span>
    </p>
   </div>
   <div class='ocr_carea' id='block_1_81' title="bbox 2161 1970 3783 2046">
    <p class='ocr_par' dir='ltr' id='par_1_81' title="bbox 2161 1970 3783 2046">
     <span class='ocr_line' id='line_1_81' title="bbox 2161 1970 3783 2046; baseline 0.002 -19"><span class='ocrx_word' id='word_1_509' title='bbox 2161 1971 2451 2027; x_wconf 90' lang='lat' dir='ltr'><strong>Dominum</strong></span> <span class='ocrx_word' id='word_1_510' title='bbox 2496 1971 2682 2034; x_wconf 86' lang='lat' dir='ltr'><strong>Laval,</strong></span> <span class='ocrx_word' id='word_1_511' title='bbox 2718 1972 2754 2026; x_wconf 94' lang='lat' dir='ltr'><strong>i.</strong></span> <span class='ocrx_word' id='word_1_512' title='bbox 2786 1986 2817 2028; x_wconf 91' lang='lat' dir='ltr'><strong>e</strong></span> <span class='ocrx_word' id='word_1_513' title='bbox 2839 2013 2853 2042; x_wconf 94' lang='lat'><strong>,</strong></span> <span class='ocrx_word' id='word_1_514' title='bbox 2899 1987 2996 2044; x_wconf 91' lang='lat' dir='ltr'><strong>per</strong></span> <span class='ocrx_word' id='word_1_515' title='bbox 3034 1971 3226 2028; x_wconf 88' lang='lat' dir='ltr'><strong>ducem</strong></span> <span class='ocrx_word' id='word_1_516' title='bbox 3259 1970 3326 2028; x_wconf 89' lang='lat' dir='ltr'><strong>de</strong></span> <span class='ocrx_word' id='word_1_517' title='bbox 3351 1971 3601 2046; x_wconf 85' lang='lat' dir='ltr'><strong>Luynes,</strong></span> <span class='ocrx_word' id='word_1_518' title='bbox 3628 1981 3783 2030; x_wconf 80' lang='lat' dir='ltr'><strong>teste</strong></span> 
     </span>
    </p>
   </div>
   <div class='ocr_carea' id='block_1_82' title="bbox 2159 2065 2452 2124">
    <p class='ocr_par' dir='ltr' id='par_1_82' title="bbox 2159 2065 2452 2124">
     <span class='ocr_line' id='line_1_82' title="bbox 2159 2065 2452 2124; baseline -0.01 0"><span class='ocrx_word' id='word_1_519' title='bbox 2159 2065 2452 2124; x_wconf 90' lang='lat' dir='ltr'><strong>Ceillierio.</strong></span> 
     </span>
    </p>
   </div>
   <div class='ocr_carea' id='block_1_83' title="bbox 2875 2136 3037 2193">
    <p class='ocr_par' dir='ltr' id='par_1_83' title="bbox 2875 2136 3037 2193">
     <span class='ocr_line' id='line_1_83' title="bbox 2875 2136 3037 2193; baseline -0.006 0"><span class='ocrx_word' id='word_1_520' title='bbox 2875 2136 3037 2193; x_wconf 70' lang='grc'><strong>1661.</strong></span> 
     </span>
    </p>
   </div>
   <div class='ocr_carea' id='block_1_84' title="bbox 2245 2229 3778 2295">
    <p class='ocr_par' dir='ltr' id='par_1_84' title="bbox 2245 2229 3778 2295">
     <span class='ocr_line' id='line_1_84' title="bbox 2245 2229 3778 2295; baseline 0.001 -10"><span class='ocrx_word' id='word_1_521' title='bbox 2245 2231 2420 2287; x_wconf 85' lang='lat' dir='ltr'><strong>Versio</strong></span> <span class='ocrx_word' id='word_1_522' title='bbox 2468 2231 2673 2286; x_wconf 81' lang='lat' dir='ltr'><strong>Gallica</strong></span> <span class='ocrx_word' id='word_1_523' title='bbox 2732 2230 2821 2288; x_wconf 79' lang='lat' dir='ltr'><strong>Vl.</strong></span> <span class='ocrx_word' id='word_1_524' title='bbox 2880 2229 3171 2287; x_wconf 80' lang='lat' dir='ltr'><strong>Refereute</strong></span> <span class='ocrx_word' id='word_1_525' title='bbox 3227 2230 3417 2288; x_wconf 87' lang='lat' dir='ltr'><strong>eodem</strong></span> <span class='ocrx_word' id='word_1_526' title='bbox 3462 2229 3778 2295; x_wconf 78' lang='lat' dir='ltr'><strong>Ceillierio.</strong></span> 
     </span>
    </p>
   </div>
   <div class='ocr_carea' id='block_1_85' title="bbox 2162 2325 3785 2398">
    <p class='ocr_par' dir='ltr' id='par_1_85' title="bbox 2162 2325 3785 2398">
     <span class='ocr_line' id='line_1_85' title="bbox 2162 2325 3785 2398; baseline -0.002 -14"><span class='ocrx_word' id='word_1_527' title='bbox 2162 2336 2422 2384; x_wconf 87' lang='lat' dir='ltr'><strong>tractatus</strong></span> <span class='ocrx_word' id='word_1_528' title='bbox 2476 2327 2536 2381; x_wconf 86' lang='grc' dir='ltr'><strong>Ι).</strong></span> <span class='ocrx_word' id='word_1_529' title='bbox 2579 2326 2832 2398; x_wconf 87' lang='lat' dir='ltr'><strong>Cypriani</strong></span> <span class='ocrx_word' id='word_1_530' title='bbox 2891 2325 2958 2381; x_wconf 89' lang='lat' dir='ltr'><strong>de</strong></span> <span class='ocrx_word' id='word_1_531' title='bbox 3012 2326 3367 2398; x_wconf 85' lang='lat' dir='ltr'><strong>Eleetnosyna</strong></span> <span class='ocrx_word' id='word_1_532' title='bbox 3420 2325 3650 2380; x_wconf 83' lang='lat' dir='ltr'><strong>habetur</strong></span> <span class='ocrx_word' id='word_1_533' title='bbox 3703 2325 3785 2380; x_wconf 81' lang='lat' dir='ltr'><strong>ad</strong></span> 
     </span>
    </p>
   </div>
   <div class='ocr_carea' id='block_1_86' title="bbox 2163 2418 3784 2492">
    <p class='ocr_par' dir='ltr' id='par_1_86' title="bbox 2163 2418 3784 2492">
     <span class='ocr_line' id='line_1_86' title="bbox 2163 2418 3784 2492; baseline 0 -16"><span class='ocrx_word' id='word_1_534' title='bbox 2163 2421 2329 2477; x_wconf 84' lang='lat' dir='ltr'><strong>ﬁnem</strong></span> <span class='ocrx_word' id='word_1_535' title='bbox 2379 2419 2670 2475; x_wconf 90' lang='lat' dir='ltr'><strong>voluminis</strong></span> <span class='ocrx_word' id='word_1_536' title='bbox 2723 2420 2947 2476; x_wconf 86' lang='lat' dir='ltr'><strong>secundi</strong></span> <span class='ocrx_word' id='word_1_537' title='bbox 3003 2421 3212 2476; x_wconf 88' lang='lat' dir='ltr'><strong>abbatis</strong></span> <span class='ocrx_word' id='word_1_538' title='bbox 3259 2420 3388 2476; x_wconf 88' lang='lat' dir='ltr'><strong>San.</strong></span> <span class='ocrx_word' id='word_1_539' title='bbox 3448 2418 3648 2492; x_wconf 87' lang='lat' dir='ltr'><strong>Cyrani</strong></span> <span class='ocrx_word' id='word_1_540' title='bbox 3703 2421 3784 2476; x_wconf 86' lang='lat' dir='ltr'><strong>de</strong></span> 
     </span>
    </p>
   </div>
   <div class='ocr_carea' id='block_1_87' title="bbox 2163 2513 3781 2586">
    <p class='ocr_par' dir='ltr' id='par_1_87' title="bbox 2163 2513 3781 2586">
     <span class='ocr_line' id='line_1_87' title="bbox 2163 2513 3781 2586; baseline -0.001 -14"><span class='ocrx_word' id='word_1_541' title='bbox 2163 2516 2514 2586; x_wconf 85' lang='lat' dir='ltr'><strong>Eleemosyna</strong></span> <span class='ocrx_word' id='word_1_542' title='bbox 2535 2514 2849 2582; x_wconf 88' lang='lat' dir='ltr'><strong>christiana,</strong></span> <span class='ocrx_word' id='word_1_543' title='bbox 2875 2515 3014 2570; x_wconf 91' lang='lat' dir='ltr'><strong>inter</strong></span> <span class='ocrx_word' id='word_1_544' title='bbox 3034 2514 3240 2586; x_wconf 78' lang='lat' dir='ltr'><strong>praefati</strong></span> <span class='ocrx_word' id='word_1_545' title='bbox 3261 2513 3471 2570; x_wconf 88' lang='lat' dir='ltr'><strong>abbatis</strong></span> <span class='ocrx_word' id='word_1_546' title='bbox 3489 2515 3753 2586; x_wconf 67' lang='lat' dir='ltr'><strong>opuscula</strong></span> <span class='ocrx_word' id='word_1_547' title='bbox 3767 2555 3781 2570; x_wconf 93' lang='lat'><strong>.</strong></span> 
     </span>
    </p>
   </div>
   <div class='ocr_carea' id='block_1_88' title="bbox 2876 2607 3038 2665">
    <p class='ocr_par' dir='ltr' id='par_1_88' title="bbox 2876 2607 3038 2665">
     <span class='ocr_line' id='line_1_88' title="bbox 2876 2607 3038 2665; baseline 0.019 -3"><span class='ocrx_word' id='word_1_548' title='bbox 2876 2607 3038 2665; x_wconf 77' lang='grc'><strong>1666.</strong></span> 
     </span>
    </p>
   </div>
   <div class='ocr_carea' id='block_1_89' title="bbox 2234 2703 3777 2776">
    <p class='ocr_par' dir='ltr' id='par_1_89' title="bbox 2234 2703 3777 2776">
     <span class='ocr_line' id='line_1_89' title="bbox 2234 2703 3777 2776; baseline 0.001 -16"><span class='ocrx_word' id='word_1_549' title='bbox 2234 2705 2334 2761; x_wconf 85' lang='lat' dir='ltr'><strong>En.</strong></span> <span class='ocrx_word' id='word_1_550' title='bbox 2365 2705 2679 2770; x_wconf 74' lang='lat' dir='ltr'><strong>PRIORIANA,</strong></span> <span class='ocrx_word' id='word_1_551' title='bbox 2735 2705 3067 2760; x_wconf 77' lang='lat' dir='ltr'><strong>PABISIENSIS</strong></span> <span class='ocrx_word' id='word_1_552' title='bbox 3099 2703 3217 2760; x_wconf 80' lang='lat' dir='ltr'><strong>XV.</strong></span> <span class='ocrx_word' id='word_1_553' title='bbox 3247 2736 3316 2745; x_wconf 92' lang='lat'><strong>——</strong></span> <span class='ocrx_word' id='word_1_554' title='bbox 3345 2705 3518 2760; x_wconf 85' lang='lat' dir='ltr'><strong>Paris.</strong></span> <span class='ocrx_word' id='word_1_555' title='bbox 3545 2720 3633 2776; x_wconf 91' lang='lat' dir='ltr'><strong>ap.</strong></span> <span class='ocrx_word' id='word_1_556' title='bbox 3680 2705 3777 2762; x_wconf 79' lang='lat' dir='ltr'><strong>J0.</strong></span> 
     </span>
    </p>
   </div>
   <div class='ocr_carea' id='block_1_90' title="bbox 2166 2797 3783 2871">
    <p class='ocr_par' dir='ltr' id='par_1_90' title="bbox 2166 2797 3783 2871">
     <span class='ocr_line' id='line_1_90' title="bbox 2166 2797 3783 2871; baseline 0.001 -18"><span class='ocrx_word' id='word_1_557' title='bbox 2166 2798 2390 2871; x_wconf 89' lang='lat' dir='ltr'><strong>Dupuis,</strong></span> <span class='ocrx_word' id='word_1_558' title='bbox 2413 2797 2560 2853; x_wconf 83' lang='lat' dir='ltr'><strong>in-f&quot;.</strong></span> <span class='ocrx_word' id='word_1_559' title='bbox 2592 2797 2669 2853; x_wconf 77' lang='lat' dir='ltr'><strong>Ex</strong></span> <span class='ocrx_word' id='word_1_560' title='bbox 2690 2797 2924 2854; x_wconf 88' lang='lat' dir='ltr'><strong>editione</strong></span> <span class='ocrx_word' id='word_1_561' title='bbox 2937 2798 3179 2869; x_wconf 80' lang='lat' dir='ltr'><strong>Rigaltii,</strong></span> <span class='ocrx_word' id='word_1_562' title='bbox 3199 2813 3322 2854; x_wconf 87' lang='lat' dir='ltr'><strong>cum</strong></span> <span class='ocrx_word' id='word_1_563' title='bbox 3341 2798 3584 2870; x_wconf 90' lang='lat' dir='ltr'><strong>ejusdem</strong></span> <span class='ocrx_word' id='word_1_564' title='bbox 3606 2813 3783 2855; x_wconf 72' lang='lat' dir='ltr'><strong>anno~</strong></span> 
     </span>
    </p>
   </div>
   <div class='ocr_carea' id='block_1_91' title="bbox 2164 2893 3782 2966">
    <p class='ocr_par' dir='ltr' id='par_1_91' title="bbox 2164 2893 3782 2966">
     <span class='ocr_line' id='line_1_91' title="bbox 2164 2893 3782 2966; baseline -0.001 -17"><span class='ocrx_word' id='word_1_565' title='bbox 2164 2895 2456 2950; x_wconf 85' lang='lat' dir='ltr'><strong>tationibus</strong></span> <span class='ocrx_word' id='word_1_566' title='bbox 2477 2894 2703 2966; x_wconf 81' lang='lat' dir='ltr'><strong>integris</strong></span> <span class='ocrx_word' id='word_1_567' title='bbox 2730 2893 2844 2950; x_wconf 84' lang='lat' dir='ltr'><strong>Jac.</strong></span> <span class='ocrx_word' id='word_1_568' title='bbox 2872 2893 3096 2949; x_wconf 88' lang='lat' dir='ltr'><strong>Pamelii</strong></span> <span class='ocrx_word' id='word_1_569' title='bbox 3130 2905 3184 2950; x_wconf 90' lang='lat' dir='ltr'><strong>et</strong></span> <span class='ocrx_word' id='word_1_570' title='bbox 3227 2895 3458 2949; x_wconf 89' lang='lat' dir='ltr'><strong>aliorum</strong></span> <span class='ocrx_word' id='word_1_571' title='bbox 3488 2909 3782 2950; x_wconf 89' lang='lat' dir='ltr'><strong>commen-</strong></span> 
     </span>
    </p>
   </div>
   <div class='ocr_carea' id='block_1_92' title="bbox 2166 2988 3781 3047">
    <p class='ocr_par' dir='ltr' id='par_1_92' title="bbox 2166 2988 3781 3047">
     <span class='ocr_line' id='line_1_92' title="bbox 2166 2988 3781 3047; baseline 0.002 -5"><span class='ocrx_word' id='word_1_572' title='bbox 2166 2989 2315 3043; x_wconf 87' lang='lat' dir='ltr'><strong>tariis</strong></span> <span class='ocrx_word' id='word_1_573' title='bbox 2338 3004 2580 3044; x_wconf 84' lang='lat' dir='ltr'><strong>seorsqu</strong></span> <span class='ocrx_word' id='word_1_574' title='bbox 2611 2998 2768 3046; x_wconf 89' lang='lat' dir='ltr'><strong>antea</strong></span> <span class='ocrx_word' id='word_1_575' title='bbox 2797 2990 2973 3046; x_wconf 87' lang='lat' dir='ltr'><strong>editis.</strong></span> <span class='ocrx_word' id='word_1_576' title='bbox 3011 2989 3292 3047; x_wconf 82' lang='lat' dir='ltr'><strong>Accedunt</strong></span> <span class='ocrx_word' id='word_1_577' title='bbox 3319 2989 3387 3044; x_wconf 79' lang='grc' dir='ltr'><strong>Μ.</strong></span> <span class='ocrx_word' id='word_1_578' title='bbox 3418 2990 3632 3044; x_wconf 81' lang='lat' dir='ltr'><strong>Minucii</strong></span> <span class='ocrx_word' id='word_1_579' title='bbox 3664 2988 3781 3045; x_wconf 85' lang='lat' dir='ltr'><strong>Fe-</strong></span> 
     </span>
    </p>
   </div>
   <div class='ocr_carea' id='block_1_93' title="bbox 2164 3082 3777 3148">
    <p class='ocr_par' dir='ltr' id='par_1_93' title="bbox 2164 3082 3777 3148">
     <span class='ocr_line' id='line_1_93' title="bbox 2164 3082 3777 3148; baseline 0 -10"><span class='ocrx_word' id='word_1_580' title='bbox 2164 3083 2282 3138; x_wconf 87' lang='lat' dir='ltr'><strong>licis</strong></span> <span class='ocrx_word' id='word_1_581' title='bbox 2329 3082 2623 3146; x_wconf 85' lang='lat' dir='ltr'><strong>Octavius;</strong></span> <span class='ocrx_word' id='word_1_582' title='bbox 2677 3085 2896 3140; x_wconf 81' lang='lat' dir='ltr'><strong>Arnobii</strong></span> <span class='ocrx_word' id='word_1_583' title='bbox 2935 3083 3049 3140; x_wconf 79' lang='lat' dir='ltr'><strong>Afri</strong></span> <span class='ocrx_word' id='word_1_584' title='bbox 3101 3083 3194 3139; x_wconf 90' lang='lat' dir='ltr'><strong>lib.</strong></span> <span class='ocrx_word' id='word_1_585' title='bbox 3228 3101 3298 3138; x_wconf 87' lang='lat' dir='ltr'><strong>vtt</strong></span> <span class='ocrx_word' id='word_1_586' title='bbox 3359 3084 3460 3138; x_wconf 84' lang='lat' dir='ltr'><strong>adv</strong></span> <span class='ocrx_word' id='word_1_587' title='bbox 3534 3083 3777 3148; x_wconf 85' lang='lat' dir='ltr'><strong>Gentes;</strong></span> 
     </span>
    </p>
   </div>
   <div class='ocr_carea' id='block_1_94' title="bbox 2165 3175 3783 3247">
    <p class='ocr_par' dir='ltr' id='par_1_94' title="bbox 2165 3175 3783 3247">
     <span class='ocr_line' id='line_1_94' title="bbox 2165 3175 3783 3247; baseline 0.001 -17"><span class='ocrx_word' id='word_1_588' title='bbox 2165 3175 2290 3231; x_wconf 82' lang='lat' dir='ltr'><strong>Julii</strong></span> <span class='ocrx_word' id='word_1_589' title='bbox 2322 3176 2539 3231; x_wconf 89' lang='lat' dir='ltr'><strong>Firmici</strong></span> <span class='ocrx_word' id='word_1_590' title='bbox 2569 3176 2692 3231; x_wconf 79' lang='lat' dir='ltr'><strong>Mat.</strong></span> <span class='ocrx_word' id='word_1_591' title='bbox 2721 3178 2817 3232; x_wconf 89' lang='lat' dir='ltr'><strong>lib.</strong></span> <span class='ocrx_word' id='word_1_592' title='bbox 2841 3177 2909 3233; x_wconf 90' lang='lat' dir='ltr'><strong>de</strong></span> <span class='ocrx_word' id='word_1_593' title='bbox 2943 3177 3140 3234; x_wconf 83' lang='lat' dir='ltr'><strong>Errore</strong></span> <span class='ocrx_word' id='word_1_594' title='bbox 3169 3177 3512 3247; x_wconf 81' lang='lat' dir='ltr'><strong>profanarum</strong></span> <span class='ocrx_word' id='word_1_595' title='bbox 3535 3177 3783 3246; x_wconf 77' lang='lat' dir='ltr'><strong>Religio-</strong></span> 
     </span>
    </p>
   </div>
   <div class='ocr_carea' id='block_1_95' title="bbox 2166 3267 3782 3334">
    <p class='ocr_par' dir='ltr' id='par_1_95' title="bbox 2166 3267 3782 3334">
     <span class='ocr_line' id='line_1_95' title="bbox 2166 3267 3782 3334; baseline 0.001 -11"><span class='ocrx_word' id='word_1_596' title='bbox 2166 3283 2316 3334; x_wconf 89' lang='lat' dir='ltr'><strong>num;</strong></span> <span class='ocrx_word' id='word_1_597' title='bbox 2351 3268 2723 3324; x_wconf 89' lang='lat' dir='ltr'><strong>Commodiani</strong></span> <span class='ocrx_word' id='word_1_598' title='bbox 2756 3270 3138 3326; x_wconf 86' lang='lat' dir='ltr'><strong>instructiones</strong></span> <span class='ocrx_word' id='word_1_599' title='bbox 3180 3268 3304 3323; x_wconf 87' lang='lat' dir='ltr'><strong>adv.</strong></span> <span class='ocrx_word' id='word_1_600' title='bbox 3345 3267 3598 3324; x_wconf 88' lang='lat' dir='ltr'><strong>Gentium</strong></span> <span class='ocrx_word' id='word_1_601' title='bbox 3637 3268 3782 3324; x_wconf 87' lang='lat' dir='ltr'><strong>deos</strong></span> 
     </span>
    </p>
   </div>
   <div class='ocr_carea' id='block_1_96' title="bbox 2166 3361 3784 3436">
    <p class='ocr_par' dir='ltr' id='par_1_96' title="bbox 2166 3361 3784 3436">
     <span class='ocr_line' id='line_1_96' title="bbox 2166 3361 3784 3436; baseline -0.001 -18"><span class='ocrx_word' id='word_1_602' title='bbox 2166 3379 2287 3418; x_wconf 91' lang='lat' dir='ltr'><strong>cum</strong></span> <span class='ocrx_word' id='word_1_603' title='bbox 2319 3364 2492 3435; x_wconf 90' lang='lat' dir='ltr'><strong>ejusd.</strong></span> <span class='ocrx_word' id='word_1_604' title='bbox 2521 3364 2637 3419; x_wconf 84' lang='lat' dir='ltr'><strong>Nic.</strong></span> <span class='ocrx_word' id='word_1_605' title='bbox 2668 3363 2880 3436; x_wconf 85' lang='lat' dir='ltr'><strong>Rigaltii</strong></span> <span class='ocrx_word' id='word_1_606' title='bbox 2911 3366 3074 3431; x_wconf 89' lang='lat' dir='ltr'><strong>notis,</strong></span> <span class='ocrx_word' id='word_1_607' title='bbox 3110 3373 3163 3418; x_wconf 87' lang='lat' dir='ltr'><strong>et</strong></span> <span class='ocrx_word' id='word_1_608' title='bbox 3193 3363 3464 3418; x_wconf 86' lang='lat' dir='ltr'><strong>variorum</strong></span> <span class='ocrx_word' id='word_1_609' title='bbox 3482 3361 3784 3418; x_wconf 82' lang='lat' dir='ltr'><strong>Commen-</strong></span> 
     </span>
    </p>
   </div>
   <div class='ocr_carea' id='block_1_97' title="bbox 2170 3454 3783 3525">
    <p class='ocr_par' dir='ltr' id='par_1_97' title="bbox 2170 3454 3783 3525">
     <span class='ocr_line' id='line_1_97' title="bbox 2170 3454 3783 3525; baseline 0.001 -16"><span class='ocrx_word' id='word_1_610' title='bbox 2170 3456 2320 3510; x_wconf 89' lang='lat' dir='ltr'><strong>tariis</strong></span> <span class='ocrx_word' id='word_1_611' title='bbox 2368 3455 2456 3512; x_wconf 90' lang='lat' dir='ltr'><strong>ed.</strong></span> <span class='ocrx_word' id='word_1_612' title='bbox 2520 3465 2675 3511; x_wconf 86' lang='lat' dir='ltr'><strong>aucta</strong></span> <span class='ocrx_word' id='word_1_613' title='bbox 2718 3464 2771 3511; x_wconf 90' lang='lat' dir='ltr'><strong>et</strong></span> <span class='ocrx_word' id='word_1_614' title='bbox 2810 3455 2953 3511; x_wconf 92' lang='lat' dir='ltr'><strong>notis</strong></span> <span class='ocrx_word' id='word_1_615' title='bbox 2997 3456 3260 3510; x_wconf 88' lang='lat' dir='ltr'><strong>illustrata</strong></span> <span class='ocrx_word' id='word_1_616' title='bbox 3304 3454 3485 3510; x_wconf 90' lang='lat' dir='ltr'><strong>studio</strong></span> <span class='ocrx_word' id='word_1_617' title='bbox 3537 3454 3783 3525; x_wconf 88' lang='lat' dir='ltr'><strong>Philippi</strong></span> 
     </span>
    </p>
   </div>
   <div class='ocr_carea' id='block_1_98' title="bbox 2169 3546 2384 3603">
    <p class='ocr_par' dir='ltr' id='par_1_98' title="bbox 2169 3546 2384 3603">
     <span class='ocr_line' id='line_1_98' title="bbox 2169 3546 2384 3603; baseline -0.005 -1"><span class='ocrx_word' id='word_1_618' title='bbox 2169 3546 2384 3603; x_wconf 86' lang='lat' dir='ltr'><strong>Priorii.</strong></span> 
     </span>
    </p>
   </div>
   <div class='ocr_carea' id='block_1_99' title="bbox 2888 3619 3044 3675">
    <p class='ocr_par' dir='ltr' id='par_1_99' title="bbox 2888 3619 3044 3675">
     <span class='ocr_line' id='line_1_99' title="bbox 2888 3619 3044 3675; baseline -0.013 0"><span class='ocrx_word' id='word_1_619' title='bbox 2888 3619 3044 3675; x_wconf 82' lang='grc'><strong>1667.</strong></span> 
     </span>
    </p>
   </div>
   <div class='ocr_carea' id='block_1_100' title="bbox 2241 3711 3778 3786">
    <p class='ocr_par' dir='ltr' id='par_1_100' title="bbox 2241 3711 3778 3786">
     <span class='ocr_line' id='line_1_100' title="bbox 2241 3711 3778 3786; baseline -0.003 -16"><span class='ocrx_word' id='word_1_620' title='bbox 2241 3714 2450 3770; x_wconf 87' lang='lat' dir='ltr'><strong>Ludov.</strong></span> <span class='ocrx_word' id='word_1_621' title='bbox 2485 3714 2831 3771; x_wconf 88' lang='lat' dir='ltr'><strong>Thomassini</strong></span> <span class='ocrx_word' id='word_1_622' title='bbox 2864 3715 3046 3786; x_wconf 92' lang='lat' dir='ltr'><strong>presb.</strong></span> <span class='ocrx_word' id='word_1_623' title='bbox 3081 3729 3340 3785; x_wconf 83' lang='lat' dir='ltr'><strong>congreg.</strong></span> <span class='ocrx_word' id='word_1_624' title='bbox 3373 3713 3524 3769; x_wconf 88' lang='lat' dir='ltr'><strong>Orat.</strong></span> <span class='ocrx_word' id='word_1_625' title='bbox 3557 3711 3778 3767; x_wconf 79' lang='lat' dir='ltr'><strong>Disser-</strong></span> 
     </span>
    </p>
   </div>
   <div class='ocr_carea' id='block_1_101' title="bbox 2171 3803 3782 3878">
    <p class='ocr_par' dir='ltr' id='par_1_101' title="bbox 2171 3803 3782 3878">
     <span class='ocr_line' id='line_1_101' title="bbox 2171 3803 3782 3878; baseline 0 -18"><span class='ocrx_word' id='word_1_626' title='bbox 2171 3806 2297 3860; x_wconf 87' lang='lat' dir='ltr'><strong>tatio</strong></span> <span class='ocrx_word' id='word_1_627' title='bbox 2327 3807 2382 3861; x_wconf 83' lang='lat' dir='ltr'><strong>in</strong></span> <span class='ocrx_word' id='word_1_628' title='bbox 2411 3807 2637 3878; x_wconf 78' lang='lat' dir='ltr'><strong>synodos</strong></span> <span class='ocrx_word' id='word_1_629' title='bbox 2667 3807 2757 3860; x_wconf 89' lang='lat' dir='ltr'><strong>sub</strong></span> <span class='ocrx_word' id='word_1_630' title='bbox 2799 3806 3066 3878; x_wconf 85' lang='lat' dir='ltr'><strong>Stephano</strong></span> <span class='ocrx_word' id='word_1_631' title='bbox 3096 3823 3231 3877; x_wconf 82' lang='lat' dir='ltr'><strong>papa</strong></span> <span class='ocrx_word' id='word_1_632' title='bbox 3255 3807 3305 3859; x_wconf 90' lang='lat' dir='ltr'><strong>in</strong></span> <span class='ocrx_word' id='word_1_633' title='bbox 3337 3822 3494 3859; x_wconf 84' lang='lat' dir='ltr'><strong>causa</strong></span> <span class='ocrx_word' id='word_1_634' title='bbox 3519 3803 3782 3875; x_wconf 86' lang='lat' dir='ltr'><strong>Baptismi</strong></span> 
     </span>
    </p>
   </div>
   <div class='ocr_carea' id='block_1_102' title="bbox 2170 3898 3776 3969">
    <p class='ocr_par' dir='ltr' id='par_1_102' title="bbox 2170 3898 3776 3969">
     <span class='ocr_line' id='line_1_102' title="bbox 2170 3898 3776 3969; baseline 0.001 -17"><span class='ocrx_word' id='word_1_635' title='bbox 2170 3900 2555 3967; x_wconf 61' lang='lat' dir='ltr'><strong>haereticorum,</strong></span> <span class='ocrx_word' id='word_1_636' title='bbox 2605 3900 2918 3966; x_wconf 79' lang='lat' dir='ltr'><strong>Romanam,</strong></span> <span class='ocrx_word' id='word_1_637' title='bbox 2973 3898 3446 3969; x_wconf 85' lang='lat' dir='ltr'><strong>Carthaginensem,</strong></span> <span class='ocrx_word' id='word_1_638' title='bbox 3477 3906 3608 3964; x_wconf 90' lang='lat' dir='ltr'><strong>etc.,</strong></span> <span class='ocrx_word' id='word_1_639' title='bbox 3640 3912 3776 3953; x_wconf 90' lang='lat' dir='ltr'><strong>ann.</strong></span> 
     </span>
    </p>
   </div>
   <div class='ocr_carea' id='block_1_103' title="bbox 2169 3989 3778 4060">
    <p class='ocr_par' dir='ltr' id='par_1_103' title="bbox 2169 3989 3778 4060">
     <span class='ocr_line' id='line_1_103' title="bbox 2169 3989 3778 4060; baseline -0.002 -13"><span class='ocrx_word' id='word_1_640' title='bbox 2169 3990 2368 4048; x_wconf 84' lang='lat' dir='ltr'><strong>Christi</strong></span> <span class='ocrx_word' id='word_1_641' title='bbox 2397 3991 2505 4048; x_wconf 75' lang='lat'><strong>256</strong></span> <span class='ocrx_word' id='word_1_642' title='bbox 2525 4037 2537 4060; x_wconf 93' lang='lat'><strong>,</strong></span> <span class='ocrx_word' id='word_1_643' title='bbox 2571 3993 2701 4058; x_wconf 70' lang='lat'><strong>257,</strong></span> <span class='ocrx_word' id='word_1_644' title='bbox 2736 4002 2867 4056; x_wconf 90' lang='lat' dir='ltr'><strong>etc.;</strong></span> <span class='ocrx_word' id='word_1_645' title='bbox 2904 3991 3044 4046; x_wconf 89' lang='lat' dir='ltr'><strong>inter</strong></span> <span class='ocrx_word' id='word_1_646' title='bbox 3067 3991 3292 4046; x_wconf 91' lang='lat' dir='ltr'><strong>Dissert.</strong></span> <span class='ocrx_word' id='word_1_647' title='bbox 3326 3991 3376 4044; x_wconf 93' lang='lat' dir='ltr'><strong>in</strong></span> <span class='ocrx_word' id='word_1_648' title='bbox 3405 3989 3632 4045; x_wconf 89' lang='lat' dir='ltr'><strong>concilia</strong></span> <span class='ocrx_word' id='word_1_649' title='bbox 3658 3999 3778 4044; x_wconf 89' lang='lat' dir='ltr'><strong>tum</strong></span> 
     </span>
    </p>
   </div>
   <div class='ocr_carea' id='block_1_104' title="bbox 2169 4083 3648 4158">
    <p class='ocr_par' dir='ltr' id='par_1_104' title="bbox 2169 4083 3648 4158">
     <span class='ocr_line' id='line_1_104' title="bbox 2169 4083 3648 4158; baseline -0.003 -16"><span class='ocrx_word' id='word_1_650' title='bbox 2169 4085 2440 4158; x_wconf 85' lang='lat' dir='ltr'><strong>generalia</strong></span> <span class='ocrx_word' id='word_1_651' title='bbox 2464 4128 2478 4153; x_wconf 94' lang='lat'><strong>,</strong></span> <span class='ocrx_word' id='word_1_652' title='bbox 2513 4094 2622 4140; x_wconf 92' lang='lat' dir='ltr'><strong>tum</strong></span> <span class='ocrx_word' id='word_1_653' title='bbox 2646 4085 3014 4158; x_wconf 87' lang='lat' dir='ltr'><strong>particularia.</strong></span> <span class='ocrx_word' id='word_1_654' title='bbox 3044 4084 3222 4139; x_wconf 85' lang='lat' dir='ltr'><strong>Lutet.</strong></span> <span class='ocrx_word' id='word_1_655' title='bbox 3254 4083 3452 4150; x_wconf 89' lang='lat' dir='ltr'><strong>Paris.,</strong></span> <span class='ocrx_word' id='word_1_656' title='bbox 3485 4083 3648 4138; x_wconf 31' lang='lat' dir='ltr'><strong>in-.i°.</strong></span> 
     </span>
    </p>
   </div>
   <div class='ocr_carea' id='block_1_105' title="bbox 2890 4178 3050 4235">
    <p class='ocr_par' dir='ltr' id='par_1_105' title="bbox 2890 4178 3050 4235">
     <span class='ocr_line' id='line_1_105' title="bbox 2890 4178 3050 4235; baseline -0.006 -2"><span class='ocrx_word' id='word_1_657' title='bbox 2890 4178 3050 4235; x_wconf 90' lang='grc'><strong>1669.</strong></span> 
     </span>
    </p>
   </div>
   <div class='ocr_carea' id='block_1_106' title="bbox 2244 4269 3740 4340">
    <p class='ocr_par' dir='ltr' id='par_1_106' title="bbox 2244 4269 3740 4340">
     <span class='ocr_line' id='line_1_106' title="bbox 2244 4269 3740 4340; baseline -0.002 -10"><span class='ocrx_word' id='word_1_658' title='bbox 2244 4273 2457 4330; x_wconf 85' lang='lat' dir='ltr'><strong>Sebast.</strong></span> <span class='ocrx_word' id='word_1_659' title='bbox 2479 4271 2762 4330; x_wconf 87' lang='lat' dir='ltr'><strong>Niemanni</strong></span> <span class='ocrx_word' id='word_1_660' title='bbox 2781 4271 3088 4328; x_wconf 82' lang='lat' dir='ltr'><strong>Dissertatio</strong></span> <span class='ocrx_word' id='word_1_661' title='bbox 3113 4273 3176 4327; x_wconf 85' lang='lat' dir='ltr'><strong>de</strong></span> <span class='ocrx_word' id='word_1_662' title='bbox 3203 4271 3542 4340; x_wconf 79' lang='lat' dir='ltr'><strong>Libellaticis,</strong></span> <span class='ocrx_word' id='word_1_663' title='bbox 3571 4269 3740 4328; x_wconf 72' lang='lat' dir='ltr'><strong>lenae.</strong></span> 
     </span>
    </p>
   </div>
   <div class='ocr_carea' id='block_1_107' title="bbox 2888 4366 3050 4421">
    <p class='ocr_par' dir='ltr' id='par_1_107' title="bbox 2888 4366 3050 4421">
     <span class='ocr_line' id='line_1_107' title="bbox 2888 4366 3050 4421; baseline 0.006 -1"><span class='ocrx_word' id='word_1_664' title='bbox 2888 4366 3050 4421; x_wconf 86' lang='grc'><strong>1681.</strong></span> 
     </span>
    </p>
   </div>
   <div class='ocr_carea' id='block_1_108' title="bbox 2245 4455 3780 4530">
    <p class='ocr_par' dir='ltr' id='par_1_108' title="bbox 2245 4455 3780 4530">
     <span class='ocr_line' id='line_1_108' title="bbox 2245 4455 3780 4530; baseline -0.003 -16"><span class='ocrx_word' id='word_1_665' title='bbox 2245 4458 2476 4525; x_wconf 84' lang='lat' dir='ltr'><strong>Altorﬁi,</strong></span> <span class='ocrx_word' id='word_1_666' title='bbox 2509 4458 2648 4530; x_wconf 89' lang='lat' dir='ltr'><strong>typis</strong></span> <span class='ocrx_word' id='word_1_667' title='bbox 2699 4468 2755 4515; x_wconf 91' lang='lat' dir='ltr'><strong>et</strong></span> <span class='ocrx_word' id='word_1_668' title='bbox 2809 4459 2940 4529; x_wconf 93' lang='lat' dir='ltr'><strong>imp.</strong></span> <span class='ocrx_word' id='word_1_669' title='bbox 2981 4459 3120 4513; x_wconf 90' lang='lat' dir='ltr'><strong>Hen.</strong></span> <span class='ocrx_word' id='word_1_670' title='bbox 3173 4457 3397 4530; x_wconf 85' lang='lat' dir='ltr'><strong>Meyeri,</strong></span> <span class='ocrx_word' id='word_1_671' title='bbox 3440 4455 3614 4523; x_wconf 69' lang='grc' dir='ltr'><strong>ἰπὶ-4⁸,</strong></span> <span class='ocrx_word' id='word_1_672' title='bbox 3664 4455 3780 4528; x_wconf 84' lang='lat' dir='ltr'><strong>Cy-</strong></span> 
     </span>
    </p>
   </div>
   <div class='ocr_carea' id='block_1_109' title="bbox 2172 4550 3779 4624">
    <p class='ocr_par' dir='ltr' id='par_1_109' title="bbox 2172 4550 3779 4624">
     <span class='ocr_line' id='line_1_109' title="bbox 2172 4550 3779 4624; baseline 0 -17"><span class='ocrx_word' id='word_1_673' title='bbox 2172 4553 2348 4623; x_wconf 89' lang='lat' dir='ltr'><strong>priani</strong></span> <span class='ocrx_word' id='word_1_674' title='bbox 2376 4561 2429 4608; x_wconf 92' lang='lat' dir='ltr'><strong>ct</strong></span> <span class='ocrx_word' id='word_1_675' title='bbox 2457 4551 2685 4607; x_wconf 90' lang='lat' dir='ltr'><strong>aliorum</strong></span> <span class='ocrx_word' id='word_1_676' title='bbox 2716 4551 3072 4624; x_wconf 90' lang='lat' dir='ltr'><strong>quorumdam</strong></span> <span class='ocrx_word' id='word_1_677' title='bbox 3101 4551 3166 4606; x_wconf 88' lang='lat' dir='ltr'><strong>ad</strong></span> <span class='ocrx_word' id='word_1_678' title='bbox 3197 4553 3376 4623; x_wconf 89' lang='lat' dir='ltr'><strong>ipsum</strong></span> <span class='ocrx_word' id='word_1_679' title='bbox 3415 4550 3499 4606; x_wconf 89' lang='lat' dir='ltr'><strong>vel</strong></span> <span class='ocrx_word' id='word_1_680' title='bbox 3525 4551 3578 4605; x_wconf 93' lang='lat' dir='ltr'><strong>in</strong></span> <span class='ocrx_word' id='word_1_681' title='bbox 3606 4552 3779 4607; x_wconf 91' lang='lat' dir='ltr'><strong>simili</strong></span> 
     </span>
    </p>
   </div>
   <div class='ocr_carea' id='block_1_110' title="bbox 2170 4638 3780 4715">
    <p class='ocr_par' dir='ltr' id='par_1_110' title="bbox 2170 4638 3780 4715">
     <span class='ocr_line' id='line_1_110' title="bbox 2170 4638 3780 4715; baseline -0.002 -14"><span class='ocrx_word' id='word_1_682' title='bbox 2170 4660 2334 4701; x_wconf 87' lang='lat' dir='ltr'><strong>causa</strong></span> <span class='ocrx_word' id='word_1_683' title='bbox 2365 4645 2581 4714; x_wconf 70' lang='lat' dir='ltr'><strong>scriptae</strong></span> <span class='ocrx_word' id='word_1_684' title='bbox 2609 4638 2866 4715; x_wconf 78' lang='lat' dir='ltr'><strong>Epistolze</strong></span> <span class='ocrx_word' id='word_1_685' title='bbox 2894 4660 3091 4709; x_wconf 83' lang='lat' dir='ltr'><strong>xxcut,</strong></span> <span class='ocrx_word' id='word_1_686' title='bbox 3124 4644 3316 4700; x_wconf 89' lang='lat' dir='ltr'><strong>ordine</strong></span> <span class='ocrx_word' id='word_1_687' title='bbox 3347 4641 3665 4698; x_wconf 87' lang='lat' dir='ltr'><strong>Pameliano</strong></span> <span class='ocrx_word' id='word_1_688' title='bbox 3691 4643 3780 4698; x_wconf 84' lang='lat' dir='ltr'><strong>lo-</strong></span> 
     </span>
    </p>
   </div>
   <div class='ocr_carea' id='block_1_111' title="bbox 2170 4737 3781 4804">
    <p class='ocr_par' dir='ltr' id='par_1_111' title="bbox 2170 4737 3781 4804">
     <span class='ocr_line' id='line_1_111' title="bbox 2170 4737 3781 4804; baseline -0.003 -6"><span class='ocrx_word' id='word_1_689' title='bbox 2170 4750 2339 4804; x_wconf 70' lang='lat' dir='ltr'><strong>catae,</strong></span> <span class='ocrx_word' id='word_1_690' title='bbox 2369 4755 2439 4795; x_wconf 81' lang='lat' dir='ltr'><strong>ex</strong></span> <span class='ocrx_word' id='word_1_691' title='bbox 2464 4738 2594 4794; x_wconf 87' lang='lat' dir='ltr'><strong>edit.</strong></span> <span class='ocrx_word' id='word_1_692' title='bbox 2623 4737 2977 4794; x_wconf 88' lang='lat' dir='ltr'><strong>Goulartiaua</strong></span> <span class='ocrx_word' id='word_1_693' title='bbox 3027 4739 3081 4794; x_wconf 93' lang='lat' dir='ltr'><strong>in</strong></span> <span class='ocrx_word' id='word_1_694' title='bbox 3121 4739 3391 4793; x_wconf 90' lang='lat' dir='ltr'><strong>secliones</strong></span> <span class='ocrx_word' id='word_1_695' title='bbox 3439 4737 3626 4792; x_wconf 77' lang='lat' dir='ltr'><strong>divisae</strong></span> <span class='ocrx_word' id='word_1_696' title='bbox 3651 4778 3666 4802; x_wconf 97' lang='lat'><strong>,</strong></span> <span class='ocrx_word' id='word_1_697' title='bbox 3723 4747 3781 4793; x_wconf 90' lang='lat' dir='ltr'><strong>et</strong></span> 
     </span>
    </p>
   </div>
   <div class='ocr_carea' id='block_1_112' title="bbox 2171 4829 3780 4902">
    <p class='ocr_par' dir='ltr' id='par_1_112' title="bbox 2171 4829 3780 4902">
     <span class='ocr_line' id='line_1_112' title="bbox 2171 4829 3780 4902; baseline -0.005 -13"><span class='ocrx_word' id='word_1_698' title='bbox 2171 4846 2298 4889; x_wconf 89' lang='lat' dir='ltr'><strong>cum</strong></span> <span class='ocrx_word' id='word_1_699' title='bbox 2327 4832 2387 4888; x_wconf 92' lang='lat' dir='ltr'><strong>S.</strong></span> <span class='ocrx_word' id='word_1_700' title='bbox 2431 4829 2720 4901; x_wconf 84' lang='lat' dir='ltr'><strong>Augustini</strong></span> <span class='ocrx_word' id='word_1_701' title='bbox 2753 4829 2820 4885; x_wconf 89' lang='lat' dir='ltr'><strong>ad</strong></span> <span class='ocrx_word' id='word_1_702' title='bbox 2862 4830 3120 4902; x_wconf 90' lang='lat' dir='ltr'><strong>Cypriani</strong></span> <span class='ocrx_word' id='word_1_703' title='bbox 3161 4838 3478 4901; x_wconf 82' lang='lat' dir='ltr'><strong>argumenta</strong></span> <span class='ocrx_word' id='word_1_704' title='bbox 3525 4829 3593 4885; x_wconf 91' lang='lat' dir='ltr'><strong>de</strong></span> <span class='ocrx_word' id='word_1_705' title='bbox 3637 4829 3780 4900; x_wconf 88' lang='lat' dir='ltr'><strong>Bap-</strong></span> 
     </span>
    </p>
   </div>
   <div class='ocr_carea' id='block_1_113' title="bbox 2171 4923 3776 4993">
    <p class='ocr_par' dir='ltr' id='par_1_113' title="bbox 2171 4923 3776 4993">
     <span class='ocr_line' id='line_1_113' title="bbox 2171 4923 3776 4993; baseline -0.001 -14"><span class='ocrx_word' id='word_1_706' title='bbox 2171 4926 2333 4980; x_wconf 89' lang='lat' dir='ltr'><strong>tismo</strong></span> <span class='ocrx_word' id='word_1_707' title='bbox 2371 4923 2750 4979; x_wconf 79' lang='lat' dir='ltr'><strong>hzereticorum</strong></span> <span class='ocrx_word' id='word_1_708' title='bbox 2785 4923 3231 4993; x_wconf 88' lang='lat' dir='ltr'><strong>responsionibus</strong></span> <span class='ocrx_word' id='word_1_709' title='bbox 3261 4939 3359 4978; x_wconf 91' lang='lat' dir='ltr'><strong>suo</strong></span> <span class='ocrx_word' id='word_1_710' title='bbox 3390 4924 3510 4978; x_wconf 91' lang='lat' dir='ltr'><strong>loco</strong></span> <span class='ocrx_word' id='word_1_711' title='bbox 3541 4923 3776 4993; x_wconf 82' lang='lat' dir='ltr'><strong>subjun-</strong></span> 
     </span>
    </p>
   </div>
   <div class='ocr_carea' id='block_1_114' title="bbox 2173 5012 3778 5084">
    <p class='ocr_par' dir='ltr' id='par_1_114' title="bbox 2173 5012 3778 5084">
     <span class='ocr_line' id='line_1_114' title="bbox 2173 5012 3778 5084; baseline 0 -14"><span class='ocrx_word' id='word_1_712' title='bbox 2173 5016 2310 5083; x_wconf 90' lang='lat' dir='ltr'><strong>ctis,</strong></span> <span class='ocrx_word' id='word_1_713' title='bbox 2339 5015 2503 5071; x_wconf 85' lang='lat' dir='ltr'><strong>variis</strong></span> <span class='ocrx_word' id='word_1_714' title='bbox 2533 5015 2697 5070; x_wconf 88' lang='lat' dir='ltr'><strong>etiam</strong></span> <span class='ocrx_word' id='word_1_715' title='bbox 2729 5012 2979 5082; x_wconf 84' lang='lat' dir='ltr'><strong>Pamelii,</strong></span> <span class='ocrx_word' id='word_1_716' title='bbox 3029 5014 3270 5084; x_wconf 82' lang='lat' dir='ltr'><strong>Rigaltii,</strong></span> <span class='ocrx_word' id='word_1_717' title='bbox 3313 5015 3652 5082; x_wconf 85' lang='lat' dir='ltr'><strong>aliorumque</strong></span> <span class='ocrx_word' id='word_1_718' title='bbox 3701 5014 3778 5070; x_wconf 89' lang='lat' dir='ltr'><strong>le-</strong></span> 
     </span>
    </p>
   </div>
   <div class='ocr_carea' id='block_1_115' title="bbox 2173 5108 3774 5179">
    <p class='ocr_par' dir='ltr' id='par_1_115' title="bbox 2173 5108 3774 5179">
     <span class='ocr_line' id='line_1_115' title="bbox 2173 5108 3774 5179; baseline -0.004 -13"><span class='ocrx_word' id='word_1_719' title='bbox 2173 5109 2442 5166; x_wconf 91' lang='lat' dir='ltr'><strong>ctionibus</strong></span> <span class='ocrx_word' id='word_1_720' title='bbox 2467 5119 2521 5164; x_wconf 90' lang='lat' dir='ltr'><strong>et</strong></span> <span class='ocrx_word' id='word_1_721' title='bbox 2559 5109 2910 5179; x_wconf 87' lang='lat' dir='ltr'><strong>conjecturis,</strong></span> <span class='ocrx_word' id='word_1_722' title='bbox 2948 5119 3004 5162; x_wconf 91' lang='lat' dir='ltr'><strong>ut</strong></span> <span class='ocrx_word' id='word_1_723' title='bbox 3038 5118 3092 5164; x_wconf 91' lang='lat' dir='ltr'><strong>et</strong></span> <span class='ocrx_word' id='word_1_724' title='bbox 3126 5108 3368 5164; x_wconf 88' lang='lat' dir='ltr'><strong>Gratiani</strong></span> <span class='ocrx_word' id='word_1_725' title='bbox 3398 5109 3448 5162; x_wconf 92' lang='lat' dir='ltr'><strong>in</strong></span> <span class='ocrx_word' id='word_1_726' title='bbox 3499 5108 3733 5164; x_wconf 89' lang='lat' dir='ltr'><strong>Decreto</strong></span> <span class='ocrx_word' id='word_1_727' title='bbox 3756 5148 3774 5177; x_wconf 92' lang='lat'><strong>,</strong></span> 
     </span>
    </p>
   </div>
   <div class='ocr_carea' id='block_1_116' title="bbox 2175 5201 3780 5273">
    <p class='ocr_par' dir='ltr' id='par_1_116' title="bbox 2175 5201 3780 5273">
     <span class='ocr_line' id='line_1_116' title="bbox 2175 5201 3780 5273; baseline -0.001 -13"><span class='ocrx_word' id='word_1_728' title='bbox 2175 5203 2462 5260; x_wconf 91' lang='lat' dir='ltr'><strong>Lombardi</strong></span> <span class='ocrx_word' id='word_1_729' title='bbox 2494 5204 2546 5259; x_wconf 92' lang='lat' dir='ltr'><strong>in</strong></span> <span class='ocrx_word' id='word_1_730' title='bbox 2578 5203 2728 5258; x_wconf 90' lang='lat' dir='ltr'><strong>libris</strong></span> <span class='ocrx_word' id='word_1_731' title='bbox 2754 5202 3188 5269; x_wconf 84' lang='lat' dir='ltr'><strong>Sententiarum,</strong></span> <span class='ocrx_word' id='word_1_732' title='bbox 3224 5217 3285 5257; x_wconf 91' lang='lat' dir='ltr'><strong>ac</strong></span> <span class='ocrx_word' id='word_1_733' title='bbox 3335 5201 3560 5257; x_wconf 61' lang='lat' dir='ltr'><strong>Thomas</strong></span> <span class='ocrx_word' id='word_1_734' title='bbox 3607 5204 3780 5273; x_wconf 84' lang='lat' dir='ltr'><strong>Aqui-</strong></span> 
     </span>
    </p>
   </div>
   <div class='ocr_carea' id='block_1_117' title="bbox 2174 5296 3779 5368">
    <p class='ocr_par' dir='ltr' id='par_1_117' title="bbox 2174 5296 3779 5368">
     <span class='ocr_line' id='line_1_117' title="bbox 2174 5296 3779 5368; baseline -0.001 -14"><span class='ocrx_word' id='word_1_735' title='bbox 2174 5299 2316 5354; x_wconf 88' lang='lat' dir='ltr'><strong>natis</strong></span> <span class='ocrx_word' id='word_1_736' title='bbox 2344 5298 2396 5352; x_wconf 92' lang='lat' dir='ltr'><strong>in</strong></span> <span class='ocrx_word' id='word_1_737' title='bbox 2427 5297 2648 5354; x_wconf 89' lang='lat' dir='ltr'><strong>Summa</strong></span> <span class='ocrx_word' id='word_1_738' title='bbox 2679 5298 2968 5368; x_wconf 75' lang='lat' dir='ltr'><strong>theologia:</strong></span> <span class='ocrx_word' id='word_1_739' title='bbox 2999 5296 3416 5367; x_wconf 81' lang='lat' dir='ltr'><strong>allegationibus</strong></span> <span class='ocrx_word' id='word_1_740' title='bbox 3451 5297 3502 5352; x_wconf 92' lang='lat' dir='ltr'><strong>in</strong></span> <span class='ocrx_word' id='word_1_741' title='bbox 3533 5297 3779 5368; x_wconf 83' lang='lat' dir='ltr'><strong>margine</strong></span> 
     </span>
    </p>
   </div>
   <div class='ocr_carea' id='block_1_118' title="bbox 2176 5391 3776 5463">
    <p class='ocr_par' dir='ltr' id='par_1_118' title="bbox 2176 5391 3776 5463">
     <span class='ocr_line' id='line_1_118' title="bbox 2176 5391 3776 5463; baseline -0.003 -12"><span class='ocrx_word' id='word_1_742' title='bbox 2176 5393 2398 5458; x_wconf 90' lang='lat' dir='ltr'><strong>notatis,</strong></span> <span class='ocrx_word' id='word_1_743' title='bbox 2419 5401 2473 5448; x_wconf 93' lang='lat' dir='ltr'><strong>et</strong></span> <span class='ocrx_word' id='word_1_744' title='bbox 2499 5393 2703 5463; x_wconf 83' lang='lat' dir='ltr'><strong>aliquot</strong></span> <span class='ocrx_word' id='word_1_745' title='bbox 2735 5392 2966 5461; x_wconf 89' lang='lat' dir='ltr'><strong>denique</strong></span> <span class='ocrx_word' id='word_1_746' title='bbox 2995 5393 3214 5446; x_wconf 84' lang='lat' dir='ltr'><strong>utilibus</strong></span> <span class='ocrx_word' id='word_1_747' title='bbox 3246 5391 3520 5462; x_wconf 85' lang='lat' dir='ltr'><strong>judicibus</strong></span> <span class='ocrx_word' id='word_1_748' title='bbox 3547 5393 3776 5447; x_wconf 90' lang='lat' dir='ltr'><strong>seorsim</strong></span> 
     </span>
    </p>
   </div>
   <div class='ocr_carea' id='block_1_119' title="bbox 2176 5484 3775 5556">
    <p class='ocr_par' dir='ltr' id='par_1_119' title="bbox 2176 5484 3775 5556">
     <span class='ocr_line' id='line_1_119' title="bbox 2176 5484 3775 5556; baseline -0.003 -12"><span class='ocrx_word' id='word_1_749' title='bbox 2176 5488 2334 5544; x_wconf 77' lang='lat' dir='ltr'><strong>editae</strong></span> <span class='ocrx_word' id='word_1_750' title='bbox 2382 5487 2558 5542; x_wconf 86' lang='lat' dir='ltr'><strong>studio</strong></span> <span class='ocrx_word' id='word_1_751' title='bbox 2606 5485 2765 5541; x_wconf 71' lang='lat' dir='ltr'><strong>Luete</strong></span> <span class='ocrx_word' id='word_1_752' title='bbox 2823 5484 2971 5540; x_wconf 85' lang='lat' dir='ltr'><strong>Frid.</strong></span> <span class='ocrx_word' id='word_1_753' title='bbox 3040 5485 3374 5551; x_wconf 76' lang='lat' dir='ltr'><strong>Reinbardi,</strong></span> <span class='ocrx_word' id='word_1_754' title='bbox 3431 5484 3666 5556; x_wconf 87' lang='lat' dir='ltr'><strong>theologi</strong></span> <span class='ocrx_word' id='word_1_755' title='bbox 3724 5486 3775 5540; x_wconf 91' lang='lat' dir='ltr'><strong>in</strong></span> 
     </span>
    </p>
   </div>
   <div class='ocr_carea' id='block_1_120' title="bbox 2177 5576 3779 5647">
    <p class='ocr_par' dir='ltr' id='par_1_120' title="bbox 2177 5576 3779 5647">
     <span class='ocr_line' id='line_1_120' title="bbox 2177 5576 3779 5647; baseline -0.004 -11"><span class='ocrx_word' id='word_1_756' title='bbox 2177 5580 2536 5636; x_wconf 84' lang='lat' dir='ltr'><strong>Universitate</strong></span> <span class='ocrx_word' id='word_1_757' title='bbox 2555 5577 2752 5633; x_wconf 75' lang='lat' dir='ltr'><strong>Altori’.</strong></span> <span class='ocrx_word' id='word_1_758' title='bbox 2775 5577 2834 5632; x_wconf 85' lang='lat' dir='ltr'><strong>P.</strong></span> <span class='ocrx_word' id='word_1_759' title='bbox 2857 5578 2944 5644; x_wconf 91' lang='lat' dir='ltr'><strong>P.,</strong></span> <span class='ocrx_word' id='word_1_760' title='bbox 2970 5587 3078 5631; x_wconf 82' lang='lat' dir='ltr'><strong>etc.</strong></span> <span class='ocrx_word' id='word_1_761' title='bbox 3109 5578 3310 5632; x_wconf 80' lang='lat' dir='ltr'><strong>Textus</strong></span> <span class='ocrx_word' id='word_1_762' title='bbox 3330 5577 3404 5630; x_wconf 89' lang='lat' dir='ltr'><strong>uti</strong></span> <span class='ocrx_word' id='word_1_763' title='bbox 3423 5576 3556 5632; x_wconf 90' lang='lat' dir='ltr'><strong>ordo</strong></span> <span class='ocrx_word' id='word_1_764' title='bbox 3578 5577 3779 5647; x_wconf 87' lang='lat' dir='ltr'><strong>episto-</strong></span> 
     </span>
    </p>
   </div>
   <div class='ocr_carea' id='block_1_121' title="bbox 2177 5670 3779 5740">
    <p class='ocr_par' dir='ltr' id='par_1_121' title="bbox 2177 5670 3779 5740">
     <span class='ocr_line' id='line_1_121' title="bbox 2177 5670 3779 5740; baseline -0.003 -13"><span class='ocrx_word' id='word_1_765' title='bbox 2177 5671 2350 5727; x_wconf 87' lang='lat' dir='ltr'><strong>laruut</strong></span> <span class='ocrx_word' id='word_1_766' title='bbox 2379 5680 2462 5725; x_wconf 92' lang='lat' dir='ltr'><strong>est</strong></span> <span class='ocrx_word' id='word_1_767' title='bbox 2491 5671 2854 5736; x_wconf 85' lang='lat' dir='ltr'><strong>Pamelianus,</strong></span> <span class='ocrx_word' id='word_1_768' title='bbox 2912 5670 3110 5726; x_wconf 86' lang='lat' dir='ltr'><strong>additis</strong></span> <span class='ocrx_word' id='word_1_769' title='bbox 3157 5671 3210 5726; x_wconf 91' lang='lat' dir='ltr'><strong>in</strong></span> <span class='ocrx_word' id='word_1_770' title='bbox 3261 5671 3500 5740; x_wconf 84' lang='lat' dir='ltr'><strong>margine</strong></span> <span class='ocrx_word' id='word_1_771' title='bbox 3547 5670 3779 5725; x_wconf 84' lang='lat' dir='ltr'><strong>varieta-</strong></span> 
     </span>
    </p>
   </div>
   <div class='ocr_carea' id='block_1_122' title="bbox 2181 5763 3772 5835">
    <p class='ocr_par' dir='ltr' id='par_1_122' title="bbox 2181 5763 3772 5835">
     <span class='ocr_line' id='line_1_122' title="bbox 2181 5763 3772 5835; baseline 0.001 -19"><span class='ocrx_word' id='word_1_772' title='bbox 2181 5763 2320 5818; x_wconf 88' lang='lat' dir='ltr'><strong>tibus</strong></span> <span class='ocrx_word' id='word_1_773' title='bbox 2345 5766 2583 5819; x_wconf 89' lang='lat' dir='ltr'><strong>omnium</strong></span> <span class='ocrx_word' id='word_1_774' title='bbox 2627 5763 2740 5821; x_wconf 79' lang='lat' dir='ltr'><strong>fere</strong></span> <span class='ocrx_word' id='word_1_775' title='bbox 2769 5763 2931 5821; x_wconf 92' lang='lat' dir='ltr'><strong>codd.</strong></span> <span class='ocrx_word' id='word_1_776' title='bbox 2959 5763 3101 5835; x_wconf 89' lang='lat' dir='ltr'><strong>apud</strong></span> <span class='ocrx_word' id='word_1_777' title='bbox 3133 5763 3451 5832; x_wconf 88' lang='lat' dir='ltr'><strong>Pamelium,</strong></span> <span class='ocrx_word' id='word_1_778' title='bbox 3486 5763 3772 5834; x_wconf 81' lang='lat' dir='ltr'><strong>Rigaltium</strong></span> 
     </span>
    </p>
   </div>
   <div class='ocr_carea' id='block_1_123' title="bbox 2179 5853 3774 5914">
    <p class='ocr_par' dir='ltr' id='par_1_123' title="bbox 2179 5853 3774 5914">
     <span class='ocr_line' id='line_1_123' title="bbox 2179 5853 3774 5914; baseline -0.005 0"><span class='ocrx_word' id='word_1_779' title='bbox 2179 5866 2233 5914; x_wconf 86' lang='lat' dir='ltr'><strong>et</strong></span> <span class='ocrx_word' id='word_1_780' title='bbox 2282 5855 2614 5914; x_wconf 86' lang='lat' dir='ltr'><strong>Goulartium</strong></span> <span class='ocrx_word' id='word_1_781' title='bbox 2691 5858 2886 5914; x_wconf 87' lang='lat' dir='ltr'><strong>obviis.</strong></span> <span class='ocrx_word' id='word_1_782' title='bbox 2949 5857 3195 5914; x_wconf 90' lang='lat' dir='ltr'><strong>Plurium</strong></span> <span class='ocrx_word' id='word_1_783' title='bbox 3246 5870 3438 5913; x_wconf 90' lang='lat' dir='ltr'><strong>mss.e</strong></span> <span class='ocrx_word' id='word_1_784' title='bbox 3491 5853 3774 5912; x_wconf 80' lang='lat' dir='ltr'><strong>Germania</strong></span> 
     </span>
    </p>
   </div>
  </div>
