3982 6310
258 303 431 353 Lxxxt

259 401 672 460 obtinendorum
741 400 1014 460 desiderio
1066 417 1127 461 se
1173 404 1467 477 ﬂagrasse,
1524 407 1600 464 ait
1645 409 1856 479 editor;

258 514 446 555 omnes
473 507 653 553 autem
686 498 942 567 fautores,
974 514 1113 571 quos
1133 516 1199 557 eo
1216 502 1436 558 nomine
1464 503 1857 575 interpellaret,

1692 290 2081 353 PRIEFATIO.

3372 314 3566 364 LXXXII

1965 413 2086 467 latzc
2114 425 2235 467 cum
2276 410 2749 471 observationibus
2777 412 3054 472 historicis
3079 423 3241 488 atque
3262 419 3565 475 moralibus

1963 521 1991 559 a
2023 505 2381 562 celeberrimo
2404 505 2654 574 Leulant,
2683 517 2906 565 auctore
2933 508 3187 565 Historia:
3207 510 3563 567 conciliorum

254 592 566 649 eorumdem
591 604 817 665 questos
844 609 966 651 esse
995 596 1269 666 inopiam;
1299 598 1576 668 accepisse
1601 607 1783 654 tamen
1829 613 1862 654 e
1961 597 2139 654 Pisani
2158 642 2171 662 ,
2203 598 2607 657 Contantiensis
2636 616 2700 659 ac
2728 601 3079 659 Basileensis.
3119 601 3392 677 (Catalog.
3439 604 3560 662 bibl.

256 683 392 739 bibl.
418 683 867 758 Norimbergensi
910 687 1140 744 utendas
1182 688 1449 745 editiones
1480 689 1777 745 Romanam
1806 698 1862 746 et

255 777 516 835 Venetam
549 780 710 847 1471,
755 791 811 837 et
842 781 1265 849 innominatam;
1307 798 1440 855 quas
1469 784 1658 840 saltem
1698 799 1862 840 excu-

254 879 371 927 tere
418 871 699 930 debuisset
728 873 997 941 curiosis,
1048 891 1344 948 earumque
1371 877 1552 933 varias
1596 877 1861 934 lectiones

252 965 507 1020 disertius
549 966 817 1024 indicare.
851 966 980 1023 Haec
1007 968 1194 1035 editio,
1236 968 1419 1039 judice
1440 970 1696 1043 ‘Dupinio,
1726 969 1861 1026 nihil

253 1058 444 1126 habet,
489 1060 634 1131 quod
666 1061 724 1116 in
773 1062 895 1117 aliis
938 1078 1045 1117 non
1076 1062 1401 1132 inveniatur,
1456 1064 1561 1120 nisi
1608 1063 1752 1136 quod
1791 1079 1859 1121 ex

254 1155 390 1213 bene
412 1157 599 1215 multis
624 1158 1011 1230 manuscriptis
1041 1160 1312 1217 recensita
1336 1160 1430 1217 sit.

746 1352 757 1364 τ
870 1290 1113 1336 CLASSIS
1153 1290 1243 1337 VI.

744 1374 1007 1433 Editiones
1036 1377 1371 1433 Oxonienses.

968 1470 1131 1528 1682.

324 1562 525 1619 (Junii
543 1605 560 1633 ,
598 1580 628 1618 ε
668 1564 867 1619 theatro
894 1564 1303 1632 Scheldoniano,
1341 1564 1494 1635 in-l'“,
1521 1566 1581 1624 S.
1602 1563 1860 1639 Cypriani

254 1657 433 1729 Opera
488 1656 768 1729 recognita
798 1666 853 1714 et
881 1657 1150 1714 illustrata
1195 1672 1294 1729 per
1341 1658 1605 1717 Joannem
1649 1657 1859 1715 Fellum

259 1750 624 1808 Oxoniensem
667 1752 1004 1824 episcopum.
1037 1751 1321 1808 Accedunt
1347 1753 1585 1810 Annales
1631 1752 1858 1826 Cypria-

256 1843 377 1910 niei,
418 1845 538 1900 sive
584 1844 846 1902 tredecim
894 1860 1163 1902 annorum
1209 1845 1407 1917 quibus
1451 1845 1507 1902 S.
1557 1845 1860 1918 Cyprianus

257 1937 392 1994 inter
434 1938 780 1995 Christianos
804 1948 1054 1997 versatus
1085 1948 1189 2007 est,
1236 1939 1419 1997 brevis
1448 1938 1672 1996 historia
1699 1939 1863 1997 chro-

256 2032 509 2105 nologice
528 2032 800 2090 delineata
839 2050 937 2106 per
964 2033 1229 2091 Joannem
1255 2033 1646 2090 Cestriensem.
1677 2033 1861 2091 Prima

254 2126 419 2197 hujus
462 2126 723 2184 editionis
767 2127 866 2184 dos
911 2137 1045 2194 est,
1094 2128 1237 2199 quod
1280 2136 1544 2184 tractatus
1589 2127 1863 2200 Cypriano

255 2218 529 2289 suppositi
559 2231 615 2274 et
645 2234 675 2275 a
698 2219 966 2291 prioribus
987 2220 1148 2276 etiam
1172 2220 1472 2277 editoribus
1508 2221 1662 2293 quasi
1691 2221 1862 2292 gradu

256 2312 503 2369 submoti
533 2322 590 2369 et
627 2314 860 2370 seorsim
891 2314 1141 2386 repositi,
1171 2315 1453 2372 ita‘tamen
1473 2358 1491 2384 ,
1522 2323 1689 2372 utaut
1715 2331 1864 2387 quaa-

258 2405 497 2462 stionem
539 2405 611 2461 de
661 2414 808 2462 statu
843 2422 1030 2462 eorum
1080 2408 1338 2463 intactam
1385 2409 1743 2479 prmterirent,
1774 2417 1867 2465 aut

265 2516 353 2572 pro
377 2500 660 2572 aliquibus
691 2501 792 2573 ipsi
820 2499 1199 2572 lidejuberent,
1240 2512 1298 2558 ut
1320 2502 1615 2572 Pamelius,
1644 2520 1867 2575 prorsus

264 2603 383 2649 sunt
432 2609 505 2650 ex
555 2594 768 2665 reliquo
817 2598 1145 2665 scriptorum
1194 2610 1423 2652 numero
1473 2596 1769 2665 eliminati;
1800 2612 1871 2654 ne

268 2701 386 2743 vero
445 2702 477 2741 a
526 2686 849 2759 quibusdam
905 2687 1693 2757 lectoribusgdesiderarentur
1751 2688 1871 2745 uni-

264 2784 431 2849 versi,
461 2797 588 2839 cum
644 2781 865 2838 ineditis
884 2782 1066 2849 adhuc
1112 2782 1432 2854 quibusdam
1478 2784 1598 2839 aliis
1641 2784 1872 2841 seorsim

264 2875 458 2933 excudi
484 2875 696 2932 curavit
724 2875 921 2943 editor,
952 2876 1047 2932 tali
1070 2876 1233 2932 etiam
1256 2874 1450 2942 forma,
1474 2885 1533 2932 ut
1551 2891 1673 2932 cum
1700 2876 1873 2948 gemi-

264 2969 345 3025 nis
367 2968 665 3025 commode
704 2968 856 3040 jungi
900 2978 1143 3041 possent.
1192 2968 1345 3036 Quod
1391 2967 1459 3023 ad
1488 2968 1720 3040 genuina
1766 2968 1869 3026 ista

266 3074 501 3136 spectat,
534 3063 808 3136 Epistolas
836 3079 979 3119 novo
1006 3079 1069 3120 ac
1090 3063 1249 3135 longe
1273 3077 1305 3120 a
1327 3063 1551 3119 Pamelii
1572 3061 1872 3120 dissidente

269 3159 456 3216 ordine
507 3158 767 3230 digessit;
815 3158 1288 3224 annotationibus,
1343 3173 1466 3229 quae
1526 3156 1871 3214 commodea

265 3252 641 3323 superioribus
666 3250 986 3317 editoribus,
1030 3252 1084 3307 in
1130 3250 1319 3321 primis
1347 3264 1379 3306 a
1405 3250 1662 3323 Rigaltio,
1694 3248 1878 3307 consi-

263 3354 439 3415 gnatae
485 3351 666 3409 erant,
698 3344 833 3415 ipsis
862 3359 1052 3400 eorum
1082 3342 1264 3399 verbis
1286 3384 1303 3409 ,
1345 3342 1662 3400 charactere
1691 3352 1873 3399 tamen

265 3436 534 3509 peculiari
561 3434 851 3507 descriptis
897 3450 1020 3490 suas
1069 3434 1296 3503 addidit,
1323 3434 1390 3492 de
1414 3435 1611 3506 quibus
1640 3435 1757 3493 fere
1783 3436 1870 3491 ni-

265 3531 361 3585 mis
379 3528 639 3585 modeste
655 3527 841 3595 sentit,
859 3528 1158 3584 admonens
1170 3528 1332 3584 etiam
1356 3528 1614 3596 lectores,
1632 3537 1710 3597 ut,
1729 3529 1771 3585 si
1786 3532 1875 3587 cui

265 3622 401 3680 forte
435 3622 694 3694 Cypriani
726 3621 938 3694 placitis
973 3621 1225 3678 videatur
1265 3636 1421 3694 aequo
1451 3621 1741 3693 addictior,
1778 3638 1874 3680 re-

265 3724 462 3787 putent
481 3731 542 3773 se
568 3725 728 3772 notas
755 3715 823 3771 ad
850 3714 1180 3788 Cyprianum
1201 3730 1307 3771 non
1336 3716 1388 3772 in
1407 3731 1531 3772 eum
1561 3717 1870 3787 scripsisse.

266 3806 477 3865 Tutelae
516 3805 791 3879 quoddam
820 3822 991 3878 genus
1018 3808 1297 3878 suscipere
1320 3808 1608 3874 editorem,
1635 3823 1737 3863 nec
1760 3821 1879 3878 pro-

266 3906 443 3973 priam
491 3901 728 3957 liberare
758 3900 943 3969 Iidem,
970 3900 1073 3956 nisi
1116 3901 1467 3967 auctoris‘sui
1512 3910 1744 3959 tueatur.
1790 3900 1875 3956 Ad

267 4000 646 4072 dispositionis
677 3998 862 4055 laudes
905 4000 1159 4070 pertinet,
1198 3999 1342 4071 quod
1373 3997 1571 4070 insigni
1614 4000 1875 4055 lectorum

269 4094 566 4151 commodo
617 4094 790 4149 textui
841 4094 1006 4149 varite
1058 4093 1323 4149 lectiones
1377 4092 1634 4163 primum,
1676 4091 1877 4147 deinde

270 4194 528 4243 annotata
556 4184 948 4257 subjiciantur;
978 4192 1243 4256 praeterea
1264 4191 1445 4240 textus
1465 4185 1582 4254 ipse
1606 4184 1659 4239 in
1685 4183 1879 4239 breves

274 4280 645 4353 paragrapbos
682 4277 966 4334 distinctus
1009 4277 1346 4349 singulisque
1381 4292 1569 4333 eorum
1607 4286 1736 4332 sunt
1780 4274 1879 4332 ad-

274 4371 436 4442 juncti
499 4370 727 4427 indiculi
780 4370 1125 4443 marginales.
1160 4368 1366 4425 Prmter
1409 4385 1469 4426 ea
1521 4385 1641 4441 qum
1692 4369 1877 4425 titulus

273 4468 583 4537 pollicetur,
619 4466 887 4538 praemissi
929 4474 1055 4521 sunt
1080 4464 1217 4520 Vita:
1238 4462 1495 4536 Cypriani
1533 4464 1742 4522 indices
1770 4463 1876 4519 Pa-

271 4561 491 4618 meliani
540 4575 665 4617 cum
710 4559 979 4615 iudicibus
1029 4566 1413 4614 contentorum
1445 4598 1461 4625 ,
1506 4556 1704 4628 quibus
1756 4555 1876 4613 edi-

274 4655 448 4711 tiones
478 4654 717 4719 Erasmi,
749 4652 993 4720 Manutii,
1020 4652 1243 4709 Pamelii
1272 4660 1328 4707 et
1366 4650 1691 4707 Oxoniensis
1736 4649 1879 4706 inter

270 4763 329 4804 se
376 4755 789 4819 comparantur.
830 4746 909 4802 De
946 4746 1123 4802 nitore
1166 4752 1223 4801 et
1263 4756 1456 4802 ornatu
1491 4744 1879 4818 typographico

269 4839 433 4912 hujus
456 4839 715 4896 editionis
741 4854 966 4895 monere
991 4837 1346 4910 supersedeo.

1006 4933 1167 4989 4684.

352 5027 504 5084 ναῖε.
566 5027 744 5083 italica
783 5025 851 5083 V.
913 5026 1200 5084 Tractatus
1245 5027 1508 5085 adversus
1555 5026 1878 5084 feminarum

270 5121 461 5179 luxum
492 5132 783 5194 excerptas
809 5138 877 5178 ex
902 5122 1042 5179 libro
1075 5123 1141 5178 de
1169 5123 1460 5193 Disciplina
1480 5133 1534 5179 et
1555 5122 1737 5179 habitu
1754 5122 1876 5179 Vir-

272 5215 463 5286 ginum
502 5214 685 5271 italico
721 5213 991 5284 redditus,
1033 5222 1172 5271 teste
1198 5214 1445 5272 Eudoxio
1470 5214 1739 5287 l’hilenio,
1766 5215 1878 5273 Ro-

274 5323 405 5376 mae,
434 5324 505 5366 ex
532 5306 888 5381 typograpbia
911 5308 977 5364 Β.
1009 5308 1070 5364 C.
1095 5310 1163 5364 Α.

986 5400 1149 5460 1684.

349 5493 751 5552 Dissertationes
776 5493 1098 5568 Cyprianicaz
1124 5495 1192 5551 ab
1220 5494 1456 5552 Henrico
1488 5495 1762 5553 Dodwell.
1811 5497 1881 5554 A.

275 5583 352 5645 Μ.
379 5588 735 5658 Dubliniensi,
754 5588 999 5657 Oxoniae,
1023 5607 1055 5646 e
1074 5590 1285 5648 theatro
1301 5589 1879 5662 Sheldoniano,in-l‘2.

1001 5682 1161 5740 1688.

425 5773 595 5833 Venio
614 5774 817 5832 Gallica
854 5774 940 5832 Vl.
975 5772 1200 5834 Selectat
1255 5777 1321 5851 Il,
1349 5776 1599 5850 Cypriani
1641 5779 1897 5852 Epistolte

283 5864 358 5926 ad
388 5868 731 5929 conlessores
753 5884 820 5927 ac
840 5877 1107 5944 martyres
1131 5869 1188 5929 iu
1209 5869 1408 5930 idioina
1429 5870 1682 5946 gallicum
1710 5882 1888 5933 trans-

1971 693 2176 750 Bunav.
2208 695 2453 770 Ceiller.)
2694 769 2832 827 1689

2034 856 2158 914 Joh.
2176 858 2371 915 Clerici
2392 858 2746 916 Summarium
2761 862 2878 917 vitta
2895 861 2959 920 S.
2989 862 3257 935 Cypriani,
3277 863 3416 937 quod
3442 880 3565 921 cum

1964 949 2017 1006 in
2052 952 2195 1008 illius
2238 953 2623 1011 bibliothecam
2670 957 2977 1013 universam
3008 957 3123 1027 XII,
3165 959 3292 1028 212,
3334 961 3566 1016 transla-

1967 1051 2078 1099 tum
2126 1053 2295 1114 esset,
2322 1050 2616 1117 separatim
2671 1050 2901 1120 prodiit,
2933 1065 3041 1107 non
3097 1059 3307 1108 tantum
3352 1053 3562 1124 gallice,

1965 1137 2270 1206 Amstelod,
2319 1139 2514 1209 iii-12.,
2570 1141 2667 1198 sed
2718 1143 2880 1199 etiam
2920 1146 3233 1217 germauice
3271 1147 3325 1202 in
3367 1146 3568 1203 Clerici

1965 1227 2191 1285 deutsch
2213 1229 2559 1290 ﬁbersetzten
2608 1233 3020 1293 lebensbescbr.
3070 1237 3280 1309 einiger
3316 1237 3568 1295 kircheuo

1965 1331 2155 1391 vmter,
2183 1339 2309 1395 pag.
2334 1326 2461 1382 158.

2681 1399 2844 1458 1690.

2037 1488 2136 1547 Ep.
2166 1489 2487 1550 Oxomsasrs
2508 1491 2572 1549 II.
2597 1493 2805 1551 Bremte
2825 1536 2841 1563 ,
2867 1504 3089 1568 sumptt.
3122 1495 3308 1554 Herm.
3328 1480 3564 1569 ‘Brauer,

1966 1597 2152 1656 gymn.
2221 1589 2546 1659 typograph.
2592 1590 2914 1646 Oxoniensis
2960 1591 3028 1646 ad
3070 1608 3301 1665 unguem
3349 1609 3566 1651 recusa.

1966 1674 2277 1750 Subjunctis
2306 1680 2571 1739 Dodwelli
2602 1682 2737 1739 Diss.
2772 1682 3134 1757 Cyprianicis.

2689 1774 2845 1831 1694.

2033 1862 2185 1918 Com.
2214 1864 2448 1922 Daniclis
2474 1864 2675 1924 Frichii
2699 1866 2763 1924 de
2798 1866 3113 1927 Libellaticis
3132 1870 3186 1927 in
3210 1870 3447 1929 Ecclesia
3480 1887 3572 1928 ve-

1964 1962 2065 2011 tere
2083 1972 2104 2022 ;
2121 1955 2334 2028 Lipsiae.

2686 2032 2848 2091 1697.

2039 2122 2249 2193 Romre,
2282 2123 2465 2181 in-fol.
2512 2125 2570 2182 8.
2603 2126 2860 2200 Cypriani
2887 2128 3205 2200 opusculum
3247 2129 3317 2187 de
3351 2129 3571 2188 Unitate

1967 2214 2228 2271 Ecclesiae
2269 2217 2549 2274 catholicae
2601 2220 2654 2274 in
2707 2220 2792 2276 Jo.
2846 2220 3072 2278 Thomm
3122 2224 3193 2280 de
3248 2224 3573 2282 Roccaberti

1969 2306 2107 2363 Bibl.
2139 2309 2277 2364 Max.
2306 2310 2508 2367 Pontif.
2542 2312 2728 2379 Rom.,
2759 2323 2798 2368 t.
2827 2331 2898 2381 vt,
2932 2330 2987 2387 p.
3019 2316 3281 2375 905-911.

2690 2405 2853 2463 1699.

2042 2493 2143 2549 Eo.
2171 2494 2491 2553 OXONIENSIS
2520 2495 2611 2555 Ill.
2644 2497 3058 2570 Amstelodami,
3085 2517 3174 2574 ap.
3213 2502 3296 2561 Jo.
3332 2503 3464 2560 Lud.
3506 2503 3575 2563 de

1974 2585 2192 2655 Lorme,
2222 2587 2406 2644 in-fol.
2452 2590 2551 2646 Ed.
2586 2593 2767 2660 tertia,
2797 2595 2884 2650 cui
2910 2594 3109 2652 additae
3135 2597 3571 2655 suntDissertat.

1972 2678 2308 2753 Cyprianicte
2356 2682 2421 2738 ll.
2478 2684 2765 2741 Dodwelli.
2820 2687 3096 2760 Repetitio
3152 2689 3434 2747 Bremensi
3479 2704 3578 2763 per

1974 2773 2156 2829 omnia
2184 2772 2397 2831 similis.

2562 2863 2788 2908 δαίουιο
2825 2865 2977 2907 XVIII.

2048 3012 2148 3069 En.
2173 3013 2497 3073 OXONIENSIS
2522 3016 2613 3085 IV,
2642 2946 2970 3087 Atitfsegl'od”
2999 3018 3150 3090 in-t‘O,
3172 3022 3362 3080 eadem
3394 3037 3457 3081 ac
3486 3040 3578 3082 su-

1973 3120 2092 3178 pra.
2126 3107 2384 3183 (Calalog.
2414 3111 2536 3168 bibl.
2571 3110 2815 3169 Casanat.
2839 3123 2879 3171 t.
2908 3115 2992 3186 ιι.)

2696 3208 2857 3265 1709.

2048 3292 2231 3351 Caecil.
2264 3295 2566 3369 Cyprianus
2595 3300 2664 3359 de
2693 3302 2962 3361 idolorum
2988 3305 3260 3376 Vanitate,
3282 3323 3405 3365 cum
3434 3311 3582 3367 notis

1974 3384 2094 3443 Nic.
2142 3388 2361 3462 Rigaltii
2404 3403 2459 3448 et
2484 3393 2600 3451 Jac.
2637 3396 2920 3466 Gronovii,
2953 3400 3200 3473 Lugduni
3228 3404 3579 3474 Batavorum,

1975 3494 2102 3535 cum
2143 3482 2354 3540 Minutii
2386 3485 2584 3545 Felicis
2611 3488 2869 3563 Octavio,
2900 3509 2956 3565 p.
2981 3496 3249 3554 592-401.
3283 3499 3402 3556 Cat.
3435 3498 3580 3559 Bibl.

1980 3573 2191 3636 Bunav.
2221 3586 2279 3634 et
2299 3577 2546 3651 Tigurin.

2700 3659 2861 3716 1710.

2048 3736 2259 3808 Romae,
2291 3742 2450 3803 in-8°.
2483 3747 2543 3804 S.
2578 3746 2788 3807 Carcilii
2817 3751 3078 3827 Cypriani
3117 3754 3579 3818 Testimoniorum

1978 3834 2044 3891 ad
2059 3836 2342 3903 Quirinum
2371 3841 2513 3899 liber
2528 3846 2791 3902 tertiusiu
2810 3847 3047 3906 Iustitut.
3082 3850 3402 3925 Theologic.
3434 3856 3582 3912 anti-

1979 3944 2134 4000 quor.
2161 3932 2431 4003 Patrum,
2463 3946 2501 3992 t.
2536 3955 2594 4006 II,
2620 3955 2676 4010 p.
2702 3941 2857 4009 4—90,
2885 3958 2951 3999 ex
2977 3946 3334 4017 typographia
3359 3949 3418 4005 S.
3443 3948 3582 4008 Con-

1977 4033 2185 4112 gregat.
2231 4025 2300 4082 de
2341 4027 2575 4100 Propag.
2624 4030 2751 4099 ﬁde,
2798 4033 2994 4092 edente
3035 4036 3098 4092 B.
3124 4036 3366 4112 Josepbo
3412 4041 3584 4102 Maria

1979 4110 2274 4171 Thomasio
2303 4116 2363 4173 8.
2399 4117 2465 4174 Β.
2496 4118 2561 4174 Ε.
2594 4122 2877 4179 cardinali.

2699 4217 2857 4274 1716.

2064 4299 2238 4359 Vcrsia
2290 4307 2479 4378 gallica
2519 4308 2631 4365 Vll.
2688 4309 2810 4368 Prae
2852 4314 3104 4373 omnibus
3148 4320 3410 4389 praeclara
3454 4336 3581 4382 cum

1986 4393 2086 4452 hoc
2115 4399 2270 4456 titulo
2305 4420 2315 4454 :
2348 4401 2443 4458 Les
2465 4403 2693 4462 CEuvres
2718 4407 2781 4462 de
2806 4407 2869 4464 S.
2894 4409 3138 4482 Cyprien,
3166 4415 3351 4485 évéque
3370 4416 3433 4470 de
3451 4416 3585 4472 Car-

1985 4490 2135 4562 thage
2163 4504 2211 4547 et
2235 4504 2453 4567 martyr,
2478 4498 2729 4554 traduites
2759 4517 2822 4555 en
2839 4505 3066 4573 franpais
3095 4523 3189 4576 par
3210 4505 3390 4562 Pierre
3409 4507 3572 4564 Lom-

1982 4583 2133 4653 bard,
2159 4604 2278 4644 avec
2313 4590 2401 4645 des
2428 4608 2758 4665 remarques;
2788 4612 2885 4651 une
2911 4599 3141 4654 nouvelle
3175 4598 3265 4654 Vie
3290 4599 3356 4656 de
3384 4600 3445 4657 S.
3475 4600 3582 4674 Cy-

1983 4681 2151 4751 prien,
2180 4682 2304 4737 tirée
2342 4684 2405 4739 de
2446 4702 2526 4742 ses
2551 4687 2724 4756 écrits,
2780 4700 2827 4745 et
2878 4708 2976 4747 une
3011 4692 3146 4748 table
3190 4696 3276 4750 des
3321 4695 3580 4752 mulieres.

1983 4772 2268 4842 Rothom.,
2295 4776 2464 4834 iit-4".

2698 4855 2857 4912 1717.

1988 4988 1996 4999 .
2059 4938 2139 4996 La
2179 4940 2266 4999 Vie
2290 4944 2353 4999 de
2372 4944 2435 5002 S.
2461 4942 2705 5020 Cyprien,
2737 4951 2947 5009 docteur
2975 4955 3038 5009 de
3056 4940 3290 5029 l’E‘glise,
3318 4957 3502 5031 évéque
3522 4959 3589 5017 de

1981 5032 2236 5110 Carthage
2263 5048 2310 5094 et
2340 5052 2555 5114 martyr,
2589 5044 2720 5102 dans
2747 5047 2970 5117 laquelle
2996 5066 3063 5105 on
3089 5060 3326 5109 lrouvera
3354 5055 3584 5128 l’abrégé

1981 5129 2071 5185 des
2094 5147 2340 5205 ouvrages
2390 5135 2455 5190 de
2482 5152 2539 5191 ce
2567 5136 2722 5207 Pére,
2756 5141 2845 5196 des
2869 5153 3015 5198 notes
3039 5145 3282 5217 critique:
3326 5160 3371 5203 et
3421 5149 3588 5206 histo-

1985 5225 2154 5291 riques
2185 5233 2232 5280 et
2260 5226 2348 5281 des
2373 5227 2723 5287 dissertations
2745 5233 3092 5308 théologiques
3122 5256 3211 5294 sur
3238 5240 3310 5295 les
3338 5241 3584 5310 diﬁéren-

1987 5326 2059 5371 tes
2087 5320 2447 5376 contestations
2476 5322 2540 5377 de
2564 5340 2657 5379 son
2684 5334 2868 5399 temps.
2892 5329 3090 5398 Paris.,
3124 5332 3281 5391 in-4°.
3306 5335 3454 5407 Opus
3479 5337 3586 5397 hoc

1986 5410 2104 5467 sine
2142 5414 2382 5470 auctoris
2427 5418 2646 5474 nomine
2669 5419 2738 5474 ad
2776 5421 3048 5490 publicum
3078 5440 3235 5483 usum
3263 5430 3582 5491 translatum

1990 5512 2111 5558 est:
2133 5502 2283 5559 illum
2307 5516 2484 5563 autem
2515 5508 2577 5564 D.
2606 5509 2791 5569 Jacobi
2812 5514 3057 5575 Gervasii
3086 5534 3210 5577 esse
3237 5537 3429 5581 omnes
3444 5524 3592 5597 jam-

1990 5596 2209 5666 pridem
2239 5596 2761 5662 animadverterunt.

2726 5701 2884 5758 1717.

2082 5780 2262 5839 Versio
2286 5783 2500 5858 Anglica
2522 5785 2562 5844 I.
2593 5786 2914 5863 Cyprianus,
2954 5796 3131 5857 editus
3163 5808 3312 5859 textu
3354 5803 3524 5863 latino
3548 5816 3605 5867 et

2003 5877 2252 5936 versione
2267 5879 2471 5951 anglica
2489 5892 2543 5941 et
2559 5885 2702 5944 notis
2721 5902 2753 5946 a
2773 5886 2893 5947 Nat.
2909 5889 3215 5968 Marshallo,
3231 5895 3427 5972 Lond.,
3441 5895 3603 5981 in-l",
