3982 6310
422 266 524 311 LXX
538 262 629 312 XIII

1148 371 1311 435 1719.

501 439 678 495 Versio
724 437 925 495 Gallica
969 438 1105 498 VIII.
1160 443 1447 543 Tractatus
1507 444 1577 543 de
1642 444 2029 543 Singularitate
2128 473 2342 543 pnsms.

416 532 775 607 Clcricorum,
828 535 969 591 inter
1010 551 1175 607 opera
1220 537 1386 593 dubia
1414 537 1472 593 S.
1503 538 1777 613 Cypriani,
1831 541 2025 617 gallice

417 625 617 696 prodiit
644 626 843 694 Paris.,
873 642 963 699 ap.
996 628 1221 694 Lottin.,
1248 638 1384 686 teste
1409 630 1709 693 Ceillierio.

489 788 754 857 Parisiis.,
784 789 968 847 in-fol.
1003 722 1555 868 CyprialtiZiiEpistolm
1602 796 1668 857 ad
1708 795 2023 859 Cornelium

416 891 472 940 et
512 884 880 956 Stephanum,
936 902 1179 941 summos
1232 887 1537 959 pontillces,
1566 901 1621 950 et
1638 889 1741 945 alia
1771 889 2019 969 qumdam

413 976 468 1033 in
518 978 654 1049 Epp.
687 978 847 1034 Rom.
881 980 1079 1035 Pontif.
1122 996 1219 1051 per
1253 981 1470 1038 Petrum
1520 982 1784 1039 Constant
1820 1001 1852 1040 e
1887 1000 2022 1041 con-

413 1075 723 1146 gregatione
748 1073 805 1128 S.
841 1073 1030 1129 Mauri.
1066 1089 1095 1128 a
1127 1089 1180 1146 p.
1216 1075 1340 1133 l26.

483 1237 566 1294 De
611 1237 839 1296 Dissidio
882 1240 1016 1295 inter
1057 1169 1292 1297 amiciti;
1331 1242 1653 1315 Stephanum
1697 1253 1744 1301 et
1784 1255 2017 1301 sanctum

412 1332 723 1404 Cyprianum
745 1351 901 1405 super
912 1334 1235 1406 Baptismate
1251 1338 1609 1394 haereticorum
1626 1348 1806 1394 exorta
1824 1340 2015 1396 disser-

412 1426 538 1481 tatio
562 1427 878 1498 dogmatica,
900 1429 969 1484 ab
992 1438 1139 1485 auct.
1178 1444 1439 1504 anonym.
1469 1431 1672 1505 Paris.,
1712 1433 1854 1504 apud
1898 1433 2014 1490 vid.

406 1515 733 1591 Raymondi.
749 1519 1009 1578 Mazieres
1030 1532 1085 1577 et
1103 1522 1230 1580 Joh.
1250 1522 1403 1595 Bapt.
1423 1523 1679 1590 Garnier,
1694 1524 1781 1580 via
1794 1525 2012 1593 Jacob.,

408 1614 510 1669 sub
538 1614 693 1686 signo
720 1615 1109 1685 Providentiae,
1143 1616 1337 1687 partim
1365 1616 1583 1687 quidem
1608 1633 1636 1673 a
1662 1618 1725 1673 D.
1750 1618 2008 1692 Lumper,

407 1715 448 1763 t.
479 1724 552 1764 xu
576 1708 961 1780 Hist.theolog.
981 1704 1157 1764 critic.
1177 1710 1307 1776 PP.,
1326 1725 1393 1767 ex
1423 1710 1635 1781 integro
1663 1727 1793 1767 vero
1822 1721 1933 1768 tum
1959 1712 2011 1769 in

408 1815 573 1873 opere
603 1801 795 1859 Soardi
826 1803 893 1858 de
910 1817 1162 1874 suprema
1197 1803 1425 1859 Romani
1458 1804 1735 1863 Pontiﬁcis
1766 1807 2009 1862 auctori-

407 1902 517 1948 tate
541 1895 804 1951 hodierna
832 1897 1077 1952 ecclesiae
1097 1897 1379 1968 gallicanae
1408 1897 1685 1967 doctrina;
1706 1897 2009 1967 Avenione,

409 1987 569 2056 I747;
589 1990 764 2045 tumin
789 1989 891 2046 boc
922 1991 1193 2047 volumine
1216 2006 1371 2047 novae
1391 1991 1741 2048 Bibliotheca:
1763 1992 2009 2050 Patrum.

1003 2101 1246 2151 εωεειε
1289 2101 1402 2146 VII.

905 2184 1171 2247 Editiones
1199 2185 1520 2245 Bolusianat.

479 2357 575 2413 En.
607 2355 916 2413 BALUZIANA
945 2354 988 2411 Ι.
1022 2282 1295 2423 Parilia?
1311 2370 1381 2411 ex
1434 2354 1790 2428 typographia
1840 2354 2007 2426 Regia

404 2448 501 2505 fol.
550 2465 696 2504 max.
731 2449 790 2506 S.
818 2446 880 2505 C.
908 2445 1162 2521 Cypriani
1194 2447 1449 2519 Episcopi
1476 2448 1928 2520 Cartliaginensis
1951 2455 2008 2503 et

400 2540 652 2613 Martyris
679 2541 858 2612 Opera
877 2539 1059 2595 omnia
1090 2537 1157 2593 ad
1178 2553 1308 2594 mss.
1332 2538 1553 2594 codices
1566 2540 1842 2613 recognita
1862 2548 1918 2593 et
1945 2538 2008 2599 il-

399 2636 631 2692 lustrata
660 2634 840 2693 studio
878 2644 932 2690 et
963 2633 1152 2690 labore
1183 2632 1445 2709 Stephani
1477 2632 1683 2690 Baluzii
1703 2674 1717 2699 ,
1745 2633 2006 2691 Tutelen-

402 2730 499 2784 sis.
531 2728 784 2783 Absolvit
815 2736 935 2797 post
964 2726 1241 2781 Baluzium
1264 2741 1328 2781 ac
1352 2724 1725 2796 praefationem
1745 2735 1802 2781 ct
1826 2725 2005 2787 Vitam

402 2822 656 2896 Cypriani
688 2822 975 2877 adornavit
1002 2837 1141 2883 unus
1165 2837 1231 2881 ex
1260 2821 1543 2883 monachis
1567 2821 2008 2893 congregationis

404 2916 464 2974 S.
498 2916 666 2971 Mauri
699 2915 785 2988 (D.
822 2914 1153 2973 Prudentius
1178 2913 1475 2986 Maranus).

474 3010 737 3069 Genuinis
760 3010 1016 3083 Cypriani
1042 3010 1263 3081 scriptis
1288 3009 1473 3081 spuria
1500 3008 1683 3064 omnia
1704 3009 1785 3065 sic
1810 3007 2005 3081 adium.

402 3122 532 3177 gere
578 3105 888 3160 instituerat
932 3103 1212 3172 Baluzius,
1259 3112 1322 3159 ut
1359 3103 1630 3159 habentur
1669 3104 1724 3160 in
1765 3104 2005 3162 editione

401 3200 720 3269 Oxonieusi,
745 3199 948 3255 omisso
967 3198 1142 3254 solum
1166 3210 1424 3270 computo
1441 3199 1713 3268 Pascliali,
1740 3209 1797 3255 ut
1824 3210 2001 3257 tamen

400 3296 544 3352 inter
570 3295 805 3366 genuina
836 3293 1064 3351 referret
1096 3292 1164 3349 de
1187 3293 1545 3364 Spectaculis,
1574 3293 1644 3349 de
1673 3292 1836 3349 laude
1864 3293 2004 3349 Mar-

403 3388 529 3460 tyrii
560 3396 617 3443 et
638 3385 784 3457 quod
818 3385 1133 3443 inscribitur
1161 3384 1434 3456 Anonymi
1464 3384 1534 3440 de
1567 3384 1999 3456 Rebaptismate.

400 3480 587 3552 Itaque
629 3490 838 3537 textum
881 3479 1157 3537 variarum
1203 3477 1503 3534 lectionum
1548 3493 1576 3531 a
1626 3478 2006 3548 superioribus

401 3572 731 3629 editionibus
775 3579 1159 3641 congestarum
1212 3577 1268 3625 et
1319 3570 1534 3640 triginta
1578 3568 1695 3629 fere
1737 3585 2001 3624 novorum

401 3664 562 3721 codd.
589 3678 720 3719 mss.
744 3679 847 3734 ope
879 3661 1164 3733 insigniter
1194 3669 1251 3718 et
1279 3661 1465 3716 multis
1496 3659 1550 3716 in
1587 3661 1720 3717 locis
1747 3661 2004 3717 emenda-

399 3765 591 3823 verat,
645 3757 898 3826 notisque
943 3756 1277 3811 instruxerat
1314 3754 1509 3825 partim
1559 3754 2000 3810 emendationum

395 3863 593 3906 causas
619 3848 991 3913 reddentibus,
1030 3848 1223 3917 partim
1251 3845 1575 3917 explicando
1609 3846 1881 3913 sermoni,
1915 3847 2003 3903 vel

396 3942 732 4000 illustrandis
760 3941 925 3998 rebus
955 3940 1402 3997 inservieutibus.
1437 3939 1701 3994 Absoluta
1736 3939 1848 4010 jam
1886 3949 2005 3996 erat

398 4040 632 4113 plurima
661 4039 844 4110 operis
864 4052 1011 4109 pars,
1037 4037 1249 4093 duobus
1275 4047 1370 4092 aut
1396 4036 1569 4092 tribus
1600 4034 1745 4092 foliis
1792 4043 2001 4092 tracta-

399 4142 485 4189 tus
515 4133 584 4189 de
618 4131 994 4188 Cardinalibus
1027 4130 1232 4187 Christi
1271 4130 1528 4203 operibus
1567 4130 1833 4200 exceptis,
1877 4144 2002 4186 cum

398 4227 579 4283 subito
610 4239 759 4281 mors
801 4223 856 4279 in
905 4223 1084 4279 medio
1130 4224 1318 4280 labore
1357 4231 1603 4295 occupat.
1650 4219 1788 4277 Cum
1840 4221 2005 4294 igitur

395 4320 617 4377 Mat-ano
675 4319 728 4374 in
788 4318 1012 4391 reliquis
1065 4325 1275 4374 tantum
1343 4323 1493 4374 esset
1562 4315 1996 4386 elaborandum,

400 4425 457 4471 et
484 4414 739 4470 vicariam
772 4412 1150 4471 tantummodo
1177 4427 1397 4484 operam
1427 4427 1490 4469 se
1517 4426 1709 4482 gerere
1739 4411 2001 4467 sensisset

400 4508 628 4581 (quippe
648 4510 764 4579 qui,
787 4507 836 4563 si
867 4521 1004 4563 nova
1030 4506 1287 4578 Cypriani
1310 4503 1475 4561 editio
1501 4505 1603 4559 sibi
1631 4503 1823 4559 luisset
1843 4502 2005 4557 ador-

397 4603 597 4670 nanda,
627 4601 825 4657 fatetur
866 4614 974 4655 non
1018 4613 1187 4669 pauca
1226 4614 1295 4653 ex
1339 4608 1447 4652 tam
1491 4597 1640 4668 gravi
1684 4596 1893 4651 sarcina
1938 4611 1998 4651 se

394 4694 565 4751 fuisse
601 4690 1047 4763 deoneraturum)
1076 4690 1319 4757 retinuit,
1365 4690 1488 4759 quia
1530 4689 1610 4744 sic
1648 4687 1871 4743 Baluzio
1912 4687 1995 4743 vi-

397 4802 540 4854 sum,
565 4785 828 4857 quidquid
859 4783 1044 4839 habuit
1064 4782 1233 4838 editio
1262 4781 1509 4851 Pamelii,
1541 4781 1636 4838 sed
1667 4797 1734 4838 ex
1774 4781 1842 4837 iis
1884 4780 2002 4853 qni-

394 4882 496 4939 bus
528 4879 686 4952 Angli
713 4878 1043 4950 Cyprianum
1073 4886 1403 4942 onerarunt,
1432 4873 1658 4931 Arnoldi
1686 4875 1749 4931 Β.
1788 4873 1850 4931 V.
1878 4875 1999 4933 elu-
2053 4894 2055 4897 ί

395 4973 747 5030 cubrationes
781 4970 875 5046 (de
917 4986 1043 5043 opp.
1078 4986 1129 5025 vr
1167 4969 1399 5036 dierum,
1443 4968 1514 5025 de
1553 4969 1738 5026 laudat
1777 4970 1888 5025 dat.
1930 4970 1992 5027 Β.

394 5067 636 5141 Virginis
668 5076 725 5123 et
754 5064 1154 5137 Meditatiooes)
1181 5063 1463 5136 expunxit.
1495 5060 1869 5120 Confessionis
1892 5061 1998 5137 Cy-

395 5164 597 5235 priani,
635 5177 797 5234 quam
840 5161 996 5232 Angli
1034 5159 1202 5215 latina
1244 5159 1716 5230 interpretatione,
1753 5158 1994 5230 pluribus

393 5261 529 5318 locis
562 5259 821 5325 hiulcam,
854 5255 1158 5312 innumeris
1195 5253 1323 5310 aliis
1354 5263 1669 5325 corruptam
1700 5252 1986 5323 dederant,

399 5369 638 5425 grmcum
666 5361 870 5409 textum
920 5365 989 5407 ex
1014 5347 1157 5406 bibl.
1185 5348 1401 5404 comitis
1437 5346 1506 5404 de
1550 5345 1838 5421 Seignelay
1863 5362 1995 5423 sup—

392 5447 693 5519 peditatum
733 5460 875 5501 nova
916 5442 1375 5514 interpretatione
1401 5440 1696 5497 substituta
1723 5440 1991 5497 exhibuit.

387 5541 581 5613 Spuria
608 5556 776 5613 porro
808 5537 1065 5613 Cypriani
1092 5551 1283 5608 opera,
1318 5550 1439 5607 quae
1480 5534 1731 5590 Baluzius
1762 5534 1832 5589 ita
1862 5533 1995 5591 dare

390 5634 778 5698 constituerat,
836 5642 896 5686 ut
941 5629 1210 5686 habentur
1264 5629 1317 5683 in
1367 5626 1672 5683 Onoxiensi
1725 5624 1990 5692 editione,

393 5726 539 5799 quod
578 5727 763 5799 plures
796 5738 980 5782 naavos
1023 5738 1120 5795 per
1148 5723 1299 5794 ipsas
1328 5720 1554 5778 crebras
1576 5717 1835 5793 Cypriani
1877 5719 1993 5775 edi-

390 5821 572 5886 tiones
608 5818 842 5877 traxisse
870 5832 936 5875 ea
964 5815 1202 5888 viderat,
1232 5814 1301 5872 ad
1352 5822 1598 5871 vetustas
1638 5811 1907 5870 editiones
1939 5820 1996 5869 et

1896 246 2288 327 Paulino.

3522 281 3725 331 ιιιιιν

2129 379 2287 437 codd.
2323 394 2451 436 mss.
2486 381 2817 451 emendavit,
2847 383 3184 443 variantibus
3208 385 3277 443 ad
3309 387 3608 461 marginem
3635 408 3728 463 ap-

2378 474 2581 532 Baluzii
2612 486 2801 534 contra
2829 481 3266 547 emendationes,
3290 499 3358 541 eo
3385 487 3528 557 quod
3555 488 3730 559 expli-

2127 565 2433 625 cationibus
2464 577 2520 624 et
2545 568 3003 629 illustrationibus
3021 589 3169 645 saepe
3189 574 3618 647 distinguuntur,
3638 595 3728 636 se-

2127 660 2353 732 paratim
2378 672 2497 733 post
2517 673 2720 723 textum
2749 666 3128 736 subjiciuntur.
3151 668 3490 728 Praefationis
3512 689 3729 746 quoque

2125 753 2247 817 loco
2284 756 2537 815 Maranus
2571 760 2641 816 de
2674 763 2955 832 operibus,
2998 763 3352 831 editionibus,
3390 767 3639 824 doctrina
3672 782 3731 827 et

2124 852 2287 909 rebus
2317 855 2485 924 gestis
2521 855 2777 928 Cypriani
2824 861 3036 931 prolixe
3078 862 3380 933 disseruit,
3428 867 3498 920 ita
3543 878 3727 924 tamen

2124 955 2183 1001 ut
2223 961 2369 1018 smpe
2407 948 2476 1005 ab
2515 947 2915 1008 Oxoniensibus
2954 954 3267 1012 discederet
3303 967 3358 1013 et
3390 960 3627 1030 receptis
3657 960 3729 1016 ab

2123 1038 2369 1097 Ecclesia
2387 1042 2655 1100 catholica
2688 1044 2901 1115 placitis
2921 1044 3254 1118 Cyprianum
3278 1049 3670 1106 coniormaret.

2193 1202 2531 1261 Dissertation
2575 1137 3014 1285 tltéalogiqtie7
3044 1211 3097 1265 la
3127 1210 3327 1268 celebre
3355 1212 3560 1287 dispute
3583 1224 3731 1272 entre

2119 1292 2169 1348 le
2195 1311 2328 1366 papa
2359 1294 2421 1352 S.
2452 1295 2697 1353 Estienne
2720 1308 2770 1354 et
2798 1299 2860 1355 S.
2901 1299 3145 1372 Cyprien,
3183 1303 3302 1361 sine
3338 1306 3577 1363 auctoris
3620 1323 3726 1364 no-

2118 1385 2267 1444 mine
2295 1386 2447 1457 data,
2477 1389 2538 1443 D.
2565 1388 2782 1463 Corgne
2808 1390 3102 1466 adscripta.

2190 1552 2290 1610 En.
2325 1552 2633 1612 BALUZIANA
2659 1554 2724 1612 II.
2744 1486 3012 1626 νοέέἓξζ
3031 1574 3227 1618 recusa
3252 1561 3350 1618 fuit
3377 1563 3582 1621 Baltizii
3607 1565 3726 1622 edi-

2116 1644 2194 1700 tio
2225 1644 2433 1712 in-i‘ol.,
2455 1656 2597 1705 teste
2622 1648 2871 1707 Eudoxio
2906 1648 3153 1710 Philenio
3183 1654 3237 1710 in
3266 1653 3543 1714 Tricaletii
3572 1657 3718 1715 Bibl.

2117 1734 2381 1795 Ecclesiae
2403 1737 2510 1795 PP.
2537 1739 2691 1797 Latio
2717 1740 2936 1798 donata.

2187 1899 2385 1967 Paris.,
2408 1902 2586 1961 in-iol.
2621 1835 3222 1981 Carmen‘gsCypriani
3245 1911 3311 1969 ad
3338 1912 3603 1984 Felicem,
3646 1914 3719 1973 de

2112 1991 2537 2055 Resurrectione
2564 1996 2898 2061 Morinorum
2938 2000 2992 2056 in
3023 2000 3165 2058 Bibl.
3211 2003 3423 2075 Tignr.,
3458 2013 3500 2065 t.
3540 2023 3622 2074 ut,
3659 2007 3712 2064 in

2112 2094 2153 2141 ι.
2204 2103 2255 2145 ix
2304 2086 2460 2144 Edm.
2510 2088 2833 2163 Martemfet
2861 2091 3045 2155 Ursini
3087 2093 3611 2167 Durandi,VV.SS.
3658 2107 3718 2158 et

2112 2175 2443 2241 Monument.
2474 2180 2687 2239 collect.
2712 2184 2880 2257 ampi.

2182 2320 2273 2376 Fr.
2306 2321 2605 2395 Raymondi
2629 2256 3263 2401 Missoriii7l§gputationes
3284 2333 3475 2389 critica:
3494 2333 3548 2389 in
3578 2333 3718 2391 duas

2107 2415 2493 2474 celeberrimas
2520 2435 2645 2491 epp.
2677 2419 2975 2479 Firmiliani
2999 2434 3053 2480 et
3079 2425 3332 2500 Cypriani
3362 2428 3484 2485 adv.
3518 2428 3718 2487 decre-

2106 2514 2221 2562 tum
2261 2508 2320 2565 S.
2371 2509 2654 2581 Stephani.
2685 2543 2757 2553 —
2782 2512 3037 2585 Ejusdem
3068 2517 3363 2588 disputatio
3392 2520 3446 2575 in
3491 2521 3713 2592 epistol.

2106 2601 2173 2657 ad
2193 2602 2530 2673 Pompeium,
2557 2606 2700 2662 inter
2724 2608 3074 2680 Cyprianicas
3100 2627 3288 2680 Lxxw,
3307 2629 3411 2689 qua
3438 2614 3583 2669 illam
3603 2631 3715 2671 una

2107 2709 2230 2750 cum
2284 2695 2406 2752 aliis
2469 2697 2708 2770 quinque
2764 2708 2819 2754 et
2869 2702 3102 2758 concilio
3167 2700 3581 2776 Carthaginensi
3652 2722 3715 2762 ut

2112 2786 2380 2845 hactenus
2407 2806 2507 2862 pro
2530 2792 2868 2863 Cyprianicis
2910 2794 3109 2850 habitis
3129 2813 3274 2869 nunc
3297 2798 3534 2869 primum
3550 2800 3715 2872 abju-

2106 2879 2253 2937 dicat
2282 2896 2346 2937 ac
2373 2882 2672 2940 Donatistis
2703 2885 2908 2942 tribuit.
2943 2887 3169 2958 Venet.,
3196 2889 3369 2946 in-4°.

2180 3043 2244 3101 P.
2303 3044 2676 3105 Tourneminii
2734 2980 3043 3124 Conﬁcitur;
3086 3054 3139 3109 in
3197 3054 3389 3113 iisdem
3442 3058 3710 3129 epistolis.

2107 3137 2298 3208 (Mem.
2326 3139 2389 3197 de
2406 3139 2668 3208 Tréuoux,
2689 3158 2818 3201 ano.
2842 3145 3002 3215 1754,
3034 3162 3155 3219 pag.
3185 3147 3377 3223 2216.)
3403 3149 3555 3207 Hanc
3573 3151 3714 3209 doc-

2106 3232 2302 3289 tissimi
2344 3233 2518 3290 Patris
2548 3234 2921 3305 conjecturam
2953 3240 3150 3296 critico
3190 3243 3433 3297 examini
3481 3244 3718 3314 subjecit

2108 3323 2397 3383 Malleville
2426 3327 2480 3384 in
2511 3342 2678 3398 opere
2708 3331 2797 3385 cui
2827 3331 3053 3387 titulus:
3078 3331 3156 3387 La
3181 3332 3423 3407 Religion
3460 3338 3716 3393 naturane

2104 3426 2154 3473 st
2199 3419 2251 3474 la
2274 3420 2472 3476 révélée
2514 3419 2703 3476 établie
2724 3463 2739 3488 ,
2768 3430 2877 3476 etc.
2908 3422 3048 3481 Diss.
3086 3440 3201 3493 vui,
3234 3437 3339 3482 art.
3366 3428 3420 3495 8,
3453 3443 3509 3500 p.
3541 3428 3671 3485 528.

2179 3581 2378 3656 Georg.
2436 3583 2606 3643 Gottl.
2664 3585 2807 3645 Preti
2835 3515 3069 3645 113383;".
3118 3591 3575 3664 critico—theolog.,
3596 3609 3717 3662 quia

2108 3671 2358 3749 Cypriani
2407 3685 2454 3733 et
2494 3675 2795 3739 Firntiliani
2840 3680 3174 3751 epistularum
3214 3684 3335 3743 adu.
3395 3684 3650 3753 Stephani
3692 3685 3715 3741 I

2105 3781 2257 3841 papa:
2277 3765 2533 3827 decretum
2562 3766 2626 3821 de
2653 3768 2939 3826 hwreticor.
2961 3768 3229 3843 Baptismo
3251 3774 3523 3846 vindim'as,
3546 3792 3715 3850 appo-

2104 3857 2230 3917 sitas
2251 3858 2562 3931 Raymondo
2589 3859 2834 3921 Missorio
2862 3865 3088 3932 exhibet;
3112 3865 3277 3936 lente,
3312 3868 3474 3926 in-4°.

2179 4022 2273 4080 Fr.
2293 4023 2341 4081 J.
2367 4024 2587 4081 Henric.
2613 3958 3163 4086 Sboralgglibello
3189 4040 3379 4090 contra
3403 4034 3715 4093 Missorium

2107 4114 2351 4188 ejusdem
2375 4116 2603 4187 ordinis,
2634 4133 2951 4189 germanam
2976 4120 3033 4177 S.
3060 4119 3316 4195 Cypriani
3346 4136 3402 4182 et
3430 4125 3709 4196 Afrorum,

2105 4223 2207 4265 nec
2234 4224 2339 4265 non
2371 4208 2676 4265 Firmiliani
2696 4220 2752 4267 et
2774 4212 3131 4271 Orientalium
3160 4217 3471 4287 opinionem
3496 4218 3567 4275 de
3591 4218 3712 4276 bae-

2105 4303 2399 4360 reticorum
2429 4305 2758 4376 baptismate
2783 4308 3055 4379 exposuit.
3079 4309 3317 4379 Bonon.,
3359 4311 3520 4370 1741.

2179 4464 2230 4519 ,1.
2254 4463 2316 4520 F.
2343 4464 2499 4521 Cotta
2529 4400 2857 4524 Exercitatioi
2870 4399 3325 4529 Egeriae-critica
3361 4492 3465 4548 qua
3498 4478 3713 4549 conjec-

2105 4564 2224 4610 tura
2253 4555 2442 4612 Renat.
2473 4556 2590 4613 Jos.
2642 4556 3026 4630 Tourneminii,
3058 4575 3191 4633 etc.,
3230 4566 3459 4622 examini
3496 4569 3715 4636 subjici-

2103 4656 2223 4716 tur;
2252 4647 2510 4721 Tubing.,
2536 4650 2701 4707 iuni".

2175 4791 2455 4860 Bononiae,
2488 4792 2549 4847 D.
2587 4723 3190 4864 Cyprianiiﬁsxliiortatio
3227 4798 3294 4856 ad
3326 4801 3708 4872 paenitentiam

2101 4898 2223 4941 cum
2264 4884 2407 4941 notis
2444 4883 2496 4940 Ι.
2534 4882 2597 4940 C.
2642 4884 2981 4955 Trombellii,
3025 4890 3168 4947 inter
3206 4892 3383 4964 ejusd.
3433 4893 3710 4966 Opuscula

2100 4988 2275 5036 veter.
2304 4978 2523 5034 Patrum
2552 4976 2750 5046 Latin.,
2781 4996 2835 5049 p.
2856 4980 3010 5048 5-32,
3032 4981 3199 5038 ἰπὶ-4⁸.

2173 5139 2235 5196 F.
2261 5140 2313 5199 J.
2341 5140 2603 5198 Beuchlin
2626 5071 3202 5218 υἰεεὲῖῗέιῖἔῗιὲἐίτθε,
3234 5147 3300 5203 de
3327 5146 3582 5207 Doctrina
3601 5150 3711 5226 Cy-

2100 5236 2311 5309 priani;
2342 5236 2653 5307 Argentor.,
2682 5234 2849 5291 ἱππ-4⁸.

2819 5328 2985 5386 1755.

2174 5424 2250 5481 De
2278 5423 2377 5481 SS.
2408 5421 2662 5478 Cornelio
2698 5436 2831 5493 papa
2873 5431 2930 5478 et
2969 5432 3209 5499 martyre
3239 5435 3295 5482 et
3321 5425 3380 5487 S.
3431 5426 3708 5503 Cypriano

2099 5534 2189 5593 ep.
2210 5528 2266 5577 et
2292 5528 2477 5586 mart.,
2502 5518 2781 5576 interacta
2813 5515 2913 5574 SS.
2939 5518 3312 5586 Bollandiana,
3342 5521 3409 5580 ad
3440 5522 3585 5581 diem
3612 5540 3707 5581 xiv

2100 5626 2242 5691 sept.
2256 5657 2270 5686 ,
2291 5626 2330 5671 t.
2353 5632 2429 5685 tv,
2445 5630 2500 5687 p.
2519 5612 2772 5681 165-350,
2791 5623 3008 5670 auctore
3025 5613 3384 5674 Constantino
3395 5617 3700 5692 Suyskeno.

2819 5709 2983 5767 1758.

2172 5808 2275 5867 Eb.
2309 5806 2616 5864 BALuzutM
2646 5802 2730 5861 Ill.
2765 5802 3029 5876 Venetiis,
3073 5819 3139 5862 ex
3180 5806 3535 5889 typographia
3576 5806 3705 5868 me-
