4050 6308
467 273 536 320 ιι
545 275 578 317 Χ
585 269 699 319 XVII

463 374 786 432 Mortalitate
813 373 931 432 sive
970 371 1238 448 de'peste,
1272 373 1340 432 de
1381 373 1560 446 Opere
1588 378 1642 430 et
1667 370 2063 444 eleemosynis,

467 469 536 525 de
561 468 693 524 Zelo
723 478 780 524 et
806 469 1003 538 livore,
1037 486 1136 528 nec
1159 487 1266 526 non
1293 479 1348 527 et
1374 469 2065 541 Firmilianiepistola......

467 577 682 630 recens,
713 572 980 636 notasque
1005 580 1133 620 suas
1159 573 1212 619 et
1259 565 1486 620 aliorum
1516 563 1720 619 addidit
1762 563 1917 620 Mart.
1949 563 2065 620 Jos.

468 655 672 722 Bouth,
712 656 768 713 S.
799 656 863 712 T.
899 657 960 712 P.
991 658 1120 713 coll.
1150 657 1204 714 S.
1225 656 1397 728 Magd.
1418 671 1638 727 praeses.
1665 655 1866 723 Oxon.,
1899 655 2068 724 in-8°,

470 749 562 807 ed.
592 750 764 808 altera
790 759 846 807 et
872 760 1014 806 auct.
1050 750 1182 807 ibid.
1212 765 1338 806 ann.
1366 750 1527 806 1840.

542 915 586 971 F
590 914 706 972 red.
737 915 936 973 Schem
963 843 1343 971 Excursuiss‘ztf.
1365 923 1641 970 tractatum
1662 915 1726 969 de
1750 913 1936 986 Lapsis
1965 927 2071 968 una

470 1024 595 1065 eum
620 1009 870 1066 versione
894 1025 1066 1080 germ.
1091 1008 1335 1080 ejusdem
1367 1008 1490 1064 libri
1529 1017 1585 1065 et
1614 1008 1844 1066 aliorum
1886 1005 2069 1064 trium.

474 1103 728 1173 Monast.,
754 1103 926 1160 in-8°.

545 1246 604 1304 S.
647 1246 902 1320 Cypriani
941 1261 1106 1321 Opera
1140 1174 1562 1304 inmeilsl'ectione
1593 1245 1793 1303 seleCta
1837 1245 1938 1304 SS.
1968 1247 2073 1303 Pa-

476 1351 618 1398 trum
644 1383 661 1411 ,
711 1351 987 1398 accurant.
1025 1341 1138 1396 DD.
1171 1339 1377 1396 Caillau
1400 1351 1455 1397 et
1481 1340 1673 1414 Guyon
1699 1380 1718 1409 ,
1771 1339 1957 1410 Paris,
1990 1341 2074 1395 in-

473 1444 648 1508 empta
676 1443 733 1494 et
753 1435 969 1492 Mediol.
1006 1435 1283 1502 translata,
1313 1434 1351 1488 2
1369 1435 1476 1492 vol.
1498 1434 1678 1491 inde.

1195 1530 1356 1586 1856.

544 1625 601 1684 S.
623 1623 878 1699 Cypriani
915 1640 1078 1697 opera
1100 1624 1168 1681 ad
1200 1639 1445 1680 normam
1473 1623 1726 1680 editionis
1746 1623 2072 1690 Baluziante,

475 1720 700 1776 semotis
729 1720 890 1786 notis,
931 1719 1020 1776 ed.
1050 1719 1269 1788 duplex,
1292 1718 1465 1773 altera
1489 1719 1658 1783 in-8°,
1683 1717 1851 1772 altera
1878 1715 2036 1771 ἰπὶ-12
2055 1754 2073 1783 ,

475 1813 768 1885 separatim
818 1812 975 1869 Paris
1021 1822 1078 1870 et
1102 1812 1353 1882 VesonL,
1383 1811 1526 1884 apud
1571 1811 1832 1868 Gauthier
1883 1809 2078 1866 fratres

477 1914 534 1962 οι
558 1921 674 1963 SOC.

1193 1978 1354 2034 1858.

549 2073 648 2130 En.
672 2072 1100 2130 LlPSlBNSlS.Th.
1120 2072 1184 2129 C.
1201 2071 1456 2144 Cypriani
1473 2085 1638 2142 opera
1659 2069 1893 2142 genuina
1909 2067 1978 2124 ad
1992 2084 2081 2139 op-

479 2165 734 2222 timorum
775 2165 1039 2221 librorum
1063 2165 1224 2222 fidem
1253 2179 1531 2235 expressa,
1560 2164 1820 2235 brevique
1849 2171 2080 2218 annota-

480 2259 627 2316 tione
653 2261 1176 2328 instructa,curante
1195 2259 1260 2314 D.
1283 2259 1332 2315 .l.
1353 2258 1418 2313 Η.
1449 2257 1753 2325 Goldhorn,
1789 2266 1828 2313 t.
1853 2255 2081 2322 2;in-12

480 2354 706 2427 Lipsiaa,
744 2355 1044 2426 sumptibus
1085 2363 1140 2412 et
1178 2353 1339 2427 typis.
1367 2352 1567 2409 Bernh.
1613 2351 1910 2408 Tauchnitz
1958 2350 2077 2421 jun.

1197 2447 1360 2504 1840.
1893 2458 1896 2461 ’

547 2543 711 2601 Conr.
743 2545 932 2616 Steph.
963 2545 1214 2600 Matthies
1242 2542 1514 2614 Expositio
1554 2542 1765 2610 biblica,
1811 2539 2080 2606 historica,

477 2637 770 2710 dogmatica
793 2637 1150 2710 Baptismatis,
1179 2637 1354 2702 ἰπὶ-8⁸,
1376 2635 1618 2695 Berolin.

1199 2729 1361 2786 1841.

556 2823 735 2882 Verria
784 2825 1012 2898 anglica,
1057 2823 1126 2881 Il.
1162 2823 1220 2880 S.
1245 2823 1528 2896 Cyprian's
1559 2821 1869 2890 Treatises,
1901 2820 1939 2876 2
1966 2817 2082 2886 ed.,

483 2916 688 2986 Oxon.,
719 2917 893 2975 in-8°.

1210 3012 1372 3069 l8“.

555 3109 633 3165 De
682 3107 1105 3179 Anabaptisticis
1130 3106 1390 3181 Cypriani
1431 3104 1677 3178 epistolis
1717 3112 1773 3162 et
1821 3103 2082 3177 synodis,

485 3202 670 3258 smcul.
702 3201 861 3258 tertio
891 3201 943 3257 in
968 3201 1190 3273 gratlam
1216 3199 1660 3272 rebaptizantium
1691 3197 1909 3254 habitis.

1198 3293 1360 3350 1842.

1198 3295 1223 3349 1
1303 3294 1360 3350 2.

563 3387 682 3442 Vita
707 3388 768 3445 S.
802 3387 1053 3461 Cypriani
1077 3294 1301 3459 anglicso‘
1316 3400 1570 3443 sermone
1591 3385 1896 3456 conscripta
1917 3426 1931 3451 ,
1960 3398 2089 3440 auc-

483 3490 602 3538 tore
621 3482 811 3550 Poole,
833 3492 888 3539 et
903 3483 957 3539 in
987 3481 1238 3554 gallicum
1259 3495 1440 3549 versa,
1460 3495 1579 3536 cur.
1602 3477 1696 3535 Fr.
1721 3479 1781 3534 Z.
1803 3477 2089 3535 Columbet

487 3574 738 3646 Lugdun.

1204 3645 1364 3702 1844.

557 3741 706 3797 Nova
733 3741 867 3797 edit.
898 3740 1187 3796 Balttziana
1227 3747 1282 3795 et
1310 3737 1734 3796 Oxoniensis.-—
1761 3735 1957 3804 Paris.,
1987 3749 2086 3790 cu-

485 3845 639 3892 rante
667 3835 810 3891 .l.-P.
844 3835 1041 3906 Migne,
1062 3834 1220 3905 hujus
1246 3833 1584 3889 bibliotheca:
1609 3832 1838 3888 editore.
1872 3828 1954 3886 Ex
1981 3844 2089 3885 uno

487 3929 711 3998 hujusce
740 3928 991 3985 editionis
1019 3937 1314 4000 conspectu
1346 3929 1400 3983 in
1432 3927 1665 3997 primajt.
1708 3943 1764 3982 tv
1795 3942 1915 3997 pag.
1944 3939 2088 3996 prae-

486 4019 596 4076 fixo
636 4023 864 4093 quisque
912 4021 1286 4093 deprehendet
1338 4020 1465 4092 quid
1517 4021 1741 4076 editioni
1783 4019 2090 4074 Balnzianae

487 4114 892 4182 addiderimus,
925 4115 1056 4186 quid
1110 4113 1494 4182 amoverimus,
1535 4115 1623 4169 vel
1677 4113 2086 4168 mutaverimus.

489 4206 686 4261 Addita
734 4221 896 4276 porro
944 4206 1134 4262 fuere:
1181 4208 1243 4261 1ο
1286 4207 1342 4262 1η
1401 4215 1515 4261 t0to
1554 4213 1734 4261 textus
1784 4201 2090 4276 Cyprianici

487 4300 720 4357 decursu
760 4309 870 4355 tum
908 4301 1234 4356 selectarum
1279 4299 1572 4355 lcetionum
1609 4298 1879 4352 variarum
1922 4294 2090 4364 spici-

489 4391 626 4464 legia
676 4395 945 4462 pracipue
989 4407 1055 4448 ex
1100 4392 1190 4447 ed.
1233 4389 1928 4459 Oxoniensiexcerpta;2°
1964 4386 2092 4441 hinc

489 4498 544 4543 et
590 4485 716 4542 inde
763 4485 1140 4542 annotationes
1185 4484 1461 4540 nonnullae
1489 4499 1556 4539 ex
1605 4482 1875 4546 Pamelio,
1907 4478 2085 4548 Fello,

488 4579 689 4647 Routh,
720 4577 980 4635 Godhorn
1020 4585 1309 4642 mutuatae;
1343 4578 1406 4632 5°
1434 4575 1492 4630 In
1525 4573 1666 4630 libro
1710 4573 1774 4626 de
1821 4571 2095 4626 Idolorum

498 4673 736 4729 Vanitate
770 4674 989 4730 uberior
1017 4682 1267 4728 notarum
1298 4686 1452 4742 seges
1477 4684 1546 4725 ex
1573 4667 1812 4723 editione
1837 4664 2093 4721 Lindneri

489 4766 558 4821 ad
585 4775 800 4823 nostros
829 4781 963 4822 usus
988 4763 1255 4830 adducta;
1280 4764 1344 4817 4ο
1376 4761 1434 4816 In
1452 4759 1728 4830 opusculis
1749 4759 1927 4814 dubiis
1950 4767 2093 4812 notae

490 4859 817 4917 Pamelianaa
846 4859 915 4914 ab
944 4857 1240 4914 Oxoniensi
1267 4855 1478 4911 editore
1514 4862 1786 4918 servatae;
1821 4851 1885 4908 5°
1911 4851 2092 4922 Opus-

489 4952 610 5008 cula
642 4951 761 5018 tria,
791 4966 1019 5022 quorum
1047 4967 1079 5006 a
1109 4949 1332 5005 Baluzio
1373 4963 1537 5002 unum
1570 4945 1828 5002 omissum
1849 4984 1864 5011 ,
1899 4958 2093 5014 nempe

491 5043 556 5099 de
600 5043 807 5098 Pascha
843 5043 1140 5114 Campum,
1179 5042 1234 5098 in
1265 5041 1562 5114 appendice
1604 5039 1744 5111 apud
1787 5037 2087 5094 Oxoniens.

491 5136 692 5204 editus;
719 5137 945 5192 alterum
975 5153 1003 5190 a
1025 5136 1166 5192 .l.-C.
1200 5135 1532 5191 Trombellio
1561 5134 1793 5205 primum
1824 5133 1876 5188 in
1915 5134 2091 5188 lucem

491 5232 701 5286 scilicet
726 5229 782 5288 S.
815 5229 1071 5302 Cypriani
1101 5228 1410 5284 Exhortatio
1443 5227 1511 5282 ad
1565 5225 1928 5282 Paenitentiam
1966 5242 2092 5281 eru-

493 5336 638 5394 tum;
667 5326 917 5382 ultimum
933 5324 1149 5392 deinde,
1181 5323 1420 5391 Carmen,
1445 5323 1513 5376 ad
1540 5321 1787 5390 Felicem,
1804 5321 1873 5377 de
1890 5320 2093 5376 Resur-

492 5421 732 5476 reetione
783 5425 1120 5474 mortuorum
1166 5417 1221 5473 itt
1262 5416 1497 5471 Veterum
1547 5416 1743 5487 Script.
1781 5426 1827 5470 et
1860 5431 2090 5469 manum.

492 5513 814 5584 amplissima
860 5510 1186 5577 Collectione,
1226 5520 1266 5566 t.
1305 5525 1394 5576 tv,
1431 5511 1501 5566 ab
1528 5501 1812 5566 Edmundo
1851 5509 2093 5565 Martene

491 5607 828 5676 evulgatum;
851 5605 914 5662 6°
933 5604 1252 5662 Dissertatio
1277 5603 1342 5659 D.
1361 5603 1535 5661 Nico].
1550 5604 1625 5659 Le
1642 5603 1877 5676 Nourry,
1897 5615 2092 5672 magna

494 5715 677 5756 rerum
701 5701 947 5756 ubertate
972 5709 1258 5772 praestans,
1281 5699 1334 5755 in
1355 5698 1613 5771 Cypriani
1635 5698 1802 5754 libros
1823 5699 1892 5752 ad
1911 5696 2097 5751 Deme-

494 5793 699 5850 riammt
723 5793 844 5851 etde
859 5793 1131 5852 [dolorum
1164 5793 1431 5860 Vanitate;
1463 5794 1525 5848 7°
1550 5793 1779 5850 Demum
1807 5791 1863 5848 in
1891 5790 2086 5847 ultima

1889 249 2280 311 PREFATIO.

3529 263 3778 307 LXXXVII!

2173 366 2428 426 editionis
2456 365 2714 424 coronide
2741 363 3112 440 apposuintus
3138 365 3272 424 satis
3307 365 3533 424 multam
3565 372 3780 440 capiam

2175 463 2500 518 selectarum
2529 461 2917 516 Oxonicnsium
2951 471 3006 516 et
3023 459 3242 515 Routhii
3273 469 3546 526 notarum,
3574 462 3782 532 quibus

2173 555 2366 610 exinde
2396 569 2505 609 non
2533 562 2737 609 tantum
2771 553 3079 620 Baluziana,
3107 553 3204 608 sed
3234 552 3361 608 etin
3390 554 3590 623 Optima
3622 563 3776 623 parte

2174 652 2467 724 Anglicana
2497 653 2663 709 editio
2689 653 2741 707 in
2775 651 2877 708 hac
2903 660 3086 708 nostra
3125 651 3363 707 rediviva
3395 652 3769 708 exhiberetur.

2251 748 2374 802 llzec
2428 758 2608 804 autem
2637 747 2722 804 vel
2763 748 2896 802 alias
2927 747 3199 818 ponenda,
3226 747 3312 803 vel
3353 746 3566 818 penitus
3613 747 3776 802 omit-

2176 841 2334 897 tenda
2360 842 2612 896 duximus
2637 859 2653 897 :
2685 843 2745 896 1ο
2768 841 2824 897 S.
2845 839 3100 912 Cypriani
3126 840 3242 895 Vita
3269 856 3299 893 a
3327 840 3522 895 Pontio
3548 839 3779 895 diacono

2175 941 2454 1012 scriptam,
2504 941 2746 1010 Actaque
2791 940 3196 1009 proconsularia
3242 938 3470 994 seorsim
3515 948 3570 994 et
3613 939 3776 1006 infra,

2177 1048 2277 1089 suo
2321 1049 2517 1102 nempe
2563 1049 2704 1087 anno
2747 1032 2982 1098 dantur;
3033 1033 3097 1088 2°
3151 1031 3428 1102 EpiStolas
3474 1030 3776 1096 Pontificis,

2176 1129 2292 1183 sive
2317 1127 2552 1182 Cornelii
2580 1127 2646 1181 ad
2675 1125 3004 1199 Cyprianum
3035 1127 3150 1182 sive
3179 1125 3434 1198 Cypriani
3464 1135 3520 1182 et
3545 1125 3781 1180 aliorum

2177 1219 2243 1274 ad
2277 1219 2552 1274 Romanos
2592 1218 2916 1288 Pontifices,
2947 1220 3000 1273 in
3041 1218 3146 1274 hoc
3195 1219 3354 1274 tertio
3393 1228 3559 1286 tomo,
3591 1218 3681 1273 ubi
3710 1217 3782 1274 de

2177 1313 2276 1369 SS.
2311 1313 2595 1380 Cornelio,
2622 1311 2813 1380 Lucio,
2847 1311 3160 1383 Stephano,
3196 1313 3436 1368 inserere
3465 1311 3777 1379 debuimus,

2178 1421 2278 1463 nec
2310 1415 2489 1462 tamen
2525 1423 2746 1462 monere
2777 1408 2940 1462 toties
2985 1408 3260 1473 lectorem,
3297 1406 3462 1462 immo
3495 1416 3547 1462 et
3578 1407 3785 1462 omissa

2178 1501 2456 1557 breviatim
2477 1503 2838 1572 perstringere
2869 1502 3224 1572 negleximus,
3250 1504 3464 1573 quoties
3491 1503 3783 1572 quicquam

2178 1596 2312 1649 alias
2340 1595 2547 1651 referre
2569 1595 2839 1665 oportuit;
2869 1596 2930 1651 3°
2963 1595 3233 1666 Epistolas
3265 1595 3564 1667 Synodicas
3595 1595 3648 1650 in
3692 1609 3788 1650 eo-

2179 1686 2299 1742 dem
2328 1695 2495 1752 torno,
2527 1702 2588 1741 ac
2606 1687 2902 1758 praesertim
2936 1688 3076 1743 inter
3099 1700 3214 1742 aeta
3233 1687 3298 1742 de
3313 1687 3647 1758 Baptismate
3672 1687 3788 1742 ha:-

2180 1778 2472 1834 retieorum
2528 1787 2584 1834 et
2630 1779 2857 1834 concilia
2911 1778 3356 1847 Carthaginiensia
3404 1780 3784 1852 seposuimus;

2181 1873 2243 1926 4°
2269 1871 2413 1928 Duos
2445 1885 2844 1944 anonymorum
2888 1880 3166 1928 auctorum
3197 1873 3248 1927 in
3275 1874 3466 1930 eadem
3511 1873 3790 1943 discepta-

2182 1964 2332 2021 tione
2360 1965 2594 2035 scriptos
2628 1965 2796 2020 libros
2823 1981 2891 2021 ex
2918 1981 3084 2034 opere
3111 1964 3430 2038 Cyprianico
3458 1967 3785 2033 amovimus,

2181 2065 2238 2112 et
2261 2057 2360 2111 alia
2392 2056 2678 2122 dedimus;
2721 2058 2784 2114 5°
2814 2056 2956 2112 Celsi
2979 2058 3258 2129 cujusdam
3289 2059 3341 2114 in
3373 2059 3786 2115 altercationem

2183 2148 2400 2205 Jasonis
2438 2161 2492 2206 et
2522 2151 2733 2222 Papisci
2761 2152 2829 2207 de
2866 2149 3090 2208 Judaica
3123 2153 3502 2209 incredulitate
3533 2154 3601 2208 ad
3634 2153 3789 2222 Vigi-

2183 2241 2314 2296 linm
2354 2243 2665 2314 episcopum
2696 2243 3086 2314 przefationem,
3129 2262 3248 2316 qua:
3295 2247 3437 2302 inter
3482 2262 3648 2317 opera
3676 2245 3788 2318 Cy-

2184 2335 2355 2406 priani
2384 2335 2506 2391 ideo
2542 2337 2722 2392 forsan
2754 2339 3013 2408 prtecipiti
3043 2340 3266 2394 nimium
3293 2339 3498 2409 judicio
3529 2340 3788 2413 adoptata

2185 2429 2304 2497 fuit,
2357 2430 2498 2500 quod
2530 2431 2582 2485 in
2613 2431 2798 2487 codice
2850 2432 3161 2488 Colbcrtino
3214 2434 3352 2490 “05
3399 2435 3629 2505 signato,
3685 2435 3792 2493 hoc

2185 2522 2302 2592 ejus
2324 2524 2532 2577 initium
2547 2523 2644 2578 sit:
2673 2543 2691 2576 ι
2715 2523 3017 2596 Cyprianus
3033 2525 3229 2595 Vigilio
3248 2525 3398 2580 fratri
3415 2528 3648 2584 salutem
3666 2544 3680 2595 ;
3696 2547 3715 2581 ι
3733 2527 3790 2583 in

2187 2616 2348 2671 tomis
2369 2619 2740 2688 sequentibus,
2758 2619 2847 2674 ubi
2868 2620 3074 2691 integra
3095 2620 3319 2691 hujusce
3333 2621 3653 2692 diSputionis
3671 2632 3794 2680 acta

2186 2707 2379 2763 danda:
2400 2717 2546 2776 sunt,
2592 2710 3033 2777 emandavimus;
3083 2710 3145 2766 6°
3189 2711 3477 2782 Expositio
3523 2713 3575 2768 in
3625 2715 3794 2786 Sym-

2186 2801 2395 2869 bolum,
2427 2817 2548 2871 quae
2589 2804 2781 2858 merito
2810 2803 3028 2858 Ruflino
3073 2804 3410 2876 Aquileiensi
3439 2804 3793 2874 adscribitur,

2187 2904 2241 2952 et
2261 2904 2522 2952 tractatus
2557 2897 2626 2952 de
2655 2896 2921 2968 Oper-ibus
2949 2897 3151 2954 Christi
3177 2899 3563 2968 cardinalibus,
3591 2901 3662 2956 ab
3689 2901 3798 2956 Ar-

2188 2989 2352 3044 ttaldo
2378 2989 2794 3046 Bonnevallensi
2825 2990 3002 3046 abbati
3043 3002 3230 3063 aperte
3271 2993 3627 3063 compositus,
3668 3009 3801 3063 pro-

2187 3081 2319 3151 priis
2346 3083 2458 3137 suis
2503 3083 2816 3140 auctoribus
2857 3085 3091 3140 restituti
3129 3085 3182 3140 in
3215 3101 3312 3141 sua
3348 3086 3464 3142 loca
3492 3087 3796 3156 recedunt;

2189 3174 2252 3228 7°
2278 3174 2532 3230 Carmina
2573 3175 2802 3232 Genesis
2830 3186 2887 3232 et
2919 3177 3154 3234 Sodoma
3181 3195 3344 3250 supra
3383 3179 3552 3236 habes
3579 3179 3635 3236 in
3662 3180 3799 3238 Ter-

2192 3267 2466 3324 tullianeis
2492 3268 2903 3339 appendicibus.

2263 3360 2434 3417 Immo
2457 3403 2472 3427 ,
2511 3363 2578 3417 ad
2608 3363 2834 3434 hujusce
2861 3364 3117 3421 editionis
3145 3367 3440 3434 cumulum,
3466 3375 3525 3422 ut
3552 3366 3793 3436 videtur,

2190 3454 2421 3510 accessit
2450 3455 2566 3511 sive
2608 3456 2661 3511 in
2700 3455 2806 3512 hoc
2835 3459 3029 3524 tertio,
3056 3459 3172 3514 sive
3214 3460 3266 3514 in
3294 3461 3482 3531 quinto
3519 3460 3798 3518 volumine

2192 3549 2348 3620 longa
2387 3564 2592 3614 rerum,
2623 3560 3093 3607 monumentorum
3130 3567 3196 3608 ae
3233 3552 3676 3608 dissertationum
3715 3568 3800 3610 se-

2191 3642 2321 3704 ries,
2343 3651 2454 3696 tum
2473 3657 2688 3712 nempe,
2721 3659 2842 3714 qua:
2869 3644 3030 3700 modo
3059 3654 3376 3717 sequuntur,
3407 3647 3460 3701 in
3487 3657 3799 3702 coaetaneos

2193 3736 2446 3807 Cypriani
2483 3737 2775 3794 Pontifices
2817 3738 3124 3804 Romanos,
3154 3741 3208 3795 in
3250 3740 3665 3796 celeberrimam
3705 3755 3798 3798 re-

2192 3829 2573 3900 baptizationis
2600 3845 2821 3886 causam
2841 3832 3197 3887 insuumenta
3223 3834 3399 3888 omnis
3419 3833 3652 3903 generis,
3681 3833 3801 3890 sive

2191 3937 2395 3993 vetera,
2426 3927 2540 3982 sive
2566 3927 2826 3993 recentia,
2855 3936 2968 3983 tum
2999 3943 3060 3982 ea
3084 3944 3202 3999 qua:
3226 3928 3481 3997 operibus
3506 3927 3798 3999 Cypriani-

2192 4023 2272 4077 eis
2318 4021 2562 4091 proxime
2614 4022 2928 4090 succedent,
2962 4023 3177 4078 selectae
3197 4022 3405 4078 scilicet
3435 4033 3546 4078 tres
3574 4021 3798 4078 Henrici

2197 4113 2458 4170 Dodwelli
2485 4113 2930 4177 dissertationes;
2953 4115 3168 4184 quibus,
3190 4115 3243 4169 ni
3263 4114 3438 4183 fallor,
3461 4117 3575 4171 haec
3610 4124 3799 4172 nostra

2194 4207 2360 4262 editio
2386 4208 2602 4262 caeteris
2636 4222 2758 4276 qu:e
2787 4207 3090 4276 usquedum
3139 4208 3414 4279 prodiere,
3453 4209 3714 4280 integrior
3743 4218 3803 4266 et

2195 4299 2518 4369 locupletior
2546 4298 2798 4355 facillime
2821 4300 3021 4356 evadit.

2269 4392 2364 4446 Sat
2389 4407 2518 4462 ergo
2559 4391 2850 4462 Cypriano,
2880 4392 3000 4447 aliis
3027 4408 3147 4463 qua:
3191 4392 3435 4463 ejusdem
3482 4393 3662 4449 mtatis
3690 4393 3798 4450 Pa-

2198 4484 2370 4540 tribus
2408 4485 2612 4540 datum.
2646 4485 2740 4540 His
2785 4487 3011 4556 proinde
3055 4486 3207 4558 quasi
3253 4488 3589 4556 valedieturi,
3634 4489 3805 4544 lecto-

2196 4593 2395 4648 resque
2420 4588 2638 4634 nostros
2681 4587 2982 4634 extremum
3027 4581 3137 4650 jam
3187 4581 3545 4652 alloquentes,
3596 4581 3673 4636 nil
3697 4597 3803 4652 po-

2195 4672 2321 4737 tius,
2353 4672 2426 4727 nil
2451 4672 2688 4727 sanctius
2715 4672 3000 4738 habemus,
3028 4690 3209 4744 quam,
3235 4682 3293 4730 ut
3320 4685 3474 4730 antea
3495 4717 3511 4743 ,
3562 4689 3686 4731 cum
3729 4675 3804 4732 de

2195 4764 2531 4820 Tertulliano
2554 4766 2717 4821 finem
2745 4765 3048 4834 fecerimus,
3069 4767 3179 4821 Deo
3202 4767 3402 4838 Deique
3424 4767 3643 4823 Parenti
3670 4783 3804 4838 gra-

2197 4867 2276 4915 tes
2306 4874 2545 4930 agamus,
2570 4858 2932 4931 Ecelesiaeque
2957 4861 3008 4914 in
3031 4862 3189 4916 terris
3217 4860 3373 4918 matri
3393 4860 3802 4927 amantissimae,

2197 4951 2338 5006 hanc
2386 4952 2835 5023 qualemcumque
2881 4952 3116 5021 opellam
3146 4952 3340 5007 iterum
3382 4951 3536 5015 dare,
3581 4950 3806 5007 dedica-

2196 5059 2364 5114 rcque
2385 5044 2683 5099 audeamus
2712 5059 2728 5110 ;
2757 5060 2824 5100 eo
2847 5045 3121 5114 praecipue
3160 5044 3362 5098 auxilio
3393 5058 3456 5098 ac
3485 5043 3665 5097 fausto
3695 5059 3806 5099 nu-

2198 5139 2344 5194 mine
2372 5138 2626 5203 fidentes,
2667 5138 2809 5210 quod
2838 5149 2988 5210 grata
3021 5138 3119 5196 SS.
3148 5139 3531 5209 Apostolorum
3565 5138 3709 5192 Petri
3739 5151 3808 5194 ac

2198 5229 2353 5286 Pauli
2386 5230 2678 5286 festivitate
2701 5231 2860 5286 modo
2879 5231 3182 5286 inchoanda
3210 5272 3225 5297 ,
3275 5230 3391 5286 haec
3419 5230 3763 5286 absolvimus
3788 5248 3805 5298 ;

2197 5341 2335 5397 quos
2357 5326 2558 5382 idcirco
2581 5328 2762 5393 nobis,
2786 5327 3099 5397 nostrisque
3125 5325 3291 5382 rebus
3320 5336 3381 5381 ut
3426 5327 3557 5382 boni
3597 5325 3806 5393 adsint,

2198 5435 2408 5491 nosque
2436 5436 2500 5476 ac
2531 5420 2768 5477 lectores
2782 5430 3003 5476 nostros
3029 5419 3222 5476 eodem
3247 5419 3553 5490 patrocinio
3579 5430 3725 5476 tutos
3743 5429 3808 5477 et

2198 5511 2252 5567 in
2284 5514 2524 5569 columes
2545 5523 2785 5581 servent,
2826 5513 3133 5586 placidique
3186 5528 3250 5568 ac
3298 5513 3482 5570 felices
3510 5514 3564 5568 in
3606 5529 3809 5586 perpe-

2201 5611 2350 5658 tuum
2374 5605 2585 5675 juvent,
2614 5607 2774 5662 enixe
2808 5605 3180 5662 obsecramus.

2272 5695 2625 5755 Scribebatur
2637 5699 2882 5769 Parisiis,
2898 5717 2951 5757 tv
2969 5699 3227 5761 kalendas
3242 5701 3362 5774 julii
3377 5743 3390 5767 ,
3419 5714 3562 5756 anno
3582 5699 3803 5760 Domini

2203 5808 2261 5849 tt.
2303 5804 2358 5849 D.
2397 5807 2515 5851 ccc.
2559 5809 2708 5850 xuv.
3298 5794 3590 5854 Eunones.
