4050 6308
1680 311 2396 324 ὀψο-*Μ

507 309 2396 324 --ᾑη--η-ιρ--η--ω-ρ-μῌ-ΜΜ

843 517 1282 594 saxeum
1322 519 1490 612 ΠΙ,
1536 515 1862 596 CIBCA

2009 515 2290 594 VNUM
2325 519 2783 598 CHRISTI
2823 523 3124 602 CCIII.

1649 739 2310 911 ACTA

683 1063 918 1173 SS.
1011 1065 1876 1177 PERPETUIE
1957 1069 2162 1176 ET
2244 1065 3248 1180 FELICITATIS

1593 1352 2319 1440 MARTYRUM.

1263 1573 2693 1713 PROLEGOMENA

626 1825 721 1883 EX
759 1825 960 1886 ACTIS
997 1825 1390 1887 MARTYRUM
1430 1825 1744 1887 SINCERIS
1785 1828 1847 1884 γ.
1889 1828 1950 1888 C.
1990 1829 2411 1888 THEODOBICI
2447 1795 2776 1901 RUINART,
2820 1831 3110 1906 PAG.L77,
3153 1836 3306 1907 SQQ.

1380 1996 2548 2078 ww

1763 2183 2160 2249 SYNOPSIS.

385 2376 428 2431 ι.
469 2375 542 2431 De
566 2376 748 2430 horum
780 2376 1020 2432 Actorum
1047 2376 1194 2431 editis
1222 2383 1268 2431 et
1294 2391 1417 2431 mss.

376 2468 443 2524 ιι.
489 2469 743 2541 Perpetua
772 2481 820 2526 et
848 2469 1091 2527 Felicitas
1117 2487 1182 2524 an
1211 2468 1575 2525 Tuburbitana:
1598 2470 1623 2523 ?

374 2558 466 2616 ιιι.
510 2561 630 2617 Non
657 2562 933 2632 Tuburbii,
965 2563 1054 2618 sed
1081 2563 1390 2636 Carthagine
1414 2561 1716 2634 martyrium
1744 2576 1908 2634 passa:

290 2665 598 2712 noscuntur.

376 2749 469 2806 IV.
511 2749 732 2822 Tempus
762 2751 1015 2823 passionis
1039 2751 1339 2822 inquiritur.

375 2841 442 2896 ν.
484 2841 565 2897 De
587 2843 767 2896 horum
792 2844 1034 2899 Actorum
1061 2852 1284 2912 auctore,
1314 2859 1400 2899 seu
1423 2842 1590 2914 potius
1614 2842 1900 2900 collectore.

284 2938 388 2992 An
419 2935 760 2993 Tertullianus
783 2936 809 2990 1’

373 3077 414 3131 ι.
448 3077 677 3134 Momm
694 3077 1018 3145 desiderata,
1037 3088 1087 3134 et
1105 3079 1300 3135 frustra
1319 3077 1371 3132 in
1395 3077 1555 3132 variis
1572 3075 1906 3133 bibliothecis

261 3169 394 3228 .diu
426 3170 748 3240 conquisita,
777 3172 907 3227 Acta
939 3163 1190 3242 germana
1205 3181 1507 3226 sanctarum
1540 3169 1819 3240 Perpetua:
1849 3178 1906 3226 ct

288 3263 611 3331 Felicitatis,
643 3266 842 3321 invenit
867 3265 1081 3322 tandem
1112 3264 1540 3320 studiosissimus
1566 3279 1734 3320 sacra:
1757 3263 1898 3320 anti-

1931 2376 1988 2437 A

2085 2374 2173 2431 Vl.
2215 2375 2340 2432 Non
2370 2379 2466 2449 fuit
2498 2377 2812 2436 Montanista
2837 2396 2857 2436 :
2876 2389 3055 2438 contra
3090 2383 3369 2445 Valerium.

2082 2467 2196 2524 VII.
2263 2470 2575 2543 Exploditur
2623 2473 2806 2530 iterum
2859 2489 3199 2536 commentum
3269 2483 3334 2540 de
3395 2489 3616 2546 auctoris

2019 2563 2383 2621 montanismo.

2082 2655 2221 2712 VIII.
2268 2656 2346 2714 De
2375 2659 2556 2714 Irarum
2587 2658 2878 2733 Martyrum
2906 2661 3046 2720 cultu
3077 2676 3124 2722 et
3154 2672 3413 2726 memoria.

2083 2749 2174 2806 ιχ.
2219 2751 2489 2823 Ejusmodi
2513 2754 2642 2810 Acta
2667 2755 2911 2814 adversus
2933 2758 3227 2842 samuetem
3247 2753 3561 2838 Basndgium
3584 2786 3619 2824 a

2010 2845 2116 2901 viro
2139 2846 2431 2902 doctissimo
2457 2849 2650 2904 dudum
2685 2851 2965 2906 vindicata.
3001 2853 3196 2920 Quanti
3225 2857 3466 2930 facienda
3493 2861 3618 2916 sint.

2012 2936 2142 2992 Acta
2172 2939 2558 3009 proconsularia
2585 2940 2825 3013 deinceps
2857 2944 3164 3002 omittenda.

2016 3093 2174 3149 quam
2201 3078 2409 3134 sincera
2432 3077 2620 3135 harum
2648 3090 2945 3155 martyrum
2975 3087 3102 3141 Acta
3128 3098 3337 3158 reperta
3360 3089 3614 3160 inissent,

2010 3186 2170 3227 nemo
2200 3170 2313 3228 fere
2356 3173 2409 3228 in
2447 3172 2666 3228 dubium
2714 3177 3004 3233 revocabat
3050 3179 3176 3250 quin
3235 3182 3439 3238 ert-dem
3484 3186 3616 3255 ipsa:

2008 3262 2205 3319 fuerint
2251 3279 2388 3333 quas
2432 3264 2534 3321 sub
2565 3265 2874 3322 Sanctarum
2903 3267 3366 3326 Tuburbitanarum
3394 3277 3613 3333 nomine

287 3357 519 3428 quitatis
559 3358 868 3428 indagator,
898 3358 1068 3413 Lucas
1097 3356 1429 3423 Holstenius,
1460 3357 1512 3412 in
1551 3356 1740 3413 codice
1791 3371 1895 3412 ms.
1929 3392 1976 3453 B
2005 3357 2133 3410 varii
2181 3365 2434 3413 auctores
2475 3357 2838 3415 celebrabant.
2877 3359 2934 3415 ld
2976 3362 3369 3432 persuadebat,
3417 3378 3614 3437 prmter

285 3449 440 3505 sacri
488 3451 793 3506 monasterii
835 3450 1141 3506 Casincnsis
1174 3467 1188 3504 :
1218 3451 1360 3506 unde
1403 3459 1553 3506 eruta
1601 3457 1657 3505 et
1711 3447 1971 3526 Romae'
2004 3447 2378 3516 quorumdam,
2408 3447 2568 3503 etiam
2590 3457 2856 3518 veterum,
2889 3454 3395 3526 martyrologiorum
3424 3471 3610 3516 aucto-

287 3539 533 3613 vulgata,
562 3531 750 3597 eadem
781 3552 962 3612 postea
989 3558 1110 3598 cum
1151 3542 1392 3613 ejusdem
1435 3541 1696 3598 llolstenii
1717 3523 1897 3610 notis,

289 3634 520 3691 Parisiis
545 3636 711 3692 edidit
741 3636 1001 3692 llenricus
1030 3636 1293 3692 Valesius.
1326 3635 1434 3692 Nos
1462 3651 1591 3692 vero
1627 3651 1688 3692 ea
1715 3635 1896 3706 profe-

289 3727 468 3785 rimus
493 3745 555 3785 ex
580 3729 786 3786 duobus
809 3729 1083 3787 codicibus
1117 3744 1249 3786 mss.
1273 3744 1397 3786 cum
1441 3729 1629 3786 eadem
1662 3729 1897 3786 editione

290 3821 510 3878 collatis
537 3840 550 3876 :
577 3838 804 3895 quorum
842 3839 980 3879 unus
1022 3833 1103 3880 est
1146 3823 1401 3880 Ecclesiae
1428 3822 1894 3893 Salisburgensis;

289 3914 452 3984 cujus
478 3915 676 3971 codicis
706 3916 882 3972 varias
908 3916 1164 3972 lectiones
1193 3914 1571 3986 sapientissimi
1597 3914 1695 3995 viri
1730 3916 1896 3968 Anto-

290 4006 374 4064 nii
405 4007 598 4075 Fanre,
631 4009 864 4077 theologi
895 4008 1210 4065 Parisiensis
1251 4018 1306 4064 et
1341 4008 1624 4064 Remensis
1660 4006 1901 4064 ecclesia)

292 4102 594 4172 pmpositi,
627 4102 889 4159 beneficio
904 4103 1208 4172 accepimus
1232 4121 1244 4156 :
1269 4102 1410 4157 alter
1438 4117 1567 4158 vero
1593 4101 1682 4172 qui
1708 4101 1775 4156 ad
1801 4116 1899 4154 an-

293 4207 404 4248 nos
448 4192 553 4249 800
581 4195 824 4262 accedit,
867 4202 950 4249 est
995 4192 1333 4249 bibliotheca:
1371 4193 1543 4248 nostri
1587 4190 1898 4247 monasterii

292 4285 474 4347 sancti
499 4283 730 4341 Cornelii
751 4285 1216 4356 Compendiensis.
1264 4285 1572 4342 Invenimus
1625 4285 1787 4341 etiam
1841 4285 1895 4339 in

292 4377 513 4433 schedis
535 4377 825 4434 Mabillonii
848 4379 1014 4434 nostri
1037 4387 1286 4449 excerpta
1309 4394 1373 4433 ex
1401 4377 1590 4434 iisdcm
1615 4377 1762 4434 Actis
1787 4392 1894 4433 non

291 4470 720 4536 contemnenda;
752 4471 844 4527 sed
872 4487 902 4526 e
922 4486 1027 4542 quo
1049 4470 1234 4527 codice
1255 4486 1314 4525 ea
1337 4470 1603 4543 descripta
1629 4470 1757 4538 sint,
1790 4483 1896 4526 non

291 4562 584 4619 indicatur.
617 4563 783 4619 Porro
813 4565 866 4619 in
908 4564 972 4620 iis
1015 4564 1146 4620 locis
1175 4564 1225 4618 in
1271 4563 1464 4634 quibus
1503 4562 1714 4619 codices
1763 4577 1895 4618 mss.

293 4656 440 4712 inter
463 4671 587 4712 sese
612 4657 696 4712 vel
719 4655 786 4711 ab
813 4656 970 4712 editis
994 4656 1276 4723 dissident,
1296 4667 1349 4712 et
1379 4667 1555 4712 tamen
1583 4664 1808 4727 utraque
1823 4655 1899 4711 le-

2002 3537 2236 3606 ritatem,
2259 3542 2389 3596 Acta
2413 3558 2533 3613 qua:
2555 3542 2653 3599 sub
2679 3543 2962 3614 Perpetua:
2987 3560 3042 3602 et
3064 3546 3354 3605 Felicitatis
3385 3555 3608 3612 nomine

2002 3633 2544 3703 circumferebantur,
2563 3637 2615 3692 in
2637 3638 2829 3709 quibus
2845 3653 2938 3695 eas
2962 3639 3214 3696 Tuburbii
3240 3658 3423 3713 passas
3441 3645 3612 3703 fuisse

2001 3727 2219 3785 disertis
2263 3729 2440 3787 verbis
2488 3747 2805 3803 expressum
2850 3743 2965 3790 erat
2994 3752 3008 3789 :
3036 3744 3091 3792 et
3118 3738 3362 3808 quamvis
3412 3742 3464 3795 in
3521 3740 3607 3796 his

2002 3823 2149 3878 Actis
2177 3825 2434 3880 nonnulla
2460 3825 2589 3881 viris
2617 3825 2838 3882 eruditis
2877 3826 3064 3884 vitiosa
3097 3844 3161 3885 ac
3209 3813 3496 3900 depravata
3524 3831 3610 3886 vi-

2008 3916 2284 3984 derentur,
2313 3919 2495 3973 nullus
2548 3927 2722 3976 tamen
2771 3919 2838 3975 de
2881 3921 3002 3976 loco
3050 3923 3294 3993 martyrii
3348 3923 3609 3980 hactenus

2006 4011 2358 4080 qumstionem
2391 4021 2649 4065 moverat.
2675 4013 2889 4076 Verum,
2911 4027 3075 4082 quum
3107 4012 3466 4070 Holstenianrc
3495 4016 3611 4071 edi-

2008 4101 2167 4157 tionis
2197 4101 2482 4157 occasione
2506 4117 2592 4158 res
2612 4105 2858 4159 exactius
2878 4103 3260 4173 discuteretur,
3294 4107 3452 4163 aliter
3477 4109 3606 4164 viris

2003 4191 2334 4250 doctioribus
2365 4192 2534 4249 visum
2567 4205 2670 4261 est,
2699 4210 2762 4251 ac
2788 4211 2900 4266 pra:
2931 4198 3144 4253 caeteris
3172 4197 3408 4255 Henrico
3440 4199 3603 4256 Vale—

2004 4285 2118 4352 sio;
2143 4285 2255 4356 qui,
2276 4284 2480 4342 libratis
2501 4303 2620 4358 qua:
2641 4302 2712 4343 ex
2737 4295 2960 4358 utraque
2983 4297 3133 4358 parte
3153 4289 3335 4346 alierri
3358 4301 3613 4361 poterant

2004 4368 2310 4444 momentis,
2346 4377 2442 4434 has
2471 4388 2757 4450 martyres,
2794 4395 2898 4434 non
2930 4379 3189 4436 Tuburbii
3211 4423 3226 4448 ,
3257 4384 3350 4438 sed
3377 4383 3606 4438 Cartha-

2002 4469 2125 4539 gine
2156 4469 2466 4541 martyrium
2499 4485 2903 4527 consummasse
2947 4483 3323 4529 asseveranter
3365 4491 3601 4545 pronun-

2007 4561 2176 4617 tiavit.
2216 4561 2364 4617 Hanc
2406 4563 2730 4619 sententiam
2773 4563 2965 4634 probat
2997 4562 3062 4618 V.
3095 4563 3154 4619 C.
3199 4575 3306 4620 tum
3353 4581 3419 4621 cx
3469 4567 3602 4636 ipsis

2004 4655 2174 4722 Actis,
2207 4663 2317 4709 tum
2342 4655 2504 4710 etiam
2532 4671 2597 4711 ex
2639 4657 2979 4726 antiquorum
3018 4657 3336 4726 scriptormn
3361 4659 3603 4712 auctori-

291 4748 406 4805 ctio
426 4749 553 4805 ferri
581 4759 772 4820 potest,
799 4751 1106 4806 varietatem
1131 4750 1186 4806 in
1211 4751 1406 4806 notulis
1431 4751 1799 4821 opposuimus,
1830 4763 1898 4804 ne
1923 4738 1968 4801 C
2004 4755 2130 4802 tate.
2165 4747 2244 4802 Ex
2292 4749 2435 4803 Actis
2475 4750 2744 4803 evincitur
2773 4748 2870 4805 has
2914 4758 3179 4822 martyres
3226 4753 3602 4821 proconsulari

294 4849 502 4898 temere
533 4846 587 4898 in
615 4853 722 4897 tam
766 4843 1001 4913 pretioso
1028 4842 1287 4898 Ecclesia:
1315 4853 1665 4898 monumento
1691 4839 1895 4912 aliquid

294 4939 617 4994 immutasse
646 4937 973 4994 videremur.
1005 4937 1204 4994 Eadem
1248 4937 1407 4993 ctiam
1447 4936 1654 4992 cautela
1694 4934 1778 4990 usi
1795 4949 1894 4990 διιο

292 5047 439 5098 mus,
473 5032 517 5087 si
546 5031 760 5103 quando
787 5032 839 5086 in
869 5045 997 5086 mss.
1025 5029 1299 5086 codicibus
1327 5029 1416 5085 ubi
1441 5027 1629 5084 eadem
1661 5029 1790 5082 Acta
1816 5025 1896 5081 vi-

293 5125 425 5180 tiata
459 5123 746 5191 habentur,
775 5123 976 5195 aliquid
1005 5133 1188 5180 notatu
1213 5122 1432 5192 dignum
1459 5120 1714 5176 occurrit.

371 5218 434 5274 ll.
477 5219 601 5274 Tria
633 5216 852 5289 inquirit
871 5217 1110 5274 eruditus
1136 5215 1380 5272 Valesius
1407 5215 1458 5269 in
1491 5213 1803 5284 pratiatione
1829 5211 1896 5267 ad

289 5312 408 5370 hmc
429 5314 562 5368 Acta
598 5331 612 5367 :
639 5313 833 5383 primo,
863 5312 1076 5368 ubinam
1108 5310 1192 5367 hae
1221 5309 1474 5366 mulieres
1499 5316 1700 5364 sanctae
1728 5321 1898 5377 passae

290 5405 434 5471 sint;
467 5403 704 5461 secundo
727 5445 742 5470 ,
770 5418 878 5475 quo
925 5413 1162 5474 tempore
1204 5401 1518 5474 martyrium
1549 5412 1894 5456 consumma-

289 5495 440 5565 rint;
464 5515 526 5554 ac
554 5497 768 5553 tandem
797 5497 1038 5567 quisnam
1064 5497 1251 5552 borum
1282 5495 1540 5552 Actorum
1563 5499 1768 5559 auctor,
1797 5506 1894 5547 seu

289 5591 472 5663 potius
499 5589 754 5646 eollcctor
779 5586 941 5643 fuerit
965 5606 978 5643 :
1008 5587 1076 5643 de
1099 5588 1288 5660 quibus
1312 5587 1559 5643 omnibus
1581 5585 1742 5641 etiam
1772 5583 1892 5640 heic

287 5688 478 5762 paucis
506 5683 772 5762 agendum
815 5691 916 5740 est.
945 5682 1096 5751 Quod
1123 5682 1188 5738 ad
1214 5683 1444 5753 primum
1473 5681 1682 5751 attinet,
1714 5679 1893 5752 prius-

579 5780 856 5842 PATROL.
901 5777 1013 5840 ιιι.
1061 5778 1493 5840 TenTULLuN.

2002 4848 2268 4911 potestate
2307 4841 2587 4898 damnatas
2630 4841 2842 4907 fuisse;
2873 4859 2935 4898 ac
2976 4843 3232 4913 proinde,
3273 4852 3330 4898 ut
3357 4845 3462 4911 ait,
3493 4862 3604 4900 non

2002 4936 2260 4993 Tuburbii
2301 4936 2354 4992 in
2378 4936 2692 4992 Mauritania
2714 4977 2728 5002 ,
2751 4953 2913 5008 quum
2943 4938 2994 4993 in
3016 4953 3079 4995 ea
3103 4937 3373 5008 provincia
3399 4938 3606 4992 nullum

1995 5030 2084 5103 jus
2115 5028 2464 5102 proconsules
2492 5029 2774 5085 baberent.
2803 5028 3025 5094 Verum,
3055 5038 3112 5083 ut
3137 5029 3189 5083 in
3214 5044 3348 5083 nova
3369 5029 3607 5087 editione

2001 5123 2384 5194 Augustiniana
2435 5121 2783 5176 observatum
2817 5128 2936 5184 est,
2985 5135 3149 5190 quum
3196 5119 3398 5189 duplex
3448 5121 3608 5177 fuerit.

2005 5213 2332 5270 Tuburbium
2363 5214 2417 5268 in
2446 5211 2816 5284 proconsulari
2845 5209 3118 5282 provincia
3148 5211 3329 5278 situm,
3363 5220 3523 5283 atque
3549 5213 3606 5271 in

2003 5307 2259 5362 alterutra
2305 5321 2489 5363 earum
2542 5306 2816 5361 civitatum
2865 5301 3107 5359 fortassis
3148 5301 3606 5372 amphitheatrum

2002 5406 2178 5464 esset,
2210 5413 2480 5470 quumque
2508 5412 2575 5453 ex
2603 5397 2671 5452 iis
2698 5410 2823 5461 una,
2855 5393 3170 5450 Tuburbium
3200 5395 3368 5465 majus
3397 5394 3608 5452 dicere-

2001 5500 2122 5558 tur,
2159 5506 2346 5562 parum
2391 5491 2531 5547 valet
2568 5505 2628 5546 ea
2668 5488 2865 5545 Valesii
2894 5488 3064 5544 ratio:
3089 5488 3190 5544 nisi
3226 5487 3432 5544 dicatur
3465 5506 3608 5546 mar~

2000 5582 2262 5656 tyrologia
2279 5582 2391 5642 fere
2414 5582 2593 5641 omnia
2618 5579 2937 5636 Tuburbium
2957 5580 3012 5636 in
3033 5578 3351 5636 Mauritania
3386 5595 3610 5652 expres-

2005 5676 2164 5739 sisse.

2945 5769 3004 5832 1.
