3982 6310
445 288 511 348 Η
1558 278 2071 347 PROLEGOMENA
2122 276 2212 357 DE
2253 282 2471 347 ACTIS.
3654 284 3745 356 ⁸12

517 403 608 460 Ill.
648 402 855 486 Certius
901 408 986 461 est
1027 409 1400 476 argumentum
1430 402 1572 475 quod
1611 418 1679 460 ex
1722 403 2035 459 auctoritate
2061 398 2117 458 A
2142 405 2361 460 omnino
2389 406 2852 480 stylum,easdem
2882 410 3135 485 loquendi
3173 410 3469 479 formulas,
3500 428 3562 470 ac
3584 415 3738 495 etiam

447 507 688 554 veterum
719 498 810 569 qui
862 497 931 555 de
983 499 1187 573 sanctis
1217 498 1479 571 Perpetua
1518 504 1576 565 ct
1604 496 1884 561 Felicitate
1910 497 2047 563 scpi-

448 599 690 663 psernnt.
734 589 1036 646 deducitur.
1066 590 1221 653 Nam,
1267 597 1626 659 praeterquam
1672 589 1816 657 quod
1867 588 2050 644 Victor

456 684 693 740 Vitensis
718 698 810 739 eas
845 702 863 735 ι
901 683 1225 754 Carthagine
1254 683 1306 737 in
1333 681 1552 738 basilica
1590 682 1782 751 majori
1810 683 2051 752 sepultas

445 775 613 831 fuisse
645 794 664 829 ι
699 775 933 831 afﬁrmat
957 774 1034 849 (1)
1057 816 1071 843 ,
1102 775 1334 846 Prosper
1363 775 1414 829 in
1446 774 1697 840 Chronico
1720 775 2049 849 Labbqrano,

445 869 588 926 Beda
617 870 671 924 in
701 869 841 924 libro
866 870 929 923 de
953 884 1042 924 sea:
1066 868 1329 923 /Etatibus
1350 868 1556 935 Mundi,
1576 870 1741 926 immo
1757 871 1882 925 etin
1905 871 2048 925 Mar—

446 964 698 1036 tyrologt'o
720 964 916 1019 sincero
951 961 1217 1033 (quamvis
1251 962 1378 1017 illud
1401 962 1544 1033 quod
1569 962 1669 1018 sub
1685 964 1801 1034 ejus
1830 964 2047 1020 nomine

446 1055 840 1120 circumfertur,
863 1055 1019 1125 aliter
1042 1054 1280 1131 haheat),
1305 1055 1531 1131 Regina,
1548 1056 1807 1123 .Rabantts
1828 1053 1885 1114 in
1904 1060 2040 1123 Mar-

445 1140 713 1222 tyrologio,
743 1150 952 1220 aliaque
979 1150 1115 1205 bene
1147 1152 1312 1206 multa
1336 1136 1737 1224 martyrologia,
1762 1168 1882 1208 cum
1905 1154 2046 1209 edita

449 1252 559 1298 tum
589 1258 744 1311 mss.,
771 1252 827 1298 ut
855 1242 1039 1298 videre
1067 1252 1149 1298 est
1166 1242 1304 1313 apttd
1330 1244 1705 1299 Bollandianos
1723 1244 1789 1299 ad
1814 1244 1955 1300 diem
1974 1261 2045 1300 vu

448 1338 624 1392 martii
646 1378 661 1403 ,
687 1337 959 1408 expressis
984 1337 1163 1393 verbis
1216 1337 1311 1392 has
1353 1347 1567 1394 sanctas
1597 1350 1862 1412 martyres
1905 1341 2049 1413 apud

374 1426 383 1431 ’
448 1428 825 1501 Carthaginem
880 1424 1065 1500 passas
1115 1429 1281 1485 fuisse
1322 1439 1590 1486 asserunt.
1641 1431 1751 1488 Nec
1786 1446 2046 1503 reponere

440 1522 591 1593 juvat
627 1522 695 1576 ab
732 1521 1029 1592 Augustino
1077 1522 1130 1576 in
1175 1521 1436 1578 Sermone
1474 1538 1643 1595 usu,
1688 1539 1719 1579 a
1758 1523 2047 1597 Sirtnondq

445 1613 613 1682 edito,
645 1614 736 1683 qui
764 1624 845 1669 est
892 1610 1045 1669 novae
1095 1614 1345 1670 editionis
1386 1630 1614 1686 cccxnv,
1646 1615 1745 1685 ha;
1784 1626 2046 1689 martyres

442 1705 818 1761 Tuburbitanas
866 1705 1162 1777 appellari:
1200 1722 1321 1762 nam
1361 1706 1413 1761 in
1440 1707 1626 1763 codice
1668 1722 1770 1764 ms.
1816 1725 1888 1765 ex
1939 1726 2045 1781 quo

2155 500 2353 571 Was
2372 502 2559 574 eadem
2579 505 2743 572 verba
2763 506 2821 564 in
2840 507 3083 579 utrisque
3100 508 3343 580 veneriti-
3370 510 3455 564 Αιι
3480 525 3604 565 vero
3629 525 3738 567 rem

2155 595 2375 669 omnino
2401 597 2631 659 evincat,
2660 599 2751 653 alii
2774 600 3108 669 judicabuut.

2233 664 2317 721 Vl.
2357 669 2425 722 At
2453 669 2670 726 Valesio
2697 664 2946 727 assentiri
2994 689 3097 729 non
3131 688 3346 744 possum
3370 715 3386 740 ,
3423 674 3537 730 haec
3564 676 3686 730 Acta
3709 689 3741 731 ιι

2155 756 2393 831 Montagi
2416 770 2706 830 seclatore,
2733 764 2974 836 quisquis
3001 765 3090 821 ille
3114 764 3295 831 fuerit,
3339 766 3561 822 collecta
3586 766 3739 822 fuisse

2155 847 2503 907 existimanti.
2526 852 2580 908 Id
2603 863 2777 911 tamen
2801 857 3114 912 certissimis
3138 857 3350 913 indiciis
3370 858 3623 928 colligere
3644 858 3742 913 sibi

2156 943 2365 1000 videtur
2405 944 2487 1000 vir
2529 946 2942 1004 eruditissimus.
2975 948 3105 1017 Qua:
3135 949 3349 1020 quidem
3402 952 3595 1005 indicia
3634 949 3743 1006 inec

2154 1048 2295 1109 sunt,
2330 1039 2472 1110 quod
2517 1048 2709 1111 auctor.
2735 1040 2822 1109 ille
2862 1056 3029 1110 novas
3060 1042 3371 1113 prophetias
3416 1038 3744 1114 rccipere'sc

2157 1134 2488 1205 profiteatur,
2513 1145 2565 1191 et
2581 1135 2905 1191 cas-Veteris
2924 1120 3253 1193 Testamenti
3277 1139 3577 1210 prophetiis
3596 1141 3745 1213 longe

2153 1236 2465 1297 anteponat.
2498 1227 2556 1283 ld
2585 1230 2774 1299 prohat
2799 1245 2863 1285 ex
2896 1231 3197 1287 collectoris
3224 1232 3391 1302 ipsius
3425 1234 3630 1299 verbis,
3658 1235 3743 1305 qui

2154 1325 2233 1391 sic
2260 1326 2313 1391 in
2347 1327 2657 1397 praefatione
2705 1328 2976 1399 loquitur:
3011 1346 3031 1381 ‹
3064 1328 3246 1400 Itaque
3275 1339 3328 1385 et
3357 1346 3458 1386 nos
3488 1332 3578 1402 qui
3605 1333 3740 1387 sicut

2155 1420 2464 1488 prophetias
2490 1420 2561 1476 ita
2590 1432 2644 1477 ct
2669 1422 2901 1479 visiones
2929 1438 3115 1493 novas,
3145 1424 3347 1495 pariter
3375 1428 3741 1497 repromissas,

2152 1515 2568 1585 etaguoseimqs
2617 1525 2672 1579 et.
2718 1517 3066 1585 honoramus.
3109 1538 3129 1572 ι
3166 1518 3232 1575 Et
3255 1521 3415 1591 paulo
3441 1530 3565 1577 ante
3600 1522 3745 1577 dixe-

2154 1615 2236 1681 nat
2261 1598 2321 1659 τι
2360 1607 2469 1673 Sed
2494 1608 2726 1666 viderint
2752 1610 2843 1686 qui
2873 1626 3033 1666 unam
3060 1611 3319 1692 virtutem
3339 1613 3571 1685 Spiritus
3594 1616 3743 1671 unius

2153 1701 2324 1754 sancti
2359 1716 2454 1771 pro
2476 1702 2983 1773 a-tatibusjudicent
3008 1713 3334 1776 temporum,
3359 1723 3522 1777 quum
3551 1710 3744 1781 majora

445 1797 763 1867 desumptus
793 1807 877 1857 est
921 1796 1024 1867 iste
1066 1813 1268 1866 sermo,
1301 1813 1413 1861 non
1454 1797 1919 1865 Tuburbitaumum
1943 1844 1957 1868 .
1990 1811 2046 1863 ut

2160 1793 2450 1863 reputando
2488 1794 2596 1850 sint
2636 1796 2899 1863 novitiona
2930 1813 3157 1868 qumqne
3186 1807 3244 1865 Illi
3286 1799 3679 1867 novissimiora.
3719 1823 3739 1857 ι

444 1891 681 1947 correxit
707 1888 1071 1963 Sirmundus,
1098 1891 1192 1948 sed
1224 1891 1619 1947 Suburbitarunt
1644 1892 1859 1965 legitur.
1889 1896 2016 1952 Dice
2035 1927 2048 1937 -

443 1994 531 2042 ret
557 1985 695 2041 forte
723 1985 913 2057 aliquis
961 2001 1053 2041 eas
1086 1986 1469 2043 Suburbitanas
1499 1987 1663 2044 fuisse
1685 1989 1876 2056 dictas,
1904 1992 2045 2061 quod

445 2079 498 2134 in
528 2079 784 2135 suburbio
809 2079 1146 2151 Carthaginis
1188 2095 1360 2149 passae
1387 2081 1630 2137 fuissent.
1662 2082 1787 2150 Sed,
1819 2084 1917 2139 etsi
1946 2084 2044 2140 dc-

446 2178 532 2226 tur
576 2171 720 2228 hunc
761 2171 937 2228 locum
959 2182 1105 2228 recte
1132 2188 1162 2226 a
1184 2172 1476 2230 Sirmundo
1493 2166 1833 2232 emendatum
1857 2177 2042 2245 fuisse,

440 2263 587 2319 nihil.
607 2264 734 2320 inde
779 2274 967 2320 contra
997 2265 1196 2320 Valesii
1225 2268 1548 2323 sententiam
1602 2268 1795 2325 deduci
1846 2280 2040 2339 potest.

444 2354 665 2413 Fatetur
689 2358 905 2429 quidem
944 2358 1013 2415 de
1048 2358 1430 2416 Tuburbitanis
1451 2362 1775 2433 martyribus
1798 2364 1915 2419 heic
1935 2367 2044 2419 Au-

442 2451 713 2520 ειιὲιίηιιιη
765 2467 963 2521 agere;
990 2462 1047 2510 at
1075 2464 1235 2525 negat
1263 2455 1422 2524 plane
1447 2470 1541 2511 eas
1567 2471 1689 2512 esse
1725 2458 2042 2528 Perpetuam

442 2551 497 2598 et
524 2541 855 2598 Felicitatem
885 2558 901 2599 :
927 2544 996 2599 de
1034 2545 1231 2614 quibus
1263 2545 1397 2601 alias
1421 2560 1565 2617 smpe
1593 2563 1761 2618 agens
1786 2550 2043 2619 Augusti-

443 2648 563 2699 nus,
596 2650 887 2706 numquam
919 2651 1013 2694 eas
1033 2635 1452 2704 Tuburbitanas,
1474 2639 1571 2693 sed
1597 2640 1812 2709 proprio
1833 2656 2047 2709 semper

372 2741 381 2747 '
445 2730 662 2795 noniine
686 2729 1005 2800 Perpetuam
1030 2740 1076 2789 et
1108 2730 1430 2789 Felicitaan
1470 2734 1783 2803 appellavit.
1805 2734 2044 2791 Conten-

443 2822 522 2878 dit
564 2838 700 2885 vero,
721 2825 802 2884 vir
830 2824 1071 2883 eruditus
1114 2823 1585 2883 Tububitanarum
1624 2830 1841 2883 nomine
1870 2827 1992 2884 heic
2014 2843 2045 2881 a

445 2926 634 2973 sancto
659 2919 958 2990 Augustino
976 2918 1279 2984 “nimam,
1305 2920 1626 2976 Donatillam
1653 2937 1719 2977 ac
1740 2921 2044 2978 Secundam

444 3003 750 3075 designatas
772 3005 956 3073 fuisse,
979 3022 1097 3076 quae
1113 3005 1328 3076 quidem
1352 3005 1609 3062 Tuburbii
1636 3010 1735 3064 sub
1760 3008 2044 3081 Valeriano

446 3106 500 3153 et
524 3096 769 3153 Gallieno
797 3098 1211 3169 imperatoribus
1235 3112 1405 3168 passa:
1427 3099 1697 3155 dicuntur.
1732 3100 1802 3156 Et
1825 3102 2042 3173 quidem

2155 1884 2373 1951 Verum,
2401 1887 2499 1941 etsi
2533 1886 2647 1942 haec
2672 1889 2831 1944 verba
2847 1890 3018 1959 primo
3041 1901 3261 1961 aspectu
3283 1893 3520 1951 Montani
3543 1913 3745 1954 errores

2151 1990 2343 2044 sapere
2374 1977 2687 2046 videantur,
2727 1984 2771 2037 si
2811 1992 2989 2038 tamen
3036 1983 3194 2053 paulo
3236 1990 3541 2043 accuratius
3582 1989 3743 2061 dispi-

2151 2072 2378 2138 ciantur,
2414 2072 2543 2130 nihil
2576 2075 2627 2129 in
2674 2075 2805 2147 ipsis
2834 2079 3098 2134 contineri
3146 2079 3250 2135 nisi
3297 2080 3655 2138 orthodoxam
3695 2092 3744 2139 et

2151 2161 2274 2223 ﬁdei
2304 2163 2585 2225 catholicae
2633 2168 2790 2236 plane
2826 2183 3124 2225 consonum
3156 2173 3419 2241 reperies.
3450 2173 3566 2229 Non
3609 2175 3741 2230 enim

2153 2254 2252 2307 istc
2285 2263 2473 2310 auctor
2499 2257 2732 2314 visiones
2764 2261 3085 2317 novissimos
3121 2278 3240 2319 cum
3271 2264 3564 2338 Scripturis
3592 2248 3744 2323 cano-

2152 2349 2307 2413 uicis,
2340 2359 2397 2404 ut
2425 2353 2627 2419 putavit
2658 2351 2926 2419 Valesius,
2956 2354 3049 2413 sed
3082 2357 3427 2415 solummodo
3454 2375 3576 2416 cum
3606 2371 3744 2418 vete-

2152 2446 2268 2497 rum
2299 2451 2593 2516 martyrum
2620 2446 2916 2506 visionibus
2937 2457 2992 2505 et
3011 2451 3434 2509 revelationibus
3453 2465 3737 2525 compamt;

2149 2536 2450 2605 asseritque
2480 2552 2587 2594 non
2609 2538 2805 2595 minori
2830 2542 3175 2600 veneratione
3197 2544 3476 2602 habendas
3493 2561 3612 2603 esse
3632 2560 3742 2617 quat

2147 2640 2247 2681 suo
2276 2638 2546 2698 tempore,
2576 2645 2738 2701 quam
2781 2649 2901 2702 qua:
2936 2635 3128 2705 priscis
3170 2639 3506 2709 temporibus
3529 2684 3545 2709 ,
3576 2642 3628 2698 id
3667 2650 3744 2697 est

2149 2718 2324 2788 primo
2365 2730 2458 2775 aut
2502 2722 2739 2777 secundo
2778 2724 3036 2782 Ecclesiae
3082 2730 3281 2787 saeculo
3312 2774 3327 2800 ,
3371 2736 3739 2806 contigerant:

2149 2812 2316 2875 immo
2358 2824 2413 2875 et
2454 2816 2795 2884 aliquatenus
2829 2820 2924 2875 has
2964 2838 3130 2879 novas
3173 2827 3541 2885 revelationes
3564 2828 3741 2899 majori

2150 2904 2327 2958 studio
2365 2907 2730 2976 suscipiendas
2756 2925 2879 2966 esse
2904 2913 3053 2981 dicit,
3082 2931 3248 2986 quum
3274 2922 3525 2991 exetnpla
3551 2937 3617 2977 eo
3636 2921 3744 2976 clli-

2148 2994 2359 3049 caciora
2387 2996 2516 3063 sint,
2546 3014 2652 3069 quo
2683 3003 2851 3072 magis
2884 3008 3168 3072 prmsentia
3198 3026 3210 3061 :
3245 3019 3357 3065 tum
3390 3012 3582 3069 deinde
3607 3013 3738 3085 quod

2150 3086 2232 3141 ha:
2255 3088 2558 3146 novissimae
2588 3092 2836 3163 visiones,
2863 3114 2982 3165 quae
3003 3100 3294 3172 aliquando
3320 3090 3534 3164 veteres
3556 3106 3742 3165 futura:

444 3189 497 3245 id
534 3188 724 3245 valesii
780 3205 1095 3261 responsum
1138 3192 1447 3251 conm-mari
1497 3202 1681 3263 posse;
1726 3208 1793 3248 ex
1832 3204 2045 3250 γειυειο
2072 3196 2117 3260 C
2150 3188 2327 3272 erunt,
2352 3182 2523 3253 aliqua
2548 3187 2868 3243 auctoritate
2900 3189 3183 3247 fulcienda)
3205 3206 3406 3265 essent,
3433 3210 3491 3255 ut
3518 3215 3547 3257 a
3576 3209 3755 3272 poste-.

446 3280 756 3337 kalendaria
803 3273 1224 3354 Carthaginensi
1295 3284 1435 3355 apud
1503 3286 1900 3353 Mabillonium,
1958 3288 2044 3344 ubi

445 3384 750 3429 sanctarum
783 3373 1269 3431 'l'uhurbitauarum
1316 3377 1508 3433 festum
1554 3380 1813 3435 rccolitur
1854 3397 1911 3435 ιιι
1952 3380 2047 3436 ka-

446 3467 634 3523 lendas
663 3468 872 3538 augusti
912 3485 925 3521 :

445 3560 613 3626 citas;
646 3560 875 3615 Maxima
917 3576 1045 3616 vero
1071 3572 1126 3617 et
1155 3564 1315 3618 socim
1354 3564 1406 3619 in
1438 3565 1685 3621 omnibus
1720 3569 2045 3639 martyroloo

388 3658 393 3662 ‘
446 3652 546 3722 giis
570 3661 801 3707 mortem
830 3652 1031 3707 obiissc
1059 3654 1389 3710 referuntur.

519 3743 608 3799 ιν.
652 3745 751 3799 Diu
779 3761 882 3800 non
922 3747 1326 3805 immorabimur
1351 3751 1402 3804 in
1432 3750 1755 3823 assignando
1796 3762 2036 3824 tempore

445 3850 552 3908 quo
578 3836 694 3891 ista:
735 3836 908 3895 beata:
943 3847 1207 3910 martyres
1246 3841 1550 3910 passionem
1583 3858 2044 3900 consummarunt.

447 3934 580 3989 Acta
608 3940 662 3987 ct
691 3932 1068 4005 martyrolngia
1110 3950 1229 4003 qua:
1277 3950 1369 3990 eas
1409 3935 1509 3991 sub
1537 3936 1818 3994 Valeriano
1844 3950 1896 3995 ct
1923 3939 2049 3995 Gal-

444 4025 589 4080 lieno
616 4040 801 4096 passas
831 4024 995 4082 fuisse
1024 4025 1261 4081 referunt
1287 4070 1317 4107 ,g
1336 4028 1418 4082 vel
1447 4045 1513 4085 ex
1553 4046 1618 4086 eo
1649 4033 2047 4088 convincuntur

448 4118 598 4185 falsi,
634 4118 774 4189 quod
800 4118 1163 4175 Tertullianus
1193 4121 1280 4190 qui
1320 4123 1372 4175 in
1406 4122 1541 4179 libro
1572 4127 1634 4179 de
1661 4129 1845 4180 Anima
1870 4170 1882 4193 ,
1914 4128 2043 4183 Per.

449 4218 625 4280 petua:
655 4210 920 4280 meminit,
945 4210 1033 4266 diu
1061 4221 1183 4266 ante
1216 4213 1403 4268 hormn
1430 4216 1814 4288 imperatorum
1840 4230 2047 4292 tempus

450 4317 481 4357 e
512 4303 617 4357 vita
660 4304 973 4358 excesserit.
1014 4304 1202 4359 Melius
1237 4307 1420 4376 itaque
1462 4308 1512 4362 in
1542 4308 1919 4385 Martyrologip
1958 4328 2050 4383 ge-

451 4396 614 4452 nuino
636 4395 798 4452 Beda:
833 4396 1057 4468 aliisque
1085 4401 1338 4469 antiquis,
1364 4401 1415 4455 id
1440 4406 1753 4474 martyrium
1776 4405 1841 4460 ad
1863 4406 2047 4462 Severi

451 4488 793 4559 imperatoris
821 4496 1030 4560 tempus
1070 4500 1352 4546 revocntur
1388 4509 1403 4548 :
1442 4495 1633 4566 quibus
1662 4497 1793 4552 Acm
1839 4498 2048 4554 sincera

977 3485 1084 3541 quo
1109 3469 1196 3525 die
1237 3458 1497 3542 nttsquam
1526 3470 1787 3543 Perpetua
1820 3484 1871 3528 et
1899 3474 2047 3529 Feli-
2076 3500 2082 3506 -

2152 3271 2228 3326 ris
2257 3274 2622 3331 crederentur.
2658 3277 2715 3332 ld
2758 3291 2901 3349 patet
2949 3298 3011 3339 ex
3058 3286 3246 3343 eadem
3295 3291 3465 3363 ipsius
3517 3271 3741 3350 auctoris

2153 3370 2262 3418 tota
2308 3365 2659 3435 przrfatione,
2695 3372 2782 3427 ubi
2827 3390 2893 3429 ne
2939 3391 3104 3432 unum
3152 3381 3373 3451 quidem
3421 3384 3636 3441 verbum
3679 3384 3741 3439 dc

2152 3454 2440 3528 Scriptum
2469 3475 2636 3518 sacrae
2661 3479 2781 3519 cum
2821 3467 3115 3526 visionibus
3144 3485 3442 3549 martyrum
3473 3493 3741 3549 compara-

2155 3551 2297 3607 tione
2326 3552 2585 3612 habetur:
2618 3577 2638 3609 α
2672 3559 2728 3615 Si
2764 3572 2981 3630 vetera,
3014 3565 3224 3638 inquit,
3260 3572 3384 3627 lidci
3436 3572 3740 3645 exempla...

2154 3655 2432 3715 propterea
2465 3648 2515 3701 in
2547 3650 2742 3707 litteris
2770 3664 2895 3708 sunt
2918 3656 3122 3735 digesta
3162 3670 3219 3716 ut
3273 3663 3506 3720 lectione
3528 3679 3703 3721 eorum
3723 3704 3741 3733 ,

2152 3741 2302 3808 quasi
2348 3743 2768 3812 repensitatione
2817 3764 3034 3820 rerum,
3066 3764 3119 3809 et
3164 3756 3305 3812 Deus
3360 3760 3648 3815 honoretur
3692 3766 3743 3813 et

2157 3824 2316 3889 homo
2341 3837 2705 3907 confortetur,
2739 3856 2835 3896 cur
2875 3859 2982 3899 non
3014 3854 3067 3901 ct
3094 3863 3227 3903 nova
3256 3850 3576 3911 documenta
3602 3864 3742 3921 teque

2156 3926 2366 3995 utrique
2406 3943 2601 3984 .cansa:
2662 3935 3029 3992 convenientia
3080 3948 3134 3993 et
3189 3941 3539 4013 digerantur?
3583 3953 3682 4007 etc.
3718 3959 3736 3993 ι

2153 4017 2342 4086 Porro,
2379 4020 2478 4075 etsi
2511 4021 2608 4077 iste
2639 4035 2828 4081 auctor
2859 4028 3048 4083 harum
3080 4042 3377 4105 martyrum
3410 4036 3658 4102 visiones,
3676 4047 3738 4089 ex

2154 4111 2218 4165 iis
2246 4129 2378 4181 quas
2412 4115 2549 4171 Deus
2579 4134 2673 4187 per
2701 4119 2906 4175 Jocletn
2953 4127 3337 4194 rcpromiserat
3358 4172 3370 4195 ,
3403 4132 3738 4193 existimave-

2154 4203 2260 4269 rit,
2291 4221 2395 4260 non
2427 4215 2602 4263 tamen
2633 4210 2755 4267 inde
2786 4215 3132 4285 consequitur
3157 4220 3298 4288 quod
3345 4238 3437 4281 eas
3465 4218 3741 4289 Scripturis

2155 4297 2320 4349 sacris
2345 4298 2685 4367 aequipararit
2714 4320 2725 4355 :
2753 4304 2890 4359 sicut
2920 4321 3020 4362 nec
3050 4307 3291 4367 Ecclesia
3325 4296 3562 4385 fidelium
3607 4313 3743 4368 dicta

2154 4387 2236 4441 vel
2263 4391 2457 4459 scripta
2484 4391 2622 4446 inter
2650 4396 2744 4450 has
2764 4395 3067 4469 Scripturas
3093 4405 3380 4463 canonicas
3402 4408 3737 4481 computavit,

2154 4485 2395 4552 quamvis
2437 4501 2542 4539 non
2587 4487 2856 4547 dubitaret
2897 4495 2963 4549 ab
2992 4511 3057 4550 eo
3108 4502 3433 4567 processisse
3471 4516 3500 4555 a
3534 4514 3636 4571 quo
3660 4495 3745 4557 alii

448 4583 822 4648 consentiunt;
852 4582 1115 4653 siquidem
1140 4585 1206 4637 ibi
1235 4584 1314 4653 (2)
1340 4596 1538 4641 sancta:
1562 4598 1827 4660 martyres
1851 4590 1932 4644 die
1962 4608 2049 4646 na-
2073 4594 2126 4654 D
2153 4574 2350 4629 damur
2377 4592 2572 4646 30""3
2605 4581 2934 4652 linguarum,
2964 4587 3053 4641 3m
3084 4590 3380 4660 [πονιιοιίιυ
3408 4636 3419 4657 ι
3451 4590 3540 4646 alii
3570 4601 3740 4653 Sermo

453 4670 547 4722 tali
576 4670 718 4726 Geta:
758 4672 975 4727 (laxaris
1022 4672 1213 4728 bestiis
1253 4674 1478 4744 objecta:
1517 4690 1686 4734 sunt:
1722 4681 1867 4751 quod
1913 4698 2057 4742 anno

451 4763 649 4817 Christi
676 4780 777 4820 ccu
801 4774 893 4820 aut
914 4767 1176 4837 sequenti,
1209 4768 1380 4845 idibus
1405 4771 1604 4839 martii,
1634 4775 1923 4844 contigisse
1946 4776 2057 4831 exi-

452 4855 758 4911 stimamus.
1333 4861 1395 4914 ι).
1430 4861 1635 4919 Tusce.
1671 4864 1941 4925 Romam.

531 4949 597 5005 V.
657 4949 1036 5021 lnquirendum
1092 4953 1303 5013 tandem
1369 4956 1614 5025 quisnam
1661 4957 1820 5014 fuerit
1864 4960 2052 5017 horum

456 5045 709 5099 Actorum
758 5054 962 5112 auctor,
993 5061 1086 5101 seu
1118 5050 1293 5116 potius
1338 5049 1596 5106 coilcctor
1619 5092 1635 5118 ,
1670 5070 1832 5125 quum
1864 5071 2051 5110 eorum

458 5136 744 5190 maximam
806 5146 1009 5205 partem
1059 5154 1087 5190 a
1142 5138 1404 5207 Perpetua
1457 5142 1508 5196 et
1557 5143 1751 5201 Saturo
1800 5148 2052 5215 scriptam

457 5232 623 5287 fuisse
653 5246 812 5291 nemo
841 5232 1059 5287 inliciztri
1088 5234 1277 5305 possit.
1307 5234 1361 5290 ld
1385 5252 1517 5305 Opus
1544 5239 1873 5302 Tertulliano
1900 5245 2054 5298 attri-

458 5329 571 5383 buit
598 5339 783 5384 auctor
811 5330 1051 5400 epistolas
1077 5331 1398 5411 Biturigibus
1425 5337 1639 5406 scriptze
1667 5338 1731 5394 ad
1765 5339 2049 5405 Henricum

458 5418 726 5476 Valesium
757 5440 768 5475 :
799 5423 942 5493 qUod
972 5435 1027 5478 ut
1059 5426 1325 5495 probaret,
1356 5428 1564 5484 collatis
1590 5433 1771 5487 mnltis
1795 5436 2048 5492 Actorum

457 5514 591 5569 locis
622 5530 741 5568 cum
764 5515 882 5571 aliis
905 5516 1220 5573 Tertulliani
1246 5520 1520 5590 operibus,
1549 5524 1776 5578 ostendit
1804 5529 2049 5586 ctnnrlcm

536 5654 799 5741 (1)”Vll'll,
824 5656 1041 5741 Vli‘tﬂdc
1062 5657 1321 5741 pilrsrcul.
1354 5659 1555 5715 Vandal
1585 5705 1598 5730 ,
1632 5664 1723 5721 lib.
1762 5682 1797 5731 l,
1825 5682 1941 5738 cap.
1976 5687 2049 5741 ut,

464 5740 581 5797 pag.
617 5727 670 5791 5,
696 5728 824 5780 edit.
860 5729 1027 5780 Paris.
1061 5730 1218 5783 ιιιυι.

544 5742 581 5775 τ.
617 5742 670 5791 a,
696 5742 824 5780 cun.
860 5742 1027 5780 rarts.
1061 5742 1218 5783 ilius.

531 5742 612 5871 ῗιὶ)
657 5798 780 5854 Acta
814 5797 1069 5867 Pessima,
1103 5812 1207 5858 etc.
1240 5818 1357 5875 Cap.
1394 5805 1473 5860 lli.

2161 4668 2458 4735 sapientiae,
2482 4671 2601 4724 aliis
2628 4673 2726 4727 alia
2750 4673 2909 4737 dona,
2940 4693 3056 4749 (ιιιίυ
3086 4681 3299 4737 laudato
3324 4684 3489 4740 Joclis
3519 4682 3744 4747 ιεειίηῖοο

2160 4759 2248 4811 nio
2272 4763 2627 4828 praenuntiata
2653 4775 2707 4819 et
2738 4769 2998 4836 promissa
3029 4770 3192 4829 fuisse
3220 4785 3424 4830 certum
3454 4784 3554 4830 est.

2231 4849 2342 4905 VII.
2372 4852 2499 4922 Sed,
2525 4869 2593 4910 ne
2610 4855 2852 4914 fortassis
2873 4862 3080 4932 aliquos
3106 4877 3353 4921 moveant
3379 4866 3605 4922 auctoris
3617 4874 3745 4932 pra:-

2156 4943 2373 4999 fationis
2402 4948 2581 5014 verba,
2615 4951 2704 5019 qui
2731 4966 2822 5007 cas
2845 4955 3078 5011 visiones
3104 4959 3253 5028 quasi
3295 4956 3549 5015 divinitus
3579 4952 3737 5037 inspi-

2162 5036 2301 5094 ratsz
2330 5041 2526 5107 laudat,
2560 5059 2621 5099 ea
2652 5045 2718 5100 de
2746 5062 2804 5102 re
2828 5049 3128 5106 audiendus
3154 5065 3232 5106 cst
3264 5052 3608 5124 Augustinus,
3635 5044 3749 5123 (ιιιῖ.¹

2159 5135 2283 5191 licet
2305 5139 2596 5208 expressis,
2626 5149 2681 5195 ut
2701 5142 2870 5208 aiunt,
2896 5147 3072 5199 verbis
3100 5145 3193 5201 has
3219 5147 3493 5217 Perpetua:
3518 5142 3739 5196 visiones

2156 5244 2184 5283 a
2216 5244 2422 5286 canone
2449 5231 2844 5315 Scripturarum
2866 5239 3113 5293 excludat
3142 5240 3250 5311 (3),
3284 5257 3374 5297 cas
3416 5252 3586 5295 tamen
3620 5252 3640 5286 ‹
3667 5230 3744 5285 di-

2157 5322 2310 5378 vinas
2327 5325 2680 5382 revelationes
2694 5347 2711 5379 ι
2735 5331 2988 5399 appellat,
3006 5342 3163 5403 atque
3184 5349 3213 5388 a
3238 5334 3481 5390 fidelibus
3497 5327 3741 5400 religione

2156 5419 2501 5477 honorandos
2549 5426 2741 5479 asserit
2784 5424 2884 5499 (4).
2941 5447 2959 5479 ‹
3017 5428 3427 5489 Exbortationcs
3470 5439 3681 5487 carum.
3716 5435 3737 5471 ³

2165 5512 2332 5583 inquit
2361 5513 2660 5586 (Perpetua)
2687 5526 2739 5572 et
2763 5518 3106 5595 Felicitatis),
3147 5544 3166 5577 ‹
3199 5527 3248 5581 in
3279 5525 3461 5581 divinis
3486 5518 3736 5577 revelatio-

2243 5674 2329 5755 (5)_
2345 5675 2494 5755 AAng.
2536 5675 2673 5755 lib.)
2704 5639 2766 5730 de
2794 5678 2974 5755 enim.
3005 5692 3052 5735 et
3095 5684 3207 5755 ejus
3235 5683 3417 5753 origin.
3448 5680 3514 5755 ad
3544 5677 3743 5755 Relicta

2159 5742 2392 5821 metu,
2424 5742 2570 5821 trum.
2604 5747 2684 5815 12,
2711 5760 2764 5803 et
2794 5750 2884 5806 lib.
2919 5768 2991 5818 tu,
3014 5755 3082 5806 ad
3113 5742 3372 5821 'Vinrenlq
3405 5770 3451 5809 c.
3484 5752 3543 5817 9,
3577 5742 3739 5821 ηχξῗ·

2238 5819 2313 5893 (lt)
2341 5817 2439 5884 ld.,
2474 5818 2642 5873 Serm.
2672 5814 2707 5888 ι,
2738 5837 2859 5878 nov.
2891 5814 3017 5880 edit.
3047 5826 3171 5897 980,
3206 5837 3334 5884 tom.
3360 5814 3419 5896 'v,
3444 5814 3558 5897 pag.
3590 5814 3739 5874 113$
