3982 6310
301 278 367 346 t3
1216 294 1451 360 PASSIO
1487 298 1588 361 ss.
1628 286 2019 362 essemus;
2056 303 2144 363 ET
2180 304 2624 372 FELICITATIS.
3528 317 3603 385 tt

308 407 464 474 uibus,
480 408 889 486 triumphosque
901 414 1211 485 passionum
1239 431 1362 477 cum
1380 420 1708 492 legerentur.
1741 422 1896 477 audio
1923 425 1975 484 Α
2004 430 2108 477 tur.
2141 422 2506 483 Memorantur
2535 435 2796 497 prmtcrea
2826 444 3010 488 earum
3050 432 3266 492 nemina
3297 435 3352 494 in
3387 452 3597 497 canone

308 501 507 569 vimus;
547 519 719 576 eaque
767 506 946 563 omnia
996 510 1285 569 verborum
1313 513 1520 584 digesta
1550 525 1603 572 et
1627 517 1891 574 illustrata

309 595 582 652 luminibus
605 613 736 655 aure
769 602 1125 671 percepimus,
1151 614 1331 660 mente
1358 609 1738 677 spectavimus,
1767 610 1893 665 reli-

262 739 268 744 .
308 688 456 757 ginne
472 688 1145 758 bonomvimus,charitate
1171 696 1518 754 laudavimus.
1552 718 1572 752 ι
1610 702 1893 757 Deiisdem

312 781 583 835 visionibus
606 783 851 852 pluribus
876 786 993 841 aliis
1017 787 1066 841 in
1095 787 1229 842 locis
1248 790 1359 860 agit
1385 794 1728 861 Augustinus,
1756 807 1893 864 quas

312 874 365 928 iu
389 873 601 929 ecclesia
626 876 843 946 publice
866 878 1035 935 lectas
1062 879 1225 936 fuisse
1251 892 1479 940 testatur
1505 884 1603 956 (l).
1638 885 1742 942 Sed
1775 897 1893 941 tan-

312 964 447 1031 dem;
475 975 526 1020 ut
549 982 654 1023 uno
680 968 848 1024 verbo
876 985 988 1026 rem
1016 971 1316 1037 conﬁciam,
1346 990 1448 1044 qua
1477 977 1684 1034 ratione
1715 979 1891 1033 haere-

320 1056 444 1111 ticus
464 1066 517 1113 et
540 1057 777 1116 Montani
799 1072 1055 1130 sectator,
1094 1064 1162 1118 ad
1193 1068 1629 1123 comnmnionent
1655 1082 1777 1124 cum
1806 1071 1892 1127 his

311 1147 503 1203 (manus
525 1151 847 1225 servandam
873 1169 1001 1208 suos
1024 1154 1427 1223 adhortaretur,
1459 1174 1595 1229 quas
1624 1160 1677 1215 in
1699 1161 1889 1216 catho-

310 1238 515 1296 licorum
528 1257 662 1313 quos
679 1243 975 1317 Psycbicos
988 1262 1117 1304 voca
1125 1248 1225 1303 ban
1235 1263 1272 1313 t,
1292 1255 1673 1309 communione
1688 1248 1889 1313 abiisse

309 1334 571 1389 sciebant?
596 1336 708 1393 Nec
744 1338 798 1397 id
827 1348 1072 1409 poterant
1113 1343 1360 1413 ignorare
1407 1346 1443 1401 ii
1483 1345 1551 1401 ad
1593 1362 1732 1418 quos
1774 1350 1889 1406 tunc

310 1439 478 1483 auctor
503 1430 816 1515 scribebat,
838 1435 1101 1506 siquidem
1129 1452 1226 1493 eos
1251 1440 1341 1509 qui
1364 1443 1624 1513 martyrio
1651 1459 1890 1513 praesen-

311 1519 627 1590 tesl‘uerant,
646 1525 938 1596 alloquitur
962 1546 977 1583 :
1005 1548 1026 1581 ι
1050 1530 1459 1599 Annuutiamus,
1492 1536 1682 1605 inquit,
1713 1537 1885 1607 vobis,

307 1612 480 1670 fratres
499 1622 552 1672 et
572 1616 743 1683 ﬁlioli,
775 1629 828 1674 ut
855 1630 913 1677 et
940 1636 1039 1678 vos
1066 1625 1156 1693 qui
1187 1624 1521 1695 iutcrl'uistis,
1553 1644 1885 1688 rememore-

306 1704 422 1758 mini
457 1707 632 1777 gloria:
679 1709 923 1776 Domini,
962 1721 1067 1768 etc.
1110 1733 1130 1766 ι
1180 1714 1285 1771 Sed
1329 1716 1398 1773 de
1439 1716 1529 1773 his
1564 1722 1714 1775 satis.
1765 1721 1882 1777 Jam

1997 515 2172 575 Missae
2211 519 2487 588 Romana},
2522 523 2574 578 in
2604 524 2965 581 vetustissimo
2995 527 3426 588 Saeramcutario
3467 534 3600 590 Gal-
3634 530 3643 537 “

1994 607 2206 679 licano,
2251 615 2393 685 quod
2463 615 2633 671 edidit
2700 629 2886 675 noster
2949 620 3307 681 Mabillonius.
3356 626 3486 682 ltcm
3540 628 3596 685 in

1996 714 2205 761 canone
2248 706 2424 763 Missas
2472 708 2888 767 Sacramentarii
2937 713 3298 787 Gregoriani,
3352 724 3596 791 quamvis

1995 794 2185 853 harum
2207 809 2514 857 sanctarum
2544 803 2802 860 festivitas
2831 808 2970 863 inter
2987 811 3117 864 alias
3145 812 3217 866 ibi
3248 812 3458 870 notatas
3486 832 3595 871 non

1996 885 2289 956 habeatur,
2324 893 2467 961 quod
2508 893 2754 951 Fortassis
2789 912 2849 951 ea
2896 909 3135 969 tempore
3163 894 3595 976 Quadragesimte

1994 983 2292 1052 contingat.
2325 985 2489 1041 Abest
2514 988 2672 1043 etiam
2697 1004 2723 1042 a
2755 991 3119 1047 rettt8tissimo
3144 994 3455 1052 kalendaria
3483 998 3593 1053 Ma-

1994 1072 2290 1132 billoniano
2310 1080 2552 1135 ecclesite
2571 1082 2834 1139 Africana:
2858 1100 2872 1139 :
2895 1086 3010 1150 sed,
3036 1104 3196 1158 quum
3216 1106 3277 1144 ex
3298 1092 3594 1163 Augustino

1992 1178 2200 1224 certum
2232 1173 2303 1226 sit
2339 1187 2528 1228 earum
2561 1164 2903 1232 festivitatem
2925 1179 3041 1247 ejus
3074 1188 3317 1251 tempore
3346 1183 3595 1240 celebra~

1993 1271 2101 1317 tam
2133 1263 2338 1333 fuisse,
2369 1265 2656 1323 dicendum
2686 1269 2848 1340 quod,
2881 1272 2925 1325 si
2954 1272 3003 1326 in
3035 1285 3100 1329 eo
3127 1271 3596 1331 Taburbilanarum

1993 1357 2209 1414 nmniuc
2233 1374 2339 1414 non
2367 1360 2731 1432 designentur,
2773 1362 3136 1421 kalendarium
3161 1367 3298 1424 istud
3328 1369 3598 1441 integrum

1994 1471 2101 1510 non
2128 1460 2230 1514 sit.
2264 1458 2454 1529 inquo
2504 1473 2691 1514 revera
2749 1457 3002 1516 februarii
3054 1461 3169 1518 dies
3207 1462 3486 1520 duodecim
3531 1483 3596 1524 ac

1992 1552 2215 1607 martius
2242 1563 2295 1609 et
2342 1553 2528 1622 aprilis
2560 1567 2772 1610 menses
2795 1555 2986 1627 integri
3016 1555 3407 1614 desiderantur.
3440 1560 3597 1627 Quod

1990 1651 2171 1700 autem
2192 1660 2376 1700 earnm
2397 1646 2653 1703 festivitas
2670 1646 2830 1703 etiam
2852 1648 3038 1718 primis
3060 1650 3388 1721 temporibus
3408 1650 3594 1707 Roma:

1990 1737 2259 1793 celebrata
2291 1736 2467 1802 fuerit,
2496 1747 2639 1809 patet
2666 1754 2731 1794 ex
2756 1738 2957 1794 missali
2985 1739 3181 1797 Gelasil
3208 1750 3263 1797 et
3286 1756 3353 1798 ex
3374 1745 3597 1815 antiquo

305 1796 471 1867 paucis
487 1797 555 1855 de
571 1800 676 1855 illis
700 1818 821 1873 qua:
849 1806 901 1859 in
918 1804 1108 1885 barum
1131 1818 1425 1880 martyrum
1456 1811 1641 1869 laudes
1661 1829 1693 1870 a
1717 1816 1879 1872 variis
1906 1876 1907 1879 η

1996 1830 2371 1901 martyrologio
2397 1831 2756 1898 Bucheriano,
2783 1831 2869 1887 ubi
2896 1830 3012 1887 haec
3043 1833 3306 1889 habentur
3332 1851 3347 1887 :
3378 1855 3399 1889 ι
3428 1834 3596 1892 Nonis

300 1890 583 1946 auctoribus
604 1892 751 1949 dicta
776 1904 923 1961 sunt,
948 1899 1211 1968 agendum
1244 1912 1329 1958 est
1357 1900 1459 1974 (2).

371 1981 491 2036 Vill.
531 1984 771 2042 Celebris
800 2002 1015 2058 semper
1046 1990 1147 2047 fuit
1173 1992 1228 2047 in
1261 1992 1503 2051 Ecclesia
1527 2038 1540 2061 ,
1577 2001 1877 2068 pra-sertim

302 2077 549 2141 Africana,
581 2091 888 2137 sanctarum
916 2082 1198 2155 Perpetem
1227 2096 1284 2142 et
1323 2086 1621 2147 Felicitatis
1670 2108 1880 2147 memo-

301 2168 405 2232 ria;
437 2169 485 2224 in
509 2186 731 2241 quarum
761 2173 853 2230 die
879 2176 1047 2231 natali
1076 2189 1185 2234 tres
1208 2188 1468 2236 tractatus
1495 2193 1739 2239 sanctum
1774 2187 1882 2240 Au-

300 2261 544 2327 gustinum
569 2264 821 2322 habuisse
852 2276 1079 2325 testatur
1108 2271 1379 2329 Pessidius
1413 2274 1463 2328 in
1495 2273 1759 2343 lndiculo,
1790 2279 1883 2345 qui

302 2355 355 2413 in
376 2373 498 2413 nova
526 2359 764 2418 editione
786 2372 913 2418 sunt
942 2364 1235 2423 Sermones
1261 2382 1468 2423 cccxxx
1489 2410 1504 2435 ,
1556 2383 1789 2425 ccum
1827 2382 1884 2427 et

303 2465 546 2507 cccxxxu.
596 2454 941 2524 Aliquamdin
986 2456 1119 2513 hresi
1170 2474 1237 2514 an
1282 2458 1382 2515 bos
1420 2475 1703 2533 sermones
1741 2463 1881 2519 inte-

302 2558 411 2614 gros
431 2544 529 2601 huc
554 2546 851 2616 proferrem
884 2568 898 2603 :
927 2559 1003 2615 at,
1032 2565 1194 2620 quum
1226 2551 1277 2606 in
1304 2553 1543 2608 omnium
1575 2554 1688 2611 fere
1716 2556 1885 2611 mani-

304 2638 390 2694 bus
412 2641 697 2697 habeantur
725 2643 1008 2713 Augustini
1036 2660 1222 2714 Opera,
1251 2649 1421 2702 visum
1450 2656 1534 2702 est
1562 2649 1693 2703 satis
1718 2649 1783 2713 si,
1820 2651 1885 2706 iis

306 2731 512 2800 omissis,
531 2747 592 2787 ea
610 2749 730 2804 quae
750 2726 827 2788 'ad
855 2737 985 2791 Acta
1014 2737 1337 2807 peettliarius
1361 2738 1685 2808 referuntur,
1715 2740 1763 2795 in
1786 2756 1882 2796 no-

309 2826 413 2881 Iulis
439 2828 504 2882 ad
531 2837 735 2885 textum
760 2829 1101 2886 adnotarent.
1131 2830 1385 2887 Pluribus
1413 2832 1535 2890 aliis
1568 2834 1617 2888 in
1661 2834 1791 2889 locis
1814 2835 1885 2891 de

308 2916 469 2974 iisdem
496 2922 821 2992 martyribus
849 2936 1140 2995 earumque
1166 2924 1328 2978 sociis
1355 2926 1465 2995 agit
1492 2926 1632 2980 idem
1660 2938 1882 2983 sanctus

309 3007 497 3066 Doctor.
522 3012 883 3068 «Fortissime:
901 3014 1179 3084 Perpetua:
1208 3023 1262 3070 et
1290 3029 1740 3090 commartyrumr
1772 3032 1887 3074 me-

308 3103 807 3161 minit'l'crtullianus
828 3108 924 3163 lib.
946 3108 1010 3162 de
1038 3108 1241 3172 Anima,
1265 3124 1382 3177 cap.
1405 3108 1499 3176 55,
1531 3123 1585 3165 ut
1610 3111 1722 3183 jam
1742 3113 1885 3167 (lixi-

1990 1920 2171 1976 martii
2199 1920 2478 1991 Perpetua-
2509 1930 2563 1977 et
2591 1921 2883 1978 Felicitatis
2913 1923 3130 1979 Africae.
3169 1943 3188 1976 ›
3222 1923 3365 1980 ldctn
3398 1925 3597 1982 habent

1932 2068 1951 2081 ,
1985 2025 2178 2075 caetera
2212 2008 2591 2087 martyrologia
2618 2058 2633 2081 ,
2680 2032 2800 2070 cum
2844 2024 3057 2081 vetera,
3112 2023 3221 2072 tum
3268 2020 3587 2074 recentiora.

1985 2104 2338 2162 Ceiebrantur
2366 2108 2486 2162 cum
2526 2106 2688 2162 sociis
2740 2109 2790 2161 in
2818 2107 3121 2179 Menologio
3151 2107 3459 2164 Cra-corum
3487 2109 3591 2164 Βίις

1986 2200 2090 2255 silii
2137 2200 2477 2270 imperatoris
2528 2200 2614 2256 die
2666 2216 2700 2254 ll
2753 2199 3027 2257 februarii.
3091 2200 3287 2256 llarnm
3349 2203 3591 2273 reliquias

1989 2302 2230 2360 tempore
2270 2291 2577 2347 Vandalicas
2612 2293 3002 2362 persecutionis
3030 2308 3094 2347 ex
3143 2292 3317 2349 Africa
3359 2294 3588 2349 Romam

1986 2384 2182 2440 delata:
2215 2386 2490 2451 dicuntur,
2524 2400 2658 2456 quas
2701 2384 3039 2456 postmodum
3080 2385 3295 2440 exinde
3328 2385 3593 2444 Rodull'us

1988 2475 2404 2548 Biturigeusinm
2433 2477 2868 2547 archiepiscopus
2897 2476 3108 2546 accepit
3135 2476 3333 2533 smcnlo
3359 2493 3432 2542 ιχ,
3465 2494 3594 2533 eas-

1988 2584 2095 2640 que
2120 2569 2172 2624 in
2214 2570 2559 2624 monasteriis
2584 2568 2871 2624 Dorerensi
2902 2579 2959 2623 ct
2987 2568 3341 2635 Bcllilocensi,
3376 2568 3447 2625 ab
3475 2570 3595 2641 ipso

1988 2661 2242 2729 conditis,
2285 2661 2553 2731 deposuit.
2586 2658 2744 2717 Certe
2772 2660 3039 2730 hodieque
3070 2660 3318 2716 monachi
3360 2661 3591 2718 Benedi-

1989 2756 2116 2810 ctiui
2135 2797 2150 2820 ,
2178 2756 2290 2826 qui,
2320 2756 2590 2810 deStructa
2618 2750 2847 2820 Dovcra,
2880 2754 3178 2811 \‘irsioncm
3196 2753 3513 2826 migrarunt,
3534 2770 3596 2814 se

1990 2847 2163 2902 beata:
2195 2848 2475 2917 Perpetua:
2499 2847 2754 2918 reliquias
2782 2847 2980 2901 habere
3005 2847 3329 2917 gloriantur.

2060 2938 2167 2995 Sed
2187 2939 2298 3010 jam
2332 2939 2443 3008 ipsa
2476 2940 2604 2993 Acta
2637 2936 2957 3008 proferenda
2986 2948 3112 2993 sunt
3137 2955 3150 2992 :
3179 2942 3297 3008 una:
3328 2948 3592 3010 quantum

1991 3047 2056 3089 ex
2090 3032 2289 3087 nostris
2319 3031 2594 3086 codicibus
2621 3030 2991 3089 emendatiera
3024 3030 3317 3100 prodeant,
3342 3033 3591 3105 quisque,

1992 3125 2037 3179 si
2063 3140 2129 3181 ea
2153 3139 2275 3178 eum
2303 3124 2462 3179 editis
2502 3122 2751 3179 conferre
2783 3122 3041 3188 voluerit,
3072 3122 3230 3179 hicile
3252 3114 3594 3181 animadver-

309 3212 426 3252 tnus.
456 3198 641 3254 Omnia
665 3201 1051 3271 martyrulogia
1093 3218 1277 3258 carum
1311 3204 1507 3259 festum
1537 3206 1603 3261 ad
1635 3208 1775 3285 diem
1806 3226 1879 3266 vn
1903 3214 1948 3279 C
1990 3226 2083 3272 tet.
2134 3214 2189 3270 Id
2238 3222 2387 3271 certe
2412 3214 2774 3285 spernendum
2816 3229 2920 3268 non
2964 3224 3081 3277 est,
3127 3214 3268 3284 quod
3309 3213 3588 3270 Saturnini

307 3291 454 3346 martii
480 3291 749 3357 referunt,
777 3308 881 3363 qua
913 3293 1002 3349 die
1040 3294 1297 3351 hactenus
1324 3296 1465 3367 apud
1497 3312 1595 3353 nos
1622 3282 1866 3357 celebra-

391 3427 437 3495 l)
470 3426 543 3482 Id.
573 3428 746 3484 Serm.
778 3426 906 3483 282.
1182 3456 1191 3457 ί

386 3498 439 3567 2)
476 3498 648 3561 Mabil.
706 3510 837 3555 tom.
871 3500 1054 3558 tMas.
1087 3502 1212 3558 Ital.

307 3625 1649 3669 Μ

1978 3323 2172 3366 nomen
2201 3316 2256 3362 et
2295 3310 2608 3378 martyrium
2642 3323 2827 3364 eorum
2856 3323 2958 3378 ope
3009 3307 3421 3364 restituorimus.
3476 3309 3590 3367 Huc

1979 3386 2153 3475 usque
2175 3400 2258 3457 Cl.
2291 3400 2646 3457 RUINAM'IUS.

1664 3637 3597 3676 ΕΜ

1463 3672 2329 3940 PASSIO
2378 3746 2420 3796 “

1176 4029 1905 4124 SANCTARUM
1977 4016 2669 4124 MARTYBUM

622 4213 1602 4407 gERPETU/E
1716 4221 1907 4344 ΕἹ

2024 4211 3213 4407 EELICITATIS.

285 4443 423 4507 (Arta
446 4446 566 4493 sint“.
598 4403 793 4509 martyr.
819 4444 1125 4523 D.liuinart,
1154 4462 1199 4511 p.
1218 4446 1285 4499 .77
1329 4458 1435 4510 sqq.
1477 4447 1594 4498 Acta
1618 4446 1707 4497 SS.
1743 4446 1867 4498 Boll.
1892 4446 2034 4503 Mart.
2065 4403 2153 4510 Ili,
2315 4444 2535 4498 Galland.
2560 4443 2688 4494 Bibl.
2715 4441 2854 4491 Veli.
2900 4438 2998 4488 PP.
3029 4441 3064 4487 ι.
3095 4434 3159 4497 Il,
3186 4448 3233 4497 p.
3258 4424 3578 4497 XXlil-l“).

1637 4590 2244 4665 ΡΒᾹΞΕΑΤΙΟ.

1176 4732 2661 4775 -α-ᾡ--ψ-

356 4866 413 4921 St
444 4872 622 4921 vetera
652 4863 770 4921 ﬁdei
797 4863 1065 4936 exempla,
1095 4874 1151 4939 et
1171 4863 1261 4920 Dei
1286 4864 1511 4934 gratiam
1540 4863 1880 4920 testificanda

1994 4864 2479 4921 ctmdiﬁcationem
2521 4864 2751 4921 hominis
2779 4862 3081 4935 operantia,
3114 4869 3398 4933 propterea
3422 4860 3473 4916 in
3506 4859 3597 4918 lit-

1124 4984 1129 4991 ‘
1523 4978 1902 5036 LECTIONES
1942 4979 2378 5038 VAlllANTES‘.

351 5103 375 5130 ε
406 5099 647 5149 Passionis
680 5096 852 5149 nomen
889 5095 1165 5148 retinemus.
1248 5094 1311 5146 od
1329 5092 1379 5146 in
1398 5091 1603 5146 hisactis
1615 5107 1719 5147 com
1755 5102 1883 5147 etere
1909 5097 1960 5158 1)
1986 5094 2268 5147 Turbitana.
2294 5096 2395 5149 Sed
2414 5093 2465 5149 in
2495 5110 2553 5151 eo
2596 5096 2707 5150 cod.
2748 5095 2881 5148 deest
2909 5092 3149 5160 prwﬁuio,
3172 5091 3296 5146 sicut
3319 5099 3365 5146 et
3385 5092 3436 5145 in
3461 5092 3597 5146 Com-

351 5164 455 5210 ubat
476 5158 773 5210 Italstenins.
800 5162 865 5210 In
886 5158 999 5210 cod.
1052 5107 1324 5210 Salisgiira.
1353 5155 1556 5208 additur
1594 5160 1644 5208 in
1686 5110 1885 5210 climate
1989 5157 2263 5210 neudicnsi.

287 5164 455 5232 probat
476 5158 773 5214 Itolstenius.
800 5162 865 5210 In
886 5158 999 5211 cod.
1052 5155 1324 5223 Salisbury.
1353 5155 1556 5208 additur
1594 5160 1644 5208 in
1686 5155 1885 5210 civitate

1989 5157 2263 5224 pendicnsi,

1626 5263 1983 5323 VARIORUM
2010 5265 2246 5321 NOTZE.

363 5390 544 5446 Passio
607 5387 715 5445 SS.
771 5386 827 5442 ln
904 5401 1007 5441 ms.
1076 5382 1351 5463 Casincnsi
1425 5381 1605 5437 nullus
1666 5391 1890 5463 apparet

299 5465 481 5519 titulus
533 5480 546 5516 :
588 5461 817 5530 ideoque
872 5459 1147 5536 hactenus
1214 5456 1459 5536 curiosos
1512 5456 1884 5536 scrutantium

293 5536 473 5592 oculus
496 5525 949 5607 elegantissimum
981 5530 1082 5607 huc
1106 5525 1680 5607 Szlcrtllﬁalll‘lquilztlis.
1701 5540 1890 5580 tuonu-

296 5617 529 5664 tuentum
553 5598 944 5667 soluet-fugisse
971 5603 1238 5679 existimo.
1272 5598 1384 5679 Ego
1405 5598 1682 5678 augustiui
1703 5607 1891 5679 auctu-

294 5682 453 5735 ritatc
489 5674 807 5749 Passionenr
821 5674 1064 5749 inscripsi
1096 5687 1110 5733 ;
1144 5673 1212 5725 ita
1242 5668 1384 5749 enim
1419 5670 1531 5749 ipse
1564 5678 1716 5722 vocat
1763 5668 1894 5749 locis

293 5764 452 5818 supra
485 5748 673 5821 relatis
702 5740 1115 5821 ittl’sal.'xL\’tt.
1145 5752 1201 5796 et
1255 5742 1431 5796 Serm.
1574 5749 1751 5821 ριευιιι.⁸
1776 5742 1895 5821 sine

293 5811 452 5895 duino
484 5827 609 5876 tunc
660 5816 715 5872 in
764 5816 938 5871 fronte
974 5816 1257 5869 tttUllOl‘tItll
1307 5811 1691 5881 exemplarium
1741 5811 1896 5882 hujus

1994 5381 2244 5454 (lpuscnii
2276 5397 2395 5453 qum
2424 5382 2620 5452 passim
2648 5379 3250 5454 exstabant,legcbatur
3276 5378 3602 5454 etsolebant

1992 5453 2101 5509 illic
2156 5456 2348 5509 similia
2377 5455 2575 5523 scripta
2620 5454 2705 5508 sic
2749 5453 2990 5519 inscribi,
3026 5462 3083 5507 ut
3129 5453 3474 5523 intelligimus
3524 5467 3602 5508 ex

1996 5527 2254 5598 martyrio
2285 5526 2345 5582 S.
2377 5526 2631 5598 Cypriani
2676 5541 2707 5580 a
2737 5524 2945 5598 Pontio
2959 5525 3193 5581 Disceno
3221 5525 3516 5598 descripto,
3545 5535 3603 5579 et

1996 5596 2116 5651 aliis
2138 5594 2195 5650 id
2223 5594 2506 5676 geuus—Si
2529 5597 2650 5676 quis
2683 5594 3098 5676 .tattten_Gt‘:.eco
3136 5596 3367 5676 _n0mittc
3401 5594 3605 5676 Mttrtyo

1998 5670 2129 5722 riu»:
2156 5669 2428 5738 appellare
2461 5667 2632 5735 malit,
2681 5667 2842 5722 habet
2885 5669 2936 5722 in
2983 5669 3082 5722 hac
3135 5668 3249 5737 ipsa
3292 5667 3607 5723 narratione

2002 5741 2148 5819 unde
2162 5743 2701 5819 conjecturatnsuam
2722 5738 2908 5819 fulcire
2931 5740 3117 5808 possit.
3149 5739 3509 5819 llocsyarttus.
3558 5808 3571 5819 .
3684 5750 3687 5751 '

2077 5816 2091 5831 ‘
2120 5809 2381 5866 Lectiones
2430 5810 2680 5865 variantes
2728 5810 3082 5866 dosumuntur
3111 5826 3176 5866 ex
3219 5809 3346 5868 edit.
3379 5808 3438 5865 ι).
3472 5808 3603 5866 llui~
