3982 6310
413 189 489 252 25
846 186 851 189 ’
1656 189 1907 251 PASSIO
1941 188 2028 249 SS.

2141 183 2475 247 an'rvnuu
3346 222 3349 223 κ
3661 186 3735 257 at

422 331 442 366 ι
481 312 669 371 liorem
684 309 862 369 locum
883 308 1123 368 carceris
1147 307 1607 381 reirigeraremus.
1634 308 1784 366 Tunc
1809 323 2006 366 exeun-
2029 308 2086 371 Α
2115 325 2136 360 ‹
2171 304 2443 372 convalui,
2472 311 2526 362 ct
2554 301 2787 361 relevata
2833 316 2954 359 sum
2986 316 3017 358 a
3042 299 3225 358 labore
3252 298 3321 359 'et
3349 301 3733 361 sollicitudine

425 426 447 460 ε
484 416 564 464 tes
612 406 681 463 de
730 419 949 463 carcere
1003 403 1238 461 universi
1287 402 1390 460 sibi
1450 402 1726 459 vacabant.
1773 403 1888 474 Ego
1938 402 2017 457 in-

360 492 367 497 ’
424 518 447 553 ι
483 500 683 557 fantem
731 498 991 556 lactabam
1036 498 1148 569 jam
1194 496 1371 553 inedia
1424 494 1715 553 defectum.
1772 494 2016 552 Sollicita

427 611 448 645 ι
481 606 580 663 pro
614 605 681 648 eo
717 589 1044 662 adloquebar
1090 595 1314 644 matrem
1340 627 1356 654 ,
1410 595 1465 643 et
1508 585 1876 644 confortabam
1907 585 2018 642 fra-

423 703 445 736 ‹
483 695 653 749 trem,
709 682 1150 743 commendabam
1192 680 1361 736 lilium
1400 688 1449 736 ⁸.
1490 680 1851 738 Tabescebam
1898 678 2019 737 ideo

424 796 445 830 ι
482 775 627 849 quod
669 775 788 832 illos
834 774 1109 831 tabescere
1141 771 1380 827 videram
1409 770 1514 827 mei
1540 770 1822 829 beneflcio.
1858 769 2017 827 Tales

426 889 447 924 ι
481 869 869 929 sollicitudines
894 867 1073 924 multis
1098 865 1287 922 diebus
1309 878 1466 936 passa
1493 877 1634 932 sum,
1681 871 1737 921 et
1760 861 2013 934 usurpavi

424 982 445 1018 ι
482 971 543 1021 ut
580 977 791 1020 mecum
837 960 1012 1017 infans
1061 959 1113 1017 in
1153 972 1376 1037 carcere
1419 966 1696 1023 maneret;
1745 966 1800 1013 et
1832 954 2012 1013 statim

2127 418 2147 453 ι
2184 398 2425 455 infantis:
2450 406 2503 453 ct
2532 396 2699 453 lactus
2718 405 2802 451 est
2832 394 2965 451 mihi
2986 409 3176 452 carcer
3199 395 3384 452 subito
3400 395 3560 467 quasi
3591 411 3728 470 prac-

2127 511 2147 546 c
2186 492 2406 561 torium,
2438 499 2496 547 ut
2524 490 2595 549 ibi
2622 490 2836 548 mallem
2865 504 2985 547 esse
3023 504 3182 561 quam
3211 490 3340 547 alibi
3370 488 3425 546 ι).

2202 686 2221 722 ι
2244 666 2486 725 lll.Tunc
2507 666 2642 723 dixit
2655 666 2785 723 mibi
2802 666 2962 724 frater
2979 681 3128 723 meus
3146 686 3159 721 :
3174 667 3404 725 Domina
3421 682 3605 737 soror,
3625 669 3728 740 jam

2128 783 2147 817 ι
2182 765 2235 820 in
2265 776 2455 834 magna
2493 760 2747 833 dignitate
2789 770 2811 798 ο
2862 775 2955 826 es;
2986 770 3041 818 et
3071 771 3214 817 tanta
3253 772 3311 818 ut
3365 763 3613 833 postules
3651 765 3730 820 vi-

2126 874 2146 909 ι
2182 854 2421 918 sionem,
2463 862 2520 909 et
2558 850 2871 909 ostendatur
2901 852 2996 908 tibi
3022 867 3089 908 an
3120 854 3300 926 passio
3327 855 3435 924 sit,
3484 870 3553 910 an
3583 871 3730 913 com-

2112 964 2145 1004 ‘t
2182 958 2411 1007 meatus.
2464 949 2533 1005 Et
2568 962 2699 1020 ego,
2750 954 2871 1020 quae
2915 962 3002 1005 me
3043 948 3276 1006 sciebam
3334 947 3573 1006 fabulari
3617 966 3737 1007 cum

1646 1069 2033 1129 LECTIONES
2068 1065 2487 1145 YABIANTES.

447 1256 459 1268 .
485 1194 599 1268 fEt
619 1194 970 1257 contui-tabam,
1003 1191 1146 1245 fratri
1184 1191 1583 1245 commendabam
1627 1189 1776 1241 ﬁlium
1797 1187 2009 1241 cod.Sa-

420 1257 731 1372 mg'Alicubi
758 1314 979 1371 Holsten.

2178 1188 2203 1218 ε
2228 1180 2317 1237 Sic
2338 1182 2486 1248 codd.
2532 1182 2796 1248 Compend.
2843 1190 2887 1236 et
2921 1184 3101 1238 Salisb.
3122 1186 3482 1243 atHolstenius
3512 1188 3654 1243 habet
3686 1192 3735 1243 in

2122 1259 2306 1311 magna
2322 1247 2610 1311 dignatione
2630 1247 2705 1312 es,
2730 1252 2864 1299 tanta
2884 1254 2943 1299 ut
2960 1249 3222 1315 postulem,
3244 1257 3343 1303 etc.

1747 1399 2110 1460 VARIOBUM
2147 1397 2378 1457 NOTE.

418 1524 583 1596 rupti,
610 1524 885 1596 custodias
909 1523 1082 1596 laxius
1111 1520 1313 1579 habere
1352 1501 1578 1596 soleant.
1617 1520 1765 1596 Quos
1804 1529 2021 1596 coercet

2126 1520 2369 1592 vulgatus
2420 1516 2687 1586 interpres
2718 1514 3062 1592 Ecclesiastici
3100 1517 3277 1589 capite
3305 1536 3423 1588 xu,
3475 1522 3532 1583 4.
3582 1521 3733 1579 (ἔταξα

416 1588 529 1651 Ιιθίι
550 1588 663 1651 vni.
708 1595 764 1651 li.
792 1597 856 1650 de
891 1595 1135 1650 Custodia
1184 1610 1403 1649 reorum.
1447 1593 1612 1666 Ludit
1642 1588 2020 1666 eleganteruin
2052 1627 2100 1666 ς,
2131 1588 2247 1650 cam
2277 1605 2460 1666 vocem
2484 1595 2790 1666 ἐσχατογνερῳ
2820 1588 2985 1666 latine
3029 1588 3418 1666 interpretatus
3445 1593 3520 1666 s_it
3544 1593 3735 1666 defecto

418 1644 769 1724 aestimatis
794 1644 2021 1723 "tosta:“sastsata'inﬁasaaté'?tuatui;
2052 1644 2101 1692 “
2127 1644 2295 1734 ιῖἐᾶὶρῤ
2320 1644 2479 1734 adeo
2500 1644 2575 1734 ait
2602 1644 2901 1734 euin'ulunt,
2932 1644 3223 1717 locum};
3242 1644 3417 1734 satis
3446 1644 3735 1734 issi-gas:

417 1738 582 1795 modo
611 1738 874 1805 laudatus,
906 1737 974 1793 ab
1003 1738 1096 1793 illo
1127 1752 1289 1794 versu
1318 1755 1332 1792 :

479 1871 711 1935 Quisquis
731 1872 780 1921 in
801 1869 1126 1922 Andromeda:
1149 1868 1399 1932 surgentis
1414 1871 1639 1931 tempore
1661 1873 1829 1931 ponto,

479 1934 725 1998 Nascitur,
761 1942 858 1986 etc.

491 2054 661 2123 Quem
721 2052 896 2123 locum
918 2064 1003 2123 es
1028 2047 1319 2123 Ciceronis
1343 2045 1567 2123 Verrius
1597 2062 1631 2099 v
1673 2045 1892 2123 videtur
1928 2062 2024 2123 ex-

418 2117 720 2197 pressisse,
765 2122 855 2197 ubi
884 2121 964 2197 sic
993 2120 1227 2190 legitur:
1274 2117 1459 2197 Patres
1508 2117 1594 2185 Iu',
1638 2134 1764 2189 quos
1798 2118 2020 2197 putetis,

413 2189 658 2269 iacebant
692 2196 747 2248 in
788 2194 979 2269 limine,
1019 2189 1308 2260 matresque
1324 2189 1910 2269 ntiserteupernoctabmit
1951 2190 2023 2244 ad

423 2259 610 2323 ostium
621 2267 861 2330 carceris,
878 2264 940 2318 ab
966 2273 1189 2317 extrema
1213 2259 1480 2333 complexu
1494 2259 2021 2333 liberorumea'cluste,

423 2354 543 2411 qum
574 2337 707 2392 nihil
745 2336 890 2411 aliud
936 2335 1170 2411 orabant,
1220 2332 1417 2411 nisiut
1477 2332 1704 2411 ﬁliorum
1744 2343 2025 2411 extremum

418 2403 924 2481 spiritumﬂexcipere
960 2404 1056 2462 sibi
1084 2405 1276 2459 liceret.
1321 2403 1512 2457 Aderat
1552 2403 1745 2481 ianitor
1782 2405 2020 2481 carceris,

417 2473 652 2550 carnifex
686 2473 953 2550 Prtetoris,
997 2492 1135 2530 mors
1172 2486 1429 2550 terrorque
1449 2476 1722 2550 _sociorunt
1750 2484 1798 2528 et
1842 2473 2026 2528 civium

424 2544 575 2607 lictor
595 2550 815 2614 Sestius,
848 2549 931 2602 cui
951 2563 1012 2603 ea:
1040 2548 1182 2601 omni
1207 2546 1394 2618 gemitu
1424 2544 1699 2618 doloreque
1732 2554 1871 2600 certa
1892 2562 2028 2600 mer-

423 2639 505 2678 ces
526 2620 925 2691 comparabatur
953 2628 1047 2672 :ut
1072 2615 1250 2682 adeas,
1299 2625 1497 2670 tantum
1541 2615 1722 2671 dabis:
1777 2626 1832 2691 ut
1860 2617 2027 2671 cibum

422 2695 512 2747 tibi
545 2689 678 2746 intro
719 2695 853 2760 ferre
892 2690 1062 2756 liceat,
1109 2698 1349 2760 tantum;
1397 2702 1543 2760 nemo
1581 2689 1870 2760 recusabat,
1917 2698 2023 2744 etc.

423 2764 594 2819 Porro
630 2758 886 2817 mulieres
912 2761 1213 2833 praesertim
1230 2758 1561 2833 christiana;
1579 2759 1702 2816 huic
1738 2761 1890 2833 operi
1920 2761 2025 2815 mi-

422 2834 737 2892 sericordiae
787 2831 928 2889 sese
975 2831 1393 2902 impendebant;
1442 2832 1627 2900 quales
1684 2847 1790 2888 non
1838 2832 2026 2888 dubito

425 2908 550 2977 quin
576 2901 1091 2977 Libaniusinnuerit
1119 2901 1270 2977 0rat,
1309 2903 1419 2977 jam
1462 2903 1646 2972 citata,
1689 2905 1779 2959 ubi
1828 2903 2027 2973 janito-

425 2975 545 3033 rum
581 2987 636 3034 et
679 2975 961 3032 custodum
984 2976 1216 3032 carceris
1245 2975 1613 3032 avarissimam
1645 2977 2022 3032 crudelitatem

423 3049 721 3114 detestans,
750 3048 956 3114 refert;
988 3047 1077 3102 vix
1100 3047 1353 3118 exiguum
1377 3047 1555 3103 lumen
1584 3057 1643 3103 ut
1689 3047 1887 3103 habere
1926 3050 2026 3103 mi-
2053 3045 2099 3110 C

423 3122 561 3176 seris
586 3121 793 3185 liceret,
824 3133 1019 3190 magno
1045 3121 1216 3189 pretio
1236 3119 1303 3173 ab
1336 3119 1468 3187 ipsis
1493 3120 1598 3175 emi
1624 3119 1839 3175 solitum
1875 3137 1889 3173 :
1913 3127 2026 3175 tum

423 3192 468 3245 si
499 3192 617 3259 quis
643 3206 859 3246 reorum
889 3200 1157 3259 sumptum
1184 3190 1282 3246 sibi
1323 3190 1515 3246 deesse
1562 3200 1868 3255 excusaret,
1904 3192 2029 3246 huic

423 3264 567 3317 male
603 3261 862 3317 muletato
888 3262 1206 3334 regerebant
1238 3279 1252 3315 :
1283 3266 1365 3318 διὰ
1387 3272 1437 3318 τί
1472 3270 1524 3320 οὗ
1571 3268 1731 3327 καλεῖς
1770 3267 1852 3316 διὰ
1884 3266 2028 3319 τῶνδὲ

425 3344 515 3389 τῶν
563 3339 774 3401 ἐξιόντων
814 3341 1017 3400 γυναῖκα
1066 3339 1201 3404 δεῦρο
1248 3337 1460 3392 τῶνΊκὶ
1487 3345 1815 3406 φιλανθρωπίᾳ
1837 3344 2028 3406 φιλοττ-

423 3413 698 3475 [tanaim-1'
730 3406 818 3460 εἶτ’
861 3410 1008 3471 αὐτῆς
1048 3418 1177 3491 πρὸξ
1209 3414 1275 3460 τὰ
1291 3410 1471 3472 γόνατα
1512 3416 1804 3491 προσπεσὼν.
1841 3410 2031 3491 χυθεὶς

424 3485 773 3548 προσειποῦσαν
798 3483 930 3545 ἄγειν
949 3490 996 3533 τί
1018 3475 1114 3532 σοὶ.
1137 3475 1240 3533 Cur
1259 3494 1349 3548 per
1367 3492 1454 3531 eos
1466 3475 1559 3548 qui
1569 3480 1687 3533 hinc
1703 3478 2033 3548 egrediuntur

425 3565 528 3602 non
554 3565 704 3604 vocas
728 3549 828 3602 huc
857 3550 1118 3604 mulierem
1144 3549 1369 3618 aliquam
1398 3563 1464 3604 ea:
1482 3550 1567 3615 iis,
1595 3565 1708 3617 qua:
1742 3550 2034 3601 humanita-

427 3620 492 3702 tis
520 3621 710 3690 ofﬁciis
744 3620 887 3703 dant.
909 3637 1155 3703 cperant;
1202 3620 1272 3674 ad
1308 3622 1462 3692 cujus
1499 3636 1668 3703 genua
1690 3619 2028 3703 provolutusz

426 3688 668 3763 impetres
711 3701 767 3746 ut
818 3688 1004 3763 stipem
1049 3693 1276 3762 aliquam
1319 3688 1649 3763 carraginem,
1682 3688 1772 3744 tibi
1806 3688 2036 3756 σθεναιῖ
2064 3716 2086 3735 ε

1616 3762 1814 3818 Ηοιετ.

500 3832 570 3888 Ut
617 3835 795 3905 paucis
850 3834 994 3890 ‘Itoris
1041 3836 1211 3890 emissi
1257 3835 1312 3890 in
1368 3835 1632 3891 meliorem
1687 3834 1859 3889 locum
1910 3848 2032 3887 car-

423 3906 552 3960 ceris
577 3908 1013 3977 refrigeraremus.
1047 3906 1286 3962 Fuerant
1326 3922 1459 3978 ergo
1494 3905 1724 3978 conjecti
1751 3905 1804 3960 in
1843 3918 2033 3978 carce-

426 3993 565 4049 rem_
592 3976 928 4049 interiorem,
967 3986 1025 4033 ιιι
1064 3987 1287 4035 vocatur
1329 3976 1505 4034 Actor.
1541 3976 1815 4049 capax".
1860 3976 2034 4049 Porro

425 4047 718 4173 gttodltcic
751 4049 995 4104 beneficii
1023 4050 1139 4105 loco
1165 4065 1210 4134 ει.
1229 4050 1485 4119 praefecto
1505 4044 1785 4112 custodite,
1810 4044 2034 4132 praemio

467 4118 670 4173 eltntto.
702 4129 1047 4173 tmnetratum
1073 4130 1176 4173 est.
1197 4121 1249 4173 Id
1283 4130 1466 4173 nostea
1493 4138 1521 4173 a
1545 4119 1862 4173 Constantio
1891 4118 2032 4173 Atta.

467 4118 670 4185 elinito,
702 4121 1176 4191 impetratumiest,
1197 4121 1249 4176 id
1282 4130 1466 4191 postea
1493 4138 1521 4174 n
1545 4119 1862 4175 Constantio
1882 4118 2032 4191 Aug.

426 4193 779 4245 constitutum
816 4191 940 4260 Leg.
985 4207 1003 4246 ι
1041 4190 1176 4246 Cod.
1208 4190 1547 4248 de’Custodia
1574 4208 1801 4257 reorum,
1842 4190 1933 4245 ubi
1957 4192 2037 4245 sic

427 4262 656 4330 legitur:
690 4261 802 4316 Nec
843 4278 956 4316 vero
996 4263 1129 4318 sedis
1169 4264 1364 4319 intima:
1407 4266 1637 4318 tenebras
1681 4262 1786 4333 pati
1840 4261 2036 4316 debebit

424 4333 674 4408 inclusus,
722 4333 813 4408 sed
859 4343 1103 4408 usurpata
1135 4334 1246 4408 luce
1302 4335 1522 4408 vegetari
1562 4350 1623 4408 ac
1661 4333 1948 4408 sublevari;
1989 4341 2037 4388 et

425 4405 514 4457 ubi
538 4421 642 4458 no.1:
668 4406 996 4476 geminaverit
1033 4406 1337 4471 custodiam,
1360 4405 1437 4461 ’in
1475 4406 1733 4461 vestibulis
1776 4419 2038 4476 carcerum

431 4485 478 4528 et
507 4473 797 4530 salubribus
842 4476 967 4530 locis
992 4477 1153 4543 recipi
1182 4492 1197 4531 :
1230 4493 1292 4531 ac
1316 4487 1595 4533 reuertente
1620 4477 1802 4531 iterum
1830 4473 2032 4537 die,‘ad

429 4546 647 4614 primum
689 4548 812 4602 solis
859 4555 1027 4601 ortum
1055 4546 1196 4601 illico
1234 4549 1303 4601 ad
1332 4548 1591 4618 publicum
1627 4548 1797 4601 lumen
1835 4545 2029 4618 reduci,

429 4632 495 4670 ne
518 4618 680 4686 paruis
703 4618 923 4672 carceris
947 4618 1229 4687 perimatur
1256 4634 1274 4673 :
1301 4617 1436 4688 quod
1479 4618 1830 4673 innocentibus
1875 4617 2029 4688 mise-

430 4702 566 4750 runt,
599 4691 779 4760 noxiis
803 4706 906 4743 non
943 4690 1068 4744 satis
1114 4703 1342 4744 severum
1395 4706 1501 4760 esse
1541 4689 1874 4760 dignoscitur.
1916 4687 2029 4755 Qua

433 4759 820 4832 conStitutione
873 4760 1173 4832 mitigatum
1235 4759 1446 4832 videtur
1490 4758 1743 4832 Antonini
1794 4758 1874 4813 Pii
1944 4773 2031 4832 re-

434 4829 716 4896 scriptum,
748 4831 838 4901 qui
866 4829 1125 4901 gravioris
1162 4830 1388 4887 sceleris
1420 4846 1561 4897 reos,
1594 4830 1762 4900 ipsum
1793 4829 2030 4885 carceris

436 4913 671 4972 pinnam,
717 4912 841 4958 ante
869 4902 1190 4972 supplicium
1219 4904 1486 4958 sustinere
1529 4903 1716 4957 voluit.
1748 4901 1912 4956 Libro
1948 4916 2028 4967 ut,

434 4970 490 5023 ll‘.
524 4970 815 5046 deCustod.
840 4970 1060 5028 reorum.
1080 4974 1234 5043 Quod
1262 4974 1411 5029 addit
1435 4975 1878 5046 refrigeraremus,
1896 4986 2036 5042 pra:-

436 5049 525 5114 ter'
547 5041 599 5095 id
626 5044 767 5112 quod
789 5046 1033 5114 superius
1058 5041 1258 5100 dictum
1317 5055 1419 5112 est,
1473 5041 1682 5099 videtur
1731 5041 2034 5113 exprimere

434 5111 682 5167 Grmcum
713 5111 935 5187 verbum
965 5121 1244 5186 ἀναψυχεῖν,
1276 5118 1375 5171 etsi
1418 5117 1648 5171 Lexicon
1691 5111 1842 5170 vetus
1884 5114 2033 5187 refri-

434 5199 612 5255 gerare
641 5184 833 5240 reddat
857 5184 1202 5252 ἀγαλλιᾶσθέι.
1261 5188 1459 5244 Ηοιςτ.

505 5254 628 5309 Jam
675 5256 849 5310 inedia
897 5257 1168 5324 defectum.
1228 5259 1285 5314 Id
1339 5268 1421 5315 est
1473 5258 1643 5315 ferme
1693 5258 1758 5313 ad
1809 5266 2037 5312 mortem

438 5324 735 5385 redactum.
788 5327 1149 5383 Tertullianus
1200 5330 1337 5387 libro
1377 5346 1436 5395 n,
1491 5331 1557 5385 ad
1615 5327 2041 5385 natiunes:Cur

437 5413 539 5450 non
568 5400 730 5473 magis
760 5399 856 5473 dea
877 5414 991 5473 quin
1013 5402 1176 5473 magis
1201 5404 1309 5473 pia,
1356 5402 1450 5457 illa
1480 5403 1590 5466 lilia
1630 5402 1789 5473 patris
1817 5402 1871 5473 in
1919 5416 2037 5473 car-

439 5483 552 5540 cere
581 5470 719 5538 [ante
759 5470 941 5540 defecti
986 5470 1221 5527 uberibus
1250 5475 1357 5528 suis
1399 5470 1700 5527 educatriat?
1745 5470 2036 5526 Italctiam

441 5538 642 5616 S_cueca
694 5549 749 5594 ct
790 5538 1052 5596 Phaedrus
1104 5542 1413 5613 loquuntur,
1463 5544 1617 5616 cujus
1703 5543 1876 5616 locum
1920 5543 2037 5616 viro

442 5608 601 5689 docto
652 5620 959 5689 suspectum
1002 5627 1126 5667 esse
1170 5608 1361 5689 miror,
1386 5608 1544 5670 eum'
1571 5613 1870 5689 innumeris
1916 5613 2037 5689 aliis

442 5682 644 5747 possint
676 5683 980 5738 occursuris
1006 5682 1283 5739 auctorum
1320 5682 1666 5742 Classicorum
1715 5682 2034 5740 testimoniis

444 5750 786 5822 comprobari
841 5756 1028 5824 possit.
1076 5752 1231 5812 Unde
1273 5766 1497 5827 apparet
1545 5772 1705 5827 quam
1756 5755 2035 5827 eleganter

2060 4443 2114 4504 D

2125 1738 2209 1793 nis
2241 1732 2513 1790 Cinciliani
2547 1748 2562 1787 :
2598 1727 2728 1786 Cum
2759 1732 3013 1791 audirent.
3039 1744 3204 1787 mente
3232 1727 3472 1793 defectus
3501 1727 3633 1790 sum.
3672 1738 3733 1793 Et

2125 1806 2369 1865 Suetonii
2406 1802 2607 1872 Tranq.
2653 1801 2791 1857 libro
2831 1802 2893 1858 de
2926 1801 3219 1860 Illustribus
3262 1801 3630 1860 Grammaticis
3670 1808 3734 1864 de

2125 1878 2267 1936 Ollio
2305 1874 2483 1931 Care:
2510 1871 2642 1948 _C_um
2677 1874 2793 1943 jam
2835 1890 2937 1929 non
2978 1891 3154 1947 gressu
3195 1876 3352 1933 modo
3412 1878 3733 1948 deﬁceretur,

2125 1953 2216 2008 sed
2244 1956 2292 2003 et
2314 1948 2443 2002 visu.
2510 1944 2715 2000 Ηοιδτ.

2202 2022 2392 2077 Factus
2442 2027 2529 2091 est
2567 2017 2694 2091 mihi
2738 2033 2921 2091 carcer;
2958 2020 3276 2091 praetorium.
3326 2020 3443 2077 Hoc
3474 2031 3592 2091 est,
3631 2037 3732 2078 non

2129 2093 2289 2150 modo
2330 2089 2563 2162 carceris
2619 2089 2966 2162 incommoda
3016 2105 3121 2146 non
3170 2106 3256 2147 me
3318 2089 3735 2162 amplins‘con-

2128 2164 2440 2229 turbabant,
2468 2160 2639 2237 sedet
2664 2160 3047 2237 iis__gaudebam
3069 2207 3083 2230 ,
3116 2172 3391 2237 tamquam
3413 2160 3465 2237 in
3496 2165 3726 2237 splendi-

2128 2237 2213 2293 dis
2239 2245 2297 2292 et
2336 2230 2635 2306 commodis
2661 2230 2867 2306 aedibus
2909 2233 3184 2303 degerem.
3228 2230 3552 2306 Prmtoritnn
3616 2251 3732 2306 pro-

2129 2310 2248 2379 prie
2273 2314 2393 2361 erat
2419 2303 2682 2379 Palatium
2716 2304 3010 2379 publicum,
3051 2307 3123 2379 in_
3146 2321 3260 2379 quo
3308 2303 3735 2379 Proconsul'jns

2129 2374 2474 2449 dicebatput
2504 2389 2569 2429 cx
2611 2374 2813 2449 Pontio
2847 2390 3063 2449 quoque
3097 2374 3337 2449 Diacono
3369 2374 3686 2449 intelligitur
3716 2395 3730 2434 :

2130 2463 2306 2520 neque
2334 2448 2489 2520 aliter
2519 2446 2780 2520 accipitur
2800 2446 2852 2501 in
2874 2446 3094 2520 historia
3111 2447 3409 2504 Dominicm
3439 2446 3731 2504 Passionis.

2131 2516 2256 2576 ideo
2279 2518 2531 2589 quoniam
2554 2516 2667 2571 fere
2692 2525 2917 2573 caeteras
2937 2518 3263 2587 privatorum
3280 2520 3429 2575 aedes
3456 2530 3732 2576 structura:

2131 2589 2398 2663 elegantia
2428 2597 2482 2644 et
2506 2598 2727 2663 ornatus
2746 2589 3050 2663 splendore
3081 2592 3393 2662 superabat,
3420 2593 3619 2663 qumvis
3641 2607 3730 2661 pa-

2132 2658 2259 2718 latia
2275 2660 2528 2743 aedesque
2552 2658 2831 2743 magniﬁce
2850 2658 3163 2743 instruenti,
3192 2658 3496 2743 utcumque
3509 2658 3734 2743 privato-

2132 2750 2250 2790 rtnn
2274 2742 2327 2789 et
2350 2730 2462 2788 ruri
2492 2732 2790 2800 mdilicattc,
2806 2730 3053 2802 praetoria
3079 2730 3421 2790 dicebantur:
3448 2730 3727 2791 maritalis:

2286 2824 2362 2875 Ad
2386 2823 2599 2887 lapidem
2623 2823 2901 2887 Torquatus
2920 2823 3074 2876 habet
3094 2826 3323 2889 praetoria
3345 2831 3592 2889 quartum.

2202 2908 2475 2964 Caeterum
2504 2907 2570 2964 ad
2601 2907 2926 2963 sententiam
2950 2907 3113 2977 hujus
3153 2907 3256 2963 loci
3287 2909 3473 2965 facere
3506 2907 3728 2973 videtur,

2131 2981 2275 3050 quod
2304 2980 2491 3035 scribit
2523 2978 2889 3034 Tertullianus
2918 2977 3001 3034 his
3029 2978 3208 3035 verbis
3239 2996 3253 3033 :
3287 2978 3612 3034 Christianus
3646 2994 3730 3032 ea:-

2132 3062 2212 3106 tra
2237 3068 2489 3107 carcerem
2508 3050 2697 3106 stucqu
2722 3050 3050 3112 renuntiavit,
3074 3051 3129 3104 in
3157 3066 3367 3105 carcere
3393 3060 3565 3106 autem
3587 3051 3728 3103 etiam

2133 3125 2346 3178 carceri.
2372 3123 2507 3177 Dum
2534 3122 2741 3177 scilicet
2768 3120 3188 3193 animusdivina
3226 3123 3405 3193 gratia
3434 3122 3724 3183 roboratus.

2134 3193 2473 3250 incommoda
2523 3194 2642 3261 ejus
2679 3200 2735 3248 et
2785 3192 3062 3248 molestias
3114 3202 3207 3261 aut
3254 3192 3373 3250 non
3412 3193 3596 3259 sentit,
3644 3199 3728 3247 aut

2136 3266 2376 3336 negligit,
2408 3273 2461 3336 et
2487 3264 2787 3320 constantia
2816 3262 3000 3319 vincit.
3044 3263 3248 3320 Ηοιετ.

2237 3333 2302 3390 ης
2326 3335 2549 3390 -Jmn
2604 3336 2902 3407 in‘utagna
2932 3336 3197 3407 dignitate
3244 3352 3319 3391 es.
3370 3335 3613 3392 Holslen.
3660 3333 3731 3388 lc-

2133 3410 2210 3479 git
2237 3408 2530 3478 dignatione
2550 3415 2606 3462 et
2626 3405 2775 3461 addit
2801 3404 2817 3459 Ξ
2842 3404 3051 3476 Quippe
3094 3420 3252 3479 quam
3301 3408 3590 3479 illustraret
3625 3406 3730 3479 jam
3782 3466 3793 3478 .

2134 3475 2370 3549 gloriosis
2397 3478 2554 3533 initiis
2582 3478 2756 3532 divina
2784 3475 3037 3548 dignatio,
3069 3475 3126 3532 ut
3163 3478 3238 3534 ait
3269 3487 3491 3535 sanctus
3518 3475 3730 3549 Cypria-

2135 3547 2238 3605 nus
2264 3549 2500 3620 Epistola
2531 3564 2584 3603 tv
2622 3551 2689 3603 dc
2722 3549 3127 3605 confessoribus
3171 3551 3223 3604 in
3258 3562 3487 3605 carcere
3537 3547 3729 3620 consti-

2138 3622 2283 3676 tutis.
2313 3616 2410 3675 '|'ie
2462 3620 2786 3689 dignationis
2854 3635 2986 3675 voce
3037 3621 3285 3691 superius
3331 3620 3553 3677 dictum.
3610 3616 3730 3673 lleic

2138 3706 2303 3747 unum
2335 3691 2653 3763 Tertulliani
2685 3690 2873 3763 locum,
2890 3691 3155 3763 insignem
3198 3707 3261 3748 ac
3288 3693 3451 3762 plane
3485 3700 3725 3762 opportu-

2137 3779 2263 3817 num
2296 3762 2455 3818 addo.
2487 3762 2536 3816 Is
2565 3763 2695 3818 lib.t
2726 3763 2795 3815 ad
2828 3761 3147 3832 Uxor.'cap.
3178 3764 3233 3828 4,
3260 3761 3530 3820 adhibens
3559 3774 3729 3825 exem-

2138 3834 2284 3905 plum
2309 3848 2579 3905 sororum,
2615 3848 2737 3904 quae
2767 3834 2968 3905 nuptiis
3014 3834 3358 3905 sanctitatem
3405 3838 3728 3905 anteponunt

2137 3901 2321 3962 addit:
2356 3904 2563 3960 Malunt
2608 3901 2740 3961 enim
2767 3901 2878 3960 Deo
2931 3905 3151 3970 nubere;
3193 3904 3300 3960 Deo
3324 3901 3586 3975 speciosa},
3628 3901 3727 3955 Deo

2138 3988 2256 4050 sunt
2286 3977 2472 4050 puella:
2503 3991 2522 4030 :
2545 3992 2660 4031 cum
2684 3975 2775 4050 illo
2801 3977 2993 4037 vivunt.
3022 3993 3139 4031 cum
3174 3978 3274 4050 illo
3303 3978 3727 4050 sermocinamur:

2136 4044 2297 4103 illuni
2315 4049 2489 4103 diebus
2506 4057 2554 4102 et
2580 4047 2810 4102 noctibus
2837 4056 3054 4102 tractant
3080 4064 3100 4103 :
3145 4049 3401 4103 orationes
3440 4063 3581 4114 suas,
3607 4044 3725 4099 velut

2139 4120 2301 4185 dotes,
2330 4119 2554 4174 Domino
2577 4120 2840 4190 assignant
2860 4134 2879 4173 :
2910 4119 2973 4172 ab
2994 4120 3170 4173 eodem
3193 4120 3560 4190 dignationem,
3599 4115 3723 4168 velut

2138 4207 2349 4246 munera
2366 4192 2579 4256 dotalia,
2597 4190 3004 4261 quotiescumque
3017 4190 3328 4257 desiderant,
3345 4196 3722 4261 consequuntur.

2142 4262 2198 4317 In
2236 4262 2499 4331 ejusmodi
2555 4257 2751 4332 statum
2778 4276 3138 4332 progressam,
3190 4262 3426 4317 carceris
3464 4257 3722 4332 patientia,

2140 4327 2378 4388 sororem
2407 4333 2575 4389 frater
2599 4327 2931 4397 existimans,
2955 4333 3023 4386 ab
3058 4347 3121 4387 ea
3148 4332 3444 4399 contendit,
3465 4327 3531 4386 'ut
3570 4345 3597 4383 a
3625 4327 3725 4381 Deo

2142 4403 2243 4459 sibi
2269 4405 2497 4460 revelari
2528 4404 2778 4473 postulet,
2803 4404 2931 4474 quid
2980 4402 3215 4459 futurum
3253 4405 3324 4459 sit
3355 4420 3369 4458 :
3401 4411 3576 4458 certus
3615 4410 3722 4452 cant

2139 4475 2449 4531 exauditutn
2481 4477 2565 4530 iri.
2593 4475 2721 4529 limo
2747 4474 3256 4530 sententiatillorum
3296 4474 3578 4531 verborum
3606 4476 3683 4524 est
3708 4506 3721 4531 ,

2136 4556 2191 4600 ut
2218 4548 2467 4616 postulem
2496 4547 2762 4615 visionem,
2789 4555 2897 4600 etc.
2928 4545 3129 4600 Hons'r.

2207 4613 2286 4671 An
2329 4618 2501 4690 passio
2545 4622 2655 4693 sit,_
2689 4613 2757 4693 an
2802 4627 3130 4693 commeatus.
3163 4616 3233 4673 Ut
3276 4613 3606 4693 ntttl_t_ac_al_ite
3631 4623 3719 4693 v.9.-

2132 4704 2224 4745 ccs
2276 4680 2343 4745 ei
2397 4680 2659 4744 castrensi
2697 4686 2980 4755 disciplina
3020 4688 3085 4742 ad
3125 4702 3335 4743 sacram
3364 4687 3555 4744 Christi
3597 4680 3722 4738 mili-

2136 4761 2263 4816 tiam
2294 4760 2574 4821 traductae,
2599 4760 2669 4814 ita
2700 4767 2753 4813 et
2772 4767 3100 4831 _commeatus
3127 4759 3462 4831 vocab‘ulutn.
3504 4757 3595 4811 Est
3631 4766 3721 4831 aur-

2135 4841 2242 4889 tem
2273 4840 2493 4887 auctore
2514 4831 2677 4886 Festo
2705 4846 2719 4884 :
2768 4828 2988 4900 Tempus
3015 4846 3115 4900 quo
3139 4830 3222 4893 iri,
3271 4830 3520 4900 redirique
3556 4828 3717 4900 p988".

2135 4905 2204 4959 ab
2230 4902 2562 4974 Imperatore
2590 4900 2850 4956 militibus
2875 4894 2992 4955 dari
3020 4894 3360 4958 consuetum.
3392 4894 3538 4956 Uinlc
3572 4894 3722 5017 Ἀλιη-

2139 4975 2277 5017 Iuina
2309 4975 2341 5017 Ι,
2378 4989 2430 5017 τι
2454 4993 2466 5017 ε
2490 4973 2764 5017 Amntnrim
2787 4972 2983 5017 militiae
3005 4970 3202 5017 breuem
3221 4980 3549 5017 commentum
3564 4983 3614 5017 tn
3651 4961 3722 5015 ιιι·

2139 4975 2277 5031 leins
2306 4961 2344 5028 l.
2378 4989 2431 5028 x1
2453 4993 2466 5028 :
2487 4973 2764 5027 Amatoria:
2787 4972 2983 5026 militite
3005 4970 3202 5027 brevem
3221 4961 3724 5026 conmteatumindul-

2138 5047 2223 5101 sit.
2252 5046 2320 5101 Et
2341 5046 2391 5099 in
2418 5044 2614 5099 Codice
2642 5060 2656 5095 :
2687 5040 2885 5098 Milites
2929 5043 3062 5097 datis
3102 5044 3480 5106 commeatibus,
3521 5038 3597 5093 vel
3637 5048 3722 5104 per

2140 5127 2449 5172 conuueatus
2474 5114 2668 5171 dimitti
2688 5112 2959 5180 dicuntur,
2977 5114 3156 5170 ethoc
3178 5115 3338 5169 modo
3359 5110 3557 5169 dimissi
3585 5107 3722 5184 δοκεῖ

2141 5187 2384 5243 nteatales
2434 5196 2713 5242 vocantur.
2759 5184 2836 5240 Ita
2880 5184 3178 5259 Hesychius
3220 5194 3463 5259 Rapiat-os
3498 5180 3720 5259 essaail

2143 5268 2383 5328 ἕξαίτησιν
2407 5262 2661 5329 lapsana:
2687 5263 2771 5314 τοῦ
2787 5247 3037 5329 ἀφεθῆναι
3058 5256 3179 5329 Hoc,
3198 5247 3323 5312 est':
3356 5256 3559 5329 petitam
3582 5247 3720 5329 libere

2142 5332 2361 5386 abeundi
2389 5327 2647 5385 licentiam
2684 5327 2934 5396 accipere.
2967 5328 3033 5383 Et
3061 5329 3112 5382 in
3133 5328 3331 5399 glossis
3355 5347 3369 5383 :
3402 5327 3715 5399 Collinaeamf.

2143 5384 2333 5469 ἔέέυσια
2358 5384 2511 5470 quasi
2537 5384 2850 5456 discedendi
2879 5408 3041 5470 atque
3067 5384 3379 5470 euiidi.t1uo
3407 5395 3550 5459 velis,
3564 5384 3715 5445 lacul-

2145 5419 2333 5469 ιξουσια
2397 5419 2511 5456 nasr
2537 5419 2850 5456 αιδῡθαθιιυι
2879 5419 2909 5453 il
2975 5419 3041 5455 uc
3067 5419 3253 5462 Cllllul.
3273 5419 3379 5470 quo
3407 5419 3550 5459 vetns,
3564 5419 3715 5445 Iduu—

2145 5485 2244 5529 tas.
2279 5419 2441 5528 ItaqL.
2459 5475 2513 5537 5,
2530 5470 2649 5526 ll‘dc
2671 5469 2847 5540 pomis
2874 5490 2888 5524 ε
2916 5419 3089 5542 ﬂente
3117 5480 3279 5542 potest
3303 5476 3624 5526 commeatum
3645 5471 3717 5510 re-

2141 5556 2421 5600 meatumve
2449 5545 2573 5599 dare
2597 5542 2778 5606 exsuli,
2806 5542 2903 5595 nisi
2932 5540 3222 5607 Imperator
3259 5559 3321 5598 ea:
3359 5543 3528 5610 aliqua
3551 5542 3710 5610 causa:

2756 5595 2929 5691 lingua
2975 5595 3399 5691 italicavuigari
3442 5595 3710 5691 its-{illeid

2139 5688 2456 5743 hodiernum
2492 5699 2671 5749 usum,
2716 5679 3025 5753 nisi'qnod,
3074 5686 3212 5740 ultra
3264 5679 3376 5741 re...
3425 5679 3703 5754 militaret".

2136 5742 2442 5816 extenditur
2467 5758 2531 5814 ad
2561 5742 2775 5811 omnem
2803 5742 3035 5826 cuiusuis
3079 5772 3109 5811 a
3147 5757 3337 5827 quovis
3382 5746 3596 5811 abeundi
3634 5742 3702 5793 itt-
