3982 6310
1378 205 1772 284 pauperum
1812 226 1904 285 ET
1941 226 2387 287 remensus.

3493 238 3581 304 26‘

261 359 283 394 ι
317 341 571 410 Domino,
626 341 773 414 cujus
820 341 1081 401 beneﬁcia
1131 352 1158 381 ιι
1219 352 1361 401 tanta
1415 329 1629 417 e'xperta
1685 361 1857 414 eram,
1886 346 1940 409 Α
1972 366 1993 401 ι
2029 346 2299 405 haererent
2317 347 2680 405 ferramentis.
2727 346 2797 405 Et
2818 358 2936 406 erat
2959 349 3063 407 sub
3087 350 3203 424 ipsa
3228 354 3371 412 scala
3401 357 3566 418 draco

264 458 284 492 ι
318 436 552 494 ﬁdenter
592 438 874 508 repromisi
910 439 958 494 ei
983 438 1167 495 dicens
1200 438 1227 477 ι)
1259 455 1272 494 :
1313 458 1328 493 ι
1367 437 1608 495 Crastina
1639 440 1727 497 die
1768 439 1860 496 tibi

257 549 277 583 ι
309 530 660 588 renuntiabo.
696 551 716 585 ι
750 531 823 588 Et
864 532 1149 603 postulavi,
1172 540 1229 589 et
1270 543 1547 590 ostensum
1592 543 1676 591 est
1726 534 1860 590 mihi

255 643 273 676 ι
306 623 410 681 hoc
462 642 479 679 :
528 625 700 682 Video
764 625 963 683 scalam
1013 640 1227 683 auream
1294 636 1318 666 ο
1384 626 1534 682 mira:
1591 626 1859 698 magnitu-

254 736 275 770 ι
308 716 449 772 diuis
480 717 883 789 pertingentem
918 732 1087 789 usque
1130 717 1197 774 ad
1232 717 1426 775 ctelum
1457 708 1510 772 ct
1553 725 1855 789 angustam,

256 829 275 864 ι
307 824 405 882 per
429 825 603 882 quam
632 824 737 867 non
778 811 881 867 nisi
925 810 1121 881 singuli
1158 810 1454 867 ascendere
1491 819 1713 884 possent
1744 827 1758 864 :
1805 819 1862 867 et

253 923 272 956 ι
305 904 354 958 in
412 903 680 959 lateribus
741 904 902 961 scala:
945 918 1105 960 omne
1175 919 1345 975 genus
1408 902 1857 960 ferramentorum

255 1014 275 1049 ι
307 994 561 1054 inﬁxum.
616 997 787 1053 Erant
840 997 912 1055 ibi
964 996 1158 1069 gladii,
1215 998 1448 1065 lancem,
1505 996 1687 1066 hami,
1739 1012 1857 1053 ma-

253 1108 272 1143 t
304 1090 540 1159 chartae;
573 1099 636 1147 ut
659 1091 706 1147 si
736 1091 857 1161 quis
885 1091 1238 1163 negligenter,
1269 1099 1361 1147 aut
1390 1106 1494 1146 non
1521 1106 1736 1148 sursum
1763 1091 1860 1147 ad-

254 1202 273 1237 ι
304 1183 535 1242 tendens
573 1184 922 1255 ascenderet,
961 1185 1251 1243 laniaretur
1296 1195 1353 1244 et
1396 1200 1588 1243 carnes
1625 1186 1744 1257 ejus
1768 1186 1855 1242 in-

1971 460 1992 494 ι
2027 440 2231 497 cubans
2296 440 2447 496 mira:
2510 440 2932 511 magnitudinis,
2998 444 3088 515 qui
3146 446 3564 506 ascendentibus

1971 535 2246 592 «insidias
2302 536 2523 608 parabat
2571 533 2635 604 (ι,
2680 544 2738 593 et
2798 538 3103 595 exterrebat
3160 556 3230 597 ne
3301 545 3565 600 ascende-

1970 648 1991 681 ‹
2025 636 2163 685 rent.
2199 627 2453 685 Ascendit
2508 637 2687 684 autem
2745 628 2970 686 Saturus
3016 640 3040 668 θ
3093 631 3256 702 prior,
3311 634 3402 704 qui
3437 636 3568 705 pos.-

1968 740 1991 773 ι
2029 730 2111 777 tea
2151 735 2211 778 se
2256 730 2474 792 propter
2515 736 2612 778 nos
2640 721 2784 778 ultro
2829 722 3139 788 tradiderat,
3181 732 3238 780 et
3285 733 3409 781 tttnc
3436 740 3561 784 cum

1968 814 2239 894 «adducti
2297 830 2513 885 sumus,
2567 831 2805 889 praesens
2868 832 2974 873 non
3036 817 3211 876 fuerat
3261 837 3279 877 :
3336 831 3392 878 et
3438 837 3566 894 per-

1967 892 2167 963 t'venit
2214 908 2267 963 in
2304 918 2464 979 caput
2500 909 2680 978 scalae,
2738 918 2795 964 et
2841 911 3106 966 convertit
3153 926 3214 968 se
3258 912 3324 969 ad
3363 892 3453 969 me
3494 912 3513 952 ί
3538 954 3557 983 ,

1968 1020 1987 1054 ι
2023 1010 2079 1057 et
2105 1000 2240 1057 dixit
2279 1001 2407 1056 mihi
2440 1018 2455 1054 :
2489 1018 2510 1053 ι
2548 1001 2808 1073 Perpetua
2832 1045 2849 1068 ,
2895 1002 3134 1060 sustineo
3166 1012 3238 1060 te.
3278 1004 3385 1061 Sed
3435 1006 3560 1063 vide

1967 1110 1987 1147 ι
2024 1108 2091 1151 ne
2133 1102 2183 1151 te
2207 1091 2452 1151 mordeat
2477 1093 2639 1149 draco
2668 1093 2777 1150 ille.
2816 1112 2837 1147 ι
2873 1094 2939 1149 Ει
2962 1094 3070 1151 dixi
3096 1110 3234 1168 ego:
3273 1114 3293 1149 ι
3328 1097 3446 1155 Νοιι
3469 1114 3556 1158 me

1484 1277 1865 1338 LECTIONES
1901 1274 2324 1336 VARIANTES.

299 1373 326 1403 ⁸
357 1370 621 1423 Beneﬁcio
643 1371 829 1424 Salisb.

297 1433 488 1500 b1304-
515 1433 705 1500 Sglisb.
744 1434 1220 1500 Repromissionibns
1257 1436 1365 1499 ejus
1395 1434 1515 1500 diui.
1536 1436 1697 1500 Porro
1723 1435 1852 1497 eius.

241 1496 365 1564 modi
388 1494 923 1564 υἱςὶριιὶὸιιειῃέιτιῇτεξ
935 1498 997 1549 de
1019 1497 1245 1564 proximo
1265 1494 1501 1564 martyrio
1522 1494 1703 1561 saepius
1717 1494 1850 1548 com-

242 1557 440 1635 ntouitos
652 1557 861 1635 alﬁrm'at
888 1557 1164 1635 Cyprianus
1196 1558 1377 1625 passim
1393 1557 1414 1621 Ξ
1433 1557 1601 1627 idque
1617 1565 1854 1611 testantur

913 1625 1235 1739 ἕῗιιὲξίῗῗὲἓο
1255 1698 1369 1737 ettm
1390 1684 1637 1738 Victorino
1652 1691 1697 1736 et
1732 1685 1850 1736 Cor-

1959 1366 2137 1437 bciensi
2160 1367 2385 1437 Iliacam.
2410 1367 2475 1417 In
2499 1364 2773 1437 Cossitium
2789 1378 2883 1431 quo
2906 1377 3018 1419 usus
3041 1371 3111 1419 est
3132 1365 3426 1434 Holstenius,
3455 1368 3563 1437 ejus

1954 1429 2105 1484 scala:
2121 1429 2348 1483 materies
2365 1443 2471 1493 non
2487 1429 2797 1493 exprimitur.

2020 1493 2047 1534 d
2085 1493 2355 1543 Prsestabat
2374 1492 2594 1544 Holsten.

1999 1558 2056 1628 .°_
2071 1558 2215 1628 ngc
2241 1553 2443 1628 codices
2482 1553 2638 1619 aliqui
2664 1554 2891 1620 Satyrum
2912 1553 3157 1620 appetant,
3174 1555 3259 1609 alii
3274 1557 3554 1611 Saturnum.

1954 1619 2056 1720 se?
2076 1618 2529 1734 i‘i‘n’i‘éeﬁi‘ma.
2555 1683 2709 1733 deest.
3622 1660 3627 1663 ’

1726 1766 1938 1825 IORUM
1975 1766 2207 1824 NOTAE.

1629 1770 1938 1826 ARIORUM
1975 1770 2207 1824 NOTAE.

243 1865 510 1921 cultatem.
544 1864 726 1921 Porro
751 1880 780 1920 a
808 1861 1127 1920 Christianis
1150 1861 1364 1919 illorum
1392 1770 1696 1933 tempoZmi
1730 1863 1845 1920 hmo
1875 1862 1924 1923 B
1952 1859 2009 1914 ιι.
2041 1860 2115 1935 de
2149 1862 2322 1933 ofﬁcio
2353 1860 2593 1935 Prtefecti
2621 1861 2853 1933 vigilant,
2895 1863 2978 1920 his
3016 1862 3191 1919 verbis
3222 1881 3237 1919 :
3271 1863 3549 1922 Sciendum

244 1952 337 1992 vox
383 1951 451 1993 eo
495 1937 763 1992 translata
806 1936 1201 2006 reperitur,rut
1242 1935 1614 1992 liberationem
1645 1950 1675 1991 a
1721 1936 1846 1991 vita:

248 2009 473 2077 periculo
522 2008 818 2079 designet;
874 2005 1006 2079 sive
1053 2005 1123 2062 'id
1178 2007 1470 2074 periculum
1514 2022 1586 2079 ex
1653 2008 1845 2079 morbo

243 2080 537 2141 immineat.
573 2078 694 2134 sive
755 2094 820 2135 ex
885 2078 1085 2148 judicis
1164 2079 1448 2134 sententia.
1511 2078 1588 2133 De
1654 2078 1847 2133 morbo

243 2150 444 2220 quidem
502 2150 774 2207 habemus
831 2150 1091 2221 insignem
1133 2148 1329 2221 locum
1371 2148 1511 2221 apud
1570 2149 1845 2205 Paladium

242 2218 289 2275 in
335 2222 633 2287 Lausiacis,
684 2237 805 2292 cap.
854 2218 959 2287 86;
992 2220 1080 2276 ubi
1130 2218 1353 2276 Melania
1407 2220 1637 2292 Evagrio
1670 2220 1842 2275 letha-

241 2292 348 2348 liter
389 2297 686 2363 mgrotanti
734 2296 983 2363 impetrat
1027 2308 1056 2347 a
1105 2292 1215 2347 Deo
1242 2301 1408 2363 καιρὸν
1465 2300 1717 2358 xenia-rat},
1763 2298 1845 2348 καὶ

242 2373 509 2434 προθεσμίαν
532 2376 689 2432 ζωῆς,
719 2364 822 2419 hoc
838 2374 920 2420 est
939 2364 1056 2434 vita:
1072 2364 1637 2434 prorogationem.‘Quo
1654 2363 1846 2421 eodem

242 2450 385 2507 sensu
403 2436 559 2507 apud
576 2435 901 2504 Cyprianum
921 2433 1189 2507 legitttrlu
1210 2433 1387 2491 Serm.
1407 2435 1475 2490 de
1492 2435 1843 2493 Mortalitate:

244 2505 587 2562 Commeatum
636 2508 734 2562 sibi
768 2505 988 2577 precari,
1021 2506 1122 2577 hoc
1158 2515 1241 2577 est
1284 2507 1653 2563 liberationem
1685 2522 1715 2560 a
1747 2521 1843 2571 pe-

245 2578 393 2649 riculo
436 2579 638 2649 pestis.
672 2576 1036 2649 Ita’Paulinus
1078 2576 1130 2631 in
1169 2576 1286 2631 Vita
1337 2577 1399 2634 S.
1439 2577 1693 2632 Ambrosii
1737 2579 1845 2635 Sti-

245 2647 452 2707 liCnnem
495 2651 719 2705 nobiles
771 2649 916 2704 viros
971 2647 1036 2703 ad
1091 2649 1436 2704 Ambrosium
1493 2658 1839 2715 mgrolantem

247 2721 436 2777 misisse
462 2721 685 2784 scribit,
719 2721 807 2792 qui
855 2719 1220 2792 persuaderent
1250 2720 1349 2792 illi,
1399 2730 1453 2774 ut
1498 2721 1592 2774 sibi
1643 2720 1845 2792 vivendi

247 2802 410 2858 peteret
435 2811 466 2846 tt
491 2790 748 2847 Dontino‘
780 2800 1143 2847 commeatum.-
1196 2790 1302 2847 Sed
1338 2791 1441 2846 hoc
1474 2799 1661 2846 nostro
1688 2791 1840 2860 loco,

248 2861 558 2919 Commeatus
588 2864 755 2919 verbo
796 2862 1144 2933 signiﬁcatur,
1182 2863 1365 2919 evasio
1407 2862 1627 2933 periculi
1656 2879 1684 2916 a
1717 2879 1840 2933 per-

248 2944 471 2991 secutore
498 2934 875 2999 imminentis;
910 2944 966 2989 ut
994 2936 1140 3005 patet
1177 2948 1244 2989 ex
1278 2948 1345 2989 eo
1384 2934 1525 3002 quod
1552 2936 1842 3003 opponitur

248 3007 480 3079 pasioni,
513 3008 629 3062 hoc
654 3016 739 3062 est
774 3006 931 3060 morti
978 3020 1077 3079 pro
1119 3005 1357 3079 Christo,
1405 3021 1511 3075 quo
1542 3006 1701 3060 modo
1736 3006 1840 3079 Cy-

247 3078 443 3147 prianus
471 3079 658 3149 Epist.
687 3093 805 3142 vnt,
838 3077 1118 3149 martyrio,
1149 3077 1263 3149 sive
1288 3077 1528 3149 victoria:
1567 3077 1840 3134 comsum-

248 3150 450 3205 mationi
493 3147 867 3205 commeatum
900 3148 1166 3219 opposuit.
1200 3147 1268 3201 Et
1292 3147 1464 3215 Epist.
1499 3164 1589 3213 LII,
1619 3149 1837 3219 quando

250 3233 336 3313 pax
359 3219 853 3313 a'persecutoribus
878 3219 1056 3285 datur,
1100 3229 1460 3275 commeatum
1500 3234 1529 3274 a
1576 3221 1684 3275 Deo
1720 3221 1837 3277 dari
1866 3248 1911 3313 C

248 3290 327 3343 ait.
375 3292 580 3349 HOLST.
852 3330 859 3337 μ

312 3363 431 3430 Qua:
473 3380 563 3418 me
619 3363 839 3418 sciebam
889 3361 1113 3434 fabulari
1154 3377 1271 3434 cum
1320 3360 1558 3434 Domino.
1588 3360 1702 3417 Hoc
1732 3371 1833 3431 est,

250 3431 404 3489 locum
432 3436 627 3503 gratim
657 3431 985 3504 peculiarem
1026 3433 1166 3503 apud
1190 3434 1354 3488 Deum
1386 3432 1603 3498 habere,
1622 3434 1837 3504 qualeut

252 3505 326 3571 qui
360 3506 698 3575 principibus
724 3503 1016 3559 familiares
1054 3515 1195 3567 sunt,
1245 3513 1300 3558 et
1353 3503 1692 3570 singulariter
1727 3508 1837 3561 cari

253 3577 369 3644 apud
387 3593 479 3631 ens
502 3578 778 3642 obtinent,
804 3585 857 3630 ut
875 3590 969 3630 eos
983 3576 1200 3645 alloqui,
1222 3589 1345 3629 cum
1365 3577 1571 3640 volunt,
1599 3578 1833 3645 possint:

254 3660 396 3721 quare
424 3648 544 3716 qui,
579 3658 636 3701 ut
662 3647 951 3721 aliquando
983 3647 1059 3711 lit,
1084 3646 1602 3721 falso“.glorianturl
1637 3648 1838 3721 fabulas

255 3715 495 3789 Principis
544 3715 1081 3789 vemieregdicuutur
1120 3733 1148 3771 a
1179 3715 1424 3789 Misitlteo
1466 3717 1518 3771 in
1568 3718 1736 3787 Epist.
1770 3719 1869 3773 ad‘

253 3786 553 3845 Gordianum
596 3790 739 3856 apud
778 3787 1136 3858 Capitolinum
1171 3806 1183 3841 :
1220 3787 1317 3853 Qui
1337 3789 1488 3856 quasi
1518 3786 1706 3842 coast-ii
1745 3807 1831 3842 ar-

251 3873 471 3916 canorum
494 3862 828 3917 consiliorum
845 3857 891 3914 et
916 3860 1248 3931 familiarium
1269 3876 1557 3914 sermonum
1576 3857 1836 3928 Principis

252 3931 428 4004 arbitri,
452 3934 631 4004 fucum
659 3932 778 3987 aliis
803 3932 1020 4004 faciunt,
1043 3937 1338 4004 fumumque
1358 3931 1599 4004 vendunt.
1634 3931 1833 4004 "01.83.

250 4010 264 4056 ι
312 4002 372 4056 Et
420 4001 685 4060 ostensum
743 4014 816 4057 est
863 4003 985 4057 mihi
1039 4005 1154 4057 hoc.
1211 4001 1285 4056 lta
1345 4002 1503 4070 paulo
1552 4008 1677 4056 ante
1717 4001 1836 4057 :Et

253 4075 529 4144 estatdatur
573 4075 681 4128 tibi.
715 4073 806 4129 Sic
849 4077 1010 4129 etiam
1032 4073 1395 4144 Tertullianus
1432 4081 1485 4144 et
1534 4070 1836 4144 Cyprianus

252 4140 309 4197 de
325 4147 441 4201 visis
465 4147 729 4202 divinitus
753 4145 947 4199 oblatis
976 4144 1283 4213 loquuntur.
1313 4142 1466 4211 Quod
1510 4140 1671 4198 etiam
1727 4160 1832 4198 non

253 4218 400 4287 semel
437 4218 637 4285 legitur
689 4218 741 4271 in
795 4214 1123 4287 Apocalypsi.
1174 4214 1399 4287 Utiliter
1430 4229 1593 4287 porro
1626 4215 1835 4287 vulgari

254 4283 438 4358 oblatas
461 4283 692 4358 singulis
723 4283 1182 4358 visionesfdocet
1224 4285 1584 4358 '[ertulliauus
1625 4283 1741 4340 libi
1772 4288 1836 4342 de

255 4351 707 4428 idololatriahap.
732 4360 820 4425 15,
855 4359 938 4412 his
963 4357 1143 4411 verbis
1175 4374 1190 4411 :
1217 4355 1327 4410 Nec
1345 4368 1506 4410 tutum
1535 4368 1607 4411 est
1634 4357 1835 4412 subtra-

256 4426 373 4502 here,
394 4426 743 4500 quodcmnque
771 4429 856 4482 nni
890 4429 1043 4502 fuerit
1064 4438 1339 4502 ostensum.
1398 4428 1593 4502 Hor.s_r.

317 4498 469 4556 Omne
511 4498 673 4571 genus
724 4498 1163 4572 ferramentorum.
1202 4498 1463 4572 LGlossal:
1512 4500 1836 4572 Ferramen-

257 4577 299 4621 ta
343 4569 556 4641 equis?“
613 4569 794 4641 σιδη⁷ρά
838 4580 1136 4641 εχιιοιιιιιιι.
1194 4569 1299 4626 Sed
1360 4571 1574 4640 proprie
1639 4570 1831 4627 Ferra-

1952 1941 2027 2006 est
2074 1929 2383 2004 Praefectum
2408 1929 2616 2005 vigilum
2650 1929 2749 2005 per
2777 1943 2934 1988 totam
2977 1944 3174 1990 noctem
3209 1935 3420 2006 vigilare
3464 1940 3554 1992 tle-

1953 2004 2086 2069 bere,
2120 2012 2166 2058 et
2193 2020 2424 2058 coerrare
2445 2006 2722 2059 calceatum
2743 2022 2857 2059 cum
2884 2008 3013 2060 antis
3040 2016 3088 2061 et
3113 2004 3355 2061 dolabris.
3382 2007 3554 2065 Erant

1949 2083 2130 2146 autem
2182 2092 2322 2129 amas
2358 2076 2485 2137 illm,
2533 2085 2592 2131 ut
2650 2091 2754 2132 vox
2802 2078 2914 2146 ipsa
2966 2077 3184 2144 indicat,
3238 2077 3420 2146 falces,
3453 2080 3548 2136 sed

1950 2145 2285 2217 grandiores,
2314 2162 2408 2201 seu
2437 2147 2759 2202 ferramenta
2791 2145 3037 2215 recurva,
3069 2145 3549 2217 longissimiscon-

1950 2216 2017 2269 tis
2042 2215 2235 2288 sul‘tixa
2270 2235 2285 2271 :
2315 2217 2490 2287 qualia
2540 2218 2767 2274 incendii
2805 2215 3184 2288 eompescendi
3223 2229 3315 2274 aut
3364 2224 3541 2278 extin-

1947 2286 2142 2362 guendi
2187 2288 2769 2362 causa,‘etiamhn_un_e
2804 2286 3106 2362 Germaniae
3142 2290 3433 2362 Galliaeque
3475 2296 3551 2350 ci-

1948 2359 2140 2435 vitates
2168 2360 2377 2435 passim
2392 2360 2445 2435 in
2475 2359 2698 2435 publicis
2725 2359 2857 2435 locis
2882 2372 3062 2435 parata
3085 2362 3320 2435 habent,
3334 2359 3543 2435 easque

1947 2443 2066 2484 cum
2094 2430 2330 2485 dolabris
2360 2429 2443 2486 lC.
2483 2431 2587 2486 hoc
2612 2431 2731 2485 loco
2761 2430 2954 2501 jungit.
2997 2431 3202 2499 Quibus
3236 2433 3431 2488 milites
3455 2429 3543 2492 'ad

1947 2501 2144 2555 vallum
2182 2512 2273 2555 aut
2314 2518 2525 2557 murum
2574 2501 2939 2557 subruendum
2971 2504 3097 2558 olim
3131 2517 3257 2558 usos
3284 2519 3347 2559 ex
3392 2503 3544 2561 Livio

1945 2581 2174 2646 constat.
2207 2572 2317 2627 Lex
2345 2574 2640 2646 autem”,
2683 2572 2740 2626 ll‘.
2764 2572 3100 2646 dciustruct.
3139 2574 3293 2646 Leg.,
3321 2592 3462 2630 amas
3491 2588 3540 2633 et

1949 2642 2272 2715 Itarpagones
2289 2644 2601 2715 conjungit:
2633 2644 3082 2713 quemadmodum
3105 2642 3462 2714 Vegetiuslib.
3485 2666 3538 2704 v:

1945 2713 2128 2787 Falces
2158 2728 2204 2770 et
2253 2713 2594 2786 harpagones.
2622 2715 2776 2771 Unde
2814 2715 3020 2772 Nonius
3049 2731 3169 2787 cap.
3197 2713 3312 2772 ’18:
3345 2716 3532 2774 Falces

1944 2795 1989 2839 et
2029 2786 2290 2857 harpagaa,
2335 2804 2595 2841 armarunt
2632 2803 2840 2858 genera,
2879 2786 3141 2842 murorum
3177 2791 3542 2857 expugnationi

1943 2867 2082 2927 apta.
2120 2859 2180 2931 Et
2206 2858 2398 2931 Cicero
2418 2873 2513 2931 pro
2541 2857 2739 2914 Milone
2770 2876 2783 2912 :
2812 2857 2939 2931 Cum
2966 2860 3179 2931 falcibus
3207 2859 3276 2913 ad
3296 2859 3541 2930 Castoris,

1943 2944 2058 3000 cum
2088 2928 2278 3000 gladiis
2307 2940 2411 2985 toto
2440 2930 2552 2999 foro
2580 2931 2813 2985 volitant.
2847 2928 3046 2987 H0131.

2019 2998 2245 3055 Insidias
2291 2998 2537 3071 parabat:
2589 3002 2761 3057 llolst.
2828 3005 3119 3070 prwstabat,
3154 3002 3257 3058 hoc
3289 3013 3392 3071 est,
3420 3012 3539 3059 ten-

1942 3070 2138 3146 debat,
2198 3070 2603 3146 Struebatnaut
2654 3072 3106 3146 moliebatur.ASie
3149 3071 3448 3146 Cyprianus
3475 3077 3538 3129 de

1948 3140 2138 3217 ﬂabitu
2177 3144 2424 3217 virginum
2475 3144 2609 3200 dixit
2644 3161 2656 3197 ε
2690 3156 2932 3217 prtrstare
2964 3144 3097 3199 vitiis
3124 3140 3431 3201 illéc'ebrant.
3476 3147 3545 3202 Et

1946 3211 2106 3288 hujus
2134 3211 2348 3288 generis
2383 3211 3035 3288 locutionesTertulliano
3061 3227 3180 3271 sunt
3214 3218 3539 3288 frequentis-

1945 3286 2133 3348 simm;
2166 3294 2222 3340 ut
2251 3286 2344 3341 lib.
2373 3302 2444 3341 tv.
2464 3297 2642 3341 contra
2673 3287 3156 3358 Marcioncm,.cap.
3182 3289 3253 3345 35
3278 3306 3289 3342 :
3314 3286 3546 3344 ‘Veniant

1944 3368 2190 3430 prtestare
2208 3359 2358 3426 fratri
2375 3367 2421 3413 et
2443 3374 2543 3430 non
2564 3359 2769 3427 petenti.
2787 3359 2905 3415 Lib.
2918 3359 2987 3430 ad
3010 3358 3308 3430 Scapulam.
3332 3376 3451 3430 cap.
3469 3361 3504 3414 2
3524 3381 3537 3417 :

1919 3423 2178 3483 ‘Salutem
2208 3423 2450 3499 prtestare
2478 3423 2809 3501 Imperatori:
2844 3429 3090 3501 Apolog.,
3115 3423 3235 3497 cap.
3258 3432 3362 3487 46:
3402 3423 3543 3487 Veri-

1945 3510 2093 3572 t_ateut
2131 3517 2198 3555 ex
2226 3501 2330 3570 ﬁde
2369 3499 2629 3572 prtestare.
2663 3499 2743 3554 De
2787 3499 3137 3572 Paenit.,cap.
3180 3503 3212 3557 5
3242 3503 3540 3558 :Jttstitiunt

1945 3570 2052 3645 Deo
2094 3570 2469 3645 pt-testare.iAEt
2499 3589 2618 3645 cap.
2652 3574 2711 3628 il
2735 3590 2753 3627 .'
2782 3570 3178 3645 Castigationem
3202 3574 3363 3645 victus
3394 3584 3543 3645 atque

1941 3642 2115 3718 cultus
2136 3643 2335 3718 olfeltso
2361 3642 2598 3718 Domino
2635 3656 2897 3718 pra'stare.
2926 3642 3055 3700 Lib.
3096 3644 3159 3699 de
3202 3642 3401 3718 Vtrgin.
3445 3642 3542 3718 vel.

1942 3729 2059 3786 cap.
2099 3716 2185 3771 15.
2217 3714 2596 3771 Contiuetttiant
2623 3717 2717 3772 soli
2764 3716 2869 3771 Deo
2916 3726 3177 3786 prastare.
3227 3714 3313 3771 Et'
3348 3728 3405 3772 ut
3438 3717 3540 3772 alia

1943 3784 2097 3857 hujus
2126 3788 2340 3856 generis
2379 3798 2727 3857 praeteream,
2758 3788 2850 3844 lib.
2881 3784 3059 3843 contra
3085 3787 3298 3842 Judteos
3323 3804 3441 3857 cap.
3483 3789 3535 3843 9.

1941 3855 2165 3928 insignis
2210 3868 2291 3913 est
2324 3855 2473 3914 locus
2518 3860 2568 3913 in
2602 3860 2956 3926 explicatione
2997 3859 3197 3913 oraculi
3242 3855 3536 3928 prophetici

1940 3924 2110 3998 Istiaz,
2125 3943 2245 3998 cap.
2267 3947 2339 3984 vn
2365 3950 2377 3985 :
2401 3930 2520 3983 Non
2552 3924 2794 3990 pusillum
2817 3930 2953 3984 vobis
2970 3939 3224 3984 certamen
3242 3924 3361 3983 cum
3376 3931 3543 3983 Itami-

1941 3997 2109 4065 nibus,
2131 4001 2372 4069 quoniam
2391 4001 2526 4056 Deus
2540 4012 2744 4073 prwstat
2758 4011 3034 4073 certamen.
3060 3999 3158 4056 Ubi
3174 4016 3301 4073 axx.
3320 4001 3537 4066 habent,

1938 4075 2168 4141 τιριχεῖν
2211 4078 2405 4144 ἀγῶνα,
2450 4072 2590 4144 quad
2630 4072 2928 4144 Cyprianus
2969 4072 3034 4126 ad
3073 4072 3294 4126 verbum
3318 4072 3539 4144 Avertit,

1941 4150 2185 4215 prtestare
2211 4142 2443 4215 agonem,
2478 4143 2646 4212 Epist.
2668 4142 2779 4199 vtu.
2811 4152 2866 4197 et
2908 4144 3000 4199 lib.
3024 4154 3264 4215 ttcontra
3299 4142 3533 4198 .lntltcos.

1938 4210 2193 4269 Minutius
2232 4210 2445 4286 quoque
2475 4210 2623 4270 Felix
2674 4216 2726 4270 in
2757 4215 2945 4270 Octav.
2983 4231 2997 4269 :
3028 4213 3137 4286 Nos
3155 4214 3541 4286 pudorentrnon

1938 4286 2090 4354 facie,
2118 4287 2207 4339 sed
2224 4285 2388 4343 mente
2405 4297 2727 4357 prwstamus.
2754 4287 2819 4342 Et
2848 4286 3008 4357 Greg.
3034 4285 3137 4341 PP.
3158 4285 3261 4340 lib.
3285 4301 3341 4357 ιι.
3383 4285 3543 4356 Epis-

1940 4356 2116 4427 tolar.,
2153 4357 2319 4427 Epist.
2349 4359 2404 4414 6.
2432 4358 2589 4412 Nihil
2631 4358 2902 4412 tardidatis
2934 4356 3251 4427 prwstantes.
3285 4356 3375 4409 llis
3401 4357 3542 4410 addo

1936 4425 2313 4483 Rulinunt’lib.
2350 4446 2403 4484 v.
2437 4428 2575 4484 Hist.
2601 4429 2795 4484 Eccles.
2822 4425 2942 4498 cap.
2972 4427 3027 4481 2.
3059 4427 3179 4481 Post
3198 4428 3385 4496 aliquot
3411 4429 3540 4491 dics,

1938 4515 2055 4552 cum
2072 4501 2268 4554 nullam
2278 4501 2793 4573 sepeliendigratiam
2814 4500 3179 4573 prtestitissent,
3203 4499 3406 4552 incensa
3424 4515 3542 4573 ossa

1937 4580 2243 4643 martyrum.
2274 4571 2342 4627 Et
2371 4572 2465 4626 lib.
2502 4570 2713 4643 Vl'cap.
2744 4573 2837 4627 ‘29.
2871 4571 3145 4626 lnteritunt
3176 4570 3543 4643 praestareaEt

259 4652 413 4697 menta
435 4654 560 4699 sunt
597 4659 746 4698 arma
777 4643 841 4697 ad
871 4643 1171 4712 nocendum
1193 4651 1336 4712 apta,
1366 4643 1446 4696 vel
1479 4656 1831 4712 quascumque
1853 4642 1909 4710 D
1937 4641 2015 4695 sic
2045 4642 2288 4712 vulgatus
2317 4651 2502 4699 noster
2540 4641 2715 4698 Actor.
2745 4644 2834 4699 24.
2877 4654 2933 4699 et
2957 4643 3051 4697 25.
3087 4643 3278 4703 vertit,
3324 4642 3544 4711 gratiam

258 4713 404 4767 aciem
432 4724 524 4769 aut
549 4729 774 4769 acumen
805 4714 1023 4768 habent.
1051 4711 1126 4766 Ita
1146 4713 1410 4782 Cethegus
1438 4711 1828 4781 apud'Ciecro-

260 4796 361 4854 nem
381 4785 430 4839 in
469 4785 805 4850 Catilinariis,
834 4785 902 4839 de
939 4784 1126 4854 gladiis
1153 4790 1210 4840 et
1233 4784 1358 4838 sicis
1388 4784 1527 4852 apud
1553 4799 1614 4837 se
1639 4784 1831 4854 depre-

261 4851 442 4920 hensis,
470 4857 783 4926 respondit:
813 4854 882 4911 Se
902 4851 1099 4924 semper
1131 4855 1375 4909 bonorum
1407 4851 1833 4925 ferramentorum

261 4925 516 4983 studiosum
538 4925 667 4983 esse.
702 4928 769 4981 Et
796 4927 923 4997 Leg.
979 4926 1064 4989 18,
1093 4927 1159 4981 de
1186 4929 1431 4981 instruct.
1468 4926 1655 4996 Legat.
1704 4926 1835 4981 Fer-

261 5009 466 5072 ramenta
492 5000 752 5053 lanianda:
795 5000 966 5053 carnis
994 5012 1149 5072 causa
1182 5006 1478 5068 praeparata
1520 4998 1574 5053 in
1606 4998 1833 5055 lanionia

264 5069 595 5125 instrumento
619 5077 987 5125 numerantur.
1025 5069 1219 5125 Howe.

325 5137 487 5196 Πιιηιὲ.
542 5142 602 5195 Ιιι
652 5140 926 5197 Glossario
970 5143 1138 5196 veteri
1192 5141 1332 5196 inter
1398 5150 1689 5196 atramenta
1752 5157 1836 5197 re-

267 5219 490 5267 censetur
539 5216 755 5278 bamus,
785 5223 1053 5283 ἄγκιστροῆ
1085 5212 1179 5267 sed
1215 5227 1337 5267 cum
1388 5212 1474 5266 hic
1497 5212 1634 5266 inter
1668 5212 1837 5267 ferra-

266 5291 419 5355 menta
471 5294 527 5339 et
578 5284 824 5355 martyrii
860 5284 1225 5355 instrumenta
1256 5293 1507 5354 ponatur,
1556 5298 1837 5355 progunco

266 5353 483 5425 accipere
503 5355 709 5422 malim,
726 5353 836 5425 quo
851 5353 1171 5410 Sanctorum
1191 5353 1416 5421 corpora
1438 5353 1834 5421 excarniﬁcata,

271 5422 336 5474 \‘el
369 5440 642 5495 s_u5pensa,
686 5422 758 5480 in’
782 5425 996 5481 ﬂuvium
1033 5436 1125 5480 aut
1163 5426 1374 5480 cloacas
1412 5435 1680 5496 perttacta
1710 5426 1838 5496 legi-

270 5505 387 5567 tnue.
416 5497 540 5553 Unci
572 5501 713 5551 enim
744 5497 827 5552 isti
850 5498 1025 5552 hamis
1056 5495 1297 5565 piscariis
1326 5495 1492 5567 lignra
1532 5506 1657 5551 sunt
1686 5495 1842 5551 sitni-

272 5558 354 5629 lcS,
397 5569 511 5625 licet
547 5568 789 5637 dispares
856 5558 1264 5639 magnitudine:
1319 5558 1460 5621 unde
1517 5577 1572 5623 et
1642 5583 1837 5622 nomen

272 5647 521 5708 columnae
563 5641 802 5708 utrisque
834 5638 1109 5701 manserit,
1162 5639 1263 5692 nisi
1310 5640 1480 5707 potius
1534 5656 1663 5692 amre
1720 5638 1840 5694 lteic

277 5703 543 5781 bizantium,
597 5703 821 5781 quarum
878 5720 998 5779 post
1042 5710 1268 5763 Plinium
1312 5703 1593 5763 Juniurem
1652 5711 1743 5764 lib.
1805 5725 1838 5764 Χ

282 5775 628 5851 Epistolarum,
653 5791 707 5839 et
744 5775 990 5838 Juvenal.
1023 5781 1193 5838 Satira
1228 5797 1335 5848 xw,
1367 5782 1606 5836 meminit
1642 5781 1753 5837 Lex
1780 5782 1836 5836 5.

1934 4723 2178 4784 prtcstare
2197 4755 2212 4780 ,
2244 4714 2387 4784 quod
2426 4715 2478 4769 in
2508 4714 2698 4772 Graeco
2747 4716 2959 4787 legitur,
2997 4720 3201 4837 χάριταῆ
3227 4714 3539 4767 καστιῡέσοειι.

3206 4799 3352 4837 ous'r.

3206 4799 3352 4839 OLS'I‘.

2006 4853 2132 4909 Cum
2180 4856 2386 4913 adducti
2438 4874 2631 4913 sumus.
2679 4856 3039 4913 Tertullianus
3092 4856 3177 4909 lib.
3217 4854 3280 4907 de
3310 4853 3541 4910 l’aticul.

1934 4940 2054 4996 cap.
2083 4927 2137 4982 5.
2170 4928 2296 4983 Cuut
2332 4930 2553 4983 traditur
2578 4970 2596 4997 ,
2631 4945 2748 4983 cum
2781 4928 3058 4981 adducitur
3072 4937 3135 4980 ἰιι
3163 4942 3315 4997 pecus
3341 4925 3409 4979 ad
3441 4926 3538 4980 ric-

1935 4998 2131 5065 timam,
2156 5008 2261 5054 etc.
2280 5000 2484 5055 Huns'r.

2012 5069 2306 5139 Perpetua,
2364 5073 2586 5126 sustineo
2650 5080 2716 5125 te.
2787 5070 2937 5137 Quod
3008 5068 3195 5125 Grarce
3263 5068 3534 5136 diceretur

1939 5148 2120 5214 ζπέχω,
2152 5148 2364 5209 ὑπομένω
2388 5167 2470 5210 σε,
2500 5154 2730 5214 exspecto
2760 5152 2824 5197 te.
2853 5140 2928 5195 lla
2976 5141 3218 5210 vulgatus
3243 5139 3536 5214 Scriptura:

1940 5213 2204 5281 interpres
2231 5215 2413 5273 Tobiae
2443 5231 2506 5282 v,
2532 5214 2585 5278 9,
2616 5214 2707 5268 illa
2730 5214 2891 5268 verba
2923 5213 3168 5279 ὑπομεῖνόν
3212 5236 3291 5280 μς,
3342 5213 3421 5264 xui
3443 5216 3531 5280 ipa

1939 5295 2005 5353 τῷ
2024 5288 2195 5355 πατρὶ,
2218 5287 2413 5341 vertit:
2445 5286 2654 5341 Sustine
2704 5300 2802 5351 me,
2832 5283 3064 5349 obsecro,
3123 5286 3282 5337 donec
3329 5292 3373 5334 et
3418 5283 3531 5350 ipsa

1941 5357 2168 5409 nuntient
2195 5358 2328 5426 patri
2359 5373 2486 5411 meo.
2522 5357 2590 5411 Et
2617 5357 2802 5410 Matth.
2838 5370 3002 5419 χχιιι,
3045 5355 3135 5418 38,
3186 5365 3373 5421 μείνατε
3400 5355 3487 5405 ὧδε
3513 5392 3527 5417 ,

1943 5425 2202 5480 Sustinete
2233 5428 2361 5483 heia.
2412 5427 2597 5484 Actor.
2641 5443 2732 5493 xx,
2768 5427 2822 5492 5,
2857 5436 3016 5495 rpite»
3044 5434 3173 5493 ἡμᾶς
3223 5430 3269 5478 εν
3311 5427 3544 5494 Τρωᾶδι.’

1944 5497 2308 5553 Sustinuerunt
2327 5516 2419 5553 nos
2439 5499 2662 5555 Troade.
2697 5499 2764 5553 Et
2788 5498 3032 5552 similiter
3051 5497 3174 5550 alibi
3200 5513 3213 5549 ε
3248 5510 3345 5549 nec
3370 5496 3527 5548 aliter

1942 5566 2306 5641 Tertullizmus
2329 5569 2547 5641 Apolog.
2578 5586 2694 5638 cap.
2729 5570 2817 5624 55:
2849 5567 2939 5641 Cui
2962 5584 3089 5641 opus
3119 5576 3189 5620 est
3219 5564 3527 5641 perscrutari

1942 5656 2095 5708 super
2117 5640 2331 5694 Cwsaris
2360 5637 2542 5705 salute,
2571 5642 2669 5694 nisi
2699 5658 2729 5692 ll
2754 5656 2851 5709 quo
2871 5638 3065 5707 aliquid
3096 5647 3209 5707 post
3237 5637 3382 5709 illum
3415 5653 3529 5706 spe-

1942 5721 2156 5764 rutnret
2186 5713 2505 5766 sustinetur?
2553 5712 2668 5767 Lib.
2702 5707 2774 5765 de
2816 5709 3025 5773 Pwnit.,
3050 5725 3168 5778 cap.
3220 5708 3274 5770 0.
3320 5707 3528 5778 Veniam

1944 5782 1993 5834 ιιι
2010 5780 2241 5837 lictorum
2272 5783 2535 5839 sustinere.
2568 5784 2635 5839 Et
2687 5782 2801 5836 adv.
2833 5780 3066 5846 ludam,
3111 5796 3229 5850 eap.
3262 5780 3314 5835 6.
3367 5777 3530 5835 Nova:
