3982 6310
498 268 570 335 ss
746 343 754 349 _
1614 248 1615 251 γ
1722 271 1959 333 rsssm
1997 272 2091 330 ss.
2134 265 2524 331 naurrnun
2738 336 2741 339 ,
3653 256 3658 260 ’
3706 277 3771 349 36

502 406 522 441 ι
561 388 809 445 minibus.
879 387 985 443 Pro
1047 387 1151 444 hoc
1205 402 1306 460 ego
1359 389 1656 445 orationem
1708 390 1937 446 feceram
1981 408 1996 446 :
2047 402 2098 447 ct
2128 401 2179 461 Α
2210 406 2229 440 ι
2263 404 2457 458 aquam
2481 386 2734 458 habebat,
2758 398 2813 446 et
2840 398 3017 447 tamen
3046 397 3264 462 propter
3287 391 3612 450 altitudinem
3643 409 3767 451 mar-

482 466 525 533 ἰ
565 484 704 537 inter
755 497 841 537 me
891 490 947 536 et
996 479 1146 537 illuni
1199 480 1403 552 grande
1454 491 1573 538 erat
1619 482 1863 541 diadema
1916 494 1965 547 ιι,
2023 485 2092 539 ita

499 591 518 625 ι
559 583 615 627 ιιι
654 581 882 643 uterque
925 572 990 628 ad
1040 572 1265 627 invicem
1317 572 1576 629 accedere
1624 589 1730 630 non
1785 589 2088 645 possemus.

499 684 521 719 ι
560 666 687 720 Erat
713 665 909 722 deinde
955 667 1008 720 in
1039 667 1155 737 ipso
1184 666 1303 721 loco
1339 668 1428 722 ubi
1462 666 1776 724 Dinocrates
1803 678 1940 734 erat,
1981 670 2091 739 pis-

499 777 518 809 ι
556 758 674 812 cina
707 758 862 828 plena
899 772 1056 829 aqua,
1089 759 1333 814 altiorem
1370 760 1665 831 marginem
1704 761 1906 817 habens
1930 778 2089 832 quam

497 869 519 905 ι
554 861 670 906 erat
720 859 925 906 statura
973 852 1145 921 pueri,
1196 861 1253 907 et
1294 853 1622 909 extendebat
1666 869 1729 909 se
1778 855 2091 910 Dinocrates

498 961 517 995 ι
556 941 706 1014 quasi
739 942 1022 999 bibiturus.
1065 942 1180 1016 Ego
1205 943 1453 1003 dolebam
1482 946 1623 1017 quod
1662 956 1716 1003 et
1756 949 1955 1018 piscina
2001 948 2087 1003 illa

2203 500 2223 533 t
2259 482 2399 552 ginis
2422 483 2704 540 ’bibiturus
2747 500 2853 539 non
2893 495 3058 543 esset.
3105 485 3173 540 Et
3209 496 3520 556 experrecta
3552 502 3684 555 sum,
3718 498 3767 544 et

2204 593 2223 628 ι
2261 578 2486 648 cognovi
2545 576 2765 632 fratrem
2836 593 3013 634 meum
3073 580 3336 635 laborare.
3407 580 3512 636 Sed
3549 582 3773 638 confide-.

2202 688 2220 720 ι
2257 670 2378 725 bam
2409 670 2435 709 ιι
2469 670 2799 741 profuturam
2851 674 3149 731 orationem
3205 690 3377 729 meam
3428 677 3590 731 labori
3636 678 3766 749 ejus,

2200 780 2218 814 ι
2256 772 2310 818 et
2334 765 2554 820 orabam
2585 781 2681 836 pro
2707 781 2773 821 eo
2801 766 3050 822 omnibus
3076 768 3268 822 diebus
3291 784 3563 839 quousque
3591 771 3769 825 transi.

2199 873 2221 908 σ
2257 857 2431 912 vimus
2457 859 2508 912 in
2540 872 2816 915 carcerem
2843 868 3209 927 castrensem;
3249 877 3470 917 munere
3507 862 3642 917 enim
3667 879 3770 918 casa

2198 969 2217 1001 ι
2259 952 2420 1006 trensi
2440 968 2656 1008 eramus
2679 954 2985 1024 pugnaturi.
3005 953 3195 1010 Natale
3216 963 3343 1011 tunc
3361 955 3509 1011 Geta:
3524 955 3766 1014 Caesaris:

1711 1065 2091 1123 LECTlONES
2130 1063 2435 1123 VABIANT
2444 1067 2541 1124 ES.

552 1207 577 1236 “
604 1207 753 1269 Locus
796 1205 1086 1269 mendosus;
1117 1204 1236 1258 Cod.
1276 1201 1454 1259 Saliae.
1496 1203 1637 1256 habet
1663 1204 1884 1255 dianten.
1913 1202 2085 1268 Suspi-

489 1275 639 1332 catur
652 1266 1250 1332 [Iolsteniusscribendtan
1268 1269 1504 1319 diastema
1530 1306 1544 1329 ,
1587 1280 1695 1332 quia
1719 1280 1814 1320 vos:
1835 1266 2093 1331 gricca'in-

488 1328 745 1381 let-vallum
775 1330 1038 1397 signiﬁcat.

2256 1200 2284 1240 ι)
2321 1202 2440 1270 Cod.
2468 1202 2646 1270 Salisb.
2668 1174 3065 1270 Considerabam.
3109 1203 3259 1270 Αιιηα
3296 1202 3768 1267 Halsten.,Fidebam

2199 1279 2279 1315 me
2301 1266 2598 1343 profuturam
2620 1266 2797 1328 labori,
2824 1273 2913 1317 etc.

1822 1437 2183 1497 VARIORUM
2222 1437 2450 1496 ΝΟΤᾸῧ.

485 1560 611 1616 mali
644 1560 932 1633 polypndc,
954 1570 1271 1633 Lantrorsum
1294 1569 1351 1633 et
1374 1568 1664 1633 retrorsum
1694 1571 1907 1633 reptare
1939 1560 2067 1633 soli-

484 1640 556 1686 to.
619 1631 747 1688 Huc
777 1631 905 1686 facit
951 1631 1191 1694 Lucileri
1230 1631 1516 1689 Calaritaui
1552 1631 1702 1688 locus
1741 1633 1792 1685 in
1844 1632 1979 1687 libro
2002 1632 2077 1687 De

484 1720 585 1757 non
630 1704 971 1759 convenientia
997 1721 1111 1758 cum
1147 1704 1395 1758 haereticis
1417 1703 1485 1759 ad
1520 1704 1887 1759 Constantium
1943 1702 2074 1773 Imp.

480 1776 771 1830 Arianuin:
805 1774 893 1831 Sic
922 1784 994 1829 cst
1045 1776 1109 1828 de
1134 1791 1345 1847 corpore
1372 1773 1617 1847 Ecclesiae
1647 1775 1859 1847 excisus
1889 1773 2077 1830 Sabel-

484 1847 633 1913 licus,
658 1857 712 1900 ut
742 1856 814 1901 est
840 1856 888 1900 et
917 1847 1416 1901 condetcstabilituus
1439 1846 1636 1901 excisus
1665 1846 1814 1899 Arius
1846 1846 1957 1908 iste,
1991 1863 2079 1898 cu-

469 1918 562 1982 jus
588 1934 752 1972 sermo
778 1926 838 1971 ut
870 1933 1054 1972 cancer
1075 1918 1129 1972 in
1170 1928 1217 1971 te
1247 1918 1519 1985 fortissime
1545 1917 1670 1970 adeo
1710 1919 1970 1988 serpserit,
2020 1926 2074 1970 ut

483 1998 619 2044 totus
644 1990 760 2059 jam
798 2005 979 2045 cancer
1022 2005 1132 2044 esse
1179 1990 1426 2055 cernaris,
1471 2004 1562 2041 nec
1592 1987 1801 2059 poteris
1823 1987 1990 2045 dicere
2021 2000 2081 2059 χιε
2104 1990 2123 2005 ⁸

481 2076 582 2112 nou
610 2061 719 2114 Arii
743 2076 1039 2115 canccrasse
1054 2076 1352 2126 sermonem,
1404 2076 1517 2112 cum
1543 2062 1691 2131 fmtor
1714 2060 2078 2114 canceraliom's

479 2140 581 2184 tua:
608 2131 677 2185 ad
704 2146 902 2186 onmem
929 2134 1207 2201 pervenerit
1227 2133 1376 2204 regni
1408 2132 1485 2184 tui
1507 2132 1711 2204 locum;
1741 2140 1789 2184 et
1818 2132 1982 2184 cuncti
2030 2141 2079 2185 te

480 2204 639 2257 uitare
664 2205 1013 2271 statuerimus,
1057 2220 1118 2258 ne
1143 2212 1187 2257 et
1217 2203 1317 2269 ipsi
1342 2213 1478 2273 peste
1504 2211 1593 2255 tua
1619 2203 1813 2255 Ariana
1834 2217 2077 2256 cancera-

478 2288 668 2327 remur.
728 2274 980 2329 lltecille.
1052 2276 1125 2328 Ex
1156 2274 1311 2343 cujus
1357 2273 1533 2345 Verbis
1574 2273 1748 2328 obiter
1775 2273 2076 2345 colligimus

475 2355 811 2401 canceratam
842 2345 1056 2417 faciem,
1102 2362 1222 2417 qua:
1252 2361 1353 2401 vox
1384 2345 1488 2399 hoc
1520 2344 1638 2399 loco
1686 2344 1921 2416 legitur,
1965 2361 2071 2398 non

481 2430 603 2471 esse
642 2416 941 2473 barbariem
976 2417 1211 2488 sequiori
1241 2417 1442 2471 saeculo
1467 2427 1668 2488 natam,
1719 2425 1775 2469 ut
1806 2429 2077 2470 nonnemo

471 2501 537 2540 ex
588 2488 810 2542 medicis
846 2504 876 2542 a
915 2503 1000 2543 me
1045 2486 1305 2542 Consultis
1332 2486 1727 2551 contendebat,
1784 2501 1987 2553 negans
2040 2503 2070 2542 a

473 2573 740 2628 quoquam
800 2561 1143 2628 antiquorum
1202 2559 1401 2614 dictam
1450 2566 1791 2612 canceratam
1837 2556 2067 2621 faciem;

466 2645 765 2683 caucrosam
803 2631 944 2684 enim
970 2629 1069 2684 dici
1095 2630 1366 2693 debuisse,
1418 2644 1540 2698 quae
1572 2644 1847 2682 caucerosa
1869 2638 1913 2681 et
1942 2645 2071 2681 cau-

440 2711 648 2754 rerum
704 2700 915 2754 nonnisi
968 2716 998 2755 a
1044 2700 1431 2756 recentioribus
1459 2700 1686 2755 barbare
1733 2700 2070 2766 loquentibus

473 2770 701 2826 dicatur.
735 2772 930 2827 llossr.
1204 2814 1218 2825 .

551 2840 658 2896 Pro
703 2844 797 2897 hoc
841 2859 932 2913 ego
975 2844 1254 2897 orationem
1299 2847 1534 2913 feceram.
1570 2840 1816 2896 Africana
1858 2851 1911 2895 et
1954 2841 2069 2896 lucc

476 2913 676 2968 locutio
702 2924 803 2970 est.
850 2902 981 2970 Nam
1013 2925 1068 2969 et
1096 2915 1233 2984 apud
1260 2902 1648 2969 Tcrtullianutn
1682 2914 1876 2982 legitur
1904 2914 2069 2982 facere

472 2988 831 3056 precationem.
859 2985 963 3041 Sed
1001 2987 1142 3055 quod
1165 2985 1231 3040 ad
1257 3001 1368 3040 rem
1398 2984 1609 3046 attinet,
1646 2984 1767 3039 lteic
1799 2985 2069 3040 notandus

2190 1561 2356 1616 instar
2386 1561 2655 1617 Zonarrm
2689 1562 3064 1634 quarumdam,
3096 1564 3282 1634 quales
3310 1577 3341 1617 a
3367 1559 3763 1634 Cosmograpltis

2108 1667 2156 1727 B
2184 1635 2385 1727 uilis!
2418 1635 3090 1727 -9116:":lr'.t;_9m‘9§.9}.
3119 1633 3765 1727 E‘???!‘Il.:"."3l.’¥f_°}.°'l£°f'

2185 1720 2378 1774 nempe
2406 1710 2573 1774 spatia
2598 1705 2826 1775 oblonga
2846 1747 2859 1769 .
2904 1706 3093 1776 globos
3118 1705 3413 1760 ainbientia
3438 1707 3621 1760 idonea
3655 1705 3765 1759 lati-

2188 1776 2399 1840 tudine,
2446 1794 2594 1847 quae.
2643 1777 2783 1842 quod
2813 1777 2877 1830 ad
2924 1776 3123 1831 iuret-os
3171 1778 3392 1841 attinet,
3439 1777 3766 1846 antiquuslo-

2184 1848 2379 1917 quc-udi
2413 1864 2539 1901 usus
2572 1864 2599 1901 a
2657 1848 3012 1903 Scholasticis
3058 1849 3354 1916 praisertim
3402 1848 3762 1917 scriptoribus,

2189 1934 2252 1973 ex
2288 1921 2453 1974 veteri
2479 1919 2832 1973 ecclesiarum
2866 1919 3256 1973 consuetudine
3283 1929 3539 1981 retentus,
3563 1916 3764 1972 Limbos

2183 1992 2432 2058 appellat.
2494 1991 2591 2044 Est
2630 2003 2807 2043 autem
2834 1991 3052 2044 Litnbus
3078 1990 3325 2059 ejusdem
3367 1990 3594 2043 notinttis
3620 2005 3762 2043 \nca-
3794 2042 3797 2043 ν

2182 2061 2367 2115 bulum
2395 2077 2515 2116 cum
2547 2061 2852 2117 diademate
2881 2078 2894 2123 ;
2924 2061 3169 2116 diadema
3199 2060 3485 2130 siquidem.
3522 2070 3578 2115 ut
3598 2071 3764 2114 notum

2182 2143 2285 2196 est,
2320 2134 2584 2203 significat
2618 2132 2839 2187 faSciam
2874 2133 3173 2202 longiorem
3201 2147 3364 2200 quam
3398 2132 3765 2203 latioreunea-

2182 2216 2272 2273 put
2304 2201 2649 2269 anibientem,
2684 2215 2774 2257 aut
2804 2201 3442 2274 capiti,circutnligatmn,
3475 2214 3530 2257 ut
3560 2201 3761 2270 praefert

2182 2278 2510 2346 etymologia
2555 2290 2729 2344 graeca
2762 2277 2878 2345 ejus
2910 2275 3161 2346 nominis,
3206 2290 3235 2327 a
3265 2276 3431 2346 verbo
3460 2278 3642 2336 διαδεω,
3669 2276 3761 2327 cir-

2182 2345 2448 2417 cuinligo.
2500 2346 2639 2400 ldcnt
2673 2347 2833 2415 igitur
2856 2357 2939 2401 est
2962 2345 3262 2417 iptuddicit
3288 2345 3549 2415 Perpetua
3571 2361 3589 2395 :
3617 2346 3762 2399 fuisse

2181 2418 2322 2471 inter
2349 2416 2681 2472 timocratem
2712 2427 2767 2470 ct
2794 2432 2856 2472 se
2881 2418 3072 2487 grande
3092 2416 3330 2470 diadema
3353 2432 3367 2470 :
3398 2432 3460 2471 ac
3486 2418 3528 2471 si
3555 2417 3757 2479 diceret,

2178 2489 2344 2542 luisse
2371 2488 2625 2559 grandem
2652 2489 2919 2554 Limbnm,
2951 2488 3197 2543 videlicet
3227 2490 3459 2559 spatium
3492 2487 3759 2559 oblongum

2177 2558 2404 2627 alicujus
2438 2560 2748 2614 latitudinis.
2804 2559 2860 2613 ld
2885 2570 3103 2613 thCililll'
3130 2560 3181 2611 in
3213 2558 3524 2629 Evangelio,
3571 2558 3752 2620 Chaos,

2177 2630 2337 2685 Luem
2382 2646 2490 2697 xvx,
2519 2631 2610 2684 26.
2643 2630 2707 2683 Et
2736 2648 2871 2684 nunc
2898 2633 3025 2685 inter
3053 2646 3146 2683 nos
3166 2639 3210 2682 et
3237 2645 3327 2684 vos
3354 2647 3585 2701 maguum
3612 2629 3759 2684 Chaos

2176 2702 2432 2769 [innatum
2465 2713 2554 2756 est.
2610 2702 2664 2755 lu
2694 2702 2886 2758 Grmco
2912 2712 3015 2767 est,
3052 2708 3256 2770 Χιίσμα,
3308 2700 3451 2771 quod
3485 2700 3760 2757 souat'ltiao

2180 2781 2318 2839 tum,
2351 2786 2405 2828 et
2435 2778 2685 2827 convenit
2711 2774 2855 2844 quod
2885 2773 3067 2827 addit:
3127 2771 3195 2826 Ut
3221 2774 3294 2840 hi,
3352 2773 3439 2841 qui
3461 2779 3625 2827 uotum
3655 2771 3759 2824 hinc

2176 2846 2393 2898 transire
2415 2845 2482 2898 ad
2521 2861 2630 2908 vos,
2660 2861 2760 2898 non
2792 2846 3007 2914 possint,
3032 2860 3189 2912 neque
3217 2845 3343 2899 inde
3371 2847 3466 2897 huc
3492 2854 3755 2897 transum-

2175 2931 2271 2981 re;
2301 2931 2423 2970 eum
2457 2916 2539 2970 bis
2563 2931 2684 2986 qua:
2705 2916 2832 2970 dicit
2850 2917 2967 2969 lteie
2993 2917 3048 2969 S.
3080 2914 3368 2985 Perpetua;
3394 2915 3478 2968 Ita
3502 2925 3553 2968 ut
3575 2926 3762 2984 uterque

2172 2986 2241 3040 ad
2296 2989 2507 3040 invicem
2550 2987 2789 3041 accedere
2833 3003 2932 3040 non
2964 3003 3222 3057 possemus
3252 3002 3271 3041 :
3304 2988 3626 3040 Eranteuitn
3658 2987 3758 3057 haec

471 3053 553 3109 est
600 3057 850 3127 antiquus
902 3053 1157 3112 Ecclesia:
1212 3073 1338 3111 usus
1382 3065 1436 3111 et
1484 3069 1673 3128 sensits
1707 3056 1917 3128 orandi
1967 3072 2064 3126 pro
2091 3062 2136 3127 ρ
2171 3059 2530 3128 spalia,vclut
2548 3053 3098 3113 fossmcircumducta:
3122 3059 3527 3121 munitionibus,
3557 3057 3661 3125 ipsa
3685 3053 3759 3128 sui

472 3131 719 3199 mortuis,
757 3143 941 3196 ptenas
981 3139 1321 3199 peccatorum
1354 3137 1473 3199 post
1504 3127 1641 3181 banc
1669 3127 1831 3180 vitam
1864 3128 2058 3182 luenti-

475 3198 571 3253 bus
604 3216 617 3264 ;
651 3200 803 3270 cujus
824 3214 945 3270 cum
975 3196 1140 3265 multa
1163 3199 1269 3254 sint
1297 3200 1397 3253 alia
1431 3196 1535 3253 fide
1573 3199 1883 3270 dignissima
1919 3201 2070 3254 testi-

472 3274 691 3337 monia;
730 3282 840 3329 tum
893 3269 993 3325 hoc
1042 3272 1217 3341 magni
1258 3270 1560 3326 faciendum
1591 3269 1840 3334 videtur;
1874 3272 2068 3341 quippe

470 3344 729 3413 scriptum
784 3358 812 3395 a
840 3353 1021 3397 sancta
1051 3342 1283 3413 Martyre
1311 3342 1504 3396 divinis
1536 3342 1956 3413 revelationibus
1982 3344 2031 3395 di
2051 3374 2066 3384 ο

468 3412 649 3480 gnata,
705 3423 760 3469 et
797 3431 909 3469 suze
939 3412 1387 3469 consummationi
1420 3414 1681 3484 proxima.
1744 3412 1854 3467 Nec
1900 3421 2070 3468 restat

476 3485 742 3540 ita-retieis
761 3486 1010 3555 exceptio
1033 3485 1100 3540 de
1125 3487 1349 3541 veritate
1372 3500 1434 3538 ac
1462 3485 1564 3539 lide
1587 3485 1777 3539 borum
1809 3485 2067 3539 Actorum

469 3567 587 3623 post
631 3564 707 3611 tot
738 3572 801 3612 ac
833 3567 938 3612 tam
986 3558 1274 3619 luculenta,
1291 3556 1596 3612 testimonia
1650 3556 1827 3611 omnis
1851 3557 2068 3625 generis

467 3629 799 3697 Scriptorum
848 3630 960 3698 ipsa
991 3628 1345 3690 laudantium,
1390 3643 1509 3698 quze
1536 3627 1660 3681 huic
1682 3627 1943 3693 ,vzilumini
1975 3626 2064 3680 ad-

464 3699 770 3766 junximus.
829 3697 966 3755 Sunt
1009 3708 1187 3755 autem
1215 3697 1501 3769 ejusmodi,
1538 3698 1731 3769 quibus
1760 3712 1826 3750 ne
1871 3706 2063 3750 centu-

466 3772 635 3825 tnacia
680 3770 899 3843 quidem
931 3771 1045 3840 ipsa
1076 3768 1597 3843 atqueimpudcntia
1626 3768 1864 3838 objicere
1906 3769 2063 3838 quidc

466 3857 626 3912 quam
659 3841 816 3911 posse
842 3843 1104 3898 videatur.
1144 3841 1348 3897 llons'r.

545 3912 611 3966 Et
640 3909 772 3967 inter
825 3931 906 3968 me
953 3922 1001 3968 et
1053 3912 1202 3967 illum
1248 3913 1444 3984 grande
1484 3917 1597 3965 erat
1640 3909 1899 3984 diadetua.
1950 3910 2063 3965 Non

465 3985 769 4049 dissimulo,
812 3988 856 4040 si
900 3985 1192 4054 suspicioni
1237 3983 1380 4039 esset
1427 3983 1844 4053 indulgendum,
1898 3984 2063 4038 videri

466 4072 573 4109 non
603 4060 721 4110 sine
748 4056 1097 4111 fundamento
1141 4061 1326 4125 reponi
1359 4070 1516 4126 posse
1548 4056 1795 4108 diastema
1824 4067 1921 4126 pro
1950 4056 2065 4108 dia-

465 4128 637 4179 dema.
686 4126 816 4181 Nam
843 4127 1175 4182 diasteiuatis
1201 4141 1389 4181 vocem
1417 4125 1619 4180 Latinis
1646 4142 1711 4180 eo
1729 4126 1933 4178 siceulo
1959 4126 2065 4179 frc-

462 4208 771 4269 quentatam
804 4199 1099 4269 intelligere
1150 4198 1273 4269 licet
1329 4213 1401 4269 es
1440 4213 1477 4251 ι.
1518 4196 1777 4269 Frontino
1827 4196 1979 4269 libro
2003 4198 2067 4250 de

460 4271 648 4340 Agror.
686 4268 881 4335 Qualit.
913 4267 999 4325 ubi
1023 4271 1101 4323 sic
1126 4268 1347 4326 scribit:
1383 4268 1441 4322 Si
1465 4280 1562 4322 tres
1583 4268 1761 4322 circuli
1782 4282 1931 4340 pares
1953 4267 2065 4336 fue-

461 4338 584 4413 rint,
633 4342 765 4395 iitter
790 4359 843 4396 se
869 4341 1057 4413 wquaii
1082 4342 1384 4413 diastemate
1407 4340 1640 4413 conuerti.
1704 4340 1769 4392 Et
1795 4338 2063 4413 Allygctnts

459 4412 528 4467 de
563 4413 717 4467 limit.
746 4411 962 4468 constii.
998 4412 1296 4481 Quidquod
1320 4427 1412 4465 nec
1442 4412 1533 4464 illa
1558 4411 1670 4479 ipsa
1698 4411 1919 4480 regione,
1966 4411 2063 4481 8o-

464 4485 529 4537 lis
555 4496 855 4554 conspectus
882 4494 1013 4538 recte
1031 4479 1192 4551 potest
1220 4483 1550 4549 deprehendi,
1582 4481 1676 4535 nisi
1697 4479 1980 4550 requa/ibus
2002 4480 2063 4533 ab

459 4566 573 4624 artu
616 4565 664 4609 et
714 4572 897 4609 occasu
942 4555 1355 4615 diastematibus,
1407 4559 1771 4624 ferramentum
1818 4563 2057 4621 ponatur.

458 4623 589 4679 ltein
618 4643 630 4678 :
664 4625 879 4681 Terram
898 4637 1142 4695 punctum
1163 4640 1272 4679 esse
1291 4623 1422 4695 caeli,
1458 4633 1501 4676 et
1523 4625 1663 4693 infra
1686 4627 1869 4695 _soiem
1889 4624 2061 4692 ampio

456 4697 760 4767 diastemute
782 4692 1007 4767 Spiritus
1029 4696 1296 4767 sustinere.
1340 4694 1537 4749 Honsr.
1566 4692 1636 4733 σὲ-
1676 4692 1745 4746 Ει
1799 4697 1935 4749 iuter
1981 4710 2060 4749 me

453 4776 525 4840 et,
554 4766 704 4821 illum
755 4766 952 4840 grande
1019 4777 1133 4840 erat
1210 4766 1449 4819 diadema
1489 4807 1503 4829 ,
1600 4767 1674 4819 ita
1723 4775 1777 4840 ut
1850 4778 2062 4836 uterque

456 4839 526 4891 ad
597 4837 811 4893 invicem
874 4838 1112 4893 accedere
1192 4854 1295 4891 non
1364 4852 1641 4907 possemus.
1721 4837 1850 4904 Qua:
1909 4845 2060 4892 notat

458 4908 603 4985 lteic_
651 4910 959 4985 llolStenius
1009 4910 1077 4964 de
1124 4907 1454 4985 conjectum,
1497 4923 1602 4985 qua
1652 4909 2089 4985 rescribe-mltith

456 4982 763 5050 suspicatur
810 4983 1061 5035 diastema
1073 4996 1188 5106 Ipro
1229 4978 1482 5042 diadema,
1518 4978 1768 5034 videntur
1799 4983 1935 5036 hanc
1966 4996 2059 5035 cx-

456 5054 758 5106 ccutiOnem
813 5053 921 5106 nati
964 5067 1070 5106 nuo
1139 5051 1255 5105 loca
1286 5051 1374 5105 illa
1424 5065 1543 5106 mue
1566 5051 1695 5104 citat
1736 5051 1977 5106 Frontini
2005 5062 2059 5106 ct

455 5054 758 5123 ceptiOnem
813 5053 921 5123 pati
964 5051 1107 5123 quod
1139 5051 1255 5105 loca
1286 5051 1374 5105 illa
1424 5065 1543 5120 qua:
1566 5051 1695 5104 citat
1736 5051 1977 5107 Frontini
2005 5062 2059 5106 ct

456 5122 660 5194 llygeni
693 5122 1122 5195 agrimensorum
1143 5166 1157 5189 ,
1196 5137 1382 5195 parum
1424 5130 1571 5175 certe
1607 5124 1967 5192 persuadeant
1995 5124 2052 5179 S.

458 5194 777 5266 Perpetuam
810 5210 959 5248 usam
1009 5194 1110 5249 hoc
1151 5195 1271 5249 loco
1300 5194 1397 5248 ista
1439 5207 1589 5261 voce,
1627 5209 1748 5264 qua:
1784 5206 1899 5250 erat
1933 5209 2054 5266 pro-

457 5266 571 5334 pria
601 5265 733 5321 artis
776 5266 1215 5338 agrimensorite,
1266 5278 1329 5338 ac
1368 5277 1761 5338 consequenter
1784 5265 1955 5322 aliena
1985 5266 2055 5320 ab

459 5352 558 5391 usu
585 5334 833 5408 vulgari;
858 5338 1159 5406 praesertim
1200 5334 1484 5391 mulierum
1514 5334 1566 5388 in
1611 5336 1807 5391 Africa.
1867 5338 2052 5408 Itaque

455 5423 599 5481 cum,
634 5406 695 5463 ui
718 5406 832 5479 ipse
852 5408 1171 5481 Aliolstenius
1197 5409 1439 5478 agnoscit
1467 5408 1517 5460 in
1552 5408 1680 5478 ipsis
1704 5408 1809 5465 illis
1830 5406 2051 5481 scliedis

454 5479 595 5534 unde
629 5480 782 5535 istam
816 5479 932 5550 ejus
960 5488 1137 5533 notam
1173 5480 1559 5546 expressimus,
1607 5479 1860 5535 constans
1884 5494 1935 5537 et
1967 5480 2051 5535 di-

455 5560 597 5604 serta
644 5568 747 5606 nis.
799 5552 1000 5606 codicis
1033 5551 1188 5604 lectio
1216 5551 1453 5605 diadema
1498 5552 1777 5619 praeferat,
1824 5570 1926 5608 non
1970 5561 2054 5607 est

455 5634 644 5674 caussa
675 5636 770 5676 cur
792 5620 945 5676 facile
972 5631 1228 5686 mutetur,
1263 5626 1503 5690 μνςυδυιῑι
1528 5648 1555 5674 ιι
1580 5638 1702 5676 cum
1733 5624 1885 5680 valde
1907 5642 2053 5679 CUIII-

455 5693 675 5745 modum
721 5708 938 5748 sensum
968 5708 1029 5746 ea
1095 5709 1197 5748 vox
1227 5695 1457 5758 habent;
1497 5696 1757 5765 siquidem
1793 5700 1893 5751 ista
1940 5699 2054 5752 loca

456 5765 743 5823 tenebrosa
767 5780 886 5838 qua:
908 5764 1180 5837 complura
1203 5782 1261 5822 sc
1291 5765 1487 5823 vidisse
1512 5763 1758 5840 superius
1781 5769 1876 5839 ait,
1901 5778 2056 5825 erant

2174 3126 2442 3185 vacuitate
2469 3140 2825 3184 commeatum
2868 3129 3205 3184 excludentia
3242 3147 3255 3183 :
3284 3129 3435 3200 quod
3461 3130 3512 3183 in
3538 3126 3757 3200 corpori-

2172 3202 2273 3255 bus
2301 3201 2507 3255 facilius
2559 3201 2833 3255 intellectu
2865 3213 2979 3265 cst;
3010 3200 3076 3254 ad
3105 3197 3323 3254 animas
3350 3216 3478 3257 vero
3522 3197 3758 3254 arcendas

2173 3272 2563 3327 interveniebat
2606 3272 2872 3326 ordinatio
2918 3272 3122 3336 divina,
3170 3286 3431 3341 expressa
3476 3271 3632 3326 verbo
3673 3270 3756 3322 ﬁr-

2173 3343 2352 3397 mandi
2378 3360 2395 3397 :
2425 3344 2597 3397 (lituos
2620 3359 2860 3413 maguum
2883 3344 3146 3412 ﬁrmatum
3168 3353 3263 3396 est.
3324 3343 3436 3399 Nec
3462 3343 3632 3396 obstat
3656 3354 3758 3395 mo-

2172 3414 2243 3467 do
2289 3414 2465 3480 dictis,
2514 3414 2658 3484 quod
2700 3418 2852 3483 juxta
2902 3414 3015 3468 lucc
3066 3414 3309 3468 diadema
3350 3430 3456 3469 non
3490 3415 3600 3485 ipse
3627 3414 3758 3467 locus

2175 3485 2353 3547 fuerit.
2389 3487 2440 3539 in
2470 3501 2576 3555 quo
2597 3497 2711 3539 erat
2740 3485 3078 3549 Dinocrates,
3112 3486 3205 3540 sed
3233 3488 3471 3554 Spatium
3503 3490 3634 3541 inter
3647 3498 3757 3555 eum

2172 3565 2224 3610 ct
2246 3556 2301 3610 S.
2354 3552 2674 3624 Perpetuam
2709 3558 2977 3622 medium,
3011 3556 3154 3610 unde
3180 3552 3286 3610 non
3339 3558 3547 3612 videtur
3581 3552 3757 3611 confici

2172 3626 2491 3682 diadematis
2517 3629 2633 3682 sive
2663 3627 2836 3682 Limbi
2866 3644 3059 3682 nomen
3085 3627 3410 3698 Purgatorio
3447 3637 3755 3698 competere.

2171 3697 2303 3751 Cum
2335 3700 2475 3752 enim
2507 3698 2746 3768 ejusdem
2793 3699 2980 3754 forma:
3003 3714 3064 3753 ac
3094 3697 3280 3768 figurae
3314 3713 3492 3757 essent
3522 3697 3625 3754 tam
3652 3698 3755 3750 loca

2170 3770 2541 3843 subterranea.
2586 3785 2744 3839 quam
2777 3772 2952 3824 hiatus
2998 3779 3091 3824 aut
3126 3778 3362 3839 χάσματα
3392 3772 3583 3843 quibus
3610 3782 3757 3843 sepa-

2172 3842 2446 3905 rabantur,
2496 3851 2669 3909 potest
2694 3843 2934 3911 utrisque
2954 3858 3017 3897 ex
3049 3856 3206 3911 {equo
3251 3841 3547 3898 convenire
3589 3841 3757 3911 σιειιθτ

2172 3913 2327 3965 matis
2374 3908 2698 3966 sive’Litnbi
2746 3908 2963 3967 nomen.
3033 3908 3401 3969 De'ltacteuus
3447 3913 3622 3976 dictis.
3663 3908 3756 3965 etsi

2171 3982 2307 4037 nihil
2333 3995 2572 4038 nelatum
2622 3985 2673 4037 in
2707 3982 2960 4038 Holstenii
3005 3984 3323 4039 Adversariis
3352 3988 3547 4055 reperi,
3593 3980 3757 4037 audivi

2173 4064 2347 4108 tamen
2372 4073 2401 4107 ει
2431 4056 2547 4109 viro
2569 4056 2674 4110 title
2698 4056 2859 4125 digno
2885 4072 3006 4110 eum
3038 4058 3104 4109 ab
3127 4057 3225 4109 ltac
3258 4059 3525 4112 sententia
3551 4055 3757 4111 minime

2166 4126 2534 4180 abhorruisse.
2583 4127 2783 4180 Retulit
2812 4143 3007 4193 nempe
3044 4127 3173 4180 milii
3207 4127 3267 4180 P.
3306 4128 3547 4183 Joannes
3578 4128 3755 4181 Besso-

2168 4211 2267 4271 nus
2298 4214 2329 4250 e
2364 4207 2543 4271 nostra
2584 4197 3035 4271 societate,_scsc,
3062 4214 3183 4251 cum
3209 4200 3257 4252 ei
3281 4200 3569 4271 aliquando
3598 4197 3756 4271 Lucas

2169 4267 2479 4321 Hnlstenitts
2502 4270 2614 4321 lucc
2636 4272 2747 4335 ipSa
2777 4270 2833 4323 ὃ.
2868 4269 3144 4338 [’ct'pctuic
3172 4272 3301 4324 Acta
3333 4266 3456 4341 quin
3480 4268 3546 4325 ad
3574 4266 3755 4341 editio-

2171 4352 2291 4392 nem
2343 4341 2579 4408 parabat,
2632 4335 3105 4405 c0uttnutticasset,
3139 4350 3193 4395 ct
3223 4340 3290 4395 de
3321 4335 3420 4395 ista
3454 4335 3759 4397 diadematis

2175 4411 2504 4484 mentiones,
2534 4410 2657 4484 quid
2691 4410 2933 4474 sentiret,
2965 4422 3227 4482 rogasset,
3267 4412 3363 4469 illo
3410 4412 3757 4484 respondeth

2168 4479 2343 4533 Limbi
2403 4482 2717 4535 vocabulum
2785 4484 2883 4535 ista
2931 4478 3076 4552 paris
3129 4484 3365 4539 nationis
3420 4478 3552 4539 voce
3599 4478 3761 4552 videri

2166 4553 2470 4626 suppletum
2499 4553 2894 4626 ,_llulsleuinin
2934 4551 3165 4608 multum
3209 4556 3259 4609 id
3305 4557 3406 4613 sibi
3452 4554 3663 4626 probari
3695 4551 3762 4607 si-

2163 4623 2469 4692 gniﬁcasse.
2516 4623 2723 4679 P0ssm.

2242 4692 2590 4749 Trausirimus
2628 4698 2680 4748 iu
2719 4696 2971 4749 carcerem
3008 4705 3336 4752 castrensem.
3373 4697 3488 4753 Hoc
3523 4706 3623 4764 est,
3651 4709 3760 4751 car-

2163 4782 2341 4820 cerem
2378 4769 2426 4820 iu
2460 4766 2574 4836 ipso
2602 4778 2902 4821 castrorum
2936 4767 3054 4822 loco
3082 4770 3337 4836 positum.
3372 4770 3572 4826 “01.51.

2237 4836 2288 4889 Μ
2297 4854 2452 4911 nitere
2489 4839 2622 4891 enim
2659 4839 2904 4892 castrensi
2933 4856 3136 4892 eramus
3166 4845 3468 4911 pugnaturi.
3499 4842 3628 4897 Cum
3649 4851 3758 4894 cas-

2166 4916 2246 4962 tra
2276 4909 2539 4982 Romana
2572 4923 2721 4963 ex‘ra
2773 4913 2935 4982 urbes
2959 4952 2972 4971 .
3026 4911 3182 4981 longa
3235 4909 3291 4967 et
3319 4913 3475 4982 quasi
3515 4919 3758 4982 perpetua

2163 4981 2323 5053 statio
2353 4982 2579 5034 militum
2607 4993 2819 5046 essent,
2852 4979 2902 5034 in
2931 4997 2997 5037 ea
3019 4979 3481 5038 transiereba'ntur
3503 4979 3757 5053 prwcipua

2163 5052 2434 5106 civitatum
2477 5053 2792 5117 connuoda,
2835 5068 2902 5106 ne
2941 5053 3004 5106 iis
3044 5054 3255 5109 milites-
3273 5048 3675 5110 fraudaréntur.
3705 5048 3756 5105 lu

2162 5121 2246 5177 bis
2285 5126 2444 5178 etiam
2502 5126 2838 5194 spectacula,
2895 5124 3087 5194 quibus
3137 5125 3270 5179 mire
3320 5125 3488 5181 dediti
3543 5122 3758 5194 Romani

2160 5206 2333 5247 erant.
2372 5196 2512 5264 Ergo
2534 5191 2787 5249 ludorum
2816 5191 3191 5261 casirensium,
3229 5197 3332 5253 hoc
3361 5208 3467 5263 est,
3497 5199 3547 5253 in
3576 5191 3757 5251 castris

2159 5266 2229 5317 ad
2254 5266 2600 5321 delectandos
2632 5268 2828 5321 milites
2855 5266 3249 5322 celebratoruin
3271 5310 3285 5333 ,
3329 5268 3617 5325 Suetonius
3645 5280 3756 5320 tne-

2160 5339 2315 5391 tuinit
2342 5341 2393 5391 in
2422 5338 2639 5401 Tiberio,
2665 5353 2781 5408 cap.
2809 5338 2897 5391 72.
2932 5337 3038 5392 Sed
3072 5341 3211 5407 quod
3241 5354 3351 5394 vos
3384 5342 3621 5395 muneris
3647 5335 3758 5390 licic

2158 5409 2396 5478 ponitur,
2426 5424 2489 5464 ea
2520 5409 2921 5479 signiﬁcabatur
2955 5426 3147 5478 pugna,
3180 5412 3265 5466 vel
3293 5412 3647 5481 gladiatorum
3680 5409 3756 5481 in-

2160 5493 2240 5535 ter
2269 5496 2348 5548 se,
2386 5485 2466 5535 vel
2500 5482 2788 5534 bestiarum
2816 5496 2941 5534 cum
2971 5483 3275 5537 nominibus
3304 5480 3470 5536 morti
3500 5480 3751 5542 addictis,

2157 5570 2276 5620 qua:
2314 5555 2529 5621 pmprie
2555 5561 2849 5621 θηριομαχία.
2878 5552 3091 5606 dicitur.
3140 5554 3214 5607 ita
3241 5554 3382 5621 quod
3423 5555 3563 5623 apud
3591 5552 3753 5623 Euse-

2158 5625 2327 5689 bium,
2359 5626 2448 5677 lib.
2476 5638 2527 5686 ν,
2552 5640 2669 5691 cup.
2706 5625 2758 5686 1,
2792 5623 2984 5693 legitur
3005 5665 3018 5689 ,
3050 5632 3386 5694 θηριομαχιών
3418 5622 3626 5695 ἡμέρας,
3655 5622 3755 5695 cle-

2159 5706 2349 5765 gantcr
2377 5710 2405 5748 τι
2442 5696 2634 5748 liuiino
2663 5692 2889 5749 Vertitur
2919 5692 3342 5750 munerumdies.
3386 5692 3522 5751 sunt
3562 5697 3673 5749 belc
3703 5692 3754 5765 iu

2164 5763 2297 5824 voce
2326 5768 2587 5839 pugnandi
2615 5766 2970 5824 catacltresiui
3011 5783 3130 5825 esse
3167 5769 3493 5841 quamdam,
3534 5767 3656 5825 dunt
3693 5763 3755 5825 de
