3982 6310
487 302 560 364 39
1720 288 1956 354 passm
1992 291 2088 352 ss.
2132 286 2518 351 mnrvnun
2724 270 2741 281 ‘
3689 299 3755 362 to

488 441 511 475 ι
551 420 868 494 proximavit
890 418 1008 476 dies
1028 417 1285 486 muneris,
1315 416 1529 473 intravit
1552 414 1619 470 ad
1643 428 1728 470 me
1753 423 1904 485 pater
1930 426 2082 469 meus
2108 413 2163 475 Α
2193 433 2213 466 ι
2247 424 2300 469 et
2357 414 2504 469 abiit.
2549 412 2616 467 Et
2655 412 2892 484 adspicio
2945 412 3200 484 populum
3264 413 3526 487 ingentem
3557 415 3751 478 ’attoni-

491 532 513 568 ‹
551 520 897 584 consumptus
924 510 1106 578 tmdio,
1134 520 1188 566 et
1216 509 1377 579 cmpit
1402 508 1620 565 barbam
1650 521 1800 561 suam
1828 505 2079 574 evellere,

493 625 513 662 ι
546 616 601 663 et
627 623 688 664 se
725 605 778 662 in
822 615 1018 662 terram
1074 605 1290 662 mittere
1331 611 1388 660 et
1433 610 1772 673 prosternere
1813 616 1874 657 se
1917 601 1969 656 in
2006 599 2085 656 fa-

452 768 459 775 ,
491 719 511 756 ι
548 702 707 767 ciem,
750 709 806 757 et
842 701 1209 772 improperare
1251 697 1407 753 annis
1451 696 1583 763 suis,
1626 702 1683 752 et
1719 694 1901 751 dicere
1938 701 2084 750 tanta

492 814 514 849 ι
554 794 715 852 verba
770 809 890 866 qua:
934 800 1214 850 moverent
1254 790 1559 850 universam
1606 797 1929 846 creaturam.
1969 786 2083 859 Ego

492 905 512 943 ι
546 887 792 945 dolebam
824 902 921 958 pro
959 885 1154 942 infelici
1184 893 1405 941 senecta
1434 882 1571 955 ejus.

564 999 584 1033 ι
623 980 685 1036 ll.
710 979 891 1037 Pridie
940 994 1097 1050 quam
1120 992 1499 1049 pugnaremus,
1552 974 1708 1033 video
1752 975 1803 1030 in
1844 983 2082 1030 oramate

488 1084 509 1129 ι
545 1075 657 1155 huc.
688 1075 902 1132 venisse
938 1072 1289 1144 Pomponium
1319 1071 1604 1128 diaconum
1641 1069 1709 1125 ad
1743 1070 1937 1125 ostium
1964 1083 2080 1124 car-

487 1191 509 1226 (
544 1172 702 1238 ceris,
732 1178 785 1226 ct
807 1169 1019 1240 pulsare
1039 1166 1406 1224 vehementer.
1438 1165 1590 1220 Exivi
1613 1163 1680 1220 ad
1703 1179 1847 1228 eum,
1877 1170 1934 1219 et
1955 1176 2081 1233 ape-

489 1281 510 1318 ι
547 1263 629 1319 rui
660 1262 710 1318 ei
741 1281 754 1317 :
785 1263 874 1332 qui
899 1270 1017 1317 erat
1049 1260 1272 1316 vestitus
1309 1257 1617 1313 distinctam
1642 1255 1945 1322 candidam,
1978 1255 2078 1309 ha-

486 1377 508 1413 ι
543 1359 677 1415 bens
706 1356 1029 1428 multiplices
1058 1354 1333 1410 calliculas
1360 1362 1409 1411 υ.
1450 1352 1518 1407 Ει
1552 1351 1686 1407 dixit
1710 1350 1842 1406 mihi
1872 1366 1886 1405 :
1932 1349 2080 1405 Per-

484 1469 507 1506 ί
538 1458 720 1524 petua,
751 1459 804 1506 te
846 1448 1245 1524 exspectamus,
1271 1445 1416 1502 veni.
1445 1464 1464 1498 ι
1495 1445 1563 1500 Et
1600 1443 1772 1500 tenuit
1807 1442 1937 1498 mihi
1964 1457 2079 1498 ma-

483 1562 505 1600 t
542 1560 693 1613 num,
725 1551 781 1599 et
807 1542 1071 1614 caepimus
1101 1541 1179 1596 ire
1212 1554 1316 1610 per
1352 1552 1542 1609 aSpera
1577 1538 1693 1593 loca
1728 1546 1782 1592 et
1816 1534 2075 1591 ﬂexuosa.

485 1656 507 1694 ι
543 1638 644 1696 Vix
677 1636 892 1694 tandem
925 1635 1272 1707 pervenimus
1306 1632 1620 1690 anhelantes
1645 1631 1711 1688 ad
1738 1631 2076 1703 amphithea-

485 1754 506 1789 ι
543 1745 705 1802 trum,
733 1741 790 1789 et
815 1731 1020 1788 induxit
1042 1745 1131 1786 me
1158 1729 1211 1785 in
1239 1726 1412 1784 media
1435 1741 1621 1795 arena,
1658 1733 1713 1783 et
1739 1725 1872 1782 dixit
1896 1727 2027 1781 mihi
2058 1745 2072 1781 :

2193 528 2212 562 ι
2253 517 2384 563 tum.
2424 506 2511 575 Et,
2542 506 2663 578 qttia
2690 504 2924 562 sciebam
2951 521 3038 561 me
3078 505 3145 561 ad
3191 506 3387 564 bestias
3425 510 3593 566 datam
3624 527 3749 581 esse,

2192 620 2212 654 ι
2250 599 2485 656 mirabar
2538 598 2680 671 quod
2738 613 2846 654 non
2892 598 3234 655 mitterentur
3268 596 3403 658 mihi
3455 600 3644 659 bestiae.
3694 596 3755 662 Et
3799 586 3809 595 ’

2192 711 2210 745 ‹
2249 692 2409 749 exivit
2454 691 2669 763 quidam
2728 704 2914 748 contra
2959 706 3046 748 me
3082 690 3365 764 Egyptius
3389 734 3404 759 ,
3458 693 3623 752 fmdus
3648 711 3753 769 spe-

2191 805 2209 838 l
2244 786 2372 853 cie,
2426 798 2548 840 cum
2612 784 2946 855 adiutoribus
3006 785 3120 841 suis
3174 795 3497 857 pugnaturus
3543 803 3751 846 mecum.

2191 899 2209 931 ι
2250 877 2483 934 Veniunt
2531 889 2587 934 et
2635 876 2735 933 ad'
2765 893 2853 934 me
2902 876 3272 935 adolescentes
3331 878 3511 936 decori
3564 880 3753 951 adjuto-

2190 989 2209 1023 ι
2248 986 2334 1026 res
2369 976 2424 1025 et
2463 968 2714 1024 favitores
2740 969 2879 1035 mei,
2928 979 2982 1024 et
3018 970 3315 1041 eXSpoliata
3364 986 3513 1037 sum,
3552 983 3603 1028 et
3632 973 3754 1032 facta

2189 1083 2208 1119 ι
2244 1080 2362 1120 sum
2393 1064 2682 1121 masculus.
2716 1064 2779 1120 Et
2816 1073 3094 1135 creperum
3125 1080 3212 1121 me
3247 1063 3493 1121 favitores
3526 1067 3624 1122 mei
3649 1060 3755 1125 oleo

2189 1179 2208 1212 ι
2243 1158 2506 1229 deft-igere
2534 1157 2584 1227 ι),
2613 1158 2883 1230 quomodo
2909 1157 3084 1214 solent
3120 1160 3172 1213 in
3216 1173 3472 1230 agonem,
3525 1168 3580 1216 et
3619 1160 3751 1218 illum

2187 1273 2207 1307 ι
2241 1262 2427 1310 contra
2468 1251 2777 1324 .Egyptium
2826 1251 2982 1308 video
3029 1251 3083 1306 in
3131 1249 3216 1307 afa
3258 1263 3281 1291 ο
3328 1252 3662 1315 volutantem.
3696 1253 3756 1309 Et

2187 1368 2208 1401 ι
2258 1347 2423 1404 exivit
2460 1348 2543 1401 vir
2589 1345 2807 1418 quidam
2856 1345 3007 1401 mira:
3051 1346 3472 1417 magnitudinis,
3518 1355 3572 1402 ut
3611 1346 3753 1403 etiam

2188 1460 2207 1496 ι
2240 1448 2523 1498 excederet
2581 1437 2846 1510 fastigium
2891 1438 3305 1509 amphitheatri,
3343 1438 3643 1495 discinctatn
3668 1438 3752 1495 ha-

2185 1554 2207 1590 ‹
2241 1534 2376 1591 bcns
2414 1533 2646 1589 tunicam
2697 1528 2723 1568 ἀ
2775 1540 2831 1588 et
2873 1547 3163 1604 purpuram
3219 1532 3360 1590 inter
3412 1533 3546 1589 duos
3593 1535 3753 1591 clavos

2185 1647 2206 1681 ι
2239 1644 2335 1699 per
2371 1625 2605 1681 medium
2648 1632 2872 1694 pectus,
2928 1624 3132 1681 habens
3159 1634 3216 1681 et
3252 1624 3523 1682 calliculas
3572 1636 3594 1661 ο
3633 1626 3753 1681 mul-

2185 1740 2205 1775 ι
2239 1720 2479 1778 tiformes
2514 1734 2581 1775 ex
2624 1733 2757 1775 auro
2779 1727 2835 1775 et
2874 1728 3099 1792 argento
3124 1720 3312 1789 factas,
3340 1728 3395 1776 et
3416 1718 3591 1776 ferens
3621 1718 3636 1758 ί
3662 1721 3753 1777 vir-

486 1844 506 1882 t
540 1825 661 1883 Noli
685 1840 904 1898 pavere,
934 1824 1052 1882 heic
1078 1838 1197 1880 sum
1223 1831 1416 1890 tecum,
1444 1829 1499 1879 et
1517 1818 1793 1878 collaboro
1821 1828 2019 1888 tecum,
2049 1840 2069 1875 ι
2103 1816 2153 1878 Β
2187 1835 2207 1869 ι
2238 1829 2358 1884 gam
2421 1811 2575 1883 quasi
2631 1810 2822 1868 lanista
2843 1853 2858 1880 ,
2930 1821 2985 1868 et
3044 1827 3253 1869 ramum
3300 1810 3524 1870 viridem
3566 1812 3617 1869 in
3658 1826 3752 1884 quo

1706 1911 2083 1973 LECTIONES
2123 1905 2536 1972 VARIANTES.

534 1968 576 2044 ἀ
594 2012 857 2065 Galliculas
870 2013 981 2065 cod.
999 2009 1178 2064 Salisb.

540 2074 1051 2139 l‘17)efricareSalisb.
1174 2137 1180 2139 Α
1340 2138 1361 2139 η
1604 2133 1614 2139 ,
1739 2129 1768 2139 ..

542 2143 569 2173 θ
594 2138 749 2203 Aqua,
779 2139 890 2192 cod.
938 2137 1203 2203 Compend,
1236 2143 1283 2203 et
1321 2133 1502 2188 Salisb.
1527 2133 1614 2203 s_e_d
1655 2130 1828 2184 melius
1869 2132 1944 2203 afa
1987 2145 2075 2184 seu

480 2203 607 2266 apba
633 2193 716 2255 dat
737 2202 918 2268 hapba,
945 2200 1002 2253 id
1023 2193 1093 2255 est
1116 2197 1291 2267 pulvis,
1313 2211 1407 2263 quo
1449 2194 1638 2263 pugiles
1679 2202 1784 2261 post
1804 2193 2075 2247 unctionem

2186 1999 2609 2076 θηρειρειρωιψττ

2315 2059 2929 2131 Βῖξςὶιιριειρδριιιδριιωω
2949 2059 3167 2113 Holsten.

2245 2133 2269 2161 θ
2292 2125 2556 2179 Galliculas
2576 2118 2754 2174 Salisb.

2248 2189 2270 2230 ι
2298 2190 2525 2241 Efferens
2546 2184 2766 2238 Holsten.

1836 2276 2201 2337 VARIORUM
2238 2273 2469 2333 ΝΟΤιλΕ.

477 2381 554 2446 ni,
587 2382 671 2438 cui
698 2396 730 2437 e
756 2382 1027 2438 contrario
1047 2378 1336 2451 opponitur
1355 2376 1597 2451 custodia
1605 2374 1843 2451 diligens,
1866 2373 1936 2451 de
1955 2388 2062 2451 qua

476 2444 599 2509 vide
625 2452 899 2523 Cujacium
928 2444 1135 2508 οὔδει-ἰή
1167 2451 1260 2506 lib.
1286 2465 1396 2523 xlv,
1417 2464 1541 2523 cap.
1568 2448 1660 2511 54,
1692 2444 1746 2501 et
1773 2444 2063 2523 [ieraldmn

477 2524 545 2605 ad
571 2519 877 2605 Tertulliani
901 2525 1120 2605 Applog.
1148 2537 1282 2605 pag;
1294 2522 1383 2576 97.
1417 2520 1533 2605 lN'on
1554 2519 1875 2605 tamensine
1900 2531 2060 2605 causa

476 2596 733 2653 Pudentis
779 2587 1095 2652 humanitati
1147 2587 1505 2660 S.'Perpetua
1545 2604 1662 2646 eam
1705 2587 1951 2643 visitandi
1996 2588 2061 2643 li-

476 2670 706 2723 centiam
738 2667 954 2733 tribuit,
985 2664 1128 2732 quod
1156 2673 1312 2720 caute
1340 2673 1394 2718 et
1421 2660 1606 2716 timide
1634 2661 1945 2733 plcrmnque
1969 2675 2062 2716 ac-

473 2738 729 2794 cederent
752 2739 820 2793 ad
858 2732 1139 2802 carceres,
1184 2747 1234 2791 et
1276 2733 1446 2789 ferme
1476 2732 1701 2802 singuli,
1753 2746 1822 2786 ne
1862 2741 2064 2787 semet-

476 2809 624 2879 ipsos
653 2808 974 2881 proderent,
1006 2818 1100 2863 aut
1126 2803 1913 2881 invidiamconcitarentiipud
1943 2818 2063 2871 per-

476 2873 787 2948 secutores,
831 2881 874 2935 si
918 2873 1231 2936 catervatim
1277 2891 1345 2933 eo
1384 2874 1689 2948 inlluerent.
1738 2873 2064 2948 Temporum

473 2951 697 3006 istorum
732 2946 1093 3008 conditionem
1129 2949 1422 3006 luculenter
1448 2948 1602 3002 nobis
1639 2946 1709 3000 ob
1751 2946 1936 3000 oculos
1973 2961 2066 3016 po-

474 3025 547 3078 nit
581 3025 637 3079 S.
667 3024 975 3096 Cyprianus,
998 3023 1168 3092 Epist.
1204 3037 1274 3096 tv.
1309 3018 1435 3096 l’e‘la
1474 3034 1713 3096 quoque,
1746 3017 1951 3086 inquit,
1998 3018 2066 3072 ad

475 3090 852 3165 procurandum
892 3090 1103 3160 quietem
1146 3092 1351 3165 solertia
1381 3101 1426 3165 et
1454 3090 1746 3145 sollicitudo
1764 3100 1937 3165 uestra
1964 3107 2068 3165 non

473 3161 625 3220 desit.
676 3165 742 3219 Et
788 3168 832 3221 si
873 3167 1059 3236 fratres
1097 3181 1189 3235 pro
1226 3162 1494 3217 dilectione
1526 3178 1619 3216 sua
1656 3161 1828 3236 cupidi
1857 3171 1973 3214 sunt
1998 3161 2067 3214 ad

474 3234 880 3293 conveniendum
910 3246 956 3292 et
997 3234 1304 3291 uisitandum
1349 3236 1658 3304 confessores
1703 3234 1891 3298 bonos,
1941 3249 2067 3301 quos

472 3308 741 3382 illustravit
761 3312 878 3381 jam
904 3308 1140 3382 gloriosis
1174 3306 1333 3382 initiis
1375 3306 1547 3359 divina
1584 3304 1845 3382 dignatio,-
1898 3314 2066 3382 tanien

473 3390 620 3434 caute
645 3375 778 3445 hoc,
806 3390 852 3435 et
882 3375 980 3435 n'on
1019 3378 1510 3452 glonteratini,_nec
1553 3375 1650 3449 per
1687 3375 2066 3452 multitudinem

476 3452 632 3507 simul
656 3454 883 3519 iunctam
913 3447 1038 3522 patri
1063 3467 1170 3506 esse
1198 3448 1524 3522 faciendum:
1553 3447 1615 3522 ne
1636 3464 1697 3502 ea:
1726 3447 1819 3502 hoc
1847 3448 2066 3522 ipsein-

472 3522 608 3578 vidia
634 3519 927 3588 concitetur,
960 3534 1006 3577 et
1033 3519 1322 3577 introeundi
1347 3521 1519 3574 aditus
1548 3519 1840 3590 denegetur,
1867 3528 1917 3590 et
1944 3519 2065 3574 dum

471 3593 784 3650 insatiabiles
812 3595 1028 3649 multant
1057 3594 1310 3656 volumus,
1343 3601 1504 3646 totum
1533 3589 1823 3661 perdamus.
1854 3589 2059 3647 HOLS‘I'.

549 3665 615 3722 ll.
644 3696 716 3707 —
755 3664 910 3721 Video
950 3666 1004 3720 in
1060 3666 1371 3719 horoamate.
1426 3662 1725 3735 Resiexigit
1769 3671 1827 3716 ut
1870 3664 2065 3735 rescri-

470 3736 630 3793 batur
657 3739 918 3793 horamate
941 3779 954 3803 ,
987 3738 1088 3791 nisi
1118 3736 1233 3791 lure
1270 3752 1374 3790 vox
1417 3736 1486 3789 ita
1526 3734 1825 3790 deformata
1867 3734 1919 3788 in
1963 3750 2061 3790 usu

473 3810 716 3879 p0pulari
748 3810 994 3865 Afrorum
1025 3815 1160 3864 erat.
1193 3808 1286 3863 Est
1314 3815 1492 3879 autem
1520 3814 1683 3878 ὅραμα
1718 3819 1824 3879 vox
1851 3804 2058 3873 Grarca,

470 3877 672 3937 Sonans
694 3882 864 3937 visum
888 3921 903 3948 ,
933 3882 1050 3937 sive
1077 3882 1355 3936 visionem.
1392 3877 1693 3951 Usurpatur
1728 3877 1902 3931 Actor.
1941 3892 2057 3948 cap.

468 3965 575 4020 xu,
631 3953 684 4009 9.
734 3953 909 4009 Latini
968 3952 1268 4024 Scriptores
1295 3966 1357 4006 ea
1386 3948 1557 4024 rarius
1583 3950 2058 4024 usi_sut_tt:_tamen

467 4024 785 4096 éldltelmus
812 4025 904 4080 lib.
936 4025 998 4078 de
1037 4019 1274 4096 Virginit.
1308 4037 1427 4096 cap.
1454 4022 1489 4078 5
1521 4022 1632 4096 _ubi_
1662 4020 1730 4076 dc
1759 4021 1815 4075 S.
1850 4019 2060 4096 Joanne

469 4093 809 4167 Evangelista
850 4096 1101 4167 loquitur,
1129 4092 1214 4150 'ait
1255 4092 1381 4149 eum
1417 4095 1469 4148 in
1512 4092 1729 4148 Pot/imo
1753 4103 1968 4167 raptam
2005 4094 2059 4167 in

467 4164 733 4235 aromate,
779 4168 869 4222 ubi
913 4164 1175 4223 Meursius
1223 4178 1369 4222 recte
1414 4175 1641 4220 oramate
1686 4164 1959 4219 substituit
2002 4164 2056 4221 in

469 4236 724 4309 Mentissa
769 4238 990 4309 Critian,
1020 4238 1240 4309 (sicque
1265 4238 1319 4293 in
1348 4237 1689 4309 Bibliotheca
1706 4235 1802 4291 SS.
1841 4236 2057 4290 Patrum

467 4307 668 4383 editum
701 4308 957 4383 reperio),
984 4307 1178 4383 frustra
1208 4308 1638 4383 reprehendente
1664 4307 1896 4383 Swartio
1919 4310 2058 4383 gina-

466 4380 707 4436 lectorum
735 4378 827 4436 lib.
858 4378 933 4436 ιη’.
964 4396 1079 4452 cap.
1110 4382 1163 4439 9.
1195 4378 1283 4453 qui
1309 4382 1518 4453 cltronra
1549 4381 1618 4435 ibi
1645 4378 2054 4453 rescribendum

2172 2368 2376 2440 replebo
2414 2369 2639 2437 atritale,
2685 2366 2847 2421 atrior
2889 2367 3048 2423 multo
3090 2374 3145 2419 ut
3182 2366 3276 2437 ﬁat
3320 2384 3469 2440 quam
3510 2364 3745 2441 zEgyptii.

2175 2447 2378 2499 Auson.

2548 2511 2753 2561 Tinctus
2770 2508 2937 2561 colore
2959 2510 3133 2571 noctis,

2549 2573 2724 2636 Manus
2746 2585 2872 2636 puer
2895 2571 3085 2636 loquaci

2541 2635 2799 2699 Egyptius
2813 2635 3091 2695 choraules,
3113 2641 3211 2686 etc.

2244 2720 2554 2794 .tEgyptinm
2604 2721 2857 2794 video‘in
2907 2723 3000 2792 afa
3059 2720 3388 2794 volutantem.
3443 2718 3536 2774 Afa
3594 2718 3745 2789 pulvis

2170 2802 2256 2849 est
2279 2790 2467 2851 critica
2499 2791 2918 2863 signiﬁcatione;
2944 2790 3034 2863 est
3072 2791 3215 2847 enim
3257 2790 3503 2847 Gmcum
3545 2806 3741 2855 nomen,

2170 2871 2291 2937 ἁφὴ,
2326 2865 2516 2921 Latine
2545 2862 2825 2934 Scriptum.
2854 2862 3116 2919 Solebant
3144 2871 3326 2937 autem
3360 2864 3558 2937 pugiles
3584 2874 3743 2937 certa-

2172 2933 2277 2992 turi
2321 2938 2632 3006 inspergere
2659 2933 2832 2990 uncta
2863 2948 3092 3006 corpora
3113 2976 3130 3006 ί,
3168 2933 3442 3006 pulvere,
3475 2934 3557 2989 vel
3598 2933 3646 2987 in
3687 2947 3745 3006 eo

2174 3007 2322 3063 humi
2347 3003 2565 3078 jacenie
2593 3021 2653 3061 se
2690 3003 3146 3078 volutareIOrid.
3172 3003 3647 3078 ’Metatnorph.»tx.
3685 3004 3745 3058 de

2095 3050 2139 3114 C
2172 3050 2382 3134 (ιῐὶάὶἱιιέ
2406 3050 2754 3134 νῐῖιιΙῶδιιίιὶεν
2775 3050 3003 3134 invicem
3042 3077 3143 3132 sibi
3187 3050 3469 3146 pulverem,
3503 3076 3567 3132 ad
3602 3077 3743 3131 istum

2171 3165 2326 3205 usum
2359 3150 2813 3204 ministrantibus:

2294 3221 2388 3271 llle
2413 3223 2544 3271 cavis
2566 3220 2738 3284 hausto
2757 3220 2948 3284 spargit
2964 3232 3044 3284 nte
3070 3219 3276 3284 pulvere
3292 3219 3486 3282 palmis,

2294 3284 2450 3348 Inque
2478 3284 2639 3332 vicem
2662 3280 2808 3333 fulva}
2837 3280 2969 3345 jactu
2998 3280 3220 3333 ﬂavescit
3244 3280 3433 3333 arenae.

2168 3367 2339 3436 Quam
2371 3382 2613 3430 arenam,
2644 3365 2787 3422 unde
2815 3365 3178 3422 ﬂavescebant
3208 3365 3315 3438 hoc
3344 3366 3504 3422 modo
3531 3365 3742 3438 pugilum

2167 3454 2418 3509 corpora,
2447 3438 2705 3493 Martialis
2730 3438 2824 3494 lib.
2854 3453 2941 3504 vr,
2989 3438 3169 3510 Epigr.
3209 3436 3301 3495 66.
3353 3449 3506 3496 vocat
3533 3436 3743 3510 illa‘pheu

2168 3509 2271 3568 hoc
2298 3526 2487 3566 versu:

2541 3580 2599 3631 Et
2626 3581 2847 3633 ﬂavescit
2868 3579 3064 3645 Haphe.

2166 3667 2287 3738 Agit
2319 3667 2389 3723 de
2418 3666 2643 3724 muliere
2674 3666 2934 3733 Philaeni,
2964 3667 3108 3721 viros
3140 3665 3390 3722 imitante
3418 3668 3468 3722 in
3496 3665 3738 3738 pugilatu,

2166 3737 2306 3808 quod
2331 3779 2345 3803 ,
2375 3754 2495 3793 cum
2522 3740 2787 3794 acerrime
2826 3747 3045 3808 arguat,
3084 3738 3250 3792 immo
3289 3738 3585 3794 detestetur
3622 3737 3744 3792 Mar—

2169 3809 2312 3864 tialis
2340 3812 2390 3864 in
2422 3810 2619 3865 femina
2643 3851 2657 3876 ,
2690 3818 2913 3881 apparet
2939 3823 3098 3879 quam
3128 3823 3194 3863 ex
3222 3808 3437 3881 decoro
3470 3809 3745 3881 S._Pcrpc-

2166 3890 2287 3952 tua,
2319 3882 2479 3937 etiam
2511 3896 2608 3952 per
2636 3878 2808 3937 visum
2837 3878 3125 3952 commissa
3151 3894 3274 3935 cum
3302 3880 3477 3952 pugile
3504 3878 3742 3951 IEgyptio

2163 3951 2436 4008 diabolum
2464 3951 2807 4019 designante,
2834 3952 2886 4006 in
2909 3951 3203 4007 masculum
3226 3951 3428 4007 mutata
3453 3953 3539 4017 sit,
3565 3960 3619 4006 ut
3642 3952 3743 4019 ipsa

2163 4023 2293 4095 dicit
2321 4023 2423 4079 hoc
2448 4025 2565 4094 ipso
2592 4020 2733 4093 loco,
2763 4024 2845 4079 his
2871 4023 3081 4079 verbis:
3114 4020 3184 4077 Et
3224 4027 3366 4095 faeta
3405 4040 3516 4079 sum
3553 4037 3741 4078 mascu-

2164 4094 2263 4151 lus.
2295 4096 2501 4153 Possm.
3228 4094 3231 4095 ⁷
3689 4149 3701 4160 ,

2247 4165 2568 4239 νίνίᾳαίάαηι
2613 4167 2758 4222 mine
2807 4165 3195 4239 magnitudinis.
3244 4166 3323 4222 Ita
3373 4168 3435 4222 in'
3472 4167 3633 4237 prima
3672 4162 3742 4239 vi-

2162 4239 2313 4294 sione
2343 4234 2613 4294 hominem
2635 4254 2826 4293 canum
2851 4234 2912 4293 in
2933 4237 3115 4293 habitu
3137 4237 3379 4294 Pastoris
3399 4234 3653 4309 grandem
3674 4234 3743 4309 vi-

2161 4309 2332 4374 derat,
2360 4326 2523 4364 unum
2545 4309 2749 4365 scilicet
2769 4309 3126 4381 eumdemque
3146 4307 3444 4381 Christum,
3467 4309 3555 4380 qui
3577 4307 3740 4369 isthic,

2164 4390 2221 4435 ut
2246 4381 2465 4447 Pastor,
2497 4395 2626 4436 oves
2655 4395 2778 4435 suas
2805 4378 3007 4436 refovet
3026 4378 3053 4445 ;’
3082 4380 3231 4447 heic,
3277 4390 3335 4436 ut
3376 4378 3661 4450 Imperator
3690 4385 3743 4450 ct

466 4449 1175 4525 persuaderenequidquam
1196 4449 1704 4525 cortatur.__l}epct'io
1725 4452 1885 4525 etiam
1913 4450 2053 4525 apud
2081 4450 2132 4510 D
2158 4451 2557 4525 Agonothetes,
2588 4451 2847 4525 militibus
2870 4461 2926 4507 et
2959 4453 3219 4525 agonistis
3251 4449 3469 4522 prtcmia
3497 4449 3739 4525 decernit.

459 4521 745 4580 Alcuinum
792 4521 956 4579 lih.'l
1000 4521 1062 4578 de
1099 4523 1216 4579 Vita
1241 4525 1403 4579 sancti
1433 4521 1797 4589 Willebrordi,
1832 4535 1951 4591 cap.
1992 4521 2049 4577 2.

463 4594 579 4649 haec
608 4596 766 4651 verba
791 4614 805 4651 :
839 4594 1007 4649 Mater
1031 4596 1331 4666 intempesta
1357 4595 1520 4649 noctis
1547 4594 1739 4664 quiete,
1772 4592 1970 4647 caeleste
1997 4594 2052 4648 in

459 4669 649 4722 somnis
671 4668 794 4722 vidit
820 4668 1052 4722 liorama.
1087 4666 1281 4723 Hocsr.

536 4735 745 4810 Habetis
795 4736 1432 4810 multiplices“calliealas.
1478 4735 1806 4810 glossariuni
1851 4746 2048 4792 vetus:

462 4805 736 4883 Calliculae
755 4852 768 4875 ,
801 4805 1069 4883 Tpoxé‘gasg.
1098 4809 1165 4883 Et
1184 4808 1235 4864 in
1261 4807 1465 4883 Glo_ss_is
1490 4807 2047 4883 Graccolatinis,_Tps.

465 4887 556 4951 κάς
580 4922 595 4946 ,
624 4879 911 4939 ϐαιιίοιιῐιιζ
939 4880 1050 4936 Νοιι
1081 4880 1313 4951 videtur,
1335 4880 1553 4935 dubium
1581 4921 1596 4944 ,
1633 4879 1760 4949 quin
1800 4880 2048 4951 gallicula

461 4950 602 5008 idem
631 4953 702 5007 sit
727 4954 867 5025 quod
893 4953 1145 5025 Callicula
1176 4952 1278 5008 hoc
1308 4950 1459 5025 loco;
1502 4960 1557 5008 et
1594 4966 1715 5025 cum
1756 4950 2052 5025 explicetur

460 5036 593 5096 voce
617 5021 804 5096 Τροχὶὶς
822 5068 835 5092 ,
862 5035 1083 5096 apparet
1112 5023 1279 5096 fuisse
1306 5023 1430 5096 quid
1475 5021 1762 5096 rotundum
1807 5032 1861 5077 ct
1898 5021 2051 5096 volu-

458 5092 585 5151 bile.
621 5092 880 5153 Videntur
899 5092 1070 5177 fuisse
1110 5095 1401 5177 caniculae,
1429 5093 2047 5177 appendicesrotundae,

457 5179 673 5224 ornatus
695 5182 882 5225 caussa
910 5168 1104 5223 addita:
1124 5167 1387 5238 capitibus
1409 5166 1722 5220 militarium
1744 5166 2045 5230 thoracum,

455 5237 508 5293 in
538 5254 763 5296 acumen
793 5237 1307 5295 desinentibum'ﬂtc
1333 5247 1579 5309 poterant
1608 5253 1671 5292 ex
1704 5237 1885 5309 bysso,
1918 5252 2053 5307 pur-

452 5324 588 5435 pura
609 5321 704 5368 aut
732 5312 894 5368 simili
916 5313 1147 5394 .materia
1178 5325 1299 5366 esse
1318 5307 1630 5374 {interdum
1659 5325 1689 5364 c
1722 5307 1962 5390 metallo,
1992 5317 2048 5364 ut

473 5381 680 5435 labetur
708 5383 885 5435 naullo
916 5382 1171 5435 mlertus.
1197 5398 1252 5435 v.
1284 5381 1376 5435 5i.
1408 5378 1616 5434 [labens
1637 5374 1900 5434 calltculas
1922 5380 2048 5433 ntul-

473 5381 680 5455 tabctur
708 5383 885 5455 paullo
916 5382 1171 5450 inlerius,
1197 5398 1252 5437 ν.
1284 5381 1376 5438 51.
1408 5378 1616 5455 [labens
1637 5374 1900 5455 calliculas
1922 5380 2052 5433 ntul-

454 5453 683 5523 tiformes
708 5449 772 5510 ea:
798 5470 925 5509 auro
951 5463 997 5508 et
1026 5449 1233 5525 argento
1256 5457 1438 5525 factas.
1465 5451 1633 5523 Hujus
1652 5449 1869 5525 generis
1893 5459 2050 5525 erant

452 5522 805 5596 tintinnabula
828 5522 1186 5596 malogranata
1210 5522 1265 5578 in
1283 5533 1522 5596 extrema
1544 5522 1638 5596 ora
1661 5522 1825 5596 ve5ti_s
1852 5523 2046 5596 summi

452 5594 761 5654 Sacerdotis
788 5593 1077 5668 positaQut
1107 5595 1332 5668 habetur
1372 5599 1424 5649 in
1464 5593 1742 5668 Exodo__et
1780 5593 2039 5668 Levitico.

454 5668 665 5726 Possm.
696 5699 767 5710 --
789 5663 873 5725 Άη
908 5666 1170 5737 gallicula;
1211 5667 1319 5722 sint
1361 5682 1536 5735 parva:
1578 5666 1783 5737 caligte,
1815 5664 1924 5721 vid.
1958 5663 2048 5720 Li-

453 5748 597 5811 ιωῃέ
624 5739 881 5796 Gallican.
911 5737 1194 5806 Mabillon,
1224 5738 1430 5811 p._4_75.
1459 5737 1729 5811 Romam.

526 5808 811 5886 Egyptius
858 5812 1023 5886 foedus
1062 5808 1244 5885 specie.
1294 5809 1510 5869 Plautus
1553 5808 1821 5869 Pwnulo:
1862 5808 2045 5884 Itaque

2157 4522 2292 4578 Nam
2321 4524 2372 4578 in
2399 4522 2826 4578 Christianorum
2851 4538 3043 4593 agone,
3068 4533 3127 4577 ut
3155 4523 3230 4578 ait
3260 4525 3508 4579 Clemens
3527 4522 3741 4579 Alexan-

2156 4593 2364 4661 drinus,
2393 4598 2683 4667 ἀγωνοθέτης
2709 4599 2733 4648 ὁ
2761 4602 3204 4667 Θῖὁς,-βραϐσυτὴς
3234 4600 3259 4649 ὁ
3291 4604 3387 4658 υἱὸς
3415 4597 3549 4667 Θξοῦ,
3572 4594 3740 4667 grani

2158 4669 2206 4720 δὲ
2234 4675 2276 4721 ot
2302 4662 2514 4733 ἄγμὶοι.
2545 4664 2867 4737 Agonotlteta
2898 4662 3038 4720 Deus
3058 4707 3072 4731 ,
3107 4667 3403 4737 prtentiator
3431 4664 3531 4720 Dei
3563 4662 3609 4717 F
3612 4664 3738 4729 ilius,

2155 4748 2467 4808 spectatores
2492 4736 2693 4807 Angeli.
2727 4736 2959 4808 IIOLST.‘

2227 4808 2526 4879 Purpuram
2569 4810 2700 4863 inter
2746 4809 2874 4862 duos
2896 4807 3087 4864 clavos.
3134 4807 3246 4864 Hoc
3291 4817 3405 4874 est,
3436 4817 3738 4879 purpuream

2154 4877 2359 4937 vestem
2388 4896 2611 4950 gerens,
2645 4880 2810 4935 clavis
2834 4879 3044 4935 duobus
3083 4881 3197 4935 sive
3236 4880 3414 4935 fasciis
3438 4877 3738 4950 discinctam

2154 4952 2272 5008 sine
2300 4947 2458 5023 zona.
2496 4949 3054 5023 iGyrnnasiarcharum
3095 4960 3212 5023 erat
3246 4965 3512 5023 purpurea
3551 4947 3735 5023 vestis;

2154 5022 2298 5079 unde
2324 5022 2465 5093 apud
2489 5019 2785 5095 Lucianum
2805 5023 3017 5095 dialogo
3037 5023 3105 5078 de
3125 5019 3738 5095 GymnaSiis,_Anacbar-

2153 5094 2326 5165 sisic:
2355 5109 2588 5164 purpura
2620 5093 3100 5165 Gymnasiarcham
3124 5093 3389 5163 agnoscit.
3424 5093 3620 5148 Hocsr.
3653 5098 3660 5107 ‘

2236 5159 2627 5236 Virgant'quasi
2661 5159 2869 5219 lanista.
2914 5165 3124 5236 Virgam
3164 5159 3374 5220 lanista:
3417 5176 3625 5235 quoque
3653 5159 3738 5214 tri-

2152 5236 2267 5292 buit
2319 5224 2629 5311 Xiphil'iuus
2682 5237 2733 5290 in
2779 5224 3077 5293 Commodo
3113 5254 3125 5290 :
3160 5224 3503 5311 ἀντηγωνίςὲτο
3533 5224 3582 5311 ξι
3617 5235 3737 5301 αὐτῷ

2152 5306 2420 5377 γυμναστής
2439 5306 2512 5369 τις
2535 5315 2564 5370 ἣ
2586 5312 2669 5362 καὶ
2686 5312 2973 5378 μενὸμαχος,
2992 5311 3207 5380 νάρθηκα.
3223 5317 3361 5377 ἔχων.
3380 5306 3609 5380 Certabat
3629 5316 3736 5380 cum

2151 5375 2421 5453 eo'rlattisra
2450 5381 2661 5453 aliquis,
2674 5375 2772 5453 aut
2798 5375 3059 5453 gladiator
3077 5375 3273 5453 virgam
3297 5380 3503 5453 habens,
3537 5376 3645 5453 sive
3665 5375 3735 5444 {e-

2150 5452 2340 5506 rulam.
2369 5448 2983 5519 Recle'additum'heic,
3013 5448 3180 5521 quasi.
3206 5449 3325 5506 Non
3356 5450 3498 5521 enim
3520 5448 3609 5521 qui
3639 5460 3731 5515 ap-

2151 5523 2412 5590 parebat,
2447 5538 2733 5593 personam
2760 5524 2969 5578 lanista:
3004 5520 3352 5593 prcherebat,
3385 5520 3480 5593 sed
3509 5520 3730 5590 Gymna-

2148 5593 2411 5668 siarchaa,
2447 5592 2549 5650 hoc
2582 5602 2668 5650 est
2698 5592 3117 5668 Palaestritarum
3156 5592 3541 5668 moderatoris;
3579 5600 3728 5668 quem

2149 5665 2312 5737 etiam
2342 5665 2540 5736 virgam
2564 5674 2778 5737 gestare
2802 5665 3019 5721 solitum
3045 5665 3205 5720 docet
3228 5663 3481 5737 Sidonius
3507 5658 3726 5737 Apollin.

2149 5733 2244 5809 lib.
2278 5751 2352 5791 ιιι.
2384 5731 2482 5808 Ep.
2514 5731 2760 5808 ‘quuam
2792 5738 2954 5792 etiam
2995 5736 3343 5809 magistraleni
3386 5731 3617 5809 appellat
3635 5748 3661 5809 :_
3677 5737 3728 5809 et

2149 5806 2268 5880 ejus
2295 5800 2450 5866 usum
2488 5800 2643 5882 plane
2684 5810 2968 5866 honesturn
3005 5818 3060 5867 et
3081 5800 3403 5867 'censoriutn
3421 5800 3524 5862 'liis
3556 5800 3725 5860 verbis
