4050 6308
291 275 371 331 si
1356 268 1359 271 '
1546 263 1935 326 PERPETUAE
1971 264 2062 323 ET
2101 262 2554 325 FELICITATIS.
2802 248 2812 258 ’
3548 270 3624 327 is

301 407 329 442 ι
367 397 525 445 eratut
553 388 694 444 mala
720 400 901 444 aurea.
940 385 1010 443 Et
1038 383 1195 459 petiit
1250 383 1521 441 silentium
1548 427 1563 449 ,
1625 391 1681 439 et
1730 382 1865 439 dixit
1897 400 1911 439 :
1941 386 1991 445 Α
2645 375 2878 437 CAPUT
2918 377 3007 435 IV.

300 500 327 536 ι
362 482 465 539 Hic
490 481 775 554 Egyptius
802 482 848 537 si
876 480 1015 536 hanc
1039 478 1252 547 vicerit,
1282 476 1489 534 occidet
1525 476 1671 533 illam
1691 476 1908 548 gladio;
2015 474 2412 532 Ancuum'ruu.
2443 504 2515 515 -—
2536 472 2600 531 S.
2643 472 2899 541 Saturus,
2937 475 2993 528 in
3021 471 3211 528 visione
3247 472 3343 528 sibi
3389 477 3547 545 facta,
3572 481 3623 533 et

301 594 328 631 ι
367 579 492 633 etsi
518 576 657 632 hunc
676 577 885 644 vicerit,
932 576 1158 647 accipiet
1216 591 1424 631 ramum
1466 574 1647 629 istum.
1705 572 1772 628 Et
1823 588 1911 626 re-
2094 574 2157 630 S.
2199 574 2459 646 Perpetua
2496 574 2558 629 ab
2589 574 2797 645 Angelis
2845 575 2898 629 in
2937 573 3102 629 lucem
3137 590 3376 647 magnam
3399 575 3624 646 portati,

301 689 325 723 ι
362 670 551 727 cessit.
578 670 644 725 Et
668 670 995 725 accessimus
1033 668 1101 724 ad
1127 669 1379 733 invicem,
1411 679 1465 723 et
1493 666 1755 737 coepimus
1783 665 1912 720 mit-
2089 667 2263 721 uident
2290 670 2576 739 martyres‘;
2604 666 2741 721 ducti
2767 667 2835 720 ad
2862 666 3102 721 thronum
3132 664 3258 733 Dei,
3292 666 3465 721 osculo
3490 669 3630 723 exci-

302 783 326 818 s
365 774 486 821 tere
515 779 744 837 pugnos.
786 760 882 819 Ille
919 762 1050 818 mihi
1084 761 1246 833 pedes
1271 760 1676 832 apprehendere
1701 773 1914 828 qutere-
2094 759 2579 831 piuntur,l)ptatum
2593 760 2889 832 episcopum
2906 769 2952 815 et
2974 759 3251 832 Aspasium
3276 744 3629 832 presbyterum

302 877 326 912 ‹
367 858 465 914 bat
504 866 532 895 ἰ
581 875 595 913 :
650 872 750 929 ego
778 867 960 912 autem
988 855 1078 911 ille
1121 854 1356 910 calcibus
1395 853 1584 909 faciem
1616 850 1913 919 caedebam,
2093 854 2394 908 conciliant.

305 969 329 1006 ι
366 962 427 1009 et
467 950 678 1007 sublata
725 964 845 1006 sum
887 950 940 1004 in
986 963 1132 1015 aere,
1178 956 1235 1002 et
1260 946 1402 1018 ccepi
1443 962 1565 1002 eum
1596 946 1675 1000 sic
1709 943 1921 1004 ccedere
2097 944 2139 1001 Ι.
2166 945 2272 1003 Sed
2299 955 2355 1002 et
2384 946 2611 1003 Saturus
2650 945 2968 1003 benedictus
3007 944 3147 1003 hanc
3176 946 3437 1004 visionem
3475 962 3633 1006 suam

314 1065 338 1099 ι
375 1046 527 1118 quasi
554 1054 757 1102 terram
786 1042 1133 1101 conculcans.
1165 1043 1235 1097 At
1262 1041 1351 1098 ubi
1383 1033 1488 1096 vidi
1530 1053 1737 1096 moram
1779 1038 1920 1106 lieri,
2026 1037 2223 1106 edidit,
2250 1055 2411 1112 quam
2457 1040 2573 1111 ipse
2607 1039 2950 1110 conscripsit.
2985 1059 3005 1094 ι
3042 1040 3227 1107 Passi,
3260 1040 3460 1111 inquit,
3506 1057 3634 1098 cra-

322 1157 343 1193 ι
372 1139 521 1211 junxi
573 1154 766 1195 manus
796 1180 814 1207 ,
859 1139 932 1193 ita
983 1146 1043 1192 ut
1090 1136 1287 1207 digitos
1327 1135 1380 1189 in
1406 1134 1602 1205 digitos
1630 1133 1919 1188 mitterem.
2035 1151 2056 1186 ι
2095 1148 2245 1198 mus,
2290 1145 2345 1189 et
2378 1134 2646 1189 exivimus
2685 1134 2755 1190 de
2794 1149 2991 1199 carne,
3031 1143 3089 1189 et
3126 1134 3391 1203 cmpimus
3437 1132 3569 1189 ferri
3603 1147 3638 1192 a

317 1249 338 1284 ι
374 1232 444 1288 Et
479 1230 816 1302 apprehendi
858 1230 937 1286 illi
967 1237 1149 1302 caput,
1190 1239 1246 1285 et
1271 1227 1466 1284 cecidit
1503 1228 1555 1281 in
1599 1226 1822 1293 faciem;
1871 1233 1927 1282 et
2037 1243 2056 1278 ι
2090 1235 2322 1296 quatuor
2382 1223 2600 1296 Angelis
2689 1226 2742 1281 in
2795 1228 3095 1293 orientem,
3171 1242 3400 1297 quorum
3444 1242 3640 1285 manus

314 1343 336 1379 ι
374 1326 577 1382 calcavi
608 1326 684 1381 illi
720 1333 900 1397 caput.
935 1323 1003 1380 Et
1024 1322 1191 1393 cmpit
1226 1321 1454 1393 populus
1481 1319 1737 1387 clamare,
1771 1329 1825 1376 et
1851 1320 1929 1374 la-
2040 1334 2059 1369 ‹
2093 1331 2193 1371 nos
2229 1333 2334 1371 non
2375 1317 2688 1388 tangebant.
2721 1316 2939 1373 Ibamus
2966 1328 3147 1375 autem
3175 1334 3281 1373 non
3309 1319 3484 1389 supini
3511 1334 3640 1376 sur-

314 1439 337 1473 r
373 1421 581 1477 vitores
606 1420 713 1476 mei
754 1418 1009 1491 psallere.
1036 1420 1105 1475 Et
1165 1417 1372 1475 accessi
1422 1415 1491 1473 ad
1525 1416 1773 1472 lanistam
1802 1456 1820 1482 ,
1874 1421 1932 1469 et
2041 1427 2062 1463 ι
2094 1424 2213 1464 sum
2254 1408 2417 1473 versi,
2456 1408 2553 1464 sed
2594 1409 2748 1481 quasi
2775 1409 2990 1465 mollem
3025 1412 3226 1467 clivum
3269 1422 3291 1450 ο
3333 1412 3669 1468 ascenden-.

317 1537 339 1571 ι
377 1516 567 1586 accepi
591 1530 819 1571 ramum.
858 1514 928 1570 Et
961 1514 1235 1570 osculatus
1263 1522 1348 1569 est
1372 1528 1482 1578 me,
1510 1521 1565 1568 et
1591 1510 1727 1566 dixit
1755 1508 1929 1565 mihi:
2044 1520 2062 1556 ι
2099 1512 2201 1559 les.
2260 1503 2328 1558 Et
2378 1501 2584 1560 liberati
2641 1504 2869 1573 primam
2922 1504 3034 1575 jam
3088 1504 3322 1562 vidimus
3382 1504 3410 1544 ά
3460 1509 3638 1567 lucem

316 1630 340 1665 c
378 1609 559 1674 Filia,
618 1622 725 1679 pax
776 1616 975 1663 tecum.
1040 1605 1109 1661 Et
1159 1600 1297 1677 ccepi
1350 1604 1431 1660 ire
1481 1618 1606 1659 cum
1647 1603 1816 1675 gloria
1864 1600 1935 1657 ad
2045 1598 2451 1662 «immensam;
2507 1608 2559 1653 et
2584 1596 2694 1652 dixi
2727 1614 2741 1652 :
2775 1598 3041 1669 Perpetua
3084 1599 3408 1673 (eratenim
3442 1603 3645 1663 bazcin

319 1721 340 1757 ι
381 1711 593 1773 portam
650 1699 1073 1757 Sanavivariam.
1144 1698 1212 1753 Et
1279 1705 1596 1769 experrecta
1650 1711 1770 1749 sum
1817 1712 1831 1747 :
1880 1702 1937 1751 et
2044 1713 2067 1748 ‹
2104 1694 2271 1751 latere
2292 1693 2471 1769 meo),
2498 1695 2603 1752 hoc
2640 1708 2725 1754 est
2756 1698 2900 1768 quod
2924 1699 3079 1755 nobis
3124 1701 3380 1759 Dominus
3419 1704 3648 1774 promit-

322 1813 344 1848 s
383 1778 629 1852 intellexi
668 1809 755 1849 me
788 1807 895 1848 non
927 1792 994 1847 ad
1034 1790 1258 1859 bestias,
1295 1789 1388 1846 sed
1434 1799 1622 1846 contra
1663 1787 1937 1843 diabolum
1969 1793 2018 1855 Β
2052 1805 2072 1840 ι
2110 1788 2261 1844 tebat
2296 1805 2311 1843 :
2341 1790 2682 1860 percepimus
2718 1792 3154 1862 promissionem.
3199 1795 3267 1850 Et
3301 1795 3427 1851 dum
3467 1808 3652 1868 gesta-

325 1907 347 1942 s
384 1904 505 1945 esse
562 1895 948 1959 pugnaturam;
989 1884 1087 1941 sed
1154 1883 1392 1940 sciebam
1462 1880 1595 1937 mihi
1651 1880 1935 1937 victoriam
2049 1898 2070 1934 s
2111 1898 2232 1937 mur
2260 1882 2327 1939 ab
2355 1882 2487 1954 ipsis
2531 1894 2764 1956 quatuor
2808 1884 3065 1954 Angelis,
3114 1886 3311 1942 factum
3365 1898 3448 1943 est
3492 1889 3649 1948 nobis

333 2002 354 2036 ι
391 1983 674 2039 imminere
697 1980 747 2036 δ.
774 1980 891 2039 Hoc
915 1995 1086 2053 usque
1115 1978 1170 2036 in
1191 1977 1612 2050 pridiemnneris
1628 1975 1746 2049 egi:
1769 1976 1936 2047 ipsius
2052 1994 2073 2029 ‹
2112 1976 2343 2046 spatium
2381 1976 2623 2048 grande,
2655 1976 2802 2048 quod
2848 1977 2956 2034 tale
2995 1976 3092 2033 fuit
3136 1979 3294 2050 quasi
3340 1981 3655 2038 viridarium

335 2093 356 2130 ι
391 2086 562 2134 autem
591 2073 835 2131 muneris
886 2084 1087 2140 actum,
1125 2072 1171 2129 si
1198 2071 1318 2144 quis
1347 2069 1600 2138 voluerit,
1629 2067 1851 2125 scribat.
1889 2087 1909 2121 ι
2049 2086 2068 2122 ι
2104 2067 2327 2125 arbores
2370 2070 2575 2126 habens
2625 2085 2766 2127 rosae
2818 2079 2842 2109 ο
2876 2113 2891 2139 ,
2943 2080 2998 2127 et
3052 2086 3216 2129 omne
3260 2088 3433 2146 genus
3473 2074 3644 2133 ﬂoris.

1646 2182 2033 2243 LECTIONES
2056 2182 2477 2242 VARIANTES.

413 2309 653 2372 FVolebst
695 2309 917 2372 Holsten.
2049 2300 2802 2372 dimus.gorrtpertd._etliberagi
2828 2306 3037 2368 primum
3055 2308 3156 2371 jam
3201 2308 3385 2362 mundo
3419 2310 3647 2365 vidimus.

405 2369 434 2409 δ
462 2373 578 2423 Esse
615 2367 840 2425 Holsten.
2051 2363 2179 2417 Olim
2203 2363 2435 2415 Liberato
2458 2367 2614 2425 primo
2638 2363 2838 2418 mundo:

396 2437 420 2467 ο
453 2434 662 2497 Glebam
707 2437 761 2486 C.
787 2435 956 2497 Camp.
995 2492 1006 2497 _
1165 2493 1205 2497 _
1458 2495 1465 2497 7
1558 2496 1561 2497 7
1800 2493 1814 2497 _
1904 2495 1911 2497 7
2118 2430 2143 2460 °
2175 2426 2353 2479 Rosam
2378 2426 2560 2482 Salisb.

394 2497 421 2539 d
446 2497 535 2551 Sic
561 2495 675 2549 cod.
697 2495 874 2550 Salisb.
904 2492 1130 2549 Holsten.
1165 2493 1229 2545 Et
1272 2493 1469 2546 liberati
1493 2496 1650 2559 primo
1667 2493 1850 2546 mundo
1869 2495 1946 2545 vi-

1733 2579 2303 2639 COMMENTARIUS.

330 2677 630 2751 exprimii:
667 2675 922 2751 Juvenum
958 2677 1155 2751 luctas,
1196 2674 1241 2730 si
1284 2674 1630 2751 inuoluuntur
1654 2674 1943 2751 ebscenius,
2053 2676 2283 2751 postica,
2307 2690 2428 2751 qua}
2453 2675 2698 2733 intimum
2727 2678 3112 2749 amphitheatri
3151 2682 3328 2739 locum
3354 2684 3660 2743 circumda-

329 2746 476 2807 costa
492 2750 757 2820 confestim
779 2748 1301 2821 Gymnasiarcharum
1316 2746 1720 2816 nirgadissolvit.
1745 2746 1942 2821 Housr.
2052 2749 2175 2803 bant
2209 2747 2276 2821 ad
2299 2746 2486 2821 varios
2513 2765 2675 2815 usus,
2712 2746 3012 2821 praesertim
3055 2754 3472 2812 emittendarum
3512 2758 3660 2815 fera-

402 2821 474 2877 Et
498 2819 674 2900 Δρεςὶίε
705 2819 1005 2900 _silentiu_i_u.
1036 2819 1092 2875 ld
1146 2834 1243 2900 per
1290 2832 1594 2900 prreconem
1621 2828 1714 2900 aut
1754 2820 1946 2875 tubici-
2050 2836 2169 2875 rum
2189 2860 2204 2885 ,
2238 2819 2406 2874 fuisse
2432 2820 2564 2900 duas
2596 2819 2837 2900 majores
2860 2839 2891 2878 c
2917 2826 3138 2900 regione
3177 2827 3406 2900 invicem
3435 2833 3661 2900 apposi-

329 2910 462 2951 nem
492 2892 609 2948 ﬁeri
640 2893 871 2948 solebat.
919 2892 1047 2961 Ejus
1084 2892 1162 2946 rei
1205 2889 1490 2945 formulam
1539 2890 1591 2944 in
1620 2888 1827 2962 Graecia
1857 2905 1946 2946 so-
2051 2900 2167 2957 tas,
2201 2907 2431 2962 quarum
2462 2888 2696 2947 alteram
2728 2888 3088 2950 Libitin’ensem
3117 2897 3280 2952 fuisse
3306 2888 3659 2958 ilictam'sus-

327 2962 759 3043 lemnemluisse
783 2972 923 3043 ἄκορς
950 2960 1073 3043 ἀεες,
1095 2962 1241 3043 audi,
1260 2962 1485 3043 quiequis
1509 2977 1675 3043 e§,7ex
1703 2960 1945 3043 Luciano
2049 2960 2259 3033 picatu'r
2283 2974 2401 3043 ,ψει
2447 2964 2563 3033 ipse
2592 2965 2754 3035 paulo
2797 2977 2951 3035 post,
2989 2967 3299 3043 dlortualem
3330 2982 3517 3037 vocat,
3563 2989 3664 3043 per

327 3048 383 3094 et
408 3037 536 3109 aliis
564 3034 845 3109 discimus.
878 3034 984 3090 Usu
1013 3035 1115 3091 hoc
1136 3034 1193 3109 in
1220 3034 1412 3105 primis
1436 3032 1704 3109 veniebat,
1716 3034 1944 3109 quando
1972 3092 2013 3109 η
2048 3032 2209 3109 quam
2236 3034 2455 3109 scilicet
2472 3032 2684 3109 moriua
2724 3032 2952 3107 corpora
2992 3039 3348 3109 gladiatorum
3372 3084 3386 3106 ,
3414 3032 3515 3096 aut
3534 3032 3660 3101 bes-

326 3092 711 3166 distribuenda
748 3108 924 3177 palam
963 3106 1182 3177 praemia
1221 3092 1399 3177 erant.
1440 3104 1618 3170 Quare
1652 3092 1939 3177 7tali'occa~
1968 3092 2015 3157 C
2051 3092 2332 3163 tiariorum
2361 3107 2605 3177 reliquia:
2631 3092 3056 3164 extrahebantiir
3080 3092 3386 3166 éx"‘aié..gi.'
3417 3092 3664 3173 Klio—riis

326 3184 491 3264 sione
529 3175 866 3263 proconsuli
905 3175 1234 3261 7praiconem
1276 3175 1545 3260 _Apuleius
1596 3176 1863 3304 ειιῇιιηέι⁸
1886 3178 1943 3232 in
2052 3188 2239 3260 porta}.
2268 3194 2410 3250 quae,
2442 3175 2498 3233 ut
2523 3180 2617 3262 ait,
2644 3180 2873 3262 ducebat
2893 3181 2963 3263 ad
2995 3180 3192 3246 lorum,
3224 3198 3418 3238 noinen
3455 3187 3665 3244 nullum

328 3252 595 3304 Flos-idus.
628 3252 702 3304 De
754 3251 991 3304 tubtcute
1016 3260 1381 3304 testtmontutu
1408 3258 1491 3304 est
1517 3249 1738 3304 Seneca:
1817 3257 1942 3304 inst.
2051 3250 2251 3304 nrodtt.
2285 3250 2401 3304 Non
2427 3250 2616 3304 dubito
2645 3268 2773 3304 antn
2800 3292 2816 3304 .
2862 3268 2907 3304 SI
2961 3252 3107 3304 hunc
3156 3253 3336 3304 locum
3391 3256 3620 3304 vidisset
3641 3299 3658 3304 _

328 3249 595 3327 ﬂoridis.
628 3252 702 3306 De
754 3251 991 3327 tubicine
1016 3249 1381 3327 testimonium
1408 3258 1491 3304 est
1517 3249 1942 3327 SCIICGB_EpiSL
2050 3250 2251 3327 prodit:
2285 3249 2401 3327 Non
2427 3250 2616 3306 dubito
2645 3252 2773 3327 quin
2800 3292 2816 3315 ,
2862 3252 3107 3327 si_bunc
3156 3253 3336 3327 locum
3391 3256 3659 3327 vidisset,

329 3326 424 3381 7s.
462 3322 579 3380 Nos
602 3324 1106 3399 quoqueevincamus
1123 3322 1557 3399 omnia_,7quorum
1582 3322 1816 3399 prtemia,
1844 3337 1949 3376 non
2052 3322 2448 3399 Sanavivariam
2488 3337 2611 3378 eam
2647 3324 2848 3399 dictam
2886 3322 3236 3399 allirmasset.
3279 3325 3391 3381 Nec
3439 3322 3663 3399 etymori

329 3413 562 3460 corona,
594 3393 686 3449 nec
716 3393 932 3465 pallium
961 3404 1071 3458 est;
1101 3409 1192 3467 nec
1231 3393 1431 3467 tubicen
1460 3393 1817 3467 praedicationi
1854 3409 1949 3467 no-
2051 3394 2343 3449 obscurum
2371 3404 2454 3467 est
2479 3410 2499 3467 ;7
2524 3409 2646 3449 cum
2674 3395 2817 3467 enim
2849 3409 2947 3465 per
2983 3411 3106 3451 eam
3144 3397 3234 3467 qui
3287 3399 3403 3453 sani
3446 3393 3512 3453 et'
3550 3401 3663 3458 vivi

332 3469 493 3523 asinis
536 3464 1002 3521 nostrisilentium
1047 3466 1275 3537 faciens;
1317 3464 1407 3520 sed
1438 3466 1596 3520 virtus
1635 3474 1686 3519 et
1728 3465 1951 3534 ﬁrmitas
2051 3481 2231 3521 arena:
2283 3465 2536 3535 periculis
2588 3464 3003 3537 superfuerant,
3048 3464 3177 3523 foro'
3213 3478 3266 3523 et
3306 3470 3424 3524 urbi
3467 3470 3664 3527 redde-

333 3539 521 3596 am'mi.
553 3538 750 3595 HoLs'r.
876 3609 883 3610 7
1106 3609 1111 3610 7
1161 3608 1171 3610 7
1522 3609 1527 3610 7
1745 3607 1787 3610 _
2051 3548 2259 3610 rentur,
2288 3537 2781 3610 jureSanavioaria
2810 3550 3117 3610 nuncupata
3148 3541 3235 3595 sit.
3267 3540 3334 3595 Et
3365 3541 3508 3597 l‘avet
3534 3544 3662 3602 huic

407 3611 479 3669 Si
531 3613 669 3665 hunc
732 3609 942 3675 uicerit,
1007 3608 1220 3678 accipiet
1271 3624 1475 3682 ramum
1512 3609 1685 3664 istum.
1744 3607 1948 3682 Nempe
2052 3607 2605 3682 conjecturmduplex
2637 3610 2724 3665 hic
2753 3610 2903 3664 locus
2928 3627 2942 3673 ;
2972 3607 3205 3682 quorum
3238 3612 3289 3666 in
3321 3613 3506 3681 priori,
3536 3614 3664 3671 Per-

339 3683 429 3740 hic
464 3700 571 3738 non
601 3683 777 3738 solum
829 3682 1278 3757 gynmasiarcltm,
1312 3690 1370 3736 ut
1398 3680 1599 3757 dictum
1626 3691 1739 3745 est;
1770 3680 1864 3736 sed
1894 3690 1951 3737 et
2052 3690 2212 3757 petua
2241 3681 2433 3757 victrix
2468 3681 2705 3757 pugilatu
2729 3723 2743 3748 ,
2791 3680 3050 3757 snperato
3090 3684 3142 3737 in
3191 3680 3355 3739 arena
3402 3683 3661 3757 :Egyptio

340 3761 612 3839 ppaeeurg‘q
662 3750 1000 3839 preemia'toris
1042 3768 1327 3839 personam
1371 3753 1610 3839 gerebat.
1658 3756 1939 3839 pressura},

2061 3752 2386 3839 adversario,
2420 3754 2585 3836 etepit
2613 3754 2713 3820 ire,
2745 3763 2803 3808 ut
2836 3750 3075 3839 ipsam“,
3105 3770 3226 3836 eum
3251 3750 3660 3839 gloriaadjpor-

344 3824 515 3897 inquit
547 3824 973 3898 Etymologicus,
1005 3836 1170 3897 κυρίως
1200 3833 1436 3893 λέγονται.
1467 3833 1513 3879 ot
1538 3833 1629 3881 ritu
1653 3828 1824 3894 ῥάϐδον
1851 3829 1950 3879 οἱπό
2052 3832 2161 3877 tam
2189 3824 2616 3898 Sanavivariam,
2642 3840 2791 3879 more
2809 3824 3058 3881 videlicet
3081 3826 3408 3881 vincentium
3433 3828 3483 3881 in
3511 3824 3661 3887 hisce

347 3896 550 3969 parum;
578 3896 760 3971 ᾕῖτιχος
783 3904 928 3971 an.»
948 3900 1155 3971 διδόντες
1174 3901 1391 3967 σύμϐολα
1408 3913 1493 3959 τῆς
1519 3905 1668 3971 illum,
1690 3899 1946 3971 ῥαϐδευσειξ

2061 3896 2479 3971 certaminibus,
2525 3901 2616 3966 qui
2658 3910 2779 3964 post
2814 3898 3240 3971 victoriam77per
3284 3912 3660 3971 portamqua

353 3966 467 4034 em.
492 3978 644 4034 ὂντις.
670 3968 958 4042 Brabeutat,
980 3970 1084 4042 sive
1120 3971 1485 4037 prwnaiatores,
1517 3968 1777 4042 dicuntur,
1804 3969 1951 4042 quasi
2051 3966 2284 4042 duci-bat
2308 3967 2375 4020 ad
2403 3969 2573 4042 lorum
2598 4008 2616 4036 ,
2646 3968 2990 4042 cumplausn
3021 3967 3260 4022 exibant.
3288 3966 3460 4024 'Aller
3504 3970 3532 4042 δ
3555 3966 3656 4029 xx.

351 4043 692 4107 rhabdeustat,
724 4041 821 4094 hoc
845 4050 955 4104 est,
984 4041 1243 4111 virgarum
1271 4050 1360 4094 aut
1391 4039 1716 4095 surculorum
1742 4040 1951 4111 largito-
2055 4037 2254 4111 habet,
2305 4039 2559 4111 p0pululn
2610 4038 2979 4111 misericordia
3020 4050 3224 4111 motum
3268 4055 3393 4108 erga
3439 4037 3658 4101 sanctas

347 4130 426 4169 res
446 4130 467 4169 :
494 4115 553 4168 Ιιὶ
580 4114 715 4168 enim
748 4111 933 4180 palma:
966 4111 1042 4165 vel
1065 4109 1260 4165 similis
1295 4112 1494 4166 arboris
1528 4126 1697 4165 ramos
1723 4109 1912 4165 dabant
1932 4152 1948 4178 ,
2054 4110 2375 4178 Perpetuam
2409 4120 2466 4165 et
2490 4109 2827 4165 Felicitatem
2855 4110 2967 4179 jam
2994 4126 3023 4164 a
3056 4110 3187 4167 feris
3226 4114 3367 4167 male
3409 4125 3652 4180 vexatas,

349 4186 575 4257 insignia
598 4184 844 4257 uictoria.
889 4181 1058 4237 Porro
1084 4182 1327 4257 ejusdem
1359 4181 1746 4257 emtindicere
1773 4196 1950 4257 certa-
2053 4196 2338 4257 revocasse
2363 4181 2482 4237 illas
2502 4182 2568 4257 ad
2597 4191 2803 4257 portatu
2824 4180 3389 4257 Sanavivariam,_quo
3410 4186 3661 4245 videlicet

355 4252 483 4311 meo
503 4298 519 4322 ,
541 4257 682 4327 quod
712 4255 800 4309 hic
829 4263 1012 4309 noster
1034 4254 1191 4327 paulo
1220 4256 1370 4326 prius
1400 4252 1558 4327 fecit,
1589 4255 1950 4327 et_pra:mium
2054 4253 2393 4327 gladiatores
2411 4262 2503 4308 aut
2524 4252 2768 4327 bestiarii
2793 4295 2808 4318 ,
2858 4254 3051 4327 quibus
3096 4252 3348 4327 parci-bat
3389 4259 3615 4326 populus
3640 4301 3658 4327 ,

359 4325 886 4401 lictori'porrigere,
934 4326 1262 4401 quodnunc
1299 4325 1852 4401 promittit.__'l7‘erlull.
1883 4326 1952 4401 de
2054 4325 2811 4401 ejusl‘aventiacclamatione
2832 4326 3092 4381 admoniti
3119 4325 3662 4401 reccdebant,utpe-'-

358 4397 505 4470 Fuga
534 4396 598 4454 in'
616 4396 1021 4470 persecutione;
1062 4396 1106 4451 Α
1129 4415 1229 4469 quo
1254 4396 1767 4470 certantengedicitur,
1796 4399 1895 4453 nisi
1920 4415 1953 4451 a
2055 4396 2228 4470 riculo
2254 4412 2314 4453 se
2336 4396 2722 4454 Subducerent.
2754 4399 2965 4453 Possm.

423 4467 466 4527 ὁ
485 4467 673 4526 corona
699 4481 745 4524 et
773 4471 1040 4563 enormem
1070 4467 1462 4563 proponuntur?
1501 4468 1572 4523 Et
1597 4471 1767 4563 paulo
1796 4477 1947 4563 post:
1974 4502 2030 4563 Β
2064 4541 2096 4563 ο
2132 4467 2303 4563 Usque
2366 4470 2438 4563 in‘
2493 4470 2694 4563 pridien
2734 4472 2978 4563 muneris.
3010 4469 3130 4563 7lta_
3165 4468 3528 4563 Tertullianes
3587 4476 3659 4529 ad

354 4488 456 4600 quo
485 4488 673 4526 corona
699 4488 745 4524 et
773 4488 1040 4539 praemium
1070 4488 1462 4541 proponuntur:
1501 4488 1572 4523 bl
1608 4488 1767 4539 pauto
1796 4488 1947 4539 posn
1974 4502 2030 4563 Β
2132 4488 2303 4538 usque
2366 4488 2423 4524 in
2493 4488 2659 4540 priate
2734 4488 2978 4525 muneris.
3031 4488 3104 4526 ua
3168 4488 3528 4525 senuntanus
3587 4488 3658 4529 att

390 4554 442 4598 ta
468 4559 714 4615 agnosces
742 4541 810 4595 ad
833 4541 1063 4615 eumdem
1082 4542 1461 4615 Agonothetant
1501 4542 1751 4615 pertinere
1782 4552 1948 4596 certa-
2056 4540 2344 4612 Scapulam
2383 4557 2502 4611 cap.
2544 4543 2576 4597 7
2598 4559 2615 4615 _:
2649 4543 2752 4611 Qui
2776 4560 2866 4615 per
2893 4540 3080 4597 Genios
3103 4557 3278 4615 eorum
3302 4558 3361 4615 m_
3370 4544 3547 4615 pridie
3575 4561 3664 4599 us-

356 4611 522 4688 minis
541 4613 844 4679 arbitrium,
875 4613 962 4684 qui
987 4614 1164 4688 inuitat
1190 4613 1573 4688 adprtemium.
1606 4613 1804 4688 liorsr.
1880 4685 1927 4688 __
2053 4611 2174 4686 que
2196 4616 2515 4684 iuraverant.
2583 4611 2785 4671 Cicero
2828 4632 2985 4688 usque
3017 4616 3086 4671 ad
3130 4613 3314 4688 pridie
3335 4611 3460 4669 Kal.
3503 4616 3660 4672 dixit.

427 4687 601 4742 lunai
664 4701 866 4752 manus,
926 4693 980 4737 ut
1025 4684 1210 4755 digitos
1262 4686 1316 4739 in
1360 4686 1547 4753 digitos
1576 4685 1843 4739 mitterem.
1875 4685 1952 4742 Si-
2066 4684 2074 4686 ἡ
2900 4684 2910 4688 ⁷
3133 4684 3137 4685 “
3273 4684 3474 4740 Ηοιετ.

357 4760 580 4832 gniﬁcat
604 4756 951 4841 Perpetuam
977 4755 1032 4841 in
1061 4756 1558 4841 altum7sublatam,
1582 4765 1637 4810 ut
1657 4766 1952 4841 certantem
2097 4756 2321 4841 7lpsius7
2349 4760 2573 4841 muneris
2616 4768 2803 4814 actum.
2826 4760 2997 4841 __lnl'ra
3032 4803 3047 4827 ,
3103 4758 3333 4841 ordinem
3379 4760 3606 4841 muneris
3637 4801 3654 4826 ,

356 4828 547 4888 Secum
594 4828 827 4901 pugilem
874 4829 937 4901 in
975 4840 1171 4901 terram
1215 4828 1503 4898 dejiceret,
1548 4829 1956 4901 compectinatis
2058 4837 2115 4887 et
2140 4831 2548 4885 commissiouem
2581 4832 2886 4900 spectaculi,
2920 4841 3094 4887 vocat.
3138 4832 3405 4886 Cic-ternm
3449 4831 3515 4886 ad
3540 4831 3659 4887 haec

359 4898 645 4973 utriusque
670 4898 861 4957 manus
889 4898 1099 4972 digitis,
1129 4900 1246 4971 ejus
1276 4901 1530 4973 verticem
1555 4901 1815 4956 ambabus
1844 4900 1957 4971 pal-
2058 4902 2224 4956 verba
2253 4902 2311 4956 S.
2339 4898 2623 4972 Perpetuus
2648 4904 2882 4973 reSpexit
2908 4903 3147 4972 quisquis
3186 4904 3253 4956 sit
3287 4901 3482 4958 horum
3510 4911 3662 4958 acto-

360 4974 465 5031 mis
494 4971 746 5046 injunem
764 4971 1181 5046 junctismagno
1206 4974 1404 5046 impetu
1426 4972 1787 5046 depressisse:
1813 4973 1956 5029 unde
2062 4987 2180 5046 rum
2226 4971 2597 5046 auctor,’cum
2626 4988 2687 5029 se
2717 4971 2842 5027 lidei
2882 4971 3227 5028 eummissum
3271 4974 3390 5044 ejus
3436 4974 3660 5046 exsequi

363 5044 599 5128 contigit
623 5044 936 5128 Egyptium
959 5045 1018 5128 7in
1046 5041 1234 5128 faciem
1263 5041 1476 5128 cadere.
1510 5043 1732 5127 Possnv.7
1832 5115 1846 5128 _
2060 5041 2214 5128 dixit:
2235 5042 2436 5128 βω.ξὲ

438 5114 781 5172 Ειάεεεηῖ
822 5117 890 5169 ad
951 5116 1210 5171 lanistam.
1266 5116 1435 5184 Quem
1492 5115 1958 5188 gytnnasiarcham
2135 5114 2293 5188 CAP.
2360 5114 2450 5171 1V.
2501 5146 2575 5158 —-
2644 5115 2683 5170 Ι.
2748 5114 3001 5187 ϐωρὶηηιε
3072 5116 3196 5188 ferri
3232 5132 3265 5169 a
3305 5129 3524 5185 quatuor
3553 5119 3661 5176 An-

368 5196 551 5261 potius
582 5198 636 5243 et
677 5188 992 5269 brabeutcm
1020 5187 1263 5269 superius
1282 5187 1553 5269 diximus,
1574 5187 1845 5269 _lanistam
1872 5204 1963 5243 νο-
2065 5187 2213 5269 gelis,
2242 5202 2455 5257 quorum
2481 5204 2662 5269 manus
2698 5202 2790 5241 nos
2811 5203 2938 5269 “non
2971 5187 3280 5269 {angebant
3298 5188 3520 5269 Videtur
3560 5208 3658 5248 cx-

369 5256 452 5319 cal
478 5303 493 5325 ,
527 5275 637 5316 non
663 5263 780 5316 sine
805 5256 1099 5316 catachresi
1128 5259 1264 5331 forte
1289 5259 1539 5331 quadam.
1574 5258 1770 5315 liousr.
2065 5256 2337 5331 primere,
2370 5260 2510 5331 quod
2560 5259 2756 5331 dicitur
2810 5256 3016 5331 Daniel.
3065 5256 3174 5327 xw,
3225 5260 3316 5315 55.
3350 5259 3429 5331 7ln
3468 5263 3663 5325 impetu

441 5275 493 5325 I,
527 5275 637 5316 non
663 5276 780 5316 snte
805 5275 1099 5316 catacnreSI
1128 5275 1264 5314 torte
1329 5275 1539 5314 uanam.
1575 5275 1770 5315 uousr.
2069 5275 2337 5331 pruuere,
2370 5275 2510 5329 quoa
2560 5275 2756 5314 UICIlur
2810 5275 3016 5313 uantet.
3065 5275 3174 5327 xw,
3225 5275 3316 5315 oo.
3363 5275 3429 5314 In
3468 5275 3661 5325 impetu

441 5332 527 5387 Ad
580 5341 781 5409 portam
836 5330 1246 5409 Sattavivariam.
1289 5275 1411 5386 (lies
1441 5332 1645 5409 exigit:
1672 5339 1731 5385 ut
1770 5331 1967 5409 reseri-
2069 5333 2283 5401 spiritus
2312 5329 2524 5409 ἐπίχει
2566 5329 2634 5409 de
2684 5328 3012 5409 l§_zechielc,_
3049 5331 3165 5409 ejus
3209 5329 3661 5409 propltetizecap.

374 5403 572 5460 batur:
602 5404 683 5458 Ad
705 5413 905 5473 portam
924 5402 1333 5474 Sanauivariam.
1361 5412 1417 5456 ut
1440 5401 1576 5457 infra
1607 5402 1635 5474 §
1675 5418 1769 5469 xx,
1796 5419 1847 5457 v.
1870 5403 1963 5459 Ἣ».
2072 5419 2164 5460 vm
2183 5444 2199 5470 ,
2231 5417 2284 5457 v.
2314 5403 2371 5459 5.
2402 5401 2754 5474 Apprehendit
2777 5417 2855 5455 me
2882 5403 2937 5455 in
2965 5402 3198 5455 cinciuno
3227 5404 3412 5474 capitis
3436 5405 3554 5458 mei.

375 5476 652 5532 Revocatte
675 5483 791 5532 sunt
820 5476 873 5528 in
899 5483 1098 5545 portam
1128 5473 1538 5529 Sanavivariam.
1581 5473 1684 5531 Ubi
1729 5473 1868 5530 forte
1898 5491 1966 5531 es
2346 5544 2351 5545 7
2425 5503 2433 5512 ο
2488 5473 2493 5474 “
2594 5544 2611 5545 7
2961 5543 2985 5545 _7
3150 5543 3157 5545 7
3190 5543 3195 5545 7
3253 5473 3463 5530 Possm.

377 5548 548 5620 priori
578 5547 698 5604 loco
729 5543 1098 5620 reponendum
1125 5546 1197 5620 sit
1223 5546 1580 5620 Sanavivaria.
1613 5545 1695 5601 Ex
1725 5546 1810 5620 his
1835 5562 1970 5620 con-
2146 5545 2239 5620 Et
2294 5544 2515 5601 liberati.
2589 5544 2793 5615 chere
2869 5543 3082 5620 mallem
3141 5543 3372 5610 liberati,
3398 5556 3489 5620 _ut7
3548 5562 3675 5603 sen-

381 5616 494 5673 stat
520 5617 687 5675 fuisse
717 5631 924 5687 portam
956 5618 1010 5672 in
1058 5616 1485 5689 amphitheatro,
1514 5633 1666 5687 qum,
1697 5619 1889 5673 saltem
1921 5619 1978 5673 in
2078 5633 2173 5675 sus
2202 5619 2307 5685 sit,
2356 5627 2763 5689 eospostquam
2792 5631 2825 5672 e
2871 5616 3099 5689 caligine
3148 5628 3215 5689 et
3243 5617 3495 5673 crassiori
3548 5634 3677 5676 aere

383 5689 587 5751 Africa,
615 5690 818 5760 vulgari
833 5689 996 5761 verbo
1022 5697 1306 5761 vocaretur
1334 5688 1688 5745 Sanavivaria.
1720 5691 1980 5757 Quasnam
2082 5692 2313 5761 sphmra:
2362 5688 2670 5761 sublunaris
2708 5687 3089 5756 emersissent,
3132 5687 3332 5745 vidisse
3374 5691 3546 5745 lucem
3578 5692 3684 5747 im-
3784 5726 3797 5733 -

390 5769 573 5817 autem
593 5758 914 5827 haec'luerit,
944 5758 1326 5832 inquirendum
1342 5771 1444 5817 est.
1471 5761 1637 5818 Docet
1655 5761 1869 5832 Lipsius
1890 5762 1984 5816 lib.
2090 5758 2336 5819 mensam
2358 5801 2372 5828 ,
2396 5772 2504 5816 etc.
2546 5760 2756 5817 Possm.

391 5833 457 5887 de
478 5833 886 5904 Amphitheatro,
913 5830 1034 5900 cap.
1052 5830 1143 5899 21,
1169 5843 1365 5902 praeter
1387 5835 1622 5904 portulas
1644 5830 1848 5904 varias,
1876 5833 1991 5890 sive
2171 5832 2295 5889 Tale
2359 5834 2455 5908 fuit
2519 5834 2665 5907 quasi
2709 5831 3029 5887 viridarium.
3080 5831 3156 5886 De
3198 5832 3297 5887 hoc
3324 5831 3577 5891 viridario
3615 5834 3700 5894 [ας

636 5927 915 5994 Panos.
953 5924 1067 5989 Ill.
3088 5924 3148 5988 2.
