3982 6310
378 138 458 229 si
1583 153 1826 216 PASSIO
1859 152 1960 214 ss.
1996 114 2390 212 usnrvauu
3629 147 3709 213 δε

391 302 570 350 taru-
620 283 811 347 σενα-1
848 301 867 341 :
912 298 1177 359 generosa
1232 281 1324 342 illa
1353 281 1408 341 in
1447 282 1612 341 tinem
1658 292 1833 353 usque
1861 291 1993 334 con-
2017 280 2071 341 Α
2096 273 2199 330 hoc
2242 271 2474 345 populos
2525 274 2875 341 exasperatus
2904 312 2922 340 ,
2973 266 3200 344 ﬂageliis
3245 282 3342 329 eos
3373 270 3564 330 vexari
3603 289 3709 347 pro

394 384 595 444 stantia
645 380 983 453 repugnavit.
1020 378 1246 436 Dicebat
1300 376 1443 434 enim
1484 396 1500 431 ι
1534 394 1557 429 ι
1593 374 1721 431 Ideo
1770 373 1838 428 ad
1890 370 1994 426 hoc
2095 369 2289 425 ordine
2315 365 2678 424 1‘venatorum
2702 366 3012 437 postulavit.
3042 367 3110 422 Et
3143 367 3333 439 utique
3353 367 3428 423 illi
3450 369 3711 440 gratulati

2097 470 2246 531 sunt,
2292 460 2434 532 quod
2478 459 2681 533 aliquid
2727 468 2784 517 et
2828 458 2898 516 de
2943 469 2968 499 α
3030 459 3320 516 Dominicis
3368 462 3714 533 passionibus

2102 564 2288 612 essent
2311 554 2609 611 consecuti.

2174 650 2239 707 ll.
2271 649 2378 706 Sed
2403 649 2491 720 qui
2508 648 2713 705 dixerat
2742 646 2943 703 :Petite
2980 654 3025 702 et
3062 647 3324 720 accipietis
3368 648 3659 721 (Joan.xvt
3696 690 3715 721 ,

2098 745 2216 818 24),
2247 743 2551 817 petentibus
2604 742 2753 799 dedit
2775 758 2899 798 eum
2927 745 3129 797 exitum
3153 757 3313 814 quem
3363 744 3594 815 quisque
3616 743 3721 799 de-

2099 840 2450 895 sideraverat.
2478 836 2614 894 Nam
2633 880 2648 905 ,
2679 837 2724 893 si
2746 837 2962 909 quando
2988 837 3127 892 inter
3155 852 3215 893 se
3233 838 3303 894 de
3332 838 3579 912 martyrii
3628 838 3718 894 sui

2104 944 2230 992 voto
2258 934 2782 1000 sermocinabuntur,
2812 931 3138 990 Saturninus
3192 934 3412 1005 quidem
3459 934 3724 991 omnibus

2099 1031 2288 1088 bestiis
2316 1031 2456 1087 velle
2483 1045 2543 1086 se
2569 1029 2733 1100 obiici
2774 1028 3145 1100 profitebatur,
3198 1037 3262 1085 ut
3291 1029 3499 1086 scilicet
3516 1029 3725 1101 glorio-

2098 1128 2299 1184 siorcm
2347 1133 2586 1198 gestaret
2642 1138 2919 1180 coronam.
2976 1121 3161 1195 Itaque
3214 1124 3269 1180 in
3339 1124 3728 1181 commissione

400 1230 632 1288 nerunt,
680 1228 835 1293 gestu
881 1228 938 1276 et
983 1230 1115 1275 nutu
1161 1226 1447 1288 creperum
1476 1216 1748 1273 Hilariano
1774 1217 1992 1274 dicere:
2099 1221 2415 1293 spectaculi,
2446 1222 2563 1291 ipse
2607 1227 2663 1275 et
2699 1216 2729 1257 ἀ
2778 1219 3417 1291 Revocatusleopardum
3462 1219 3726 1291 experti,

408 1333 433 1371 ι
468 1314 551 1372 Tu
580 1328 682 1369 nos
712 1354 728 1381 ,
757 1311 1040 1384 inquiunt,
1085 1320 1137 1368 te
1165 1319 1344 1367 autem
1376 1308 1521 1368 Deus
1544 1309 1822 1381 iudicabit.
1861 1328 1882 1362 ι
1913 1310 1995 1365 Ad
2099 1313 2261 1370 etiam
2322 1329 2486 1383 super
2543 1312 2808 1385 pulpitum
2860 1312 2931 1368 ab
2981 1325 3107 1370 urso
3170 1313 3350 1369 vexati
3377 1320 3525 1369 sunt.
3568 1312 3734 1370 Satuo

1641 1403 2026 1462 LECTIONES
2062 1405 2480 1466 VARIANTES.
3402 1404 3427 1439 ⁸

469 1508 497 1540 ⁸
528 1504 618 1577 _Sic
648 1517 714 1558 ea:
745 1504 856 1556 rod.
895 1500 1074 1578 Salisb.
1124 1502 1442 1579 restituinnts,
1461 1503 1590 1571 quod
1630 1515 1694 1558 ea:
1734 1502 2012 1570 conjectura
2181 1511 2205 1541 ο
2245 1506 2478 1561 Dominus
2516 1509 2693 1574 quippe
2731 1503 3162 1620 (lagele
3185 1517 3342 1557 ctesus
3358 1503 3463 1577 fuit.
3718 1565 3733 1578 υ

469 1569 742 1620 rimabatur
767 1567 1063 1619 Holstentus.
1100 1565 1230 1620 Olim
1252 1568 1572 1619 Adduxtmus.
2178 1571 2209 1613 tt
2233 1574 2374 1620 Hunc
2409 1570 2776 1620 tocwneareate
2809 1582 2876 1620 ex
2994 1566 3278 1620 .Comnend.
3305 1566 3621 1620 restituitur“.
3644 1579 3731 1620 aut

402 1569 742 1707 “inﬂigit;
767 1567 1063 1707 ggtiﬁfbﬁgss.
1075 1566 1740 1707 ﬁglinum;
1755 1626 1975 1707 dispositi
1995 1644 2012 1683 :

2178 1571 2209 1613 (ι
2232 1574 2374 1623 Hunc
2409 1566 2567 1623 locum
2581 1566 2776 1637 egregie
2799 1566 2876 1622 ξω
2895 1566 3278 1625 cod.Compend.
3305 1566 3621 1629 restindmus,
3644 1566 3733 1634 qui

2138 1634 2247 1707 dies
2264 1634 2655 1707 mendosissimus
2678 1640 2803 1707 erat,
2821 1639 2891 1707 .ut.
2918 1629 3184 1707 conferenti
3211 1630 3416 1707 patebit.
3441 1628 3531 1684 Nil
3551 1631 3736 1696 quippe

407 1691 923 1811 ggemsmdamnati
965 1690 1176 1747 transire
1199 1690 1374 1757 coacti,
1405 1690 1446 1746 ἀ
1487 1690 1692 1761 singulis
1714 1690 2017 1748 transeuntes

2138 1698 2186 1749 le
2210 1697 2469 1750 Saturnini
2498 1697 2719 1761 passione
2751 1690 3032 1756 habebatur,
3058 1690 3313 1746 omissiOne
3339 1692 3516 1747 harum
3540 1690 3736 1756 mea,

2138 1775 2235 1826 ipse
2261 1768 2334 1825 et,
2358 1767 2403 1814 et
2425 1758 2619 1814 steteris
2640 1756 2692 1812 in
2711 1758 2958 1827 singulari
2976 1769 3180 1811 numero
3201 1755 3365 1809 dictis.

1789 1845 2351 1907 COMMENTARIUS.

395 487 590 551 sponte
641 477 1034 547 pervenimus;
1089 487 1158 528 ne
1206 470 1427 527 libertas
1505 475 1690 524 nostra
1755 463 1993 521 obduce-

396 580 571 629 retur.
628 566 760 624 Ideo
835 566 1044 622 animas
1109 573 1322 619 nostras
1389 560 1694 617 addiximus
1774 568 1801 598 ι
1833 601 1850 627 ,
1927 574 1997 615 ne

398 664 509 719 tale
532 660 731 731 aliquid
760 660 1092 715 faceremus:
1126 656 1229 713 hoc
1253 655 1530 712 vobiscum
1560 656 1698 726 pacti
1728 668 1933 709 sumus.
1969 672 1989 707 ι

333 772 343 788 ·
393 755 632 828 Agnovit
676 753 934 823 iniustitia
960 750 1219 822 justitiam
1268 749 1579 806 :concessit
1611 748 1857 804 tribunus
1882 791 1897 816 ,
1938 757 1997 804 ut

393 847 665 922 quomodo
696 855 885 915 erant,
930 844 1246 915 simpliciter
1284 842 1686 900 inducerentur.
1732 842 1997 913 Perpetua

394 940 695 1012 psallebat,
736 945 898 1009 caput
939 935 1048 1006 jam
1087 933 1326 1007 Egyptii
1366 938 1605 990 calcans.
1654 934 1995 1000 Revocatus,

399 1041 457 1089 et
494 1029 816 1088 Saturninus
838 1069 855 1096 ,
902 1034 960 1084 et
988 1025 1217 1083 Saturus
1246 1026 1443 1097 populo
1467 1026 1734 1096 spectanti
1767 1026 1997 1081 commi-

401 1128 671 1198 nabantur
694 1124 763 1181 de
788 1124 912 1180 hoc.
941 1122 1013 1181 Ut
1048 1122 1150 1179 sub
1178 1130 1472 1192 conspectu
1512 1121 1773 1176 Hilariani
1809 1135 1999 1191 perve-

407 1761 747 1811 cedebantur.

408 1964 484 2021 ita
514 1961 738 2019 feminas
762 1960 937 2034 eidem
964 1975 1139 2034 pana}
1166 1959 1460 2034 destinatas
1500 1960 1629 2034 vitta
1671 1959 2018 2034 redintibant.

413 2036 550 2092 Nam
581 2036 711 2089 vitta
751 2032 1030 2090 redituitas
1056 2032 1223 2089 fuisse
1246 2033 1461 2089 Cereris
1488 2032 1786 2089 ﬂaminicas
1805 2075 1822 2099 ,
1858 2035 2018 2090 modo

414 2124 487 2163 ex
511 2107 845 2162 Tertulliatto
866 2106 1163 2161 audivimus
1186 2147 1201 2172 ,
1230 2105 1477 2175 idemque
1497 2105 1781 2160 conﬁrmat
1804 2105 1865 2159 de
1891 2104 2019 2161 Pal-

416 2179 509 2244 lio,
550 2194 670 2248 cap.
691 2179 726 2232 4
751 2194 764 2231 :
798 2176 901 2234 Cur
937 2178 1060 2233 istos
1089 2194 1191 2231 non
1217 2187 1415 2247 spectas
1446 2177 1672 2242 habitus,
1701 2179 1787 2246 qui
1814 2179 2026 2232 novitati

414 2266 524 2307 sua:
558 2260 693 2304 stare
718 2251 1014 2321 religionem
1040 2250 1395 2303 mentiuntur?
1415 2265 1530 2303 cum
1557 2250 1618 2303 ob
1638 2250 1829 2303 cultum
1852 2255 2025 2303 omnia

414 2322 776 2393 candidatum,
809 2333 857 2375 et
897 2321 957 2375 ob
983 2333 1155 2376 notam
1192 2323 1368 2389 vitae,
1410 2332 1456 2374 et
1503 2321 1824 2392 privilegium
1864 2321 2027 2393 galeri

416 2392 589 2449 Cereri
613 2394 896 2448 initiantur.
929 2394 1061 2461 Quae
1091 2402 1269 2448 autem
1298 2393 1613 2446 sicinitiatae
1637 2392 2026 2458 erant,sacra-

415 2475 488 2520 tie
516 2465 698 2520 Cereri
714 2467 1065 2520 vocabantur.
1096 2464 1283 2520 Talem
1331 2464 1548 2520 Fabiatn
1579 2466 1837 2519 Aconiaut
1870 2464 2027 2520 Paul-

414 2535 583 2592 linam
621 2546 884 2591 sacratam
941 2536 1123 2593 Cereri
1163 2546 1219 2590 ct
1251 2534 1441 2602 Curta,
1482 2536 1700 2604 antiqua
1744 2536 2026 2605 inscriptio

419 2607 561 2679 apud
590 2606 906 2674 Craterum,
936 2624 1053 2679 pag.
1088 2623 1242 2663 eccm
1263 2651 1276 2673 ,
1304 2606 1340 2661 2
1358 2618 1411 2662 et
1433 2609 1490 2674 5,
1518 2608 1754 2663 exhibet.
1805 2607 2001 2665 llatsr.

491 2677 746 2751 Generosa
810 2680 902 2735 illa
939 2677 1007 2733 'in
1037 2680 1193 2751 ﬁnem
1240 2696 1396 2750 usque
1456 2681 1746 2734 constantia
1768 2697 2028 2751 repugna-

416 2751 511 2805 vit.
536 2749 921 2819 Tcrtullianus,
947 2750 1040 2806 lib.
1066 2751 1128 2805 de
1157 2749 1483 2821 idololatria,
1502 2768 1618 2821 (mp.
1644 2751 1729 2817 18,
1760 2749 2029 2807 10101⁵οω-

419 2832 537 2895 t_era
560 2821 875 2877 idololatriae
906 2838 1104 2893 genera
1127 2867 1142 2892 ,
1174 2821 1387 2878 habitus
1425 2840 1641 2895 quoque
1680 2825 2023 2895 inquinatos,

421 2892 570 2967 ﬁdeli
597 2892 927 2967 recusandos
955 2896 1114 2952 docet
1165 2915 1176 2948 :
1223 2896 1421 2967 quippe
1457 2897 1546 2967 qui
1599 2892 1916 2951 idololatriae
1958 2898 2027 2951 ab

420 2966 577 3022 initio
597 2966 758 3021 dicati
784 3011 796 3027 ,
824 2968 1026 3023 habent
1054 2966 1439 3038 profanationis
1465 2966 1576 3023 suac
1605 2968 1894 3026 maculam.
1927 2966 2030 3023 Ne—

420 3054 541 3104 mo,
574 3040 684 3106 ait,
716 3041 772 3094 in
812 3040 1089 3095 immundis
1126 3042 1345 3095 mundus
1382 3041 1535 3094 uideri
1576 3049 1768 3110 potest;
1805 3043 2030 3095 tunicam

419 3111 468 3184 si
494 3111 680 3165 induas
718 3112 1032 3179 inquinatam
1064 3131 1154 3184 per
1181 3129 1269 3184 se,
1312 3112 1491 3184 poterit
1538 3113 1756 3184 forsitan
1797 3114 1889 3166 illa
1927 3129 2030 3167 non

418 3181 682 3249 inquinari
708 3155 798 3255 per:
816 3195 893 3250 te,
920 3187 1010 3256 sed
1037 3155 1095 3241 lii
1112 3202 1201 3256 per
1222 3155 1363 3239 illaiit
1386 3155 1605 3238 muttd'us
1634 3201 1741 3239 esse
1761 3201 1862 3238 non
1882 3197 2027 3255 pote-

424 3256 517 3309 ris.
552 3255 715 3313 Addit
740 3272 859 3311 tuos
890 3275 903 3310 :
936 3255 1016 3311 Tu
1055 3260 1097 3312 si
1127 3257 1316 3312 diaboli
1347 3273 1587 3326 pompam
1615 3256 1818 3325 ejerasti
1836 3298 1852 3321 ,
1880 3256 2031 3326 quid-

428 3329 561 3402 quid,
583 3346 646 3383 ea;
669 3345 731 3402 ea
770 3330 1029 3402 attigeris,
1071 3332 1124 3384 id
1150 3330 1286 3383 scias
1328 3346 1432 3383 esse
1456 3329 1823 3402 idololatriam.
1856 3328 1982 3402 ltetn
2013 3349 2026 3383 :

429 3395 626 3455 Nullus
656 3395 1065 3457 Itabitus'licitus
1092 3412 1161 3456 est
1201 3402 1343 3470 apud
1388 3418 1511 3465 nos,
1550 3399 1728 3455 illicito
1758 3401 1893 3454 actui
1928 3402 2028 3453 ad-

425 3473 671 3545 scriptas.
719 3472 1017 3545 Cyprianus
1062 3475 1375 3543 magistrum
1420 3473 1688 3545 expressit
1729 3472 1919 3545 Serm.
1969 3473 2033 3526 de

426 3540 649 3614 Lapsis,
697 3540 925 3601 sititiletn
984 3540 1338 3600 constantiam
1386 3540 1665 3614 gratulans
1712 3543 2035 3598 confessori-

423 3612 567 3683 bus,
609 3618 698 3685 qui
753 3628 928 3673 restes
978 3617 1184 3672 similes
1237 3612 1640 3672 recusaverant.
1699 3616 1825 3684 Ejus
1869 3616 2033 3670 verba

426 3699 549 3758 sunt
585 3706 597 3740 :
629 3690 703 3741 Ab
730 3690 888 3757 impio
926 3690 1268 3758 scelerataque
1294 3688 1569 3752 velamine,
1616 3704 1715 3756 quo
1758 3687 1863 3742 illic
1891 3687 2030 3739 vela-

422 3755 1026 3828 bantursacri/icantiunt
1047 3755 1214 3831 capita
1234 3761 1466 3831 captiva,
1490 3755 1645 3830 caput
1671 3769 1891 3831 vestrum
1911 3758 2035 3812 libe-

423 3846 542 3885 rum
572 3834 846 3898 permansit
872 3852 889 3897 ;
915 3835 1057 3904 frons
1081 3830 1192 3885 cum
1221 3830 1315 3904 Dei
1340 3834 1484 3902 signo
1506 3848 1656 3904 pura,
1680 3830 1870 3904 diaboli
1882 3845 2035 3904 coro—

423 3916 544 3976 nam
563 3906 695 3973 ferre
720 3922 820 3958 non
843 3900 1045 3972 pulerit.
1072 3904 1194 3959 llaec
1213 3900 1532 3976 Cyprianus.
1554 3902 1819 3976 Caeterum
1841 3900 1923 3956 his
1946 3916 2035 3957 ve-

426 3973 598 4046 stibus
628 3975 860 4033 bestiarii
892 3973 1336 4037 ornabanturfut
1365 3977 1545 4046 specie
1575 3974 1731 4030 ludos
1758 3984 2031 4038 ornarent,

428 4044 483 4117 in
512 4060 759 4115 pompam
795 4049 1078 4117 producti,
1110 4044 1409 4117 antequam
1431 4048 1614 4102 bestiis
1644 4047 2032 4117 obiicerentur.

428 4114 811 4182 Quintilianus.
854 4114 1144 4175 Declaniat.
1193 4120 1226 4175 9
1249 4114 1408 4176 {lam
1429 4129 1678 4175 ostentata
1711 4114 1799 4187 per
1827 4134 2034 4174 arenam

425 4190 773 4260 periturorum
791 4208 1007 4263 corpora
1024 4193 1201 4247 mortis
1227 4208 1335 4247 sua:
1361 4208 1603 4263 pompam
1622 4190 1896 4247 duxerant.

1723 4265 1919 4320 llocs'r.

500 4337 584 4390 Ad
620 4336 714 4409 hoc
777 4347 959 4409 sponte
994 4408 999 4409 ί
1038 4338 1378 4409 pervenimus.
1441 4336 1514 4393 Its
1568 4336 1816 4409 ATertull.
1880 4338 2033 4407 Apol.

431 4423 534 4480 cap
575 4408 665 4465 49.
711 4407 940 4482 gentiles
980 4407 1178 4466 frustra
1204 4408 1526 4482 Christianis
1563 4407 1886 4482 insultantes
1916 4409 2038 4463 red-

434 4483 614 4552 arguit
645 4500 657 4536 :
692 4480 853 4550 Quasi
880 4498 984 4536 non
1011 4492 1192 4544 totum,
1239 4481 1434 4552 inquit,
1485 4480 1622 4549 quod
1659 4483 1714 4534 in
1746 4497 1837 4535 nos
1874 4491 2042 4549 potes-

432 4550 536 4617 τίδ’,
563 4565 794 4608 nostrum
819 4556 886 4609 sit
928 4554 1211 4607 arbitrium.
1252 4550 1397 4608 Certe
1434 4553 1477 4607 si
1515 4553 1684 4620 velim,
1718 4552 2041 4608 Christianus

428 4640 565 4679 sum.
593 4625 740 4681 Tunc
765 4643 885 4697 ergo
915 4642 995 4679 me
1013 4624 1309 4687 damnabis,
1347 4626 1392 4679 si
1430 4624 1667 4678 damnari
1710 4625 1877 4680 velim.
1911 4624 2040 4678 Cum

426 4710 548 4769 vero
568 4699 703 4767 quod
726 4699 777 4753 in
802 4696 883 4754 me
913 4707 1051 4767 potes
1070 4739 1085 4762 ,
1112 4696 1213 4752 nisi
1237 4696 1383 4751 velim
1401 4736 1416 4762 ,
1440 4713 1544 4751 non
1575 4707 1712 4765 potes
1736 4716 1754 4759 ;
1773 4698 1889 4769 jam
1916 4713 2039 4751 meae

429 4766 708 4841 voluntatis
733 4780 806 4825 est
826 4813 840 4831 .
863 4769 1001 4841 quod
1028 4779 1169 4838 potes
1190 4810 1204 4832 ,
1237 4785 1337 4823 non
1360 4778 1461 4824 tua:
1489 4766 1917 4840 potestatisiMox
1940 4784 2036 4823 ex-

430 4839 595 4907 plicat
620 4856 725 4909 qua
756 4839 966 4897 ratidne
992 4841 1280 4896 Christiani
1324 4839 1610 4895 tormentis
1638 4850 1829 4909 Sponte
1869 4856 1928 4894 se
1958 4843 2037 4893 of.-

426 4909 625 4966 ferant.
659 4912 797 4984 Ergo
818 4955 832 4976 ,
876 4913 1113 4981 inquitis,
1150 4930 1241 4967 cur
1263 4913 1563 4982 querimini,
1606 4915 1744 4983 quod
1768 4928 1853 4966 vos
1895 4912 2033 4966 inse-

422 4998 664 5055 quantur,
694 4987 736 5037 si
760 4986 867 5055 pati
907 4985 1099 5041 vultis?
1151 4986 1303 5057 plane
1329 4985 1559 5057 volumus
1601 4986 1743 5051 pati;
1778 5001 1947 5039 verum
1974 5002 2033 5038 eo

422 5070 567 5108 more
594 5073 694 5121 quo
720 5068 766 5111 et
792 5056 978 5111 bellum
1023 5055 1171 5113 nemo
1216 5058 1419 5129 quidem
1451 5055 1607 5110 libens
1647 5059 1873 5123 patitur;
1915 5073 2031 5111 cum

420 5135 471 5181 et
497 5129 784 5200 trepidare,
828 5138 873 5183 et
912 5130 1189 5200 periclitari
1216 5132 1278 5183 sit
1308 5144 1538 5195 necesse,
1569 5140 1673 5183 etc.
1720 5129 1917 5184 llocs'r.

490 5197 724 5255 Libertas
778 5197 954 5255 nostra
1013 5202 1363 5257 abduceretur.
1432 5199 1710 5256 Obduccrc
1753 5241 1768 5267 ,
1837 5202 2027 5256 usitata

416 5268 690 5327 Africanis
730 5274 1002 5329 locutione
1027 5284 1111 5329 est
1141 5274 1436 5334 olluscnre,
1483 5275 1775 5328 υιιεςοιιιειινυ
1796 5316 1809 5338 ,
1847 5275 2026 5327 immi-

414 5357 626 5411 nuere,
668 5345 904 5409 violare,
950 5345 1168 5401 laedere.
1206 5346 1281 5399 lta
1331 5360 1478 5414 saepe
1517 5345 1915 5408 Tcrtullianus,
1967 5353 2028 5400 ut

412 5414 659 5487 Apolog.,
689 5431 806 5486 cap.
841 5416 931 5472 50.
968 5417 1073 5474 Sed
1103 5417 1402 5472 obducimur
1431 5432 1450 5471 :
1490 5425 1621 5470 certe
1644 5434 1758 5472 cum
1801 5418 2022 5470 obtinui-

412 5501 528 5539 mus
557 5502 576 5540 :
603 5505 722 5557 ergo
746 5492 989 5556 vivimus,
1016 5506 1131 5543 cum
1158 5490 1471 5554 occidimur;
1499 5489 1714 5559 denique
1737 5490 2018 5552 evadimus,

409 5572 525 5632 gmt
574 5560 899 5623 obducimur,
949 5572 1055 5617 etc.
1104 5561 1240 5618 Vide
1292 5562 1582 5632 Rigaltium
1639 5563 1690 5616 itt
1745 5562 2021 5617 Glassario

412 5626 749 5687 Tertulliani.
810 5632 1010 5689 HOLS'I'.
1362 5626 1387 5632 ⁷
1596 5672 1603 5677 ρ

484 5703 693 5776 Animas
791 5714 993 5761 nostras
1076 5704 1406 5763 adduximus.
1476 5705 1643 5762 Forte
1733 5705 2017 5776 legendum

402 5775 737 5850 addiximus,
793 5777 899 5835 hoc
964 5786 1087 5850 est,
1142 5780 1358 5849 capitali
1410 5778 1614 5851 judicio
1665 5775 2016 5851 subiecimus.

2125 1964 2304 2020 Valer.
2335 1972 2506 2032 max,
2536 1963 2629 2019 lib.
2654 1979 2762 2031 vn,
2793 1962 2997 2035 cap.6:
3020 1963 3355 2020 Addictorum
3377 1963 3533 2019 etiam
3560 1970 3610 2019 et
3645 1979 3746 2019 ca-

2126 2038 2275 2109 pitali
2303 2038 2515 2109 crimine
2540 2038 3047 2109 damnatorum._etc.
3076 2036 3280 2092 Similia
3311 2035 3511 2109 passim
3540 2050 3744 2092 occur-

2131 2106 2278 2164 runt.
2307 2110 2419 2165 Dixi
2454 2108 2624 2181 tl'orte
2645 2127 2664 2162 ι
2691 2110 2813 2181 quia
2846 2107 3062 2181 defendi
3092 2110 3221 2181 satis
3247 2106 3614 2181 verisitniliter
3643 2124 3745 2181 po-

2132 2189 2238 2235 test
2285 2181 2444 2236 lectio
2489 2179 2736 2251 vulgata,
2782 2180 3048 2235 sumendo
3088 2179 3388 2235 adducendi
3416 2180 3644 2236 verbum
3686 2180 3742 2236 in

2129 2268 2292 2308 sensu
2326 2253 2583 2308 olferendi
2605 2295 2621 2321 ,
2652 2253 2792 2322 quod
2813 2252 2984 2307 Grzeci
3018 2260 3275 2324 προσάγειν
3297 2252 3502 2307 dicunt.
3538 2252 3738 2324 llonsr.

2200 2324 2447 2395 Populus
2508 2335 2857 2392 exasperatus.
2952 2322 3207 2393 Seneca,
3277 2324 3371 2379 lib.
3422 2340 3440 2379 ι
3498 2326 3562 2378 de
3619 2322 3736 2391 Ira,

2130 2411 2250 2467 cap.
2279 2390 2349 2451 Ξῖ
2388 2390 2523 2463 Quid
2546 2390 3134 2468 gladiatoribuslquare
3158 2390 3382 2467 populus
3408 2396 3673 2468 irascitur,
3694 2390 3744 2449 et

2131 2477 2235 2522 tam
2262 2469 2432 2535 inique
2488 2467 2817 2535 ut’iniuriam
2845 2479 3019 2535 putet,
3062 2474 3199 2538 quod
3235 2485 3342 2521 non
3379 2467 3591 2521 libenter
3623 2483 3748 2538 per-

2131 2485 2235 2522 tam
2262 2485 2432 2535 inique
2488 2485 2543 2522 ut
2570 2485 2817 2535 iniuriam
2845 2485 3019 2535 putet,
3062 2485 3197 2594 quoa
3235 2485 3342 2521 non
3379 2485 3591 2521 licenter
3623 2485 3747 2538 per-

2130 2542 2284 2595 eunt?
2317 2541 2568 2594 contemni
2594 2556 2649 2595 se
2664 2541 2870 2609 judicat
2889 2583 2903 2605 ,
2937 2550 2984 2593 et
2999 2556 3061 2594 vu
3089 2550 3173 2607 tu,
3206 2549 3347 2609 gestu
3366 2580 3383 2607 ,
3415 2539 3603 2595 ardore
3623 2578 3641 2606 ,
3681 2538 3747 2593 de

2132 2622 2415 2684 spectatore
2443 2613 2494 2666 in
2523 2612 2874 2666 adversarium
2903 2614 3133 2667 vertitur.
3179 2612 3378 2684 lIOLS'r.

2204 2684 2452 2753 Flagellis
2511 2701 2598 2739 eos
2664 2686 2857 2740 vexari.
2902 2686 2941 2737 Α
2980 2684 3212 2755 praeside
3264 2683 3516 2755 scilicet,
3551 2682 3647 2753 qui
3672 2681 3745 2737 de

2130 2757 2293 2826 plano
2322 2755 2542 2810 fustium
2569 2764 2663 2810 aut
2684 2753 3040 2827 rtlagelloru'm
3071 2757 3485 2827 castigationem
3505 2753 3752 2823 irrogare

2134 2825 2361 2898 poterat.
2394 2827 2513 2882 Lib.
2550 2844 2603 2882 Ix
2624 2869 2639 2895 ,
2674 2826 2703 2899 ᾗ
2730 2825 2798 2895 '5,
2829 2828 2884 2882 π.
2915 2829 2978 2882 dc
3006 2826 3114 2894 οβ’.
3152 2828 3402 2882 Procons.
3444 2825 3648 2899 Hocst'.

2205 2899 2314 2955 Pro
2383 2900 2561 2954 ordine
2629 2897 2944 2954 venatorum.
2996 2899 3111 2955 Hoc
3153 2908 3238 2956 est
3287 2915 3315 2952 a
3355 2897 3743 2966 venatoribus,

2134 2975 2226 3043 qui
2260 2984 2457 3040 praesto
2487 2982 2641 3026 erant
2671 2972 2898 3042 ﬂagellis
2913 2973 3181 3026 instructi.
3212 2970 3341 3026 lnde
3364 2970 3618 3036 Tertull.,
3650 2970 3745 3043 lib.

2136 3042 2200 3097 ad
2233 3044 2384 3098 Mart.
2427 3043 2531 3097 Alii
2559 3045 2689 3096 inter
2715 3055 3011 3098 venatorum
3055 3054 3259 3098 laureas
3299 3042 3524 3110 scapulis
3558 3042 3752 3109 patien-

2134 3116 2342 3170 tissimis
2368 3116 3015 3183 inambulaveruntJdem,
3050 3117 3142 3170 lib.
3173 3116 3272 3170 tad
3298 3114 3420 3170 Nat.
3440 3132 3453 3166 :
3474 3113 3535 3168 Si
3566 3114 3749 3184 ﬂagris

2135 3189 2321 3241 mulier
2346 3188 2608 3241 insultavit
2629 3228 2645 3254 ,
2695 3187 2790 3240 hoc
2816 3205 3011 3258 quoque
3041 3189 3270 3259 proxime
3296 3187 3427 3240 inter
3459 3186 3750 3240 venatorius

2136 3261 2314 3314 ordine
2340 3270 2630 3314 transcurso
2657 3276 2915 3313 remensus
2936 3269 3029 3314 est.
3072 3260 3222 3313 llunc
3267 3259 3439 3312 locum
3486 3259 3747 3310 Actorum

2135 3343 2477 3397 nostrorum,
2515 3341 2568 3385 et
2598 3346 2735 3399 quos
2778 3330 2911 3386 ducs
2953 3346 2985 3385 e
3026 3331 3355 3385 Tertulliano
3385 3328 3746 3395 adduximus,

2137 3406 2441 3474 pariterque
2468 3403 2783 3457 totatultanc
2813 3418 2989 3459 arente
3021 3406 3407 3470 διιμαστίγωσιν,
3434 3401 3749 3474 flagellatio-

2135 3472 2250 3530 item
2272 3518 2287 3542 ,
2323 3472 2581 3530 hactenus
2609 3491 2713 3528 non
2743 3476 2875 3528 satis
2905 3474 3250 3541 explicatam,
3273 3475 3488 3543 egregie
3513 3472 3749 3525 Illustrat

2140 3548 2367 3618 insignis
2395 3548 2552 3617 plane
2584 3548 2732 3601 locus
2762 3546 2995 3607 Eusebti,
3028 3545 3121 3599 lib.
3162 3561 3194 3597 v
3218 3588 3233 3612 ,
3263 3559 3384 3616 cap.
3415 3545 3486 3601 1:
3521 3549 3749 3613 ὑπέφερον

2140 3623 2285 3673 πάλιν
2313 3626 2401 3680 τὰς
2444 3623 2678 3684 δι’ξόδιυς
2723 3636 2816 3673 τῶν
2862 3629 3101 3687 μαστεμιιν
3132 3622 3217 3677 τὰς
3262 3624 3412 3672 lucius
3459 3620 3745 3683 εὶθισμξνας.

2138 3691 2453 3760 Flagrorum
2478 3691 2707 3743 ordinem
2736 3705 2801 3744 ex
2833 3706 2971 3743 more
2996 3706 3167 3744 arente
3203 3691 3387 3742 iterum
3414 3690 3745 3760 transierunt.

2137 3759 2262 3817 Sive
2288 3763 2495 3834 ﬂagella
2530 3779 2622 3832 pro
2646 3762 2824 3816 ordine
2848 3772 3144 3834 venatorum
3166 3777 3228 3813 ea:
3249 3776 3389 3834 more
3414 3762 3601 3813 iterum
3630 3759 3750 3834 sub-

2135 3830 2319 3888 ierunt.
2356 3830 2456 3891 Ubi
2495 3830 2679 3899 vides,
2726 3848 2821 3901 pro
2859 3833 3079 3897 ordine,
3109 3830 3414 3902 signiﬁcare
3445 3841 3571 3885 ante
3600 3831 3749 3885 ordi-

2138 3922 2293 3971 nem,
2328 3908 2442 3961 sive
2481 3903 2859 3977 prastereundo
2884 3904 3299 3977 ordittem,retc.
3331 3903 3560 3957 Stabant
3596 3902 3753 3977 vide-

2138 3977 2264 4032 licet
2290 3994 2411 4032 cum
2436 3975 2617 4048 flagris
2640 3978 2792 4043 longa
2821 3978 2963 4031 serie
2988 3975 3267 4047 dispositi,
3293 3983 3417 4029 ante
3436 3989 3578 4048 quos
3605 3976 3754 4028 ince-

2140 4050 2271 4105 dere
2303 4052 2475 4105 nndos
2514 4047 2797 4105 bestiarios
2827 4048 3121 4117 cogebant,
3166 4062 3490 4117 unoquoque
3535 4047 3752 4101 illorum

2139 4130 2355 4176 taureas
2404 4138 2536 4191 quas
2590 4121 2812 4190 gerebat
2867 4136 3063 4187 manu,
3126 4120 3177 4174 in
3234 4118 3373 4173 nuda
3426 4118 3753 4191 miserorum

2141 4194 2386 4249 membra
2412 4189 2796 4262 tulligentibus.
2826 4191 2939 4246 lloc
2963 4207 3134 4262 paula:
3157 4204 3326 4262 genus
3353 4200 3480 4262 puto
3513 4189 3759 4262 respexit

2143 4265 2405 4319 Damasus
2432 4259 2669 4319 carmine
2696 4264 2752 4326 5,
2788 4264 2841 4317 in
2873 4264 2933 4318 S.
2962 4259 3240 4333 Agatlta‘m,
3270 4263 3397 4317 dum
3419 4261 3495 4314 ait
3519 4278 3535 4316 :
3562 4259 3760 4315 ια’ιίον

2140 4337 2261 4419 inde
2283 4338 2544 4419 magisque
2576 4336 2808 4419 flagrans
2843 4335 3280 4419 _cuncta._ﬂag_e_lta
3301 4334 3527 4387 cucurrit
3569 4349 3755 4419 ovans.

2065 4439 2117 4499 D
2146 4408 2313 4499 ferro
2356 4404 2787 4499 quodndixitjtus
2842 4408 2978 4499 banc
3032 4404 3445 4499 ﬂagiilla'tiott'em
3494 4404 3760 4487 pgtpulutn

2144 4475 2410 4535 furentem
2443 4496 2471 4534 a
2499 4479 2736 4535 Praeside
2766 4475 3289 4548 postulasse,‘facile
3316 4476 3369 4531 id
3397 4475 3601 4548 potuit,
3630 4491 3761 4531 cum

2143 4551 2191 4607 is
2214 4553 2523 4621 spectaculo
2551 4547 2864 4622 prmum:
2896 4568 2908 4604 :
2941 4566 3062 4604 nam
3085 4592 3103 4616 ,
3156 4560 3212 4603 ut
3249 4549 3407 4622 docet
3452 4547 3670 4622 Lipsius
3704 4549 3761 4603 in

2141 4619 2566 4695 Amphitheatre,
2593 4639 2712 4693 pag.
2749 4623 2852 4687 15,
2899 4637 3107 4695 praeses
3149 4621 3387 4695 muneris
3433 4621 3498 4695 ad
3533 4619 3760 4695 podium

2139 4692 2450 4765 spectabat,
2485 4692 2697 4750 ltoc’est
2731 4694 2782 4747 iu
2818 4695 3023 4763 primo,
3070 4694 3183 4748 sive
3228 4693 3337 4747 into
3372 4692 3761 4765 subselliorum

2140 4762 2351 4833 ordine,
2387 4768 2476 4821 ubi
2502 4766 2619 4837 ejus
2651 4762 2878 4821 tribunal
2912 4767 3026 4820 sive
3054 4774 3336 4837 suggestus
3362 4774 3499 4837 erat,
3528 4774 3581 4815 ιιι
3608 4762 3761 4837 idem

2137 4840 2411 4904 observat,
2437 4835 2556 4911 pag.
2590 4838 2683 4907 27,
2718 4838 2859 4892 haud
2910 4837 3071 4908 longo
3115 4836 3183 4890 ab
3234 4851 3410 4960 arcuit1
3448 4835 3761 4889 intervallo.

3418 4921 3568 4960 ons'r.

3418 4921 3568 4962 OLS'I‘.

2215 4982 2471 5038 Gratulati
2549 4990 2724 5054 sunt,
2766 4981 2903 5054 quod
2968 4980 3163 5054 aliquid
3239 4988 3292 5054 et
3346 4980 3410 5031 de
3485 4978 3766 5054 dominicis

2140 5056 2497 5127 passionibus,
2534 5066 2642 5127 etc.
2684 5051 2889 5122 Nempe
2936 5053 3077 5123 quod
3120 5051 3445 5127 ﬂagellzttum
3476 5051 3758 5127 Cbristttm

2132 5122 2531 5195 meminiSscnt,
2556 5125 2761 5197 ﬂagella
2790 5122 3084 5194 gaudentes
3105 5123 3464 5197 excipiebant.
3516 5123 3606 5176 Sic
3639 5122 3763 5197 Dio-

2131 5201 2317 5271 nysius
2346 5195 2750 5258 Alexandrinus
2779 5197 2917 5265 apud
2939 5196 3167 5271 Euseb._.
3201 5196 3294 5249 lib.
3350 5208 3437 5261 γι,
3481 5207 3600 5262 cap.
3636 5195 3755 5271 bi,

2128 5266 2445 5327 Nettlesium.
2481 5271 2765 5337 Martyrem
2796 5284 2915 5321 cum
2947 5267 3245 5322 latronibus
3290 5277 3572 5329 exustum,
3604 5266 3765 5321 simi-

2130 5344 2357 5399 litudine
2385 5343 2651 5413 passionis
2676 5340 2871 5395 Christi
2906 5341 3225 5394 honoratum
3254 5338 3348 5392 ait.
3380 5337 3584 5413 Similia
3615 5340 3763 5394 mul-

2133 5425 2185 5472 ta
2218 5416 2358 5486 apud
2387 5408 2776 5471 Tcrtullianum
2799 5422 2855 5486 et
2893 5413 3034 5486 alios
3060 5419 3372 5466 occurrunt.
3417 5408 3620 5464 Honsr.

2196 5480 2269 5542 II:
2302 5520 2371 5530 -
2431 5487 2498 5543 Ut
2533 5486 2723 5541 scilicet
2771 5485 3047 5556 gloriosam
3090 5489 3307 5554 gestaret
3321 5497 3597 5556 coronam.
3622 5480 3761 5538 Nam

2124 5567 2180 5615 ut
2211 5560 2437 5615 Tertull.
2470 5558 2580 5612 ait:
2613 5554 2821 5623 Majora
2861 5556 3175 5622 certamina,
3225 5554 3426 5623 majora
3476 5562 3764 5623 sequuntur

2123 5632 2357 5701 prwnn'a.
2435 5630 2587 5687 Unde
2608 5645 2733 5684 mox
2796 5628 3025 5697 gentiles
3070 5627 3352 5701 alloquens
3396 5641 3410 5679 :
3462 5623 3762 5681 Crudett‘tas

2120 5698 2287 5760 vestra
2307 5745 2324 5772 ,
2354 5703 2522 5772 inquit
2546 5744 2560 5768 ,
2588 5701 2753 5772 gloria
2781 5710 2855 5756 est
2885 5709 3077 5755 nostra.
3112 5771 3135 5772 η
3157 5698 3358 5756 Hons'r.

2192 5775 2268 5834 Ab
2310 5769 2448 5833 me
2492 5769 2657 5831 vexati
2697 5785 2838 5831 sunt.
2881 5773 3025 5832 Ecce
3084 5771 3177 5831 tibi
3237 5784 3396 5831 ursos
3445 5769 3499 5827 in
3531 5769 3756 5845 Africa,
