4050 6308
433 157 509 218 55

1736 151 1978 210 PASSIO
2014 153 2114 211 SS.
2158 154 2547 214 MARTYRUM
3676 164 3737 221 56

440 276 537 350 qui
555 277 605 335 ei
632 277 964 345 adhaarebat,
1011 282 1282 349 suscepta,
1310 282 1365 331 et
1388 274 1540 347 quasi
1582 288 1612 331 a
1637 288 1830 335 somno
1850 290 2047 346 exper-
2075 277 2125 337 Α
2150 292 2277 333 vum
2298 275 2702 344 lotum,salvum
2732 278 2919 333 lotum.
2953 299 2973 333 ι
3005 278 3170 337 Plane
3197 279 3385 353 utique
3405 278 3583 337 salvus
3611 289 3737 352 erat,

442 374 573 446 gita,
614 373 752 429 adeo
797 373 851 429 in
880 371 1070 445 spiritu
1120 381 1174 428 et
1220 374 1273 427 in
1315 370 1507 427 ecstasi
1558 369 1768 435 fuerat,
1815 371 2045 425 circum-

445 467 664 538 spicere
678 466 863 537 cmpit,
886 475 942 522 et
962 464 1302 535 stupentibus
1328 463 1578 518 omnibus
1619 462 1695 517 ait
1724 481 1737 516 :
1768 461 2044 532 «Quando,

439 558 638 631 inquit,
689 558 1040 631 producimur
1090 557 1156 613 ad
1204 571 1423 613 vaccam
1450 556 1595 611 illam
1626 556 1813 612 nescio
1840 564 1890 610 η.
1928 573 1947 607 ι
1983 555 2051 611 Et

443 665 570 708 cum
596 650 833 707 audisset
859 649 1003 721 quod
1028 650 1137 720 jam
1163 656 1436 714 evenerat,
1469 663 1580 703 non
1606 648 1754 719 prius
1780 646 2010 703 credidit
2029 686 2049 715 ,

443 744 554 802 nisi
602 744 858 815 quasdam
910 751 1066 799 notas
1110 740 1406 798 vexationis
1446 740 1757 811 incorpore
1783 750 1837 797 et
1866 739 2054 794 habitu

450 850 553 893 suo
567 837 988 908 recognovisset,
1022 845 1076 890 et
1109 834 1257 890 illum
1289 833 1720 890 catechuminum
1761 831 1812 886 ι’.
1848 828 2055 887 Exinde

455 932 774 987 accersitum
829 929 1046 984 fratrem
1094 942 1277 995 suum,
1326 937 1378 983 et
1434 926 1585 982 illum
1617 925 2057 982 catechuminum

452 1021 683 1078 allocuta
705 1031 787 1078 est
811 1022 1114 1089 eos,dicens
1160 1038 1175 1076 :
1216 1040 1235 1072 ι
1264 1018 1323 1074 ln
1364 1017 1472 1074 ﬁde
1500 1027 1641 1074 state
1668 1060 1684 1087 ,
1731 1029 1786 1074 et
1828 1018 2059 1072 invicem

452 1128 650 1173 omnes
698 1114 932 1187 diligites
958 1131 975 1182 ;
1006 1122 1065 1172 et
1101 1112 1447 1186 passionibus
1474 1114 1676 1170 nostris
1697 1128 1767 1169 ne
1787 1110 2027 1169 scandali
2045 1138 2061 1153 ο

456 1207 674 1263 zemini.
714 1225 734 1260 ι

526 1298 619 1355 IV.
660 1299 807 1357 Idem
854 1301 1082 1357 Saturus
1127 1300 1180 1356 in
1233 1300 1336 1358 alia
1399 1310 1553 1371 porta
1605 1300 1829 1356 militem
1876 1310 1897 1339 ο
1954 1297 2063 1354 Pu-

456 1391 674 1449 dentem
703 1393 1089 1450 exhortabatur
1128 1394 1315 1450 dicens
1342 1413 1357 1450 :
1388 1411 1407 1448 t
1444 1394 1647 1455 Adsum
1674 1390 1702 1430 ἀ
1727 1402 1896 1457 certe,
1926 1392 2068 1447 sicut

461 1486 684 1555 promisi
734 1497 789 1542 et
839 1486 1105 1557 praedixi;
1165 1487 1367 1542 nullam
1419 1502 1587 1558 usque
1614 1485 1789 1542 adhuc
1840 1485 2068 1541 bestiam

461 1580 631 1633 sensi.
653 1577 721 1632 Et
748 1593 888 1632 nunc
914 1577 983 1635 de
1012 1586 1123 1633 toto
1148 1578 1311 1633 corde
1331 1578 1540 1635 credas.
1560 1578 1702 1634 Ecce
1722 1578 1926 1649 prodeo
1953 1578 2069 1645 illo,

2150 372 2242 441 qui
2271 372 2373 428 hoc
2402 372 2709 443 spectaculo
2744 371 3012 429 claruerat
3051 383 3100 429 ε.
3136 374 3285 430 Tunc
3316 373 3545 430 Pudenti
3570 376 3741 431 militi:

2157 484 2177 516 ι
2211 464 2359 530 Vale,
2401 464 2591 531 inquit,
2642 475 2698 521 et
2723 480 2931 522 memor
2954 476 3071 523 esto
3110 468 3231 524 ﬁdei
3268 482 3449 533 meae;
3481 478 3537 524 et
3564 467 3673 525 haec
3701 479 3745 526 te

2152 571 2260 611 non
2290 556 2634 621 conturbent,
2661 557 2756 614 sed
2781 559 3155 615 conﬁrment.»
3176 559 3464 632 Simulque
3481 561 3743 616 ansulamf

2154 648 2225 705 de
2253 649 2420 721 digito
2438 650 2556 720 ejus
2576 651 2751 721 petiit,
2768 654 3041 709 etvulneri
3061 669 3160 709 suo
3175 669 3414 711 mersam
3436 653 3661 711 reddidit
3684 655 3747 723 ei,

2155 740 2524 799 [nereditatem
2580 744 2819 816 pignoris
2856 746 3175 819 relinquens
3213 757 3237 795 ε
3288 746 3393 815 illi,
3444 757 3503 802 et
3560 761 3752 802 memo-

2157 833 2292 889 riam
2333 836 2626 907 sanguinis.
2661 837 2875 894 Exinde
2920 838 3032 910 jam
3086 840 3354 897 exanimis
3414 842 3755 911 prosternitur

2159 942 2284 984 cum
2329 931 2540 986 caeteris
2577 931 2644 986 ad
2680 931 3068 1004 jugulationem
3110 934 3272 990 solito
3328 935 3472 991 loco.
3530 935 3598 989 Et
3647 949 3755 991 cum

2162 1021 2393 1092 populus
2418 1022 2539 1077 illos
2565 1022 2620 1078 in
2649 1024 2883 1082 medium
2911 1026 3251 1097 postularet,
3307 1035 3410 1093 ut,
3460 1025 3637 1097 gladio
3679 1040 3761 1094 pc-

2164 1124 2412 1172 netrante
2450 1116 2504 1172 in
2533 1130 2721 1173 eorum
2746 1133 2999 1190 corpore,
3040 1120 3229 1177 oculos
3260 1134 3395 1176 suos
3423 1121 3650 1176 comites
3674 1119 3761 1176 bo-

2166 1207 2367 1264 micidii
2416 1208 2765 1280 adjungeret,
2825 1212 2971 1268 ultro
3025 1221 3382 1269 surrexerunt
3455 1223 3511 1270 et
3574 1227 3633 1269 se
3667 1227 3761 1283 quo

2167 1299 2383 1356 volebat
2407 1302 2637 1371 populus
2662 1303 3055 1379 transtulerunt
3074 1322 3091 1357 :
3121 1314 3246 1361 ante
3265 1305 3381 1376 jam
3400 1303 3629 1361 osculati
3647 1304 3765 1358 invi-

2170 1407 2311 1458 cem,
2345 1399 2405 1448 ut
2450 1394 2768 1467 martyrium
2812 1411 2909 1468 per
2958 1397 3221 1454 solemnia
3251 1400 3406 1471 pacis
3445 1411 3766 1454 consumma-

2173 1496 2316 1542 rent.
2360 1486 2555 1545 Caeteri
2587 1489 2804 1560 quidem
2833 1492 3140 1548 immobiles
3167 1502 3225 1549 et
3262 1509 3390 1548 cum
3435 1492 3650 1548 silentio
3677 1491 3766 1547 fer-

2174 1597 2294 1637 rum
2336 1594 2660 1652 receperunt
2704 1602 2718 1638 :
2766 1586 2937 1641 multo
2962 1587 3133 1658 magis
3167 1586 3424 1652 Saturus,
3449 1587 3540 1659 qui
3563 1597 3615 1642 et
3639 1586 3766 1657 prior

458 1672 605 1727 etab
631 1685 738 1726 uno
783 1685 966 1726 morsu
1014 1671 1254 1740 leopardi
1301 1685 1608 1727 consumar.
1645 1689 1666 1724 ι
1717 1671 1784 1726 Et
1811 1673 1991 1727 statim
2018 1672 2069 1725 in
2102 1687 2150 1747 Β
2177 1674 2375 1732 scalam
2402 1676 2741 1744 ascenderat,
2789 1679 2937 1749 prior
2984 1680 3219 1736 reddidit
3243 1680 3499 1750 spiritum
3525 1697 3542 1745 ;
3568 1695 3687 1734 nam
3723 1689 3768 1734 et

464 1760 573 1816 ﬁne
619 1763 932 1833 Spectaculi,
958 1762 1214 1833 le0pardo
1256 1763 1599 1834 objectas,de
1626 1778 1734 1818 uno
1756 1778 1938 1818 morsu
1957 1760 2075 1833 ejus

462 1864 615 1911 tanto
636 1855 883 1926 perfusus
909 1867 992 1912 est
1017 1856 1294 1928 sanguine,
1324 1867 1381 1912 ut
1410 1858 1640 1929 populus
1662 1856 1950 1913 revertenti
1996 1856 2074 1912 illi

465 1948 693 2005 secundi
713 1948 1051 2020 baptismatis
1072 1949 1440 2007 testimonium
1460 1949 1835 2007 reclamaverit
1862 1967 1876 2003 :
1907 1967 1926 2002 ι
1954 1949 2074 2006 Sal»

2176 1770 2498 1840 Perpetuam
2552 1772 2871 1828 sustinebat.
2932 1772 3202 1845 Perpetua
3248 1783 3457 1838 autem,
3493 1784 3552 1829 ut
3594 1773 3765 1843 aliquid

2177 1860 2381 1917 doloris
2410 1872 2673 1933 gustaret,
2732 1863 2873 1919 inter
2920 1875 3100 1920 costas
3136 1862 3164 1903 ιι
3197 1875 3396 1936 puncta
3454 1864 3764 1925 exululavit;

2178 1964 2234 2011 et
2283 1965 2551 2012 errantem
2606 1955 2882 2013 dexteram
2937 1958 3190 2017 tirunculi
3217 1959 3537 2032 gladiatoris
3588 1960 3692 2030 ipsa
3723 1957 3766 2013 iu

1677 2085 2063 2146 LECTIONES
2098 2089 2522 2150 VARIANTES.

531 2205 560 2272 ξ
587 2202 714 2272 _Cod.
746 2216 863 2257 mss.
899 2203 1078 2272 Nescio
1117 2203 1406 2272 _quam?Ubi
1431 2213 1555 2265 erat,
1580 2201 1734 2271 inquit
1755 2207 1885 2272 Aug.
1910 2206 2076 2256 Serm.

461 2265 812 2380 mundata,
840 2270 1035 2382 quando
1070 2265 1152 2318 ad'
1167 2269 1489 2332 asperrimam
1520 2265 1719 2320 vaccam
1755 2282 1815 2319 se
1835 2265 2076 2332 'pugnare

592 2344 728 2381 sensu
773 2370 784 2381 .
818 2344 846 2381 e
869 2344 913 2381 c.

464 2388 657 2507 mini:
672 2392 820 2445 codd.
866 2407 981 2446 mss.
1030 2394 1203 2447 desunt
1242 2391 1349 2445 lucc
1372 2394 1518 2445 verba
1548 2406 1565 2445 :
1588 2392 1654 2444 Et
1676 2392 1817 2444 illum
1840 2394 2075 2446 catechu-

532 2520 555 2551 ο
591 2518 742 2584 Apud
787 2517 1006 2573 Holsten.
1052 2533 1149 2573 non
1170 2517 1466 2584 exprimitur
1480 2519 1725 2571 Pudentis
1745 2531 1935 2573 nomen.

2246 2207 2276 2249 (ι
2306 2208 2379 2259 Ad
2402 2223 2644 2261 summum
2667 2210 2889 2263 Holsten.

2246 2275 2272 2304 ο
2307 2272 2453 2324 Modo
2478 2274 2667 2324 laverat
2690 2272 2912 2326 Holsten.

2247 2332 2270 2372 ι
2308 2335 2554 2387 Annulum
2577 2336 2690 2388 cod.
2716 2335 2898 2389 Salisb.
3634 2376 3637 2381 ι

2247 2400 2274 2439 ε
2309 2398 2430 2449 Cod.
2471 2396 2651 2450 Salisb.
2691 2397 3126 2452 habet:Reddidit
3140 2401 3191 2450 ei
3214 2401 3415 2454 beatam
3436 2400 3754 2459 baereditaten,

2179 2460 2477 2529 relinquens
2501 2464 2551 2512 ei
2575 2464 2754 2524 pignus
2766 2472 2830 2529 iet.
2847 2465 3141 2529 memoriam
3164 2467 3291 2516 tanti
3315 2465 3594 2529 sanguinis.

2234 2520 2268 2562 ιι
2301 2520 2428 2574 Ossa
2448 2520 2740 2589 compuncta
2758 2524 2982 2579 Holsten.

1865 2654 2434 2716 COMMENTARIUS.

547 2807 708 2876 Quasi
769 2823 801 2859 a
838 2821 1014 2861 somno
1058 2804 1338 2876 expergita.
1400 2802 1489 2859 Sic
1533 2800 1600 2857 de
1647 2799 1890 2876 Eibliade
1916 2815 2066 2856 mar-

475 2872 597 2954 tyre
622 2880 892 2954 Eusebius
922 2897 949 2954 :g
969 2887 999 2954 ἦ
1019 2879 1060 2933 δ’
1090 2872 1246 2954 ὡπερ
1274 2882 1626 2954 tramutata.
1646 2872 1848 2954 Honsr.

2172 2800 2426 2885 Tertull"
2460 2760 3189 2885 Apol.,cap.§0L§T-n
3248 2884 3253 2885 γ
3299 2868 3335 2885 _7
3442 2884 3447 2885 γ
3523 2867 3617 2885 π,

2248 2871 2437 2929 Oculos
2485 2869 2690 2928 comites
2728 2869 3015 2928 'homicidii.
3048 2870 3108 2927 S.
3149 2869 3478 2942 Cyprianus,
3518 2869 3681 2942 Epist.
3701 2881 3763 2922 tt:

548 2953 689 3007 Adeo
752 2952 806 3005 in
869 2950 1054 3020 spiritu
1106 2958 1154 3002 et
1210 2941 1265 3002 in
1304 2941 1485 3001 ecstasi
1514 2950 1701 3020 fuerat.
1727 2943 1890 3013 Quasi
1926 2943 2074 3001 dice-
2102 2955 2148 3018 (ζ
2184 2942 2415 3020 Paratur
2440 2945 2778 3020 gladiatorias
2801 2945 2988 3020 ludus_.
3022 2953 3077 2998 ut
3105 2941 3372 3020 libidinem
3396 2941 3670 3020 crudelium
3705 2942 3765 2991 lu-

476 3033 563 3080 rct
606 3042 619 3078 :
670 3023 807 3079 adeo
854 3018 1003 3078 extra
1047 3034 1301 3077 sensuum
1343 3034 1497 3072 usum
1527 3018 1732 3072 elevata
1771 3031 1835 3071 ac
1873 3026 2025 3087 rapta
2056 3058 2074 3083 ,

476 3111 604 3152 nam
632 3094 738 3149 huc
766 3103 989 3148 vocatur
1008 3107 1128 3147 esse
1156 3094 1206 3146 in
1238 3090 1448 3159 spiritu.
1475 3088 1533 3144 S.
1556 3088 1814 3151 Joannes,
1838 3087 2082 3160 Apocal.,

481 3182 601 3235 cap.
636 3183 711 3222 tv.
745 3165 810 3220 Et
837 3166 1008 3237 statim
1042 3165 1120 3237 [ui
1146 3164 1197 3237 in
1223 3162 1428 3237 spiritu.
1474 3161 1674 3237 lloLsr.

548 3230 638 3293 1V.
712 3267 783 3278 —
846 3230 1063 3291 Militem
1145 3230 1447 3288 Pudentem.
1504 3232 1659 3300 Apud
1746 3230 2084 3286 Holstenium

483 3326 592 3366 non
637 3310 954 3379 exprimitur
987 3305 1237 3360 Pudentis
1288 3304 1701 3379 nomen._’llunc
1738 3313 1920 3358 autem
1967 3317 2088 3379 esse

485 3375 739 3443 arbitror,
795 3381 885 3450 qui
934 3392 1095 3448 supra
1125 3376 1628 3450 ctnn_martyribus
1672 3375 1929 3450 liumane_
1953 3375 2083 3450 egit.

485 3453 704 3509 Pudens
743 3446 948 3523 martyr
974 3446 1170 3523 colitur
1204 3449 1241 3523 5
1267 3446 1375 3523 ιωιῖ
1413 3446 1545 3523 maii
1572 3448 1625 3523 in_
1652 3454 1864 3500 vetusto
1889 3446 2085 3523 Calen-

483 3524 639 3581 dario
664 3517 1108 3594 Carthaginiensi:
1141 3519 1487 3594 a_n_iste?_vel
1516 3518 1729 3574 Pudens
1758 3529 1995 3594 senator,
2019 3517 2089 3594 de

485 3612 594 3669 quo
623 3596 822 3669 Paulus
844 3588 1001 3663 ,vEp.
1042 3592 1181 3669 llad
1210 3590 1584 3669 Timotheum,
1626 3606 1676 3644 c.
1709 3604 1788 3669 tv,
1820 3588 2085 3669 meminit,

486 3659 581 3722 aut
606 3667 823 3722 tandem
851 3659 1055 3737 martyr
1081 3661 1499 3730 Alexandrinus,
1531 3662 1600 3717 de
1624 3676 1730 3732 quo
1750 3659 2086 3716 Bollandiani

482 3738 586 3794 hac
617 3738 706 3793 die
734 3739 921 3809 agunt?
950 3737 1219 3793 Romam.

476 3875 518 3882 ,ί
560 3802 793 3869 επιειυηῖ
858 3810 1065 3882 Ιοιιυη.Δ
1120 3806 1455 3882 Αοοιᾳιηςῃίο
1528 3804 1711 3882 populi
1768 3802 2090 3882 _petulanter

486 3881 763 3939 illudeutis
792 3879 1099 3937 christianis
1127 3880 1315 3934 sacris.
1354 3877 1492 3934 Cum
1522 3875 1665 3933 enim
1696 3875 1856 3945 vulgo
1899 3884 2086 3930 notum

487 3966 652 4016 esset,
670 3951 1007 4009 Christianus
1028 3952 1336 4007 exi5timare
1366 3950 1545 4004 salvos
1568 3950 1683 4004 fieri
1716 3947 1963 4003 homines
1991 3962 2085 4017 per

486 4024 816 4095 baptismum
849 4043 862 4078 :
895 4024 1124 4094 populus
1149 4039 1180 4076 e
1204 4023 1417 4078 theatro
1444 4031 1697 4095 spectans
1724 4018 2086 4095 Christianum

486 4090 749 4165 sanguine
773 4090 1044 4165 perfusum
1070 4137 1087 4163 ,
1127 4094 1334 4150 salvum
1354 4090 1489 4151 eum'
1502 4090 1871 4164 proclamabat
1893 4092 1983 4162 qui
2011 4092 2090 4147 sic

485 4167 630 4223 lotus
656 4178 819 4224 esset.
853 4166 1060 4223 Possm.

557 4238 925 4295 Hereditatem
992 4238 1219 4310 pignoris
1278 4238 1568 4307 relinquens
1625 4236 1742 4301 illi,
1780 4245 1836 4310 et_
1898 4250 2088 4310 memo-

489 4312 623 4366 riam
660 4312 946 4381 sanguinis.
975 4306 1110 4380 Quid
1143 4311 1301 4377 igitur
1337 4306 1744 4381 cunqueruntur
1772 4306 2086 4381 adversarii,

484 4382 629 4452 quod
692 4379 1014 4440 Sanctorum
1083 4381 1337 4452 reliquias
1405 4379 1655 4451 religiose
1712 4379 2167 4452 asservamusiD

485 4450 757 4526 Numquid
789 4454 1021 4526 annulus
1050 4453 1142 4509 ille
1169 4450 1428 4526 sanguine
1452 4450 1704 4523 martyris
1732 4450 1928 4505 tinctus
1956 4463 2087 4519 pro-

482 4525 751 4596 jiciendus
780 4536 897 4582 erat
916 4526 938 4580 ?
954 4525 1223 4581 Romam.

555 4598 637 4652 Ad
667 4599 1050 4671 jugulationem
1115 4596 1267 4651 solito
1322 4595 1454 4650 loco.
1509 4593 1835 4671 Spoliarium
1882 4592 2080 4671 intelli-

493 4668 593 4738 git,
627 4669 716 4723 ubi
733 4665 1169 4725 'conliciebantur
1192 4681 1330 4738 quos
1358 4682 1523 4721 arena
1553 4667 1844 4738 semiviros
1868 4665 2092 4721 dimise-

490 4737 595 4795 rat.
633 4740 796 4796 Docet
835 4741 939 4797 hoc
980 4737 1221 4805 Seneca,
1253 4739 1424 4808 Epist.
1453 4740 1545 4795 94.
1580 4737 1846 4806 Numquid
1873 4738 2093 4808 aliquem

493 4812 582 4884 tim
607 4812 758 4866 stulte
784 4813 1025 4884 cupidum
1069 4827 1177 4866 esse
1207 4812 1321 4884 vita:
1345 4820 1495 4884 putas
1516 4853 1529 4875 ,
1562 4820 1616 4863 ut
1636 4810 1871 4884 jugulari
1899 4812 1951 4864 in
1974 4827 2094 4884 spo-

490 4881 659 4947 lario,
709 4881 863 4955 quam
891 4886 945 4940 in
993 4900 1151 4939 arena
1191 4883 1333 4937 malit
1348 4881 1376 4955 2
1422 4882 1493 4937 Ita
1528 4891 1743 4955 mortuo
1770 4881 2090 4955 Commodo,

488 4951 844 5010 acclamatum
886 4955 1073 5011 scribit
1109 4953 1449 5023 Lampridius
1480 4972 1493 5008 :
1536 4951 1709 5009 Hostis
1737 4953 1941 5023 patrita,
1975 4970 2096 5022 par-

490 5026 658 5080 ricida
682 5068 698 5092 ,
745 5027 1002 5097 gladiator
1039 5027 1095 5082 in
1136 5025 1392 5098 spoliario,
1414 5026 1655 5080 lanietur.
1688 5026 1889 5081 HOI.s1'.
1918 5055 1991 5066 —
2018 5025 2096 5082 lbi

486 5104 711 5169 tyrones
742 5098 960 5154 athleta:
1004 5114 1127 5159 reos
1153 5097 1512 5169 conficiebant
1538 5140 1553 5163 ,
1584 5106 1643 5150 ut
1670 5098 1748 5152 sic
1767 5098 1833 5153 ad
1863 5112 2093 5169 pugnam

489 5168 877 5227 adsuescerent
925 5189 937 5225 :
968 5170 1111 5226 .hinc
1137 5168 1458 5241 juvenculus
1489 5169 1576 5225 hic
1614 5181 1852 5224 sanctam
1891 5168 2095 5238 Perpe-

488 5246 636 5312 tuam
668 5244 960 5312 pupugisse
985 5242 1199 5297 dicitur.
1653 5311 1660 5312 ί
1756 5241 2021 5312 Ruinam.

556 5309 684 5366 Cum
734 5309 954 5383 populus
1002 5314 1118 5368 illos
1160 5315 1215 5368 in
1267 5313 1435 5368 medio
1489 5311 1790 5384 postularet.
1823 5311 1914 5368 Sic
1946 5311 2096 5384 [iuli-

490 5384 835 5451 nus,lib,vut
867 5385 1005 5440 Hist.
1026 5384 1285 5447 Eccl.,de
1319 5382 1497 5440 Attalo
1522 5397 1575 5440 et
1612 5384 1915 5439 Alexandro
1944 5400 1959 5439 :
1990 5382 2098 5438 Sed

489 5470 605 5527 cum
628 5458 853 5525 ferarum
884 5458 1029 5512 nulla
1056 5457 1365 5513 Sanctorum
1392 5461 1607 5527 corpora
1639 5457 1947 5525 contigisset,
1984 5472 2096 5508 om-

490 5526 638 5582 nibus
687 5546 770 5583 eos
810 5529 1068 5584 verberum
1097 5540 1489 5599 caterarumque
1536 5543 1799 5599 poenarum
1835 5526 2100 5599 suppliciis

491 5599 764 5665 cruciatos,
813 5603 881 5653 ad
929 5603 1166 5655 ultimum
1204 5601 1257 5654 in
1303 5598 1573 5671 conspectu
1608 5599 1807 5671 populi,
1838 5600 1891 5652 in
1932 5598 2099 5671 medio

497 5672 929 5744 arenwrjugulari
964 5674 1129 5744 jubet.
1185 5669 1496 5744 Postulandi
1542 5669 1854 5744 po'rrggvox
1887 5669 2099 5739 amphi-

490 5736 709 5799 theatri
742 5736 1005 5817 propria':
1049 5744 1186 5803 Hinc
1227 5736 1628 5816 depostulatores
1666 5736 2096 5813 Christianorum,

2192 3018 2387 3071 minum
2429 3012 2637 3087 Sanguis
2677 3017 2905 3071 oblectet.
2937 3015 3006 3071 Et
3048 3030 3173 3069 mox
3200 3032 3213 3067 :
3248 3012 3318 3068 In
3348 3024 3456 3068 tam
3486 3013 3651 3081 impiis
3679 3027 3768 3079 spe-

2193 3090 2438 3151 ctaculis,
2482 3100 2682 3155 tamque
2715 3089 2840 3142 diris
2876 3098 2925 3143 et
2967 3087 3203 3159 funestis,
3250 3102 3362 3140 esse
3403 3101 3458 3139 se
3494 3102 3591 3159 non
3625 3090 3771 3151 putant

2193 3162 2355 3222 oculis
2383 3161 2686 3228 parricidas.
2718 3160 2866 3214 Hanc
2886 3157 3256 3215 crudelitatem
3276 3173 3389 3210 non
3415 3172 3520 3211 uno
3544 3157 3652 3211 loco
3674 3168 3772 3208 exa-

2193 3227 2563 3302 gitatseneca,
2580 3232 2747 3301 Epist.
2768 3247 2862 3295 vn,
2906 3230 3061 3302 Mane
3089 3229 3314 3283 leonibus
3339 3237 3395 3282 et
3417 3230 3548 3302 ursis
3559 3227 3769 3302 nuntiari,

2153 3362 2157 3367 ,
2193 3296 2403 3359 meridie
2431 3296 2799 3373 spectatoribus
2837 3303 2941 3358 suis
2981 3301 3313 3373 objiciuntur,
3365 3310 3474 3354 etc.
3505 3300 3670 3373 idem,
3695 3296 3768 3373 Ep.

2193 3375 2283 3431 87.
2319 3376 2386 3430 Et
2414 3369 2655 3430 omnium
2686 3369 3088 3445 elegantissime
3128 3371 3465 3437 Lactantius,
3494 3369 3605 3425 Diu.
3636 3369 3767 3422 lusti-

2194 3456 2286 3501 tut.
2321 3448 2415 3503 lib.
2450 3463 2534 3513 vr,
2567 3462 2686 3518 cap.
2712 3446 2767 3501 2.
2792 3445 2991 3501 Honsr.

2267 3539 2374 3595 Per
2410 3542 2657 3597 solemnia
2683 3542 2846 3610 pacis,
2872 3550 2977 3597 etc.
3036 3540 3094 3595 In
3139 3540 3425 3597 Glossario
3473 3538 3654 3599 veteri,
3704 3547 3771 3589 so-

2192 3612 2390 3668 lemnia
2435 3614 2581 3683 pacis
2613 3622 2858 3680 ἰυσὲεεια,
2899 3612 3178 3669 Osculum.
3232 3610 3289 3665 Id
3339 3610 3590 3666 Osculum
3614 3616 3771 3683 sancta

2195 3686 2335 3755 pacis
2356 3729 2371 3751 ,
2406 3676 2565 3758 vocat
2610 3676 2888 3758 Paulinus.
2942 3682 3340 3758 Hocﬁsymbolo
3361 3684 3529 3758 _pacis
3558 3691 3691 3758 recte
3720 3676 3769 3758 ad

2193 3754 2511 3828 martyrium
2545 3756 3009 3827 praeparabantur.
3058 3754 3324 3811 Eusebius
3360 3756 3485 3810 loco
3504 3754 3688 3822 sazpius
3708 3754 3769 3805 cis

2197 3836 2307 3883 tato
2336 3844 2350 3882 ε
2385 3834 2574 3900 sipisim
2599 3835 2933 3896 ἀγιπτζσαντες
2959 3833 3099 3885 «ista;
3116 3871 3131 3895 ,
3172 3832 3255 3883 καὶ
3284 3831 3476 3900 εἱρτξνῃν
3500 3829 3611 3900 ἡμῖν
3633 3842 3770 3900 παρῆς

2192 3896 2469 3968 γυὴσαντεξ,
2498 3902 2605 3972 μετ’
2626 3906 2813 3972 εἰρήνης
2834 3908 3082 3972 ἕχωρησιν
3101 3910 3217 3971 πρὸς
3237 3896 3375 3954 Saba.
3407 3896 3536 3972 Quae
3557 3898 3622 3972 ita
3644 3896 3770 3972 vertit

2193 3967 2422 4027 Ruﬁnus
2463 3967 2507 4028 τ’
2534 3967 2704 4044 Super
2734 3967 2906 4044 omnia
2934 3967 3146 4043 'pacem'
3176 3981 3227 4026 et
3253 3973 3373 4044 ipsi
3418 3967 3711 4044 diligebant.
3734 3969 3769 4013 ιι

2193 4046 2335 4099 nobis
2391 4061 2590 4099 seruare
2614 4038 2961 4098 'mandabant'
2993 4060 3013 4099 :
3061 4060 3151 4098 nec
3205 4043 3361 4097 aliam
3409 4038 3530 4106 sibi,
3571 4038 3661 4093 nisi
3702 4048 3771 4101 ριν

2195 4134 2403 4185 pacem,
2436 4118 2569 4170 viam
2611 4116 2681 4169 ad
2710 4118 3016 4187 martyrium
3039 4116 3453 4187 construebant.
3492 4113 3620 4168 Hinc
3654 4106 3766 4187 forte

2191 4182 2581 4246 Tertullianus.
2627 4188 2690 4241 de
2721 4182 2972 4253 Patient.,
2999 4202 3119 4258 cap.
3155 4186 3244 4258 12.
3275 4182 3767 4258 dilectionemvofal

2194 4277 2448 4315 summum
2480 4259 2597 4327 ﬁdei
2626 4248 3029 4327 sacramentum,
3061 4248 3109 4315 et
3138 4256 3416 4316 Christiani
3445 4253 3654 4312 nominis
3677 4248 3765 4303 tlte-

2190 4348 2422 4389 saurum.
2454 4331 2650 4388 HOLS'I‘.

2266 4427 2704 4481 Consummarent.
2769 4425 2882 4481 Vox
2956 4426 3174 4497 propria
3239 4425 3489 4497 perfecti
3529 4411 3759 4497 martyrii.

2193 4497 2284 4556 Sic
2314 4499 2674 4554 antullianus
2704 4497 2768 4553 de
2800 4493 3206 4570 Patient.,'cap.
3241 4493 3311 4555 15
3335 4517 3348 4553 :
3369 4493 3623 4553 Patientia
3649 4499 3764 4570 marf

2197 4572 2331 4642 (yria
2351 4581 2691 4626 consummat.
2724 4570 2792 4626 Et
2812 4569 3135 4642 Cyprianus,
3156 4567 3345 4640 _Epist.
3376 4567 3762 4642 ttt,gmartyri.utlt

2197 4628 2683 4717 consummationem
2725 4628 2976 4717 appellat.
3026 4642 3089 4697 Et
3119 4628 3289 4717 Epist.
3317 4659 3373 4710 v,
3401 4628 3547 4717 jubet
3582 4628 3763 4717 conlff‘

2194 4730 2350 4771 sores
2371 4714 2601 4770 humiles
2625 4722 2679 4770 et
2706 4707 2980 4769 modestos
3010 4723 3064 4770 et
3090 4707 3305 4784 quietos
3325 4707 3468 4779 esse,
3499 4707 3563 4765 Ut
3585 4707 3638 4757 in
3668 4712 3759 4784 ant:

2195 4786 2343 4841 nibus
2399 4786 2671 4841 Dominum
2720 4795 3061 4857 promerentes
3091 4780 3121 4852 ,’
3163 4785 3233 4839 ad
3276 4787 3520 4842 caelestem
3554 4780 3762 4857 ςοτοηαξπ

2196 4858 2365 4913 laudis
2390 4874 2484 4914 sua
2523 4849 2956 4912 consummatione
2991 4849 3302 4927 perueniant.
3347 4849 3650 4927 Respondet
3664 4854 3762 4927 con:

2196 4946 2454 4985 summare
2480 4929 2672 4986 Grteco
2700 4920 3025 4993 τελειοῦσθαὶ,
3057 4943 3164 5001 quo
3192 4930 3309 4999 ejus
3334 4920 3526 5001 linguae
3543 4920 3758 4975 auctores

2199 5003 2251 5057 in
2280 5001 2577 5058 referendis
2602 5002 2874 5074 martyriis
2899 4999 3097 5072 passim
3127 5010 3369 5057 utuntur.
3404 4999 3593 5055 llonsr.

2271 5092 2535 5148 Tirunculi
2597 5093 2919 5165 gladiatoris.
2960 5091 3067 5162 Qui
3117 5107 3297 5148 arenae
3348 5077 3756 5165 victimandésffj

2198 5167 2445 5248 patiatur,
2476 5175 2535 5248 ut
2562 5150 2796 5248 caedibus
2822 5150 3179 5248 assuesceret,
3211 5163 3456 5248 tyrocinii
3498 5150 3757 5248 ι’]ιέξξιξξξίηξ

2200 5239 2255 5293 in
2281 5225 2534 5307 spoliario
2556 5237 2807 5306 ponebat,
2829 5236 3007 5307 ibique
3036 5225 3319 5292 beStiarios
3343 5234 3535 5307 quibus
3554 5225 3755 5307 ferali}?

2201 5300 3756 5407 ξεηξὲριδὶιεῆ,θῖιειιξηρίξξιεέὶριέξείξξιἐξευιὲιξξξέηιξξξθπὲῖ

2200 5382 2427 5435 mortuis
2477 5391 2534 5436 et
2583 5381 2877 5436 inermibus
2928 5371 3296 5436 conficiendis“
3329 5371 3724 5436 exercitatum,a

2197 5452 2338 5524 justa
2384 5454 2677 5524 certamina
2731 5451 3139 5521 produceretur.
3194 5450 3568 5524 Quintilianus,
3595 5428 3751 5524 Decf;

3166 5500 3611 5592 vaca-{Thomas
3643 5500 3752 5592 ἒίξςθ

2205 5585 2476 5666 proprium
2510 5598 2663 5651 istius
2694 5585 2977 5650 ministerii
3006 5610 3202 5650 nomen
3227 5601 3380 5666 erat,
3410 5601 3465 5666 II}

2202 5652 2457 5735 'ses'apud
2483 5667 2773 5723 Eusebium
2793 5709 2809 5734 ,
2843 5666 2934 5721 lib.
2965 5668 3032 5729 4,
3061 5682 3179 5737 cap.
3211 5666 3314 5737 Η,
3345 5652 3397 5720 in
3424 5662 3479 5720 S.
3511 5652 3748 5723 Polycarl"

2202 5738 2463 5811 martyrio
2488 5739 2542 5795 id
2567 5739 2903 5796 retinuerint.
2946 5738 3145 5796 Honsr.
