4050 6308
355 194 428 261 Gl
913 197 1229 261 DlSSERT.
1273 196 1567 260 APOLOG.
1614 196 1751 257 PRO
1772 197 1873 257 SS.
1910 197 2300 270 PERPETUA,
2340 197 2753 260 FELICITATE
2791 199 2881 260 ET
2904 199 3139 262 SOCllS.
3613 206 3686 268 62

350 383 649 399 _————

350 383 3653 421 wmw_

1280 597 2825 751 DISSERTATIO

1627 932 1852 1012 APO
1862 935 2396 1019 LOGETICA

494 1162 745 1247 PRO
819 1160 974 1248 SS.
1055 1163 1772 1264 PERPETUIE,
1858 1171 2582 1263 FELICITATIS
2666 1180 2820 1265 ET
2912 1181 3542 1271 SOCIORUM

1738 1415 2284 1486 ORTHODOXIA
2311 1468 2332 1516 ,

628 1646 952 1707 AUCTORE
990 1646 1293 1709 JOSEl’lIO
1330 1651 1916 1741 AUGUSTINOQEKSI
1957 1656 1988 1713 Ο

2065 1657 2117 1716 Ρ.
2157 1658 2217 1717 S.
2261 1660 2327 1717 Β.
2373 1660 2436 1718 Ε.
2482 1660 2943 1724 PRESBYTERO
2978 1664 3372 1728 CAIlDlNALl.

1476 1852 2531 1893 MM

824 2031 1056 2091 CAPUT
1096 2030 1389 2092 PRIMUM.

1991 2038 2048 2099 A
2071 2051 2205 2095 nece
2234 2037 2402 2096 fuisse
2432 2050 2690 2113 perpetua
2726 2052 2785 2100 et
2817 2057 2924 2101 non
2952 2044 3246 2116 interrupta
3279 2047 3535 2107 Ecclesia)
3567 2056 3681 2106 tra-

2068 2130 2273 2187 ditione
2304 2147 2401 2203 pro
2433 2137 2575 2190 veris
2618 2138 2946 2210 martyribus
2975 2139 3204 2207 habitas,
3234 2141 3478 2215 adeoque
3500 2144 3555 2200 in
3580 2145 3683 2201 Ec-

441 2234 677 2292 Externis
704 2235 1018 2307 argumentis
1043 2249 1107 2290 ea:
1157 2231 1403 2291 Ecclesiae
1430 2243 1478 2290 et
1503 2245 1727 2291 ueterum
1755 2233 1972 2292 Patrum
2071 2226 2253 2283 ειθεὶω
2279 2229 2560 2286 catholica!
2598 2245 2729 2301 [lace
2756 2241 2814 2288 et
2837 2233 3215 2291 communione
3240 2236 3463 2296 obiisse.

358 2329 664 2384 auctoritate
685 2329 877 2400 petitis,
902 2326 1009 2384 SS.
1032 2325 1321 2399 Perpetua,
1350 2324 1632 2383 Felicitatis
1648 2337 1696 2384 et
1715 2331 1969 2385 sociarant

349 2430 641 2492 martyrum
660 2420 967 2476 orthodoxia
991 2418 1296 2475 vindicatur.

426 2512 470 2568 Ι.
503 2510 809 2568 Tertulliani
826 2516 981 2568 ceteri
1011 2513 1275 2586 scriptoris
1298 2530 1393 2585 pro
1422 2512 1680 2586 Perpetua
1714 2515 1965 2588 sociisque

342 2606 664 2677 martyribus
687 2606 1049 2661 testimonium.

424 2698 494 2755 ll.
521 2698 738 2755 Pontius
776 2700 1024 2755 diaconus
1066 2699 1361 2756 earumdem
1397 2710 1679 2773 martyrum
1711 2711 1826 2757 acta
1859 2719 1962 2760 non

343 2793 565 2849 obscure
588 2793 836 2849 laudarit.

426 2889 515 2945 lll.
552 2889 822 2958 Perpetuis
858 2899 906 2944 et
950 2889 1236 2945 Felicitatis
1266 2889 1673 2959 antiquissimum
1714 2892 1871 2962 fuisse
1908 2893 1963 2947 in

344 2983 588 3041 Ecclesia
614 2986 842 3041 Romana
869 2984 1059 3041 cultum
1080 3027 1096 3054 ,
1124 3000 1188 3039 ea:
1213 2983 1453 3040 Buclterii
1486 2996 1768 3055 pervetusto
1790 2987 1961 3042 calen-

343 3079 505 3135 dario
526 3079 917 3135 demonstratur.

427 3170 519 3227 ιν.
550 3170 770 3227 Sanctus
802 3170 1120 3243 Augustinus
1156 3171 1451 3227 earumdem
1491 3184 1774 3241 martyrum
1808 3174 1962 3229 variis

342 3266 405 3322 in
426 3266 553 3321 locis
579 3280 695 3320 cum
722 3265 876 3320 laude
899 3265 1144 3336 meminit,
1174 3283 1237 3322 ac
1263 3268 1423 3322 tribus
1443 3284 1527 3323 eas
1553 3266 1855 3321 tractatibus
1881 3286 1963 3323 ce-

343 3362 599 3428 lebravit;
621 3376 839 3432 quorum
875 3362 1098 3436 priorem
1137 3363 1190 3418 in
1222 3362 1373 3419 editis
1408 3362 1506 3419 leui
1526 3364 1804 3418 admodum
1830 3381 1960 3418 con-

342 3455 545 3525 iectura
564 3466 743 3512 sancto
779 3456 987 3511 Doctori
1013 3454 1307 3529 Basnagius
1335 3446 1596 3528 abjudicat
1618 3467 1663 3512 et
1702 3458 1847 3513 irrito
1877 3475 1961 3514 co-

339 3559 472 3606 natu
495 3549 693 3606 elevare
719 3558 766 3604 et
794 3549 1102 3622 labefactare
1120 3551 1400 3607 contendit.

419 3645 489 3701 ν.
534 3644 887 3701 Ecclesiarum
953 3644 1435 3717 Carthaginensium
1509 3646 1838 3703 celeberrima
1913 3659 1960 3703 et

2148 2317 2187 2373 1.
2219 2319 2602 2390 Tertullianus,
2628 2324 2718 2396 qui
2747 2324 3026 2396 Perpetua:
3060 2341 3277 2383 coevus
3314 2328 3413 2385 fuit
3462 2337 3520 2386 et
3544 2328 3677 2386 Car-

2071 2415 2306 2486 thaginis
2332 2417 2527 2485 incola,
2553 2419 2641 2475 ubi
2672 2408 2951 2491 Perpetua“
2964 2422 3207 2493 sociique
3244 2431 3510 2497 martyres
3555 2425 3678 2480 neci

2065 2508 2247 2563 traditi
2271 2518 2416 2573 sunt,
2444 2510 2561 2582 ejus
2589 2516 2640 2566 in
2662 2513 2796 2568 libro
2818 2513 2883 2569 de
2899 2514 3106 2582 Anima,
3121 2530 3239 2587 cap.
3261 2515 3351 2583 55,
3381 2517 3466 2571 his
3491 2517 3673 2574 verbis

2066 2601 2339 2658 meminit:
2360 2604 2682 2674 «Perpetua,
2714 2604 3008 2664 fortissima
3043 2619 3270 2682 martyr,
3303 2609 3407 2665 sub
3432 2610 3524 2666 die
3553 2625 3676 2680 pas.-

2063 2696 2255 2764 sionls,
2285 2698 2339 2753 in
2368 2699 2705 2756 revelatioue
2736 2702 2966 2770 paradisi
2988 2700 3137 2757 solos
3155 2703 3261 2757 illic
3279 2712 3677 2776 commartyres

2065 2805 2193 2846 suos
2222 2792 2370 2848 vidit.
2387 2812 2407 2847 ι
2430 2792 2507 2850 Ne
2527 2794 2688 2855 verbo
2709 2796 2924 2867 quidem
2950 2795 3145 2853 indicat
3164 2796 3331 2854 fuisse
3354 2798 3497 2853 illam
3514 2807 3676 2855 secta:

2064 2885 2457 2942 montanistica:
2491 2887 2756 2945 addictam
2790 2908 2803 2945 :
2829 2889 2971 2961 quod
3001 2899 3149 2946 certe
3170 2889 3491 2947 vanissimus
3512 2892 3676 2946 homo

2064 2991 2400 3049 nequaquam
2422 2983 2876 3050 praetermisisset,
2914 2983 3111 3040 solitus
3132 2983 3330 3040 inﬂatis
3351 2986 3533 3041 buccis
3550 2999 3675 3042 sce-

2065 3073 2249 3128 leratae
2280 3072 2529 3131 factionis
2553 3077 2750 3132 decora
2787 3092 3065 3133 resonare.
3110 3078 3355 3135 Meminit
3389 3079 3443 3136 in
3481 3078 3674 3136 eodem

2062 3163 2219 3233 libro,
2251 3180 2370 3238 cap.
2395 3167 2447 3233 9,
2476 3166 2723 3226 fanatica}
2746 3170 3023 3241 cujusdam
3049 3172 3294 3227 mulieris
3321 3173 3669 3245 Aagelorum,

2063 3271 2123 3315 ut
2150 3261 2404 3332 putabat,
2440 3272 2497 3319 et
2522 3263 2691 3334 ipsius
2720 3265 2930 3320 Domini
2961 3265 3263 3321 visionibus
3289 3276 3554 3333 assueta;
3579 3283 3677 3322 ne.

2062 3345 2178 3428 que
2197 3372 2419 3415 monere
2441 3361 2642 3416 omittit
2671 3376 2784 3417 sua:
2828 3364 2973 3418 illam
3019 3362 3185 3421 fuisse
3230 3362 3627 3419 communionis
3660 3382 3675 3420 :

2069 3467 2091 3503 ι
2130 3450 2226 3506 Est
2255 3493 2271 3519 ,
2328 3454 2499 3524 inquit
2521 3497 2536 3521 ,
2599 3455 2759 3513 hodie
2790 3472 2945 3512 soror
2968 3457 3109 3528 apud
3142 3472 3242 3514 nos
3277 3457 3671 3515 revelationum

2061 3544 2387 3602 charismata
2438 3549 2629 3606 sortita
2653 3591 2669 3617 ,
2709 3570 2728 3605 ι
2760 3558 2867 3608 etc.
2905 3554 3142 3610 Alterius
3164 3553 3411 3610 meminit
3447 3552 3585 3609 libro
3604 3553 3674 3608 de

2073 3635 2366 3711 Virginibus
2376 3641 2607 3698 vetandis
2630 3658 2796 3715 prope
2816 3646 2999 3714 linem,
3023 3663 3182 3719 quam
3212 3651 3414 3719 pariter
3428 3662 3670 3703 sororem

341 3749 650 3793 ceterarum
691 3739 903 3803 matrix,
960 3738 1234 3811 Perpetui:
1276 3748 1324 3794 et
1390 3736 1677 3795 Felicitatis
1728 3740 1958 3811 reliquiis

2065 3733 2341 3789 nominat:
2370 3744 2425 3790 et
2446 3739 2824 3793 montanistam
2848 3740 3030 3804 fuisse,
3050 3741 3351 3811 perspicuis
3377 3740 3558 3796 verbis
3572 3739 3670 3795 de-

340 3833 612 3886 illustrata
637 3838 729 3899 est,
755 3840 803 3887 et
832 3846 895 3887 ea:
921 3848 1097 3887 eorum
1123 3831 1410 3889 nominibus
1438 3844 1756 3900 nuncupata.

426 3923 517 3979 Vl.
562 3922 629 3979 In
662 3923 832 3980 Missa:
859 3942 1053 3980 canone
1079 3926 1378 3998 quotidiana
1427 3926 1721 3983 earumdem
1751 3929 1960 3984 nomina

346 4017 487 4072 inter
513 4015 816 4072 celebriores
835 4030 1080 4092 martyres
1105 4033 1451 4077 recensentur.

423 4110 536 4167 VII.
576 4110 967 4185 Argumentum,
990 4115 1130 4187 quod
1150 4132 1213 4171 ea:
1238 4118 1317 4172 his
1345 4117 1643 4174 testimoniis
1665 4119 1954 4191 con/icitur,

256 4210 291 4233 °
354 4203 545 4273 frustra
574 4204 885 4279 Basnagius.

425 4295 643 4355 Νυιιωι
670 4301 893 4356 omnino
930 4310 1010 4358 est
1039 4302 1273 4373 religiosi
1304 4303 1476 4361 cultus
1505 4312 1561 4361 et
1598 4303 1955 4361 observantia:

347 4373 558 4458 signuni
584 4433 599 4459 ,
640 4390 787 4463 quod
815 4407 921 4447 non
948 4394 1059 4463 jam
1095 4393 1220 4450 inde
1255 4393 1323 4449 ab
1351 4396 1585 4467 antiquis
1627 4398 1956 4468 temporibus

346 4481 634 4536 confestim
673 4484 725 4537 in
754 4493 967 4540 sanctas
991 4483 1152 4542 hasce
1187 4501 1251 4543 ac
1279 4488 1656 4545 celeberrimas
1688 4501 1955 4565 martyres

344 4577 635 4633 contulerit
677 4577 933 4636 Ecclesiae
980 4579 1261 4637 catholicas
1307 4583 1495 4651 pietas,
1561 4592 1615 4638 et
1683 4586 1952 4643 unanimis

341 4667 545 4739 ubique
571 4678 834 4725 terrarum
859 4671 912 4727 in
942 4687 1035 4729 eas
1074 4673 1382 4729 cbristianm
1424 4672 1699 4745 religionis
1730 4676 1953 4735 allectus

346 4761 776 4832 populorumque
801 4763 1036 4820 devotio.
1072 4764 1270 4821 Earum
1295 4764 1503 4823 scilicet
1531 4768 1745 4824 nomina
1767 4779 1949 4825 vetus-

345 4850 549 4908 tissima
577 4855 931 4913 ecclesiarum
973 4858 1230 4913 tabularia
1260 4859 1517 4916 exhibent
1539 4869 1593 4916 et
1623 4862 1673 4917 in
1702 4862 1952 4919 omnibus

344 4958 484 5014 pene
508 4948 905 5019 martyroiogiis
944 4948 1208 5018 descripta
1240 4960 1396 5006 sunt:
1425 4967 1611 5008 earum
1641 4953 1952 5011 solemnitas

340 5047 397 5093 et
432 5039 626 5095 natalis
651 5040 765 5097 dies
794 5058 986 5113 magno
1025 5043 1336 5101 christiana:
1365 5047 1536 5117 plebis
1568 5063 1832 5104 concursu
1854 5064 1945 5105 ce-

342 5132 584 5189 lebrata:
615 5148 798 5190 earum
829 5137 959 5191 Acta
985 5138 1035 5191 in
1063 5138 1305 5195 ecclesiis
1335 5139 1544 5208 publice
1565 5140 1700 5198 lecta
1731 5160 1745 5197 :
1776 5141 1830 5196 in
1861 5158 1951 5199 ea-

2061 3827 2262 3880 clarat:
2297 3843 2318 3878 ι
2347 3824 2565 3893 Nobis»
2594 3828 2644 3883 id
2667 3842 2751 3884 est
2770 3829 3036 3886 Paracleti
3062 3830 3365 3903 discipulis,
3385 3831 3476 3901 qui
3499 3846 3666 3887 novas

2064 3930 2171 3971 non
2192 3918 2499 3987 spernimus
2526 3919 2859 3991 prophetias,
2886 3923 3210 3977 charismata
3240 3922 3592 3990 honoramus,
3613 3933 3670 3977 et

2063 4010 2301 4067 visiones
2326 4013 2791 4087 revelationesque
2807 4017 3482 4087 suscipimus,cDominus,
3509 4018 3675 4073 etiam

2065 4106 2503 4177 revelatiouibus,
2528 4109 2812 4165 velaminis
2838 4110 3008 4181 spatia
3028 4120 3259 4166 metatus
3272 4118 3377 4167 est.
3403 4110 3536 4167 Nam
3562 4111 3677 4167 cui-

2064 4198 2188 4255 dam
2216 4201 2390 4255 sorori
2417 4209 2619 4257 nostrai
2643 4202 2865 4274 angelus
2883 4203 2934 4258 in
2948 4203 3208 4272 somnis,»
3227 4212 3331 4260 etc.
3353 4204 3494 4259 Nihil
3523 4203 3670 4275 ejus-

2062 4292 2209 4348 modi
2241 4292 2403 4349 tradit
2429 4294 2519 4350 ubi
2548 4294 2615 4351 de
2641 4294 2903 4368 Perpetua
2947 4296 3203 4367 loquitur,
3244 4295 3377 4351 nihil
3403 4295 3670 4366 ejusmodi

2056 4386 2247 4457 jactat.
2306 4387 2595 4461 Martyrem
2659 4389 3031 4447 tantummodo
3096 4390 3369 4457 nominat,
3428 4397 3484 4443 et
3560 4387 3670 4444 for-

2059 4483 2357 4538 tissimam:
2394 4498 2501 4539 non
2540 4482 2685 4539 illam
2731 4498 2973 4539 sororem
3008 4498 3159 4538 suam
3183 4525 3198 4550 ,
3232 4497 3338 4537 non
3366 4489 3661 4553 martyrem

2057 4591 2210 4634 suam
2235 4577 2511 4648 prmdicat,
2540 4587 2596 4634 et
2623 4592 2692 4635 ne
2722 4579 2887 4635 verbo
2939 4577 3157 4649 quidem
3185 4573 3451 4647 signiﬁcat
3493 4573 3661 4630 fuisse

2061 4670 2206 4726 illam
2228 4672 2667 4728 Moutanistarum
2698 4672 3167 4746 superstitionibus
3198 4683 3262 4725 ac
3294 4668 3672 4726 deliramentis

2058 4766 2553 4825 imbutatii.Est-tte
2575 4784 2702 4825 vero
2723 4769 2978 4824 credibile
3017 4767 3153 4823 adeo
3191 4764 3463 4837 singulare
3508 4774 3672 4821 secta:

2055 4874 2169 4916 suae
2189 4871 2567 4917 ornamentum
2602 4864 2702 4918 sibi
2731 4863 2949 4933 suisque
2980 4860 3277 4931 perspicuis
3302 4858 3486 4914 verbis
3514 4872 3673 4914 asse-

2056 4967 2177 5010 rere
2191 4954 2514 5025 neglexisse,
2544 4956 2636 5027 qui
2665 4966 2773 5011 tam
2805 4956 3031 5010 sollicite
3057 4952 3291 5008 monitos
3304 4967 3403 5009 nos
3423 4966 3545 5006 esse
3574 4966 3669 5006 vo-

2056 5047 2154 5104 luit
2180 5049 2397 5105 iusanas
2441 5050 2602 5105 etiam
2626 5050 2997 5109 mulierculas,
3017 5046 3164 5103 nulla
3190 5048 3387 5102 virtute
3405 5046 3660 5116 insignes,

2054 5143 2150 5200 sed
2171 5145 2452 5200 insomniis
2477 5146 2634 5200 unice
2648 5143 2879 5208 deditas,
2904 5160 2935 5199 e
2960 5143 3195 5198 Montani
3218 5140 3402 5197 schola
3426 5153 3481 5196 et
3512 5139 3664 5196 insti-

336 5242 463 5283 rum
494 5228 753 5285 honorem
795 5238 849 5286 et
898 5222 1062 5304 super
1088 5246 1271 5287 earum
1291 5232 1540 5304 reliquias
1568 5235 1765 5305 templa
1787 5244 1841 5290 et
1864 5237 1946 5292 al-
1977 5238 2023 5302 C
2059 5241 2261 5296 tutione
2280 5239 2588 5310 prodiisse?
2606 5239 2740 5308 Quae
2766 5248 2952 5295 contra
2971 5236 3127 5292 aﬂ'ert
3152 5237 3465 5309 Basnagius,
3492 5244 3549 5291 et
3572 5251 3663 5290 ar-

337 5322 472 5377 taria
502 5323 615 5378 Deo
644 5333 987 5381 consecrata:
1022 5323 1357 5397 panegyricos
1382 5326 1656 5383 orationes
1679 5326 1732 5382 in
1761 5342 1944 5384 earum
2047 5344 2361 5405 gumeutum
2431 5333 2571 5405 quod
2614 5348 2681 5388 ex
2726 5333 2808 5388 his
2852 5331 3401 5388 Tertulliaui'verbis
3450 5331 3505 5387 in
3550 5346 3663 5387 sua:

336 5417 705 5474 anniversaria
731 5418 1019 5476 festivitate
1039 5435 1068 5474 a
1098 5417 1344 5475 Patribus
1375 5419 1606 5476 habitat:
1638 5437 1821 5477 earum
1849 5421 1945 5480 de-

335 5512 501 5582 nique
529 5514 779 5583 specialis
798 5556 814 5581 ,
850 5515 990 5570 inter
1016 5513 1325 5586 quotidiana
1366 5515 1630 5599 sacriﬁcia
1651 5559 1665 5579 ,
1698 5531 1939 5573 comme-

2046 5426 2315 5496 Opiuionis
2340 5427 2801 5481 continuationem
2831 5424 3114 5498 exsculpit.
3148 5422 3371 5480 inferius
3396 5433 3659 5481 evertam.

2122 5518 2183 5574 ll.
2220 5518 2440 5575 Pontius
2468 5519 2729 5575 diaconus
2751 5559 2768 5587 ,
2798 5521 2889 5591 qui
2921 5530 3041 5589 post
3062 5519 3345 5591 Perpetua:
3382 5528 3437 5574 et
3465 5516 3659 5575 Felici-

334 5606 569 5661 moratio
610 5606 676 5662 ad
723 5618 905 5664 nostra
945 5622 1115 5680 usque
1148 5620 1388 5682 tempora
1426 5609 1764 5681 perennavit.
1812 5611 1940 5669 Hmc
2047 5614 2179 5669 tatis
2230 5613 2436 5670 obitum
2482 5614 2867 5687 quinquaginta
2900 5616 3116 5673 circiter
3164 5617 3319 5673 annis
3349 5614 3567 5681 ﬂoruit,
3606 5617 3659 5671 in

331 5700 513 5753 omnia
538 5699 853 5758 clarissimis
874 5700 1197 5760 testimoniis
1222 5702 1533 5774 ostendam,
1565 5721 1685 5779 quae
1712 5706 1781 5762 ita
1821 5704 1937 5761 dis-

2042 5705 2164 5765 Vita
2195 5708 2253 5763 S.
2295 5707 2545 5781 Cypriani
2571 5709 2688 5768 haec
2707 5710 2890 5781 habet,
2923 5728 3043 5785 quae
3068 5713 3136 5767 ad
3156 5728 3342 5768 earum
3365 5721 3506 5780 acta,
3538 5724 3658 5766 mea

328 5800 632 5869 pouam,,ut
654 5794 812 5869 plano
835 5804 892 5858 et
915 5806 1103 5871 aperte
1144 5806 1358 5861 constet
1378 5798 1489 5875 jam
1512 5799 1639 5863 inde
1660 5800 1730 5863 ab
1748 5813 1939 5862 earum
2039 5800 2260 5873 quidem
2278 5802 2567 5877 sententia,
2590 5802 2875 5868 manifeste
2892 5803 3211 5877 respiciunt,
3238 5802 3317 5863 uti
3353 5802 3516 5864 etiam
3536 5802 3656 5860 viro
