3988 6310
436 262 511 322 65
1670 251 2124 314 DISSERTATIO
2160 253 2643 315 APOLOGETICA
3683 264 3770 324 σι

436 376 738 435 clarissimo
780 375 939 432 Luca:
981 374 1259 433 ﬂolstenio
1292 374 1615 447 jampridem
1651 385 1735 431 εει
1777 374 2030 430 observa-
2054 371 2109 432 A
2134 388 2293 445 quam
2322 375 2530 431 scilicet
2557 374 2909 449 Pontiusipse
2933 386 3265 446 nasceretur,
3293 390 3435 438 eteo
3470 383 3615 455 quod
3638 385 3769 458 ipse

436 469 636 543 tum“)
658 488 672 524 :
695 488 715 523 ι
738 468 971 537 Majores
1000 470 1169 525 nostri
1185 468 1386 541 plebeis
1403 478 1457 523 et
1475 467 1876 523 catechumcnis
1895 482 2039 521 mar-

439 564 639 636 tyrium
666 564 973 618 consecutis
993 571 1198 617 tantum
1222 561 1468 625 honoris,
1487 575 1583 630 pro
1603 559 1844 632 martyrii
1872 559 2038 629 ipsius

437 656 811 723 veneratione,
826 655 1112 719 dederunt,
1133 662 1186 709 ut
1201 654 1269 710 de
1284 654 1554 725 passionib
1563 669 1623 708 us
1637 669 1821 708 eorum
1847 652 2035 717 multa,

437 757 534 805 aut
562 764 732 821 prope
759 748 1010 816 dixerim,
1043 762 1180 818 pene
1199 759 1389 802 cuncta
1419 745 1861 818 eonscripserint,
1887 754 1943 799 ut
1969 743 2038 801 ad

437 852 677 899 nostram
706 858 921 915 quoque
946 842 1210 907 notitiam,
1240 842 1330 913 qui
1371 842 1607 898 nondum
1638 841 1747 894 nati
1791 840 1989 895 fuimus
2017 882 2035 907 ,

436 935 803 1007 pervenirent.
820 956 839 989 ι
849 935 976 991 Haec
988 934 1099 991 Pen
1108 932 1165 988 tii
1186 936 1351 991 verba
1376 935 1657 1006 Perpetua:
1669 943 1725 990 et
1742 933 2037 990 Felicitatis

437 1039 557 1087 acta
589 1028 757 1101 digito
772 1028 935 1083 veluti
954 1027 1266 1098 ostendunt,
1290 1037 1346 1085 et
1373 1030 1426 1084 in
1448 1046 1509 1085 ea
1523 1031 1726 1100 optime
1748 1028 2032 1101 quadrant.

510 1122 715 1180 Plebeii
739 1122 998 1190 boeloeo,
1027 1123 1244 1180 utidem
1275 1125 1576 1181 observavit
1598 1125 1925 1192 Holstenius,
1948 1138 2040 1180 ac-

437 1214 671 1288 cipiendi
701 1225 828 1272 sunt
846 1215 968 1272 laici
992 1257 1007 1284 ,
1040 1217 1247 1274 nullum
1279 1218 1333 1274 in
1360 1218 1508 1275 clero
1537 1218 1784 1276 ordinem
1814 1215 1991 1289 adepti
2018 1236 2033 1285 ;

434 1312 515 1368 sic
536 1312 681 1368 enim
712 1312 871 1383 paulo
893 1312 1115 1369 inferius
1146 1313 1287 1370 idem
1308 1314 1563 1370 Pontius:
1590 1314 1760 1371 Multa
1787 1325 1904 1371 sunt
1924 1330 2039 1386 qua:

434 1408 602 1463 adhuc
629 1407 872 1481 plebeius,
905 1408 1068 1464 multa
1090 1424 1206 1480 qua:
1221 1413 1336 1482 jam
1368 1408 1628 1482 presbyter
1654 1412 1793 1483 fecit.

507 1502 935 1561 Catecbumenas
957 1505 1122 1560 fuisse
1147 1515 1255 1560 tum
1287 1506 1450 1575 ipsas,
1478 1514 1588 1559 tum
1619 1520 1803 1561 earum
1832 1505 1883 1560 in
1915 1519 2039 1573 pas-

433 1595 588 1653 sione
607 1596 805 1664 socios,
854 1600 1109 1653 Actorum
1149 1598 1442 1661 eollectori.
1478 1599 1595 1670 ipso
1632 1599 1811 1655 statim
1860 1599 2034 1664 init‘o,

432 1688 720 1761 diligentes
758 1700 843 1746 est
891 1691 1204 1747 adnotatum
1237 1710 1249 1745 :
1289 1710 1307 1743 ι
1343 1691 1681 1763 Apprebensi
1730 1702 1854 1747 sunt
1901 1693 2036 1749 ado-

2142 468 2398 524 describit
2439 471 2618 526 studio
2671 470 2891 528 fuerunt
2939 488 3004 530 ac
3068 473 3341 546 diligentia
3380 478 3703 536 concinnata
3744 499 3765 538 :

2141 559 2388 632 adeoque
2415 562 2593 618 medio
2622 565 2820 620 saeculo
2859 566 3019 622 tertio
3059 565 3224 623 fuisse
3259 569 3580 642 Perpetuam
3607 573 3769 644 ejus-

2141 668 2248 724 que
2282 655 2461 710 socios
2505 655 2851 728 Carthagine,
2882 658 2970 715 ubi
2995 660 3312 733 sanguinem
3350 662 3620 735 fuderant,
3653 683 3766 738 pro

2142 747 2284 803 veris
2329 751 2653 822 martyribus
2695 751 2927 823 habitos,
2968 753 3184 813 laudata
3219 755 3396 815 Pontii
3435 759 3601 817 verba
3640 777 3763 818 non

2143 838 2376 896 obscure
2418 842 2666 898 suadent.

2213 928 2302 988 Ill.
2344 932 2401 988 ld
2435 949 2564 990 vero
2592 950 2753 993 nemo
2778 937 3061 995 mirabitur
3107 940 3199 1012 qui
3229 956 3412 1000 secum
3447 946 3629 1003 animo
3666 963 3764 1005 re-

2144 1028 2409 1097 putaverit
2445 1031 2737 1101 sequenti,
2774 1030 2828 1087 id
2881 1042 2965 1089 est
3001 1044 3194 1107 quarto
3230 1035 3486 1094 Ecclesiae
3526 1043 3754 1107 saaculo,

2142 1120 2413 1177 celebrem
2435 1139 2649 1197 quoque
2672 1124 2860 1181 Romae
2888 1124 3056 1185 fuisse
3075 1128 3356 1202 Perpetua:
3381 1142 3437 1189 et
3455 1131 3762 1192 Felicitatis

2143 1213 2510 1274 festivitatem.
2576 1217 2629 1274 Id
2687 1230 2898 1276 constat
2948 1236 3020 1278 ex
3070 1223 3436 1283 vetustissimo
3487 1227 3759 1286 Ecclesia:

2142 1306 2402 1365 Romana:
2422 1311 2749 1378 calendario,
2793 1313 2935 1384 quod
2957 1314 3254 1372 Bucherius
3277 1317 3487 1388 publica
3512 1319 3633 1377 luce
3653 1321 3761 1376 do-

2143 1402 2312 1469 navit,
2341 1415 2396 1461 et
2422 1403 2489 1459 ad
2506 1405 2706 1462 Liberii
2736 1415 2975 1477 tempora
3005 1410 3279 1480 pertinere
3331 1414 3598 1469 unanimis
3628 1429 3760 1471 esse

2141 1496 2356 1552 videtur
2393 1497 2724 1555 eruditorum
2772 1501 3056 1556 sententia.
3110 1501 3169 1557 In
3210 1502 3313 1560 hoc
3361 1504 3544 1577 itaque
3583 1521 3760 1564 vene-

2143 1590 2327 1646 randa:
2353 1593 2685 1664 antiquitatis
2707 1603 3081 1664 monumento,
3115 1595 3285 1652 Nonis
3322 1598 3522 1667 Martii,
3552 1600 3761 1673 Perpe-

2142 1695 2242 1741 tute
2263 1695 2309 1741 et
2340 1685 2625 1745 Felicitatis
2646 1689 2857 1759 Arriae,
2887 1691 3105 1747 nomina
3137 1693 3395 1765 inscripta
3426 1705 3568 1751 sunt.
3593 1696 3759 1767 Quod

432 1780 703 1837 lescentes
745 1781 1127 1848 catechumini,
1174 1782 1474 1840 Revocatus
1526 1793 1581 1840 et
1626 1784 1878 1840 Felicitas
1908 1799 2036 1841 con-
2069 1778 2115 1838 Β
2144 1790 2294 1835 certe
2319 1780 2595 1838 indubiam
2628 1794 2711 1839 est
2737 1785 3085 1842 vetustissimi
3113 1786 3165 1841 in
3194 1786 3436 1844 Ecclesia
3466 1790 3644 1847 cultus
3663 1808 3760 1848 ar-

433 1889 588 1931 serva
618 1875 774 1947 ejus,
822 1876 1145 1933 Saturninus
1199 1888 1252 1932 et
1308 1877 1669 1945 Seeundulus,
1715 1878 1856 1935 inter
1902 1893 2041 1949 quos

434 1977 490 2026 et
513 1968 666 2026 Vivia
706 1970 991 2042 Perpetua,
1048 1972 1275 2029 honeste
1328 1984 1448 2029 nata
1475 2015 1491 2039 ,
1539 1972 1837 2029 liberaliter
1882 1974 2039 2044 insti-

435 2074 573 2131 tuta,
627 2065 998 2122 matronaliter
1044 2078 1232 2137 nupta,
1297 2065 1505 2124 habens
1570 2078 1774 2137 patrem
1824 2077 1880 2124 et
1921 2083 2042 2123 ma-

434 2164 576 2213 trem
613 2167 671 2215 et
714 2158 910 2217 fratres
959 2160 1136 2227 duos,
1198 2162 1429 2219 alterum
1496 2177 1651 2234 aeque
1699 2162 2038 2219 catecltumi-

432 2268 586 2320 num,
610 2273 634 2310 ›
664 2262 776 2312 etc.
808 2256 907 2313 Hic
930 2272 1054 2313 esse
1081 2257 1294 2313 videtur
1321 2256 1583 2324 Saturus,
1616 2272 1777 2328 quem
1813 2254 2038 2312 fratrem

433 2360 591 2403 suum
620 2346 885 2420 Perpetua
917 2352 971 2408 in
998 2351 1146 2408 hisee
1176 2352 1323 2408 Actis
1356 2350 1631 2423 appellat:
1659 2369 1679 2402 ι
1717 2351 1869 2406 Tunc
1896 2349 2041 2404 dixit

432 2438 564 2496 mihi
592 2438 761 2498 frater
789 2459 941 2499 meus
969 2461 985 2499 :
1015 2444 1242 2501 Domina
1270 2458 1427 2500 soror
1450 2485 1465 2511 ,
1505 2461 1525 2496 ι
1576 2454 1684 2499 etc.
1737 2442 1808 2497 Et
1854 2439 1990 2497 infra
2020 2457 2034 2494 :

439 2551 461 2586 ι
491 2533 559 2590 Ει
585 2535 747 2591 retuli
791 2538 972 2597 statim
1016 2537 1166 2593 fratri
1209 2552 1365 2604 meo,
1410 2546 1466 2593 et
1517 2536 1885 2592 intelleximus
1916 2547 2039 2603 pas-

432 2628 641 2683 sionem
674 2644 796 2687 esse
824 2630 1079 2687 futuram.
1118 2652 1138 2687 ι
1193 2633 1456 2705 Loquitur
1497 2642 1674 2688 autem
1713 2632 1782 2689 de
1818 2631 2035 2697 Saturo,

432 2720 676 2793 ejusdem
705 2726 892 2795 agonis
919 2726 1307 2783 commilitone.
1346 2726 1482 2783 Sunt
1514 2726 1745 2796 denique
1772 2725 2038 2794 ejusmodi

433 2814 568 2869 Acta
611 2829 673 2869 ea
720 2816 993 2889 diligentia
1036 2810 1360 2890 conscripta,
1401 2835 1562 2892 quam
1608 2820 1831 2877 Pontius
1860 2821 2038 2876 verbis

433 2910 806 2980 superioribus
834 2912 1033 2970 laudat.
1049 2913 1211 2970 Multa
1238 2918 1406 2985 enim,
1436 2924 1549 2984 aut,
1585 2930 1751 2987 prope
1779 2916 2032 2983 dixerim,

433 3015 570 3072 pene
606 3012 798 3059 cuncta
827 3019 947 3075 quae
969 3004 1037 3060 ad
1058 3021 1245 3063 eorum
1269 3009 1548 3079 passiones
1576 3010 1863 3079 pertinent,
1886 3026 2036 3066 com-

432 3093 758 3163 plectuntur,
810 3096 877 3153 ad
923 3099 1064 3169 ipsas
1105 3115 1272 3170 usque
1317 3102 1637 3159 minutiores
1677 3103 2032 3160 circumstan-

2142 1880 2478 1941 gumentum.
2518 1872 2652 1930 Cum
2684 1878 2827 1932 enim
2856 1878 2954 1934 viri
2983 1880 3179 1935 eruditi
3215 1880 3611 1941 Bucheranium
3655 1902 3757 1943 ca-

2146 1964 2446 2021 lendarium
2479 1967 2531 2020 in
2571 1967 2767 2024 Liberii
2807 1980 3047 2042 tempora
3087 1973 3389 2043 conferunt,
3420 1991 3526 2031 non
3556 1992 3621 2033 ea
3664 1980 3755 2051 ip-

2143 2073 2328 2115 sorum
2356 2076 2507 2117 mens
2531 2070 2632 2131 est,
2658 2062 2846 2120 Romae
2873 2072 2986 2121 tum
3010 2064 3242 2137 primum
3264 2069 3535 2126 institutas
3557 2070 3754 2142 fuisse,

2142 2167 2264 2223 qua:
2294 2152 2345 2207 in
2381 2168 2448 2209 eo
2482 2164 2852 2226 recensentur,
2884 2168 3179 2231 martyrum
3209 2160 3579 2220 solemnitates
3609 2183 3623 2219 :
3653 2166 3757 2221 ab-

2143 2246 2305 2302 surda
2336 2248 2482 2304 enim
2510 2259 2656 2305 esset
2682 2250 2946 2321 ejusmodi
2973 2253 3247 2323 cogitatio.
3288 2254 3424 2312 Nam
3455 2256 3754 2315 Bucheriai-

2142 2356 2246 2398 nus
2287 2342 2409 2409 iste,
2449 2357 2543 2399 seu
2586 2343 2906 2401 Liberianus
2942 2346 3213 2404 indiculus
3248 2364 3315 2405 ex
3355 2351 3751 2422 antiquioribus

2142 2434 2374 2507 dyptieis
2418 2446 2473 2491 et
2502 2436 2779 2493 tabulariis
2805 2436 3106 2511 descriptus
3142 2452 3246 2509 est,
3304 2458 3465 2515 quam
3494 2459 3604 2500 non
3637 2454 3742 2500 tum

2144 2529 2373 2598 primum
2402 2526 2681 2593 Ecclesizc,
2723 2533 3022 2601 praesertim
3051 2531 3394 2604 Apostolicaa.
3435 2545 3488 2593 et
3514 2537 3748 2594 maxime

2141 2629 2302 2692 atque
2328 2620 2590 2691 imprimis
2617 2620 2881 2689 Romana,
2904 2625 2996 2680 sed
3018 2626 3127 2696 jam
3157 2627 3281 2683 inde
3299 2629 3369 2684 ab
3392 2628 3568 2696 initio,
3603 2639 3659 2685 nt
3679 2647 3749 2687 ex

2143 2713 2472 2771 Tertulliano
2522 2714 2605 2787 (l)
2641 2717 2867 2790 aliiSque
2903 2722 3213 2779 auctoribus
3244 2722 3523 2791 discimus,
3560 2739 3750 2781 sacros

2142 2809 2305 2865 fastos
2337 2808 2643 2877 habuerint,
2685 2827 2783 2882 pro
2824 2814 3036 2870 illorum
3077 2825 3378 2888 temporum
3409 2819 3747 2888 conditione,

2140 2903 2543 2959 accuratissime
2576 2903 2830 2975 digestos.
2856 2906 2998 2963 Fieri
3032 2908 3213 2981 itaque
3242 2912 3446 2981 optime
3471 2915 3663 2983 potuit,
3690 2925 3749 2971 ut

2139 2994 2342 3064 aliquot
2381 3004 2505 3053 ante
2542 2995 2814 3053 Liberium
2855 3001 3010 3057 annis
3044 3000 3326 3073 Perpetua:
3366 3015 3420 3061 et
3454 3004 3749 3063 Felicitatis

2141 3088 2319 3143 natale
2348 3098 2583 3160 coeptum
2624 3089 2782 3147 fuerit
2822 3093 2875 3148 in
2912 3094 3044 3149 urbe
3080 3096 3343 3153 celebrari
3375 3115 3388 3151 :
3418 3098 3748 3171 Carthagine

431 3191 554 3256 tias,
580 3198 641 3246 ut
664 3190 824 3262 plane
854 3196 1090 3250 nesciam
1127 3210 1196 3250 an
1247 3196 1425 3268 aliqua
1456 3197 1800 3269 antiquorum
1831 3209 2031 3272 marty-

2142 3189 2318 3237 autem
2354 3182 2663 3255 priusquam
2692 3184 2878 3241 Roma:
2905 3198 3179 3260 receptum
3208 3190 3372 3249 fuisse
3394 3202 3451 3249 et
3473 3194 3746 3264 vulgatum

429 3299 551 3340 rum
585 3286 716 3340 Acta
754 3287 944 3357 majori
981 3288 1324 3345 accuratione
1362 3304 1425 3344 ac
1462 3289 1735 3361 diligentia
1765 3291 2034 3362 descripta

431 3375 559 3431 sint.
584 3376 757 3433 Pontii
783 3379 960 3448 itaque
988 3380 1151 3436 verba
1183 3381 1235 3437 in
1261 3398 1348 3448 ea,
1373 3397 1493 3451 quae
1525 3399 1634 3453 pra:
1663 3384 1912 3439 manibus
1938 3383 2035 3439 ha-

430 3469 642 3540 bemus,
690 3473 820 3527 Acta
866 3474 935 3527 ita
985 3473 1123 3529 belle
1161 3476 1507 3541 conveniunt,
1550 3487 1607 3530 ιιι
1651 3476 1811 3532 nullis
1844 3491 2031 3532 eorum

428 3577 550 3633 qum
595 3563 758 3619 modo
795 3573 1030 3628 exstant,
1072 3565 1283 3622 melius.
1317 3567 1399 3623 An
1438 3578 1617 3623 autem
1662 3567 1837 3624 Pontii
1876 3578 2034 3623 aetate

429 3654 608 3724 aliqua
635 3657 963 3723 exsnterint,
998 3657 1065 3712 ad
1102 3674 1223 3730 quae
1269 3660 1449 3730 aptius
1477 3660 1594 3731 ejus
1636 3662 1796 3717 verba
1844 3662 2033 3718 referri

428 3760 673 3819 possent,
701 3749 859 3806 valde
885 3752 1132 3821 equidem
1158 3753 1343 3809 dubito
1367 3770 1380 3808 :
1404 3768 1527 3810 cum
1551 3769 1656 3810 non
1691 3756 1829 3813 adeo
1862 3756 1913 3812 in
1943 3772 2035 3812 ve-

430 3844 669 3901 tustioris
715 3847 813 3901 aevi
859 3848 1100 3903 moribus
1148 3850 1382 3918 positum
1432 3847 1597 3906 fuisse
1656 3850 1920 3918 videatur,
1977 3861 2035 3907 ιιι

426 3949 577 4009 gesta
606 3949 904 4012 martyrum
941 3940 1077 3996 adeo
1102 3943 1363 4013 exquisita
1395 3942 1670 4016 diligentia
1705 3946 1898 4002 litteris
1925 3953 2034 4001 tra-

428 4032 702 4088 derentur.
735 4033 959 4089 Fallitur
990 4035 1130 4091 enim
1176 4035 1482 4093 Dodwellus
1511 4055 1632 4094 cum
1681 4055 1750 4096 ex
1802 4039 2033 4097 laudatis

430 4125 1193 4199 verbisconcludit(2),tadeo
1213 4130 1431 4187 sedulos
1459 4130 1625 4187 fuisse
1651 4132 1701 4186 in
1730 4143 2029 4206 martyrum

429 4219 596 4288 gestis
617 4220 892 4275 memoriae
923 4220 1196 4277 tradendis
1224 4232 1457 4290 veteres,
1489 4234 1548 4281 ut
1589 4225 1722 4281 nihil
1744 4227 1868 4283 illos
1916 4227 2032 4283 fere

428 4311 630 4383 fugerit
664 4329 678 4378 ;
717 4330 738 4365 ι
775 4322 830 4368 ιιι
861 4328 925 4369 ex
956 4323 1201 4371 actorum
1235 4319 1498 4387 paucitate
1553 4334 1674 4390 quae
1714 4329 2028 4389 supersunt,

431 4407 751 4476 paucitatem
773 4423 986 4478 quoque
1004 4418 1297 4481 martyrum
1311 4411 1545 4483 colligat.
1567 4411 1681 4467 Non
1712 4412 1855 4468 enim
1882 4428 2033 4469 asse-

427 4500 496 4556 rit
531 4500 754 4557 Pontius
796 4502 849 4558 in
885 4503 1223 4573 singulorum
1249 4515 1542 4576 martyrum
1563 4506 1731 4576 gestis
1752 4508 2030 4563 memoriae

430 4594 706 4650 tradendis
733 4598 846 4666 pari
869 4596 1141 4667 diligentia
1175 4607 1386 4652 veteres
1410 4596 1577 4655 fuisse
1600 4610 1843 4655 versatos
1871 4618 1885 4655 :
1913 4600 2030 4671 ejus

430 4702 664 4756 namque
684 4691 958 4759 proposito
980 4690 1112 4744 satis
1131 4700 1243 4745 erat
1267 4689 1749 4747 lueulentissimum
1774 4692 2030 4751 horumce

428 4779 686 4838 Actorum
723 4784 1030 4853 exemplum
1079 4783 1231 4853 queis
1285 4794 1390 4838 tam
1436 4785 1626 4841 sedulo
1672 4786 1740 4842 ad
1784 4801 2030 4857 posteros

429 4875 741 4930 transmissa
805 4874 982 4932 fuerat
1035 4876 1366 4946 plebeiorum
1420 4886 1477 4932 et
1517 4879 2027 4937 catechumenornm

430 4978 725 5042 martyrum
761 4972 1042 5028 memoria.
1089 4971 1220 5027 Inde
1257 4972 1403 5028 enim
1430 4972 1588 5030 facile
1618 4990 1808 5033 omnes
1832 4975 2031 5033 intelli-

431 5065 650 5135 gebant.
676 5082 837 5136 quam
880 5084 986 5124 non
1027 5068 1330 5140 segniorem
1358 5084 1578 5139 operam
1621 5071 1879 5129 adhibere
1912 5072 2030 5143 ipse

429 5155 653 5211 deberet
691 5157 745 5212 in
781 5160 1019 5230 episcopi
1048 5171 1102 5216 et
1140 5164 1388 5234 martyris
1416 5162 1841 5234 praeclarissimis
1863 5168 2028 5237 gestis

428 5250 726 5308 litterarum
771 5256 1133 5312 monumentis
1171 5258 1570 5330 consignandis.
1614 5261 1802 5319 Nullus
1847 5264 2028 5335 itaque

430 5342 638 5406 dubito.
666 5345 797 5415 quin
820 5345 1119 5416 Perpetua},
1150 5348 1444 5408 Felicitatis
1492 5356 1554 5410 et
1597 5355 1871 5413 sociorum
1894 5361 2026 5415 Acta

427 5451 538 5507 pra:
558 5437 730 5494 oculis
759 5438 981 5496 Pontius
1006 5440 1271 5499 habuerit.
1288 5445 1420 5500 Nam
1451 5455 1506 5503 et
1530 5446 1596 5502 ad
1628 5448 1869 5518 plebeios
1903 5466 2029 5521 per-

428 5530 602 5587 tinent
620 5542 676 5589 et
699 5534 1138 5601 catechumenos,
1166 5541 1221 5593 et
1244 5547 1376 5594 tetas
1398 5538 1559 5597 facile
1584 5543 1854 5611 convenit,
1875 5553 2027 5601 ante-

419 5748 448 5819 ἓ
485 5674 579 5804 l(li)
605 5677 663 5733 In
696 5676 823 5804 N‘ot.
854 5678 924 5733 ad
948 5675 1188 5735 Passion.
1216 5679 1633 5755 SS.Perpelua:,
1664 5682 1893 5757 Felicit.,
1916 5696 2022 5746 etc.

537 5790 551 5812 .
581 5764 703 5806 vers
771 5790 786 5805 .

537 5790 551 5812 .
581 5764 703 5806 vers
734 5764 786 5805 ‘I.

422 5868 428 5876 .
491 5820 572 5895 (2)
595 5821 901 5882 Dissert.x1
923 5823 1202 5898 Cyprian,,
1222 5825 1287 5885 de
1308 5824 1800 5904 Martyr.Pattcit.§
1822 5832 1877 5903 5,
1893 5842 1949 5892 et
1966 5834 2020 5892 5.

2139 3290 2326 3331 earum
2360 3277 2584 3343 cultum,
2613 3294 2790 3335 annon
2814 3296 2944 3337 vero
2975 3298 3230 3355 perquam
3258 3284 3590 3344 simillimum
3624 3291 3747 3346 est?

2137 3367 2271 3423 Cum
2304 3370 2463 3441 igitur
2507 3372 2929 3432 medio‘szeculo
2963 3387 3156 3447 quarto
3190 3378 3458 3449 Liberius,
3496 3382 3598 3438 sub
3638 3399 3746 3455 quo

2139 3460 2412 3517 laudatum
2447 3464 2812 3527 calenda'ium
2869 3469 3142 3525 conditum
3182 3483 3300 3538 est,
3340 3473 3533 3530 sedere
3559 3490 3747 3546 coepe-

2136 3554 2225 3620 rit,
2285 3558 2481 3612 morosi
2530 3559 2753 3615 nimium
2794 3563 2964 3618 critici
3008 3576 3175 3632 esset,
3221 3566 3426 3623 inficias
3494 3570 3574 3625 ire
3610 3571 3746 3629 Car-

2140 3644 2375 3716 thagine,
2421 3650 2611 3707 saltem
2656 3652 2876 3711 ineunte
2919 3658 3117 3714 saeculo
3160 3669 3374 3732 quarto,
3423 3661 3743 3723 Nostrarum

2136 3741 2406 3798 celebrem
2437 3743 2603 3802 fuisse
2631 3750 2971 3807 memoriam.

2210 3836 2307 3891 Est
2341 3837 2507 3907 aliud,
2537 3840 2680 3911 quod
2707 3844 2849 3899 circa
2881 3842 3223 3903 Liberianum
3251 3848 3410 3905 istum
3443 3863 3740 3925 martyrum

2136 3931 2454 3989 laterculum
2502 3935 2790 4009 diligenter
2817 3940 2972 3994 velim
2997 3942 3456 4009 animadverti,ex
3483 3962 3593 4018 quo
3614 3965 3741 4003 nos-

2137 4033 2338 4082 trarum
2366 4040 2662 4102 martyrum
2692 4031 2869 4088 cultus
2898 4049 3001 4089 non
3042 4044 3278 4091 vetustas
3320 4036 3501 4106 modo,
3547 4041 3645 4095 sed
3674 4051 3745 4098 et

2134 4120 2419 4177 celebritas
2447 4122 2669 4196 intelligi
2713 4126 2870 4182 facile
2898 4136 3107 4197 potest:
3136 4128 3398 4203 Martyres
3435 4132 3646 4188 scilicet
3688 4135 3741 4190 in

2133 4227 2199 4268 eo
2229 4215 2538 4272 calendario
2582 4218 2883 4287 descriptos
2902 4262 2916 4285 ,
2952 4230 3148 4291 praeter
3173 4220 3395 4278 Nostras
3424 4233 3481 4280 et
3508 4224 3767 4300 Cypria-.

2133 4323 2283 4373 num,
2331 4324 2521 4364 omnes
2565 4324 2685 4366 eSSe
2728 4311 3002 4368 Romanos
3037 4331 3051 4369 :
3084 4330 3280 4386 neque,
3324 4316 3408 4372 his
3440 4320 3611 4375 tribus
3643 4337 3745 4376 ex-

2133 4401 2325 4469 ceptis,
2361 4401 2525 4457 ullum
2566 4402 2616 4456 in
2646 4418 2710 4457 eo
2741 4405 2940 4460 exteris
2988 4407 3315 4479 martyribus
3363 4410 3541 4467 locum
3591 4419 3738 4470 esse.

2133 4493 2285 4562 Quod
2314 4496 2551 4565 profecto
2581 4496 2728 4554 clare
2756 4510 2813 4556 et
2846 4510 3029 4571 aperte
3076 4502 3428 4571 demonstrat,
3471 4521 3633 4577 quam
3673 4507 3743 4562 ab

2056 4586 2109 4646 D
2135 4588 2368 4659 antiquis
2413 4591 2745 4660 temporibus
2783 4593 2837 4648 in
2876 4609 2972 4650 ore
3009 4595 3163 4650 famae
3202 4596 3443 4666 praedicti
3474 4608 3742 4670 martyres

2134 4692 2498 4740 versarentur.
2520 4685 2747 4742 Sanctos
2770 4686 2984 4758 quidem
3013 4697 3299 4761 martyres,
3329 4705 3436 4747 non
3459 4691 3551 4747 uni
3578 4692 3742 4748 alieni

2136 4772 2410 4844 Ecclesiae,
2445 4777 2539 4833 sed
2569 4780 2841 4849 omnibus,
2874 4797 2903 4836 a
2931 4782 3120 4853 primis
3146 4783 3454 4839 christianae
3488 4784 3610 4841 fidei
3639 4804 3744 4842 sa:-

2133 4870 2290 4937 culis,
2332 4871 2495 4928 fuisse
2535 4872 2840 4944 deputatus,
2884 4875 3023 4931 haud
3062 4878 3252 4932 inscite
3282 4878 3604 4935 Oxoniensis
3627 4879 3741 4954 Cy-

2133 4966 2306 5036 priani
2334 4966 2567 5037 Operum
2599 4968 2788 5034 Editor
2816 4971 3153 5036 observavit;
3199 4981 3281 5027 est
3324 4982 3503 5028 tamen
3533 4973 3738 5046 aliquid

2134 5061 2187 5114 in
2214 5060 2332 5130 ejus
2356 5061 2555 5127 verbis,
2590 5078 2688 5133 pro
2714 5065 2947 5133 illorum,
2980 5065 3047 5121 de
3077 5066 3271 5137 quibus
3314 5066 3573 5138 loquitur,
3605 5079 3741 5125 tem-

2133 5168 2323 5227 porum
2364 5154 2691 5220 conditione,
2738 5173 2844 5213 non
2899 5160 3030 5213 satis
3072 5168 3321 5217 accurate
3357 5160 3558 5216 dictum
3600 5180 3614 5216 :
3652 5163 3740 5217 i'i-

2133 5247 2312 5304 demus
2340 5249 2494 5313 enim,
2527 5248 2687 5321 inquit
2717 5248 2821 5321 (Ξ),
2851 5249 2977 5306 Acta
2997 5261 3281 5322 martyrum
3318 5254 3383 5307 ab
3419 5271 3520 5308 una
3553 5254 3736 5312 Eccle-

2129 5344 2208 5400 sia
2224 5346 2292 5399 ad
2311 5346 2441 5401 alias
2466 5347 2797 5411 transmissa;
2827 5356 2872 5401 et
2891 5347 3214 5418 singularum
3252 5349 3580 5404 ecclesiarum
3599 5368 3739 5407 mur-

2132 5441 2384 5512 tyrologia
2429 5458 2530 5497 non
2571 5458 2781 5497 suorum
2825 5444 2997 5511 modo,
3042 5442 3131 5499 sed
3171 5453 3217 5499 et
3257 5447 3408 5517 longe
3439 5444 3737 5504 dissitorutn

2132 5532 2394 5589 hominum
2419 5535 2627 5591 nomina
2650 5537 2929 5593 continere.

2316 5693 2435 5751 ιιι).
2481 5695 2895 5779 ιζε-Ρνωεετὶριη
2926 5714 3045 5773 cap.
3079 5700 3171 5770 52,
3223 5709 3277 5758 et
3298 5700 3393 5757 lib.
3421 5702 3487 5758 de
3528 5701 3735 5762 Corona

2133 5764 2628 5912 Μ’ίὲ’)”ιιῖῗῦ’ὁιίί⁵ἁά
2663 5842 2835 5914 Epist.
2865 5843 3106 5917 Celerini,
3133 5845 3278 5906 inter
3309 5845 3606 5921 Cyprianic.
3638 5850 3729 5909 et.
