3982 6310
191 339 260 402 65
1069 341 1207 402 PRO
1246 342 1347 404 SS.
1377 338 1774 411 PERPETUA,
1814 331 2226 400 FELICITATE
2264 339 2354 401 ET
2375 338 2616 402 SOCIIS.
3435 337 3510 396 66

258 455 321 513 Si
347 455 415 512 de
441 456 836 515 recentioribus
861 461 1260 534 martyrologiis
1295 478 1478 521 sermo
1518 463 1607 531 sit,
1638 469 1787 532 puta,
1815 460 1872 521 A
1896 458 2013 517 falsi
2040 475 2140 532 pro
2166 462 2331 531 veris,
2360 462 2415 518 id
2460 470 2544 518 est
2571 456 2820 516 haeretici
2860 467 2960 529 pro
2987 452 3268 514 catholicis
3294 461 3504 527 marty-

187 550 614 624 Hieronymiano
633 563 687 609 et
710 555 924 609 caeteris
949 571 1070 627 quae
1091 557 1217 615 inde
1249 557 1653 628 proﬂuxerunt,
1685 574 1792 615 non

184 654 266 700 est
303 659 405 700 cur
441 644 602 701 ullam
628 646 840 702 erudito
864 648 983 704 viro
1004 651 1427 707 controversiam
1454 653 1790 721 excitemus;

184 736 281 794 sed
310 738 370 793 in
397 739 787 810 antiquissimis
816 741 1140 799 calendariis
1178 757 1307 799 suos
1333 744 1624 813 duntaxat,
1658 760 1790 817 pau-

183 832 262 888 cis
287 832 554 903 exceptis,
587 843 680 888 aut
706 833 1056 891 finitimarum
1108 836 1505 906 provinciarum
1539 853 1793 910 unaque:—

186 948 286 1006 que
313 933 548 989 ecclesia
578 943 848 1008 martyres
875 935 1121 993 exhibet.
1155 936 1246 993 Sic
1272 937 1325 992 in
1364 936 1611 994 Romano
1648 938 1790 994 Buc-

187 1028 374 1095 cherii,
407 1037 608 1099 praeter
632 1024 858 1087 Nestras
895 1040 951 1088 et
972 1030 1323 1105 Cyprianum,
1350 1041 1412 1089 ut
1442 1032 1643 1089 dictum
1684 1044 1789 1102 est,

193 1138 369 1179 omnes
406 1123 642 1179 Romani
672 1141 687 1191 ;
749 1136 805 1181 et
843 1126 898 1183 in
935 1123 1364 1198 Carthaginiensi
1408 1122 1791 1184 Mabilloniano

199 1217 419 1289 plerique
440 1232 637 1274 omnes
673 1216 1182 1291 Carthaginienses,
1223 1229 1320 1276 aut
1354 1218 1625 1288 Africani,
1672 1230 1788 1286 aut,

206 1310 331 1382 pauci
361 1318 552 1367 tamen
601 1325 669 1367 ex
723 1311 1046 1383 quibusdam
1075 1313 1196 1369 aliis
1222 1312 1537 1384 provinciis,
1565 1314 1790 1383 quibus-

193 1418 297 1460 cum
318 1418 578 1475 magnum
600 1405 727 1461 olim
753 1406 1064 1464 christianis
1081 1406 1619 1480 Carthaginiensibus
1638 1423 1790 1465 com-

191 1503 437 1556 mercium
476 1500 834 1568 intercessit;
874 1517 1165 1573 progressu
1200 1518 1329 1559 vero
1372 1504 1629 1572 temporis
1665 1517 1788 1558 am-

190 1594 346 1664 pliora
377 1608 600 1664 semper
633 1594 849 1650 condita
880 1592 1048 1651 fuisse
1080 1594 1481 1668 martyrologia,
1523 1608 1643 1666 qua:
1678 1610 1786 1650 non

190 1686 511 1758 singularum
540 1686 893 1744 ecclesiarum
924 1697 1150 1754 tantum,
1183 1688 1279 1744 sed
1310 1699 1364 1745 et
1385 1689 1543 1760 longe
1569 1687 1788 1744 dissita-

188 1798 295 1836 rum
325 1781 611 1838 hominum
635 1783 855 1839 nomina
876 1783 1238 1852 continerent,
1261 1782 1465 1839 clarum
1490 1791 1548 1840 et
1577 1781 1787 1854 perspi-

1898 553 2049 609 ribus
2091 554 2146 609 in
2190 568 2340 610 sacra
2389 553 2607 626 diptyca
2658 552 3050 623 reciperentur.
3104 548 3173 603 Et
3228 547 3357 603 licet
3408 545 3509 601 ali-

1897 647 2112 718 quando
2148 648 2525 705 hazreticorum
2566 646 2785 703 nomina
2822 645 2874 700 in
2913 641 3294 716 martyrologia
3324 640 3508 710 inrep-

1896 739 2096 805 serint;
2127 740 2179 795 id
2209 749 2409 807 tamen,
2442 751 2502 795 ut
2527 738 2752 795 inferius
2782 734 3259 801 demonstrabitur,
3289 730 3508 803 sequio-

1897 833 2049 889 ribus
2100 833 2316 891 sarculis
2344 843 2402 891 et
2435 850 2467 889 a
2507 848 2686 889 rerum
2725 841 2995 904 gestarum
3035 826 3295 885 memoria
3326 838 3510 882 remo—
3586 904 3591 911 .

1899 927 2120 985 tissimis
2150 927 2346 985 lactant
2377 937 2462 985 est
2488 943 2504 995 ;
2534 926 2587 984 id
2609 941 2739 982 vero
2760 926 2830 982 de
2853 940 2961 996 quo
2990 938 3134 978 nunc
3159 922 3388 994 agimus,
3416 918 3503 976 vix

1897 1021 2084 1092 elapso
2112 1022 2178 1077 ab
2208 1037 2393 1078 earum
2430 1021 2681 1093 passione
2724 1019 2928 1076 saeculo
2966 1018 3283 1089 contigisset
3314 1033 3329 1071 :
3360 1011 3506 1086 quod

1896 1124 2046 1172 certe
2091 1116 2144 1170 in
2187 1114 2515 1188 martyribus
2556 1114 2801 1187 ejusdem
2835 1113 3165 1171 celebritatis
3191 1121 3247 1169 et
3270 1109 3506 1168 nominis

1895 1215 2046 1262 caret
2084 1207 2353 1278 exemplo.
2388 1207 2495 1264 Sed
2535 1223 2709 1279 neque
2753 1206 3114 1273 Montanistae,
3153 1203 3297 1260 haud
3340 1201 3506 1260 infre-

1895 1316 2066 1373 quens
2096 1302 2150 1357 in
2180 1301 2354 1359 Africa
2394 1303 2770 1359 haereticorum
2801 1300 2986 1369 factio,
3031 1315 3158 1357 suos
3199 1300 3303 1357 sibi
3347 1314 3377 1353 a
3405 1299 3507 1354 Ca-

1894 1393 2347 1465 tholicis’subripi
2371 1406 2638 1468 martyres
2678 1394 2821 1466 passi
2847 1393 3094 1452 fuissent.
3135 1392 3243 1450 Sed
3285 1391 3355 1450 de
3398 1390 3504 1449 hoc

1894 1489 2022 1545 alibi
2056 1489 2263 1559 plenior
2285 1489 2389 1545 erit
2414 1499 2470 1545 et
2495 1488 2850 1559 opportunior
2865 1488 3078 1544 dicendi
3108 1487 3279 1543 locus.

1971 1580 2057 1636 IV.
2084 1582 2240 1637 Initio
2262 1582 2445 1639 saeculi
2483 1582 2655 1654 quinti
2692 1581 2921 1642 ﬂorebat
2948 1581 3299 1652 Augustinus,
3348 1577 3505 1649 cujus

1895 1673 2172 1730 Possidius
2202 1675 2254 1729 in
2288 1674 2524 1731 indiculo
2549 1683 2816 1741 recenset,
2842 1674 2907 1731 de
2936 1672 3120 1729 Natali
3151 1671 3427 1743 Perpetua:
3453 1680 3506 1729 et

1894 1765 2185 1822 Felicitatis
2223 1776 2472 1823 tractatus
2518 1778 2654 1834 tres,
2700 1769 2792 1839 qui
2842 1767 2894 1823 in
2940 1767 3231 1823 novissima
3278 1779 3503 1836 operum

188 1893 333 1934 cuum
352 1888 441 1935 est
474 1896 489 1933 :
524 1878 663 1935 sicut
688 1879 852 1935 etiam
885 1878 1230 1935 festivitatum
1250 1894 1538 1935 numerum
1564 1878 1784 1949 sequia-

1893 1859 2012 1931 ejus
2056 1860 2330 1928 editione,
2390 1860 2495 1916 PP.
2543 1860 3020 1917 Benedictinorum
3076 1858 3505 1932 congregationis

188 1971 321 2027 ribus
349 1971 572 2028 saeculis
606 1970 762 2028 valde
788 1971 956 2029 fuisse
979 1980 1217 2036 auctum,
1250 1981 1305 2027 et
1327 1986 1420 2028 eas
1447 1985 1664 2043 quoque
1695 1984 1788 2026 so-

187 2064 469 2121 lennitates
518 2063 788 2133 adscitas,
847 2064 1042 2135 quibus
1091 2063 1468 2120 remotissimae
1518 2063 1786 2136 longeque

190 2159 311 2215 inter
345 2175 410 2214 se
449 2150 653 2215 dissita:
690 2157 933 2215 ecclesiae
971 2171 1100 2213 suos
1139 2172 1476 2228 unaquaeque
1517 2167 1785 2224 martyres

193 2254 501 2310 celebrabat.
540 2253 648 2310 Sed
677 2262 734 2309 ut
768 2252 837 2308 ad
867 2251 1188 2323 Perpetuam
1238 2261 1293 2308 et
1332 2251 1668 2308 Felicitatem
1694 2264 1786 2306 re-

195 2346 393 2403 deamus
424 2389 442 2414 ,
474 2347 831 2419 quisquamne
878 2345 975 2402 ibit
1023 2345 1229 2402 inficias
1281 2344 1519 2401 dandum
1564 2343 1619 2400 id
1660 2356 1785 2400 esse

197 2452 354 2498 eamut
386 2442 552 2497 fama:
592 2452 751 2512 atque
783 2439 1106 2508 celebritati,
1154 2439 1296 2511 quod
1342 2439 1470 2496 sola:
1509 2454 1631 2495 cum
1676 2439 1786 2510 Cy-

188 2533 394 2603 priane,
444 2550 507 2590 es
544 2535 831 2605 Africanis,
873 2538 983 2594 imo
1022 2548 1077 2594 et
1120 2539 1344 2595 aliarum
1388 2539 1784 2609 provinciarum

188 2627 527 2699 martyribus,
563 2630 617 2685 in
649 2629 897 2686 Romano
926 2631 1236 2687 calendario
1264 2632 1438 2688 locum
1475 2633 1782 2698 habuerint,

190 2719 369 2789 priscis
405 2720 513 2775 illis
560 2723 913 2794 temporibus,
946 2724 1140 2795 quibus
1176 2740 1512 2796 unaquaeque
1553 2725 1784 2781 ecclesia

189 2811 290 2865 suis
326 2818 581 2867 contenta
625 2815 975 2887 martyribus,
1014 2828 1319 2874 exteroruzn
1354 2828 1649 2888 martyrum
1688 2833 1784 2874 so-

192 2901 471 2961 lcnnitates
491 2922 599 2962 non
625 2908 730 2965 nisi
749 2909 1056 2966 rarissimas
1085 2911 1445 2968 adscribebat.
1481 2911 1548 2969 Et
1583 2912 1653 2968 de
1681 2911 1786 2984 Cy-

194 2997 364 3067 priano
390 3000 610 3071 quidem
642 3000 803 3058 facile
842 3002 1176 3076 intelligitur,
1206 3006 1352 3062 unde
1384 3006 1458 3061 illi
1487 3006 1624 3062 adeo
1662 3007 1786 3062 insi-

192 3104 283 3161 gne
323 3091 513 3159 decus,
562 3103 622 3149 ut
661 3095 779 3166 ejus
820 3111 1018 3153 nomen
1043 3113 1164 3154 cum
1194 3099 1432 3154 romanis
1457 3100 1785 3172 martyribus

192 3187 241 3243 in
266 3185 553 3245 Liber-iano
583 3191 822 3247 indiculo
858 3192 1256 3251 adseriberetur
1288 3195 1384 3267 rid
1410 3194 1617 3249 scilicet
1645 3209 1784 3264 pra:-

1892 1955 2069 2011 sancti
2108 1955 2280 2011 Mauri
2324 1956 2507 2012 studio
2550 1955 2830 2024 adornata,
2874 1964 3001 2011 sunt
3040 1954 3182 2012 inter
3220 1967 3504 2010 sermones

1887 2066 2037 2107 num.
2067 2065 2307 2119 ccnxxx,
2337 2065 2571 2107 consul
2596 2060 2651 2107 et
2675 2065 2956 2108 ccuxxn.
3007 2049 3288 2117 Primum,
3317 2047 3370 2105 id
3419 2055 3507 2105 est

1889 2143 2317 2201 ducentesimmn
2351 2146 2800 2218 octuagesimum,
2828 2146 2962 2202 alias
3016 2144 3085 2201 de
3116 2144 3342 2202 diversis
3377 2159 3506 2201 cen-

1890 2241 2143 2296 tesimum
2172 2240 2412 2309 tertium,
2455 2240 2510 2295 in
2543 2240 2764 2295 dubium
2795 2239 3090 2311 Basnagius
3124 2248 3362 2305 revocat,
3393 2237 3505 2295 imo

1890 2350 2000 2390 non
2034 2349 2158 2390 esse
2183 2333 2467 2405 Augustini
2507 2334 2800 2400 existimat,
2844 2333 3119 2389 levissima
3153 2331 3350 2388 ductus
3374 2347 3507 2388 con-

1886 2428 2098 2498 jectura
2130 2442 2145 2480 :
2180 2424 2304 2480 Non
2332 2425 2705 2492 existimamus,
2739 2424 2913 2496 inquit
2953 2421 3056 2497 (l),
3088 2424 3361 2496 Augustini
3391 2440 3502 2479 ser-

1889 2536 2091 2575 monem
2110 2536 2217 2575 esse
2236 2521 2298 2574 de
2315 2517 2498 2573 Natali
2519 2517 2628 2574 SS.
2650 2517 2922 2589 Perpetua?
2936 2526 2983 2571 et
2997 2513 3283 2571 Felicitatis
3300 2527 3500 2589 marty-

1890 2630 2026 2679 rum,
2061 2612 2147 2666 ubi
2183 2613 2293 2666 lucc
2332 2612 2571 2685 leguntur
2602 2631 2614 2666 :
2648 2629 2666 2662 ι
2705 2609 3101 2666 Exlrortationes
3131 2627 3309 2665 earum
3338 2610 3391 2665 in
3421 2610 3502 2664 di-

1890 2708 2021 2762 vinis
2057 2704 2466 2771 revelationibus,
2510 2705 2894 2776 triumphosque
2931 2705 3247 2776 passionum,
3285 2721 3401 2759 cum
3432 2704 3503 2760 le-

1889 2810 2148 2873 gerentur,
2181 2800 2489 2855 audivimus.
2526 2818 2547 2853 ι
2581 2800 2710 2867 Qua:
2735 2814 2857 2853 sane
2895 2814 2999 2853 non
3028 2798 3283 2868 quadrent
3310 2797 3378 2851 ad
3398 2798 3502 2852 Au.

1889 2896 2081 2968 gustini
2108 2905 2347 2960 mentem,
2379 2893 2467 2967 qui
2493 2892 2655 2947 verbis
2691 2893 2944 2963 expressis
2986 2891 3254 2961 Perpetua:
3283 2892 3502 2948 visiones

1891 2990 2178 3061 Scripturis
2206 2990 2397 3044 sanctis
2432 2989 2608 3045 eximit
2631 2988 2710 3061 (2)
2735 3005 2748 3042 :
2781 2986 2862 3043 De
2890 2992 3052 3060 fratre
3078 2997 3247 3042 autem
3270 2988 3333 3045 S.
3365 2987 3502 3043 Per-

1890 3090 2057 3151 petua:
2085 3080 2382 3148 Dinocrate,
2411 3096 2503 3135 nec
2532 3080 2788 3149 scriptura
2816 3080 2931 3149 ipsa
2961 3081 3207 3135 canonica
3236 3091 3331 3135 est.
3362 3080 3502 3147 Quid

1888 3190 2005 3229 vero
2035 3175 2197 3246 magis
2226 3175 2527 3229 canonicum
2553 3190 2705 3245 quam
2733 3173 2921 3228 divina:
2948 3172 3298 3242 revelationes,
3325 3172 3503 3247 quales

195 3281 491 3341 clarissimis
516 3286 636 3358 eius
665 3287 872 3345 meritis
910 3289 1093 3346 dmum
1123 3299 1225 3357 est,
1262 3264 1365 3346 m'm
1398 3291 1450 3345 in
1478 3284 1779 3345 Ecclesia",
1804 3265 1852 3331 C
1884 3266 2132 3321 sermonis
2154 3266 2353 3321 auctori
2378 3265 2779 3320 existimantur?
2809 3264 3003 3322 Verum
3035 3280 3142 3321 non
3168 3266 3501 3338 Augustinus

193 3376 339 3433 modo
384 3377 868 3451 Carthaginensem
891 3390 957 3438 et
973 3383 1277 3439 universam
1306 3382 1578 3448 Africam;
1608 3382 1702 3438 sed
1728 3383 1784 3438 in

193 3484 391 3526 omnem
424 3487 528 3543 qua
562 3483 708 3544 patet
744 3474 1040 3530 Ecclesiam
1085 3486 1141 3532 et
1184 3460 1447 3547 imprimis
1484 3477 1784 3534 Romanam

194 3561 331 3635 longe
358 3564 579 3636 lateque
603 3564 834 3622 diﬂ'usis.
864 3566 1074 3623 Nostris
1104 3576 1284 3625 autem
1326 3568 1469 3625 unde
1507 3584 1631 3625 cum
1675 3571 1784 3642 Cy-

194 3657 363 3725 priane
388 3657 583 3714 eadem
604 3658 791 3729 gloria:
817 3660 1123 3729 celebritas,
1157 3673 1214 3716 ut
1239 3677 1303 3718 ex
1357 3673 1435 3718 tot
1457 3664 1786 3736 martyribus

193 3749 276 3820 qui
316 3750 515 3808 Africae
556 3766 752 3808 arenas
792 3754 1031 3825 glorioso
1071 3770 1266 3812 cruore
1305 3757 1616 3828 irrigarunt,
1648 3756 1785 3813 adeo

195 3850 407 3908 mature,
445 3845 498 3899 id
529 3854 613 3900 est
664 3860 773 3901 non
805 3847 961 3918 longe
989 3856 1111 3919 post
1140 3849 1347 3903 initium
1374 3849 1557 3906 saeculi
1582 3851 1778 3919 quarti,

195 3933 304 3989 sola:
340 3950 472 3990 cum
512 3937 854 3994 sanctissimo
892 3938 987 3994 illo
1027 3953 1090 3995 ac
1128 3938 1487 3997 celeberrimo
1529 3939 1786 4012 episcopo

196 4027 672 4095 spccialemRomze
701 4030 1101 4088 solemnitatem
1121 4034 1618 4103 consequerentur?
1650 4033 1786 4090 Pro-

171 4117 332 4190 ,lecto,
382 4128 486 4176 aut
513 4135 581 4176 ex
624 4136 805 4179 earum
846 4125 1003 4193 actis,
1046 4134 1140 4180 aut
1181 4140 1249 4181 ex
1294 4126 1676 4183 miraculorum
1714 4126 1785 4183 ad

194 4226 362 4270 earum
432 4225 782 4272 monumenta
843 4218 1164 4290 frequentia.
1223 4219 1302 4275 Ex
1346 4219 1625 4276 miraculis
1674 4234 1785 4276 non

198 4306 329 4363 dicet
392 4311 581 4380 utique
645 4311 941 4384 Basnagius
1001 4331 1015 4370 :
1094 4314 1257 4385 igitur
1328 4329 1394 4370 ex
1472 4313 1611 4372 actis
1663 4330 1785 4387 qua

197 4405 423 4461 omnium
466 4405 698 4476 proinde
744 4414 858 4463 tum
902 4408 1151 4465 manibus
1197 4391 1528 4467 terebantur.
1587 4411 1785 4468 Annon

197 4513 316 4557 vero
344 4501 645 4558 absurdum
674 4511 759 4558 est
784 4504 1037 4574 cogitatu,
1073 4506 1211 4560 intra
1243 4507 1401 4562 unius
1440 4506 1628 4563 saeculi
1661 4522 1783 4579 spa-

200 4594 316 4649 tium
342 4612 412 4652 ex
446 4597 727 4653 hominum
775 4598 1036 4655 memoria
1088 4599 1338 4656 excidere
1366 4601 1605 4671 potuisse
1642 4602 1788 4659 cele-

1892 3357 2078 3426 modo,
2107 3357 2201 3414 sed
2226 3373 2401 3429 neque
2429 3357 2566 3413 ullus
2588 3373 2820 3430 unquam
2842 3356 3143 3414 catholicus
3166 3360 3399 3430 scriptor
3419 3359 3504 3414 di-

1890 3454 2036 3509 uinas
2079 3452 2199 3508 heic
2240 3468 2338 3523 pro
2377 3454 2638 3507 canonicis
2671 3453 2989 3523 accepisset.
3026 3451 3160 3521 Quis
3196 3452 3363 3519 enim,
3406 3469 3500 3509 ex-

1891 3545 2064 3617 ceptis
2099 3544 2455 3611 Montanistis,
2501 3544 2738 3615 privatas
2777 3543 3083 3615 lmjusmodi
3122 3545 3500 3616 revelationes,

1890 3648 1947 3695 et
1978 3639 2184 3710 privata
2220 3638 2542 3694 auctoritate
2583 3637 2779 3694 litteris
2807 3637 3051 3706 traditas,
3080 3655 3178 3711 pro
3223 3640 3500 3698 canonicis

1891 3733 2115 3789 habuit?
2145 3734 2227 3787 An
2262 3733 2423 3804 igitur
2461 3732 2729 3788 sermonis
2759 3739 3033 3791 auctorem
3067 3731 3299 3805 aliquem
3333 3733 3501 3791 fuisse

1890 3825 2035 3883 dicet
2093 3841 2125 3882 e
2189 3826 2636 3881 Montanistarum
2680 3836 2824 3882 secta
2873 3825 3334 3883 declamatorem?
3381 3812 3527 3886 Non“

1889 3929 2020 3990 puto
2062 3917 2116 3972 id
2160 3917 2425 3973 dicturum
2472 3918 2647 3973 virum
2705 3918 2998 3976 eruditum.
3045 3918 3299 3990 Quisquis
3340 3920 3504 3992 igitur

1890 4008 2052 4065 fuerit
2076 4010 2347 4065 sermonis
2380 4019 2590 4075 auctor,
2620 4023 2751 4065 sane
2774 4009 2965 4066 doctus
3003 4021 3058 4066 et
3104 4010 3403 4068 catholicus
3450 4022 3506 4072 et

1891 4110 2034 4157 totus
2076 4100 2520 4171 Augustini‘auus,
2548 4100 2749 4156 divinas
2779 4101 2935 4172 dixit,
2981 4117 3012 4157 a
3050 4102 3161 4160 Deo
3207 4103 3503 4178 immissas,

1891 4203 1950 4251 ut
1970 4194 2057 4266 pie
2084 4193 2447 4260 existimabat,
2475 4194 2857 4264 revelationes,
2887 4212 2993 4252 non
3017 4207 3199 4254 autem
3248 4199 3392 4272 quod
3413 4215 3507 4257 eas

1890 4290 2141 4347 crederet
2193 4290 2374 4347 divina
2414 4290 2580 4348 fuisse
2604 4293 2939 4365 conscriptas
2967 4297 3289 4355 auctoritate
3318 4315 3332 4353 :
3360 4299 3507 4356 aliud

1890 4396 1975 4443 est
2012 4387 2156 4443 enim
2201 4386 2437 4441 divinam
2473 4401 2596 4443 esse
2634 4386 3044 4455 revelationem,
3087 4389 3234 4447 aliud
3264 4392 3506 4450 divinam

1890 4493 2013 4536 esse
2047 4488 2102 4535 et
2135 4480 2449 4536 canonicam
2480 4480 2808 4551 scripturam
2864 4480 2919 4537 in
2948 4497 3051 4554 qua
3091 4484 3212 4540 talis
3240 4485 3395 4542 nobis
3422 4502 3511 4544 re—

1890 4572 2089 4628 velatio
2133 4572 2469 4644 proponitur.
2511 4571 2581 4629 Ut
2620 4571 2857 4627 divinam
2891 4572 3133 4631 dicamus
3158 4575 3391 4647 aliquam
3423 4594 3511 4636 re-

199 4682 455 4743 berrimas
485 4688 650 4745 hasce
675 4690 1089 4763 notissimasque
1117 4663 1392 4760 mulieres,
1424 4710 1649 4765 quarum
1680 4696 1788 4751 Ac-
1812 4671 1870 4734 Ῑ)
1896 4666 2243 4765 ,"e'f'jimmr
2263 4663 2473 4763 fume“
2497 4672 2557 4720 ut
2582 4663 2748 4765 Deun.‘
2784 4667 3350 4765 auclorem'abmssf’
3377 4685 3510 4741 pro"

197 4785 359 4836 torum
392 4780 628 4838 lectione
656 4781 946 4839 Christiani
978 4786 1207 4841 miriﬁce
1235 4785 1605 4857 capiebantur,
1633 4787 1789 4844 Mon-

198 4874 503 4931 tanistarurn
538 4874 707 4932 fuisse
735 4877 1012 4933 erroribus
1047 4880 1381 4936 maculatas?
1406 4879 1464 4935 1d
1494 4896 1560 4937 eo
1589 4880 1787 4939 difﬁci~

199 4961 295 5022 lius
316 4967 526 5025 creditu
555 4977 659 5037 est,
691 4984 799 5041 quo
832 4984 1017 5026 earum
1059 4971 1321 5043 insignior
1357 4972 1563 5028 exstitit
1599 4972 1742 5029 fama
1770 4991 1787 5030 :

196 5071 306 5128 quae
331 5060 479 5116 enim
501 5060 571 5115 ad
595 5059 843 5117 obscura:
862 5061 1025 5118 sortis
1045 5062 1290 5120 homines
1312 5063 1604 5135 pertinent,
1633 5044 1791 5122 facile

199 5164 225 5202 ο
251 5162 592 5220 posterorum
623 5155 882 5210 memoria
922 5155 1066 5211 delet
1096 5155 1316 5212 oblivio.
1340 5156 1474 5212 Rem
1498 5172 1627 5213 vero
1652 5157 1789 5216 adeo

196 5242 548 5314 singularem,
591 5246 841 5303 mulieres
869 5247 1075 5304 scilicet
1108 5248 1178 5306 ob
1214 5248 1422 5304 invictae
1460 5247 1791 5307 fortitudinis

198 5335 399 5396 laudem
427 5350 484 5396 et
521 5340 773 5398 caelestes
800 5343 1157 5401 revelationes
1184 5344 1422 5401 omnium
1445 5344 1790 5402 admirationi

200 5430 414 5503 habitas,
449 5435 898 5494 Montanistarnm
934 5439 1176 5496 addictas
1205 5440 1368 5496 fuisse
1398 5442 1793 5510 superStitioni-

197 5525 320 5594 bus;
339 5546 517 5603 neque
537 5529 823 5601 Catholici,
849 5549 1028 5605 neque
1051 5534 1327 5603 Hmretici,
1355 5546 1459 5591 tam
1484 5535 1630 5593 brevi
1656 5545 1791 5593 tem-

197 5624 336 5689 poris
375 5627 661 5683 intervallo
703 5627 758 5683 in
788 5628 1110 5686 oblivionem
1173 5630 1323 5686 abire
1357 5640 1517 5702 atque
1573 5632 1793 5688 interci-

198 5713 321 5774 dere
338 5722 587 5791 permissi
609 5732 758 5779 sunt.
793 5722 908 5780 Non
949 5724 1167 5796 quidem
1200 5723 1484 5791 Catholici,
1528 5726 1617 5796 qui
1647 5734 1703 5780 ut
1723 5726 1792 5783 ab

204 5810 574 5874 haereticorum
620 5821 784 5875 etiam
856 5820 1025 5892 gloria
1088 5820 1443 5878 confessionis
1500 5822 1790 5895 insignium

202 5908 579 5968 consuetudine
625 5911 997 5988 refugiebant,
1043 5914 1118 5970 ita
1159 5913 1388 5972 sollicite
1413 5915 1692 5988 cavebant,
1722 5933 1792 5976 ne

1894 4752 2147 4809 babiliter
2190 4751 2597 4817 existimemus;
2645 4750 2742 4807 sed
2792 4762 2852 4807 ut
2895 4754 3210 4809 canonicam
3263 4755 3509 4813 dicamus

1893 4844 2218 4915 scripturam
2265 4843 2318 4898 in
2347 4857 2451 4914 qua
2480 4840 2603 4898 talis
2626 4841 2887 4899 revelatio
2920 4845 3250 4913 continetur,
3283 4863 3508 4906 necesse

1895 4944 1980 4992 est
2017 4945 2075 4991 ut
2099 4936 2421 4991 canonicum
2449 4938 2793 5006 scriptorem,
2817 4945 2875 4992 et
2896 4937 3080 4994 divino
3111 4939 3351 4996 afﬂatum
3391 4941 3507 5014 ς»ρί-

1893 5027 1999 5083 ritu
2026 5026 2292 5084 habuerit.
2333 5028 2666 5099 Augustinus
2701 5027 2887 5098 igitur,
2931 5038 2990 5084 ut
3014 5028 3269 5103 deinceps
3294 5033 3508 5090 videbi—

1893 5137 2033 5191 mus,
2066 5122 2344 5193 Perpetua:
2373 5123 2735 5183 revelationes
2768 5136 2835 5181 ex
2877 5123 2990 5181 Deo
3031 5124 3197 5183 fuisse
3252 5129 3508 5199 probabi-

1894 5214 2017 5272 liter
2044 5215 2276 5273 credidit
2305 5236 2319 5271 :
2349 5217 2597 5291 adeoque
2633 5223 2835 5277 diuinas
2870 5221 2974 5278 hoc
3006 5237 3168 5281 sensu
3205 5233 3258 5280 et
3286 5225 3511 5282 notione

1896 5308 2080 5365 dicere
2125 5310 2409 5380 potuisset.
2467 5314 2693 5370 Auctori
2744 5330 2876 5371 vero
2914 5316 3181 5371 sermonis
3231 5332 3406 5388 neque
3452 5319 3509 5375 in

1894 5411 2132 5458 mentem
2153 5401 2321 5471 venit,
2343 5403 2783 5472 Perpetuae'Acta
2828 5409 2882 5463 in
2913 5408 3108 5480 quibus
3130 5409 3397 5481 ejusmodi
3419 5427 3511 5469 re-

1896 5496 2192 5553 velationes
2228 5496 2499 5568 leguntur,
2529 5501 2844 5561 canonicam
2878 5517 3000 5559 esse
3028 5504 3369 5574 scripturam,
3413 5521 3511 5562 eo-

1896 5602 2124 5661 rumque
2152 5599 2429 5648 auctorem
2457 5590 2642 5648 divino
2671 5591 2911 5650 afﬂatum
2933 5593 3100 5651 fuisse
3128 5597 3341 5667 Spiritu,
3365 5596 3508 5654 divi-

1898 5699 2073 5755 naque
2105 5686 2388 5756 praeditum
2438 5687 2779 5745 auctoritate.
2828 5687 3006 5757 Quare
3047 5690 3192 5746 inter
3236 5690 3509 5750 sermonis

1972 5843 2051 5917 (l)
2083 5844 2187 5901 An.
2218 5845 2347 5903 205.
2381 5864 2436 5901 n.
2493 5862 2563 5904 v1.

1968 5916 2048 5991 (ἰ)
2078 5917 2193 5973 Lib.
2229 5918 2328 5973 ide
2354 5919 2540 5975 Anima
2567 5930 2614 5977 et
2632 5922 2740 5991 eius
2761 5920 2916 5994 orig.,
2941 5934 3060 5993 cap.
3088 5921 3176 5981 10.
