3988 6310
139 321 221 381 oo
1116 324 1252 386 uno
1290 325 1389 386 ss.
1435 314 1828 397 cenceros,
1872 318 2284 389 FELlClTA'l‘E
2324 328 2414 391 ET
2454 331 2692 395 sucus.
3412 325 3491 399 to

135 442 364 500 Vitensi
412 442 756 514 habeamus;
790 446 918 518 quin
958 446 1101 505 inter
1128 448 1452 506 illustriores
1483 460 1767 522 martyres,
1799 452 1850 511 A
1879 448 2111 520 denique
2138 452 2398 509 solemnis
2442 454 2692 513 sacriﬁcii
2724 456 2898 514 locus.
2929 433 3135 515 Caetera
3174 457 3387 524 altaria,
3424 466 3487 515 ut

134 547 444 609 antequam
466 553 535 595 eo
553 540 901 611 inferrentur,
957 544 1157 602 fuerint
1180 555 1474 604 numeratae
1495 547 1769 618 ambigere

138 648 260 687 non
293 632 589 693 debemus.

218 728 339 785 Sed
383 734 752 791 translationis
780 743 1020 806 tempus,
1053 744 1116 792 ut
1151 735 1220 793 de
1245 736 1422 793 cultus
1448 735 1768 807 antiquitate

138 823 321 878 etiam
350 836 608 895 constet,
631 829 929 885 eruendum
967 841 1071 885 est.
1103 832 1259 886 Anno
1302 847 1468 889 cccxc
1495 875 1510 899 ,
1541 850 1649 905 quo
1674 847 1764 889 se-

142 916 397 973 cundum
429 919 722 976 concilium
748 920 1174 993 Carthaginense
1195 924 1431 979 habitum
1456 935 1560 993 est,
1595 926 1768 996 major

142 1009 385 1064 ecclesia
414 1010 855 1084 Carthaginensis
885 1030 949 1071 ex
995 1016 1277 1086 Perpeture
1308 1018 1547 1084 nomine,
1581 1029 1639 1074 ut
1682 1021 1765 1074 vi-

145 1103 377 1173 dimus,
404 1109 839 1178 nuncupabatur.
881 1110 957 1164 Eo
1006 1110 1168 1182 igitur
1212 1127 1358 1167 anno
1405 1114 1761 1185 antiquiorem

152 1210 396 1257 statuere
414 1202 682 1258 debemus
710 1219 987 1261 sacrorum
1019 1207 1301 1277 pignorum
1334 1209 1763 1265 translationem.

155 1296 273 1353 Sub
309 1297 524 1354 Liberio
550 1298 949 1356 Bucherianum
979 1301 1343 1358 calendarium
1369 1346 1383 1368 ,
1411 1315 1469 1359 ut
1499 1303 1761 1373 diximus,

154 1390 544 1446 concinnatum
569 1400 676 1448 est.
706 1392 762 1448 ln
791 1408 881 1459 eo,
909 1402 968 1449 ut
992 1402 1047 1450 et
1075 1396 1126 1450 in
1154 1396 1405 1452 omnibus
1444 1400 1768 1471 martyrolo-

145 1483 273 1555 giis,
298 1483 590 1555 Perpetua:
612 1496 665 1541 ct
688 1484 985 1543 Felicitatis
1011 1486 1205 1544 festum
1232 1490 1386 1545 nonis
1409 1492 1615 1546 martiis
1639 1507 1767 1547 con-

147 1578 417 1648 signatur.
476 1577 632 1634 Hunc
680 1589 861 1634 autem
925 1597 1033 1637 non
1102 1600 1287 1639 earum
1337 1587 1614 1658 martyrii,
1667 1588 1764 1644 sed

147 1670 525 1727 translationis
562 1687 683 1727 esse
710 1672 853 1728 diem
879 1717 893 1737 ,
948 1672 1032 1730 Cl.
1064 1675 1256 1748 Pagius
1302 1677 1403 1733 hoc
1446 1690 1765 1749 argumento

151 1763 353 1831 probat
381 1760 485 1836 (l).
519 1762 700 1819 Passus
726 1775 853 1821 sunt
878 1765 974 1823 SS.
1006 1768 1269 1840 Martyres
1304 1769 1417 1841 'quo
1466 1772 1555 1827 die
1590 1776 1765 1831 natale

1874 543 2015 600 idem
2043 545 2295 602 observat
2320 548 2702 620 Albaspincus,
2728 552 2780 606 in
2808 553 3106 609 subsidium
3135 555 3477 609 communio.

1872 637 1957 691 nis
1985 647 2255 694 exstructa
2287 650 2434 709 sunt,
2458 642 2631 712 cujus,
2665 652 2721 698 ut
2751 644 2953 700 dictum
2979 655 3080 710 est,
3105 655 3348 701 centrum
3377 661 3471 702 eeo

1870 729 2035 787 clesia
2091 741 2146 787 et
2186 734 2359 789 altare
2400 735 2636 806 episcopi
2679 736 3031 793 habebantur.
3078 737 3134 793 In
3178 738 3283 794 hoc
3324 738 3482 795 altari

1870 839 2031 895 quam
2073 824 2380 898 frequentes
2421 827 2685 885 Catholici
2728 833 3219 900 communicabant,
3259 844 3364 888 tam
3392 832 3473 905 ,ad

1870 916 2001 972 illud
2037 918 2397 977 schismaticis
2440 930 2495 978 et
2551 923 2819 980 htereticis
2854 926 3030 981 nullus
3062 928 3470 997 permittebatur

1870 1025 2122 1069 accessus
2154 1031 2166 1067 :
2195 1014 2577 1081 immoinde,vi
2599 1015 2760 1073 etiam
2785 1017 3477 1084 adhibita,extrudebantur

1868 1107 1959 1177 qui
2003 1106 2259 1163 Ecclesiae
2288 1109 2569 1165 catholica:
2598 1113 2980 1167 communione
3015 1112 3365 1182 excidissent,
3408 1129 3478 1171 ne

1870 1197 2032 1265 forte,
2065 1200 2136 1256 ob
2166 1201 2269 1257 loci
2301 1205 2639 1260 sanctitatem
2666 1214 2720 1260 et
2745 1204 3152 1277 amplitudinem
3180 1207 3234 1262 in
3258 1223 3365 1279 quo
3386 1223 3479 1264 ve-

1872 1298 2014 1348 teres
2051 1294 2336 1351 catholica:
2386 1299 2784 1353 communionis
2833 1313 3015 1355 arcem
3057 1300 3468 1369 constituerant,

1870 1400 1967 1455 pro
2003 1387 2283 1464 catholicis
2328 1389 2677 1447 haberentur.
2730 1392 2898 1463 llujus
2950 1393 3029 1449 rei
3075 1402 3393 1465 argumento
3421 1393 3476 1450 id

1868 1492 1990 1532 esse
2010 1489 2208 1548 potest,
2239 1481 2381 1552 quod
2409 1482 2478 1538 de
2506 1483 2673 1538 Paulo
2699 1483 3058 1541 Samosateno
3082 1494 3267 1542 narrat
3304 1487 3475 1543 Euse-

1869 1570 2021 1637 bius;
2069 1573 2335 1629 nelarium
2360 1576 2570 1632 scilicet
2621 1575 3039 1634 hicresiarcham
3079 1579 3345 1635 sententia
3385 1593 3475 1651 sy-

1871 1663 1995 1719 nodi
2024 1680 2452 1737 exauctoratum,
2494 1679 2549 1725 et
2578 1668 2922 1727 Antiocheno
2964 1673 3280 1743 episcopatu
3318 1671 3469 1741 deje-

1870 1766 2038 1827 ctum,
2083 1760 2267 1827 domo,
2308 1764 2437 1839 sedo
2482 1773 2538 1819 et
2582 1764 2810 1820 ecclesia
2855 1766 3147 1837 episcopali
3196 1764 3473 1822 exturbari

155 1852 308 1909 Getae
351 1852 587 1910 Ctesaris
634 1857 958 1912 colebatur:
1014 1859 1232 1915 Munere
1277 1864 1523 1917 castrensi
1556 1880 1761 1921 eramus

1869 1852 2178 1923 neutiquam
2209 1857 2446 1925 potuisse.
2503 1858 2761 1928 quamdiu
2785 1858 3040 1929 Zenobio,
3074 1860 3227 1931 cujus
3256 1861 3344 1917 ille
3379 1860 3473 1915 fa—

152 1949 458 2016 pugnaturi.
490 1948 683 2004 Natale
722 1962 840 2006 tunc
868 1950 1011 2007 Gela:
1041 1954 1279 2010 Cesaris.
1320 1956 1387 2012 Et
1413 1956 1547 2013 infra
1576 1976 1589 2013 :
1623 1959 1764 2027 Quid

150 2042 327 2112 utique
365 2058 472 2096 non
525 2045 776 2114 permittis
814 2048 1116 2119 refrigerare
1165 2051 1334 2105 noxiis
1374 2050 1721 2111 Nobilissimis
1745 2098 1760 2121 ,

152 2135 381 2191 Cesaris
412 2138 601 2193 scilicet
623 2182 640 2207 ,
687 2149 738 2194 et
783 2141 946 2195 natali
977 2143 1206 2212 eiusdem
1236 2148 1538 2218 pugnaturis
1560 2150 1586 2203 ?
1614 2151 1683 2203 At
1710 2150 1761 2205 in

154 2230 307 2285 diem
337 2235 612 2302 septimam
643 2236 1031 2308 martii,neqne
1061 2238 1272 2308 imperii
1296 2239 1556 2309 Caesarei,
1588 2258 1763 2313 neque

160 2324 328 2380 Geta
371 2325 541 2381 natale
562 2328 850 2399 genuinum
895 2329 1182 2386 incidebat.
1215 2330 1384 2387 Natus
1413 2333 1557 2389 enim
1590 2333 1759 2403 Geta,

170 2424 316 2472 teste
343 2416 614 2489 Spartiano
642 2419 724 2493 (ἓ)
750 2461 766 2487 ,
813 2431 955 2476 sexto
1008 2424 1250 2479 calendas
1268 2423 1761 2494 junias:Cac5area

160 2524 293 2564 vero
323 2509 579 2580 dignitate
602 2528 745 2569 anno
764 2529 959 2571 cxcvm
979 2558 994 2585 ,
1042 2533 1148 2572 non
1180 2528 1304 2574 ante
1331 2519 1473 2575 diem
1501 2535 1594 2576 xm
1624 2522 1766 2594 apri-

159 2602 224 2659 lis
250 2619 474 2662 ornatus
500 2618 585 2663 est
615 2629 628 2665 :
654 2606 718 2663 Et
757 2612 889 2666 ratio
920 2621 1010 2679 est,
1046 2613 1216 2684 inquit
1253 2613 1449 2686 Pagius
1473 2658 1486 2681 ,
1516 2618 1658 2687 quia,
1706 2627 1761 2672 ut

161 2714 280 2753 mea:
306 2700 467 2754 visuri
508 2718 708 2770 summ,
736 2703 1004 2760 Caraealla
1042 2718 1155 2779 post
1210 2725 1326 2763 eum
1364 2711 1498 2765 diem
1525 2711 1762 2781 .tribuni-

159 2791 283 2845 tiam
339 2802 645 2864 potestatem
683 2807 730 2853 et
768 2810 1070 2871 augusteam
1098 2801 1397 2874 dignitatem
1435 2821 1467 2857 a
1493 2815 1639 2875 patre
1673 2806 1764 2859 ob-

157 2886 348 2952 tinuit;
393 2898 450 2943 et
476 2891 772 2949 verisimile
800 2909 905 2950 non
954 2904 1037 2950 est
1084 2893 1275 2951 Getam
1321 2898 1567 2953 minorem
1594 2898 1762 2969 [ilium

156 2979 302 3047 prius
329 2997 362 3033 a
402 2992 549 3052 patre
587 2985 874 3058 Augustum
910 3000 1279 3061 nuncupatum.
1341 2990 1567 3064 Utraque
1596 2995 1765 3066 itaque

155 3075 474 3143 nuncupatio
518 3077 597 3131 vel
622 3079 795 3133 eodem
842 3090 1069 3150 tempore
1110 3092 1225 3152 post
1273 3100 1493 3140 mensem
1522 3089 1764 3143 martium

151 3165 317 3233 facta,
340 3168 420 3221 vel
448 3168 719 3226 Caracalla
757 3173 897 3243 prius
927 3174 1093 3228 dictus
1133 3176 1392 3247 Augustus
1436 3195 1589 3249 quant
1637 3179 1765 3236 Geta

1872 1961 2003 2003 vore
2031 1958 2083 2001 et
2112 1948 2281 2018 gratia
2311 1951 2579 2017 utebatur,
2619 1969 2801 2008 rerum
2828 1955 2881 2009 in
2906 1952 3129 2011 Oriente
3161 1955 3329 2027 potita
3360 1963 3465 2012 est.

1868 2039 2095 2097 Tamdiu
2144 2043 2287 2098 enim
2332 2058 2393 2099 se
2432 2059 2529 2115 pro
2578 2047 2819 2117 legitimo
2856 2050 3112 2121 episcopo
3158 2049 3467 2106 habendum

1866 2133 2214 2199 existimavit,
2243 2146 2297 2189 et
2325 2137 2649 2193 catholicam
2675 2140 2887 2210 plebem
2919 2141 3022 2198 sibi
3053 2143 3288 2199 retinere
3309 2158 3470 2215 posse

1865 2226 2112 2292 credidit,
2147 2229 2401 2297 quamdiu
2430 2230 2672 2298 domum,
2707 2234 3045 2304 cathedram,
3084 2235 3360 2293 basilicam
3412 2246 3470 2296 et

1866 2320 2034 2375 altare
2072 2333 2381 2391 occuparet,
2414 2323 2468 2377 in
2496 2340 2603 2394 quo
2630 2326 2862 2397 majores
2894 2329 2977 2383 sui
3009 2328 3222 2398 sedere,
3256 2328 3468 2401 plebem

1864 2411 2141 2483 colligere,
2188 2413 2489 2472 oblationes
2519 2426 2575 2472 et
2601 2429 2724 2473 vota
2757 2421 2940 2492 populi
2979 2422 3278 2493 suscipere,
3304 2431 3359 2479 et
3381 2438 3469 2479 sa-

1864 2502 2065 2559 criﬁcia
2092 2505 2202 2561 Deo
2228 2505 2427 2563 oﬂerre
2456 2522 2872 2567 consueverant.
2901 2513 3165 2569 Catholici
3192 2529 3322 2570 vero
3347 2515 3469 2587 epi-

1866 2596 2011 2666 scopi
2052 2597 2199 2652 omui
2245 2614 2350 2670 ope
2387 2610 2441 2656 et
2488 2616 2682 2658 conatu
2731 2614 2957 2676 egerunt
3011 2615 3087 2673 ut,
3131 2608 3468 2679 nequissimo

1866 2690 2084 2747 homine
2114 2694 2359 2764 expulso,
2392 2696 2651 2765 Domnus,
2683 2700 2773 2771 qui
2825 2701 2875 2757 ei
2910 2700 3087 2758 fuerat
3119 2707 3468 2776 subrogatus,

1865 2784 2227 2856 episcOpalem
2271 2789 2551 2846 basilicam
2590 2792 2880 2862 obtineret,
2919 2805 2974 2851 et
3022 2795 3079 2851 in
3118 2795 3469 2855 decessurum

1865 2891 2085 2933 suorum
2125 2881 2257 2937 sede
2326 2882 2689 2957 cathedraque
2741 2888 3121 2944 collocaretur.
3155 2890 3311 2957 Quod
3351 2889 3472 2962 qui-

1865 2968 2007 3036 dem,
2061 2972 2339 3044 proﬂigata
2385 2974 2640 3042 Zenobia,
2688 2977 2971 3036 Aureiiani
3019 2996 3122 3053 ope
3170 2981 3466 3053 perlectum

1867 3073 1967 3129 est,
1992 3066 2097 3132 qui,
2128 3079 2185 3121 ut
2212 3067 2286 3121 ait
2314 3067 2578 3125 Eusebius
2607 3069 2708 3143 (l),
2728 3074 2793 3125 ab
2808 3073 3060 3145 episcopis
3086 3074 3462 3145 interpellatus,

1866 3157 2141 3213 rectissime
2180 3159 2275 3214 ltoc
2324 3163 2579 3234 negotium
2623 3164 2942 3235 dijudicabit,
2988 3167 3055 3223 iis
3099 3167 3308 3223 domum
3354 3169 3471 3223 dari

153 3256 350 3313 ϐαίην.
397 3260 571 3328 Quare
596 3276 792 3320 sancta:
840 3265 1095 3339 Perpetua
1124 3279 1170 3323 et
1206 3267 1451 3326 Felicitas
1493 3272 1598 3328 alio
1638 3274 1721 3329 die
1743 3315 1758 3340 ,

1869 3251 2170 3320 prtecipiens
2194 3252 2372 3321 quibus
2401 3252 2573 3309 Italici
2604 3256 2901 3312 christiana:
2922 3259 3189 3331 religionis
3214 3261 3469 3316 antistites

152 3369 310 3424 quam
335 3371 438 3426 quo
463 3375 628 3425 passae
653 3369 793 3427 sunt,
823 3361 877 3415 in
908 3363 1288 3436 martyrologiis
1312 3366 1571 3422 coluntur.
1611 3365 1764 3434 Quod

154 3463 258 3502 non
284 3464 409 3503 raro
437 3452 699 3521 accidisse,
733 3454 924 3524 passim
956 3455 1011 3510 in
1035 3457 1131 3512 hoc
1170 3474 1323 3530 apere
1349 3458 1721 3517 observabimus
1742 3503 1760 3529 ,

157 3539 365 3611 diesque
391 3544 607 3613 septima
636 3548 808 3601 martii
851 3548 959 3603 dies
1012 3560 1085 3604 est
1126 3567 1227 3623 quo
1259 3551 1617 3625 Carthaginem
1669 3570 1761 3610 ea-

155 3647 269 3685 rum
298 3634 533 3705 reliquit:
559 3648 737 3708 postea
772 3642 1064 3708 translatae,
1090 3660 1192 3698 non
1217 3659 1334 3700 vero
1363 3647 1470 3701 dies
1501 3646 1759 3703 obitualis.

158 3723 293 3781 Cum
320 3726 499 3799 itaque
520 3732 701 3789 medio
725 3736 922 3791 stcculo
942 3747 1134 3807 quarto
1162 3738 1405 3797 Liberius
1432 3742 1625 3799 sedere
1650 3758 1763 3800 cce-

160 3818 317 3888 perit,
350 3818 457 3876 hoc
486 3831 727 3895 tempore
754 3842 1025 3883 sacrarum
1066 3830 1411 3901 reliquiarum
1442 3833 1617 3890 fuerat
1640 3852 1763 3908 per-

163 3921 277 3966 acta
318 3913 649 3970 translatio:
680 3918 921 3991 adeoque
961 3932 1196 3979 statuere
1239 3924 1361 3994 jure
1393 3928 1598 3997 optimo
1632 3946 1761 3999 pos-

164 4015 379 4069 sumus,
409 4021 534 4061 eam
577 4012 981 4070 translationem
1028 4031 1134 4070 non
1174 4016 1345 4071 multo
1393 4030 1515 4089 post
1552 4020 1763 4078 initium

168 4100 339 4154 saeculi
359 4099 563 4170 quarti,
595 4104 795 4160 reddita
818 4106 929 4178 jam
956 4124 1052 4180 per
1069 4109 1481 4169 Constantinum
1507 4115 1765 4175 Ecclesia:

162 4204 310 4261 pace,
335 4192 510 4252 fuisse
531 4197 855 4255 celebratam
878 4218 893 4269 ;
917 4203 1061 4259 etab
1084 4220 1269 4261 earum
1287 4209 1545 4280 martyrio
1565 4210 1765 4268 saeculo

161 4285 439 4344 dumtaxat
462 4291 664 4363 elapso,
684 4294 1002 4366 Perpetuam
1030 4308 1083 4354 ct
1106 4298 1438 4358 Felicitatem
1466 4306 1766 4376 praecipua-

162 4395 286 4436 rum
313 4393 603 4457 martyrum
641 4388 764 4444 loco
790 4389 999 4448 habitas
1021 4433 1038 4461 ,
1080 4404 1134 4451 et
1162 4394 1227 4450 ad
1258 4410 1443 4454 earum
1475 4400 1766 4458 memorias

164 4472 635 4548 Carthaginensctn
675 4484 930 4555 populum
992 4487 1485 4560 frequentissimum
1539 4509 1767 4551 concur-

167 4584 322 4625 11550.

239 4663 481 4724 Vidimus
529 4672 799 4742 quomodo
820 4690 888 4731 ex
910 4686 1214 4735 nostrarum
1242 4692 1539 4755 martyrum
1562 4684 1614 4741 in
1647 4701 1765 4743 ma-

167 4759 334 4828 jorem
372 4765 655 4824 ecclesiam
696 4768 1175 4842 Carthaginensem
1206 4777 1559 4835 translatione
1582 4781 1765 4838 cultus

172 4867 348 4910 earum
395 4858 678 4916 celebritas
730 4871 788 4918 et
837 4865 1129 4936 antiquitas
1198 4869 1642 4930 demonstretur:
1679 4877 1760 4931 vi-

174 4945 399 5004 dendum
425 4966 674 5024 superest
730 4973 890 5028 quam
916 4960 1222 5019 luculenter
1248 4979 1315 5021 ex
1338 4968 1531 5024 eodem
1557 4971 1763 5043 princi-

172 5042 258 5112 pio
282 5058 465 5100 earum
495 5048 812 5106 orthodoxia
853 5054 1223 5112 conﬁrmetur.
1257 5058 1523 5129 Ecclesia,
1548 5062 1762 5130 domus,

172 5136 418 5193 cathedra
451 5150 506 5196 et
529 5142 700 5201 altare
729 5146 782 5201 in
815 5148 1001 5219 primis
1027 5152 1285 5226 episcopi,
1315 5165 1558 5213 centrum
1588 5170 1762 5228 erant,

171 5242 229 5288 ut
256 5244 402 5290 notat
438 5236 833 5297 illustrissimus
860 5240 941 5319 (ὅ)
971 5246 1349 5318 Albaspineus,
1379 5251 1766 5311 ecclesiastica:

171 5331 584 5388 communionis.
612 5334 690 5389 Eo
706 5335 972 5393 catholica
996 5340 1148 5411 plebs
1176 5341 1607 5415 frequentissima
1633 5362 1765 5404 con-

174 5418 388 5490 ﬂuebat,
429 5424 556 5482 inde
603 5430 859 5500 populum
905 5434 1189 5507 episcopus
1241 5437 1632 5509 alloquebatur,
1694 5443 1764 5500 ibi

173 5530 357 5588 preces
386 5535 572 5577 eorum
601 5533 655 5579 et
681 5524 980 5584 oblationes
1005 5538 1060 5585 et
1098 5541 1221 5588 vota
1266 5534 1613 5605 suscipiebat.
1660 5537 1758 5595 llic

171 5623 286 5670 erat
311 5614 464 5673 locus
502 5620 784 5687 orationis,
829 5614 916 5679 hic
959 5623 1106 5683 locus
1152 5638 1636 5699 sacramentorum,
1667 5630 1769 5705 hic

242 5752 321 5823 (ί)
349 5753 508 5809 Anno
538 5755 660 5823 198,
693 5773 913 5815 num.v.

243 5824 318 5897 (2)
343 5825 403 5881 In
431 5825 579 5898 Geta,
611 5844 729 5898 cap.
756 5832 809 5886 5.

242 5896 316 5974 (5)
349 5899 408 5954 lu
432 5896 566 5955 Not.
594 5902 662 5955 ad
680 5896 886 5978 Optat,
918 5904 1011 5965 lib.
1034 5907 1272 5967 tadum.
1296 5907 1631 5969 Parmenion.

1869 3353 1916 3397 et
1948 3344 2214 3401 Romanus
2246 3344 2536 3420 Episwpus
2564 3349 2856 3407 scriberent.
2884 3354 3018 3422 Qua:
3064 3369 3187 3411 cum
3238 3355 3311 3412 ita
3339 3356 3469 3426 sint,

1865 3451 2076 3505 onmes,
2108 3448 2259 3509 puto,
2289 3439 2394 3499 hoc
2412 3453 2733 3515 argumento
2778 3445 2938 3505 facile
2971 3449 3281 3522 intelligunt
3307 3467 3473 3524 quam

1866 3532 1968 3586 lixa
2001 3531 2165 3589 fuerit
2214 3536 2356 3605 apud
2403 3548 2614 3594 veteres
2661 3552 2918 3599 constans
2962 3555 3221 3616 certaque
3250 3554 3475 3604 senten-

1867 3624 1963 3690 tia,
2003 3636 2270 3698 martyres
2314 3640 2529 3685 nostras
2556 3632 2610 3686 in
2654 3632 2915 3691 Ecclesiae
2960 3651 3092 3708 pace
3130 3648 3189 3695 et
3223 3655 3474 3699 commu-

1867 3717 2031 3775 nione
2060 3721 2283 3789 abiisse,
2329 3722 2461 3780 dum
2489 3740 2557 3782 eo
2597 3727 2839 3799 ipsarum
2877 3745 3106 3804 corpora
3154 3733 3345 3791 intorti
3370 3751 3473 3793 vo-

1868 3813 2084 3871 luerunt
2132 3833 2242 3890 quo
2281 3821 2447 3877 veluti
2477 3822 2545 3876 ad
2585 3826 2866 3882 catholicae
2903 3831 3303 3887 communionis
3338 3846 3475 3888 cen-

1869 3917 2009 3963 trum
2057 3920 2113 3965 et
2159 3927 2337 3969 arcem
2382 3914 2831 3989 Carthaginiensis
2872 3923 3102 3992 populus
3140 3924 3469 3983 conﬂuebat.

1867 4000 2268 4071 Praecipuorum
2334 4021 2459 4062 ossa
2528 4020 2825 4083 martyrum
2890 4013 3014 4071 ideo
3064 4015 3166 4072 sub
3217 4017 3477 4087 primario

1867 4096 1962 4153 illo
1995 4098 2233 4170 episcopi
2282 4101 2438 4157 altari
2486 4106 2939 4175 recondebantur,
2998 4119 3057 4166 ut
3101 4111 3359 4169 catholici
3401 4127 3475 4171 eo

1867 4193 2276 4260 convenientes,
2306 4209 2367 4251 se
2406 4212 2513 4252 non
2539 4198 2767 4255 alierum
2794 4202 3039 4259 ﬁdelium
3065 4205 3248 4273 modo,
3295 4206 3392 4263 sed
3417 4215 3477 4264 et

1868 4295 2179 4341 sanctorum
2237 4297 2533 4362 martyrum
2573 4296 2979 4352 communionis
3020 4298 3313 4369 mrﬁcipes
3350 4314 3475 4356 esse

1869 4375 2251 4450 intelligerent.
2281 4380 2482 4438 Contra
2527 4386 2860 4443 schismatiei
2900 4397 2955 4444 et
2983 4388 3245 4459 haeretici,
3275 4392 3474 4463 quibus

1869 4470 1936 4526 ad
1989 4472 2117 4528 illud
2168 4475 2382 4546 pietatis
2427 4479 2639 4550 asylum
2688 4480 2869 4539 nullus
2926 4485 3143 4554 patebat
3191 4500 3470 4557 accessus,

1870 4567 2072 4623 nullam
2118 4571 2219 4626 sibi
2260 4587 2383 4630 esse
2414 4576 2613 4632 scirent
2644 4592 2820 4649 neque
2848 4594 2975 4636 cum
3014 4581 3255 4639 Ecclesia
3285 4582 3475 4638 catho-

1788 4680 1842 4741 D
1870 4660 1970 4716 lica
2007 4677 2181 4735 neque
2230 4679 2351 4721 cum
2397 4670 2601 4726 sanctis
2646 4674 2975 4746 martyribus
3004 4679 3470 4733 communionem.

1870 4754 2024 4812 Unde
2072 4770 2290 4815 sanctus
2317 4760 2544 4832 Optatos
2590 4765 2929 4824 Milevitanus
2960 4768 3271 4825 Donatistae
3306 4770 3475 4828 veluti

1868 4847 2242 4906 schismaticos
2278 4851 2380 4909 hoc
2415 4869 2734 4926 argumento
2776 4859 3028 4928 traducit,
3061 4861 3207 4933 quod
3256 4870 3476 4919 sancto-

1868 4956 1986 4998 rum
2014 4945 2396 5014 Apostolorum
2422 4952 2697 5007 memoriis
2723 4953 2781 5009 in
2809 4952 2958 5011 Urbe
2986 4957 3301 5028 neutiquam
3322 4972 3469 5014 com-

1870 5039 2207 5096 municareut
2234 5039 2314 5115 (2)
2345 5060 2359 5097 ε
2386 5040 2621 5114 Denique
2654 5046 2701 5101 si
2747 5045 3014 5104 Macrobio
3045 5048 3474 5124 (Donatistarum

1868 5130 1923 5187 in
1954 5135 2088 5191 urbe
2117 5138 2563 5213 psettdepiscopo)
2594 5142 2814 5209 dicatur,
2840 5143 2927 5197 ubi
2952 5134 3063 5199 illic
3094 5145 3287 5215 sedeat,
3318 5163 3472 5203 nunt-

1869 5225 1996 5294 quid
2022 5238 2185 5295 potest
2224 5230 2413 5297 dicere,
2445 5231 2511 5288 In
2540 5233 2782 5290 cathedra
2810 5233 2957 5291 Petri
2976 5237 3004 5291 2'
3029 5253 3183 5309 quam
3206 5239 3377 5294 nescio
3418 5240 3469 5296 si

1870 5316 1949 5371 uel
1983 5319 2143 5373 oculis
2190 5323 2348 5389 novit,
2391 5332 2440 5377 et
2477 5326 2547 5379 ad
2569 5328 2723 5396 cujus
2763 5330 3063 5384 memoriam
3104 5346 3207 5387 non
3249 5332 3469 5402 accedit,

1868 5414 2015 5485 quasi
2037 5414 2391 5473 schismaticus
2410 5429 2587 5475 contra
2606 5423 2904 5494 Apostolum
2919 5427 3134 5497 faciens,
3157 5427 3245 5499 qui
3260 5428 3334 5483 ait
3350 5425 3432 5503 (5)
3454 5445 3473 5489 :

1945 5551 2290 5641 (“Pin-slsis;
2325 5562 2583 5641 ἐντευχθεὶς
2610 5566 2901 5635 Δῦηλιινὸς
2936 5571 3213 5626 ministram"
3393 5573 3480 5626 τῦῧ

1876 5632 2113 5695 πρακτέου
2144 5632 2349 5711 διείληφξ
2371 5648 2382 5660 ·
2415 5637 2598 5696 τούτοις
2626 5632 2785 5705 νεῖμαι
2807 5647 3109 5711 προστάττων
3136 5650 3214 5696 τὸν
3237 5632 3385 5706 nisi”,
3410 5646 3477 5703 ιτς

1873 5692 1931 5750 eicit
1955 5704 2160 5780 aiant-rei
2200 5692 2521 5763 τῆν’ίτοιλίιν
2667 5692 2757 5772 etis
2795 5692 3201 5780 inii-rvi

1873 5773 2217 5856 τοῦιξόγμξτος
2246 5780 2585 5856 largiﬁca»:
2610 5778 2731 5837 Lib.
2759 5797 2830 5839 νιι
2853 5773 2995 5839 [ΝΜ.
3029 5782 3201 5854 Beck,
3228 5798 3353 5856 αι.
3382 5784 3475 5855 50s

1949 5841 2026 5913 (Ξ)
2054 5842 2175 5898 Lib.
2208 5860 2245 5899 ιι
2269 5847 2510 5904 admsus
2539 5848 2870 5913 Parmenion.

1948 5887 2031 5991 (ὦ
2051 5887 2573 5994 Χῖὶῶἇῗῖἁῗῖξ,
2588 5887 2870 5913 “”””””””
2923 5923 2936 5931 ’
