3982 6310
471 304 557 362 τι
594 354 603 364 ,
853 332 858 337 ·
1711 292 2174 357 DISSERTATIO
2200 293 2677 355 APOLOGETICA

3728 286 3812 348 72

474 420 743 480 Hemoriis
783 427 1076 478 sanctorum
1122 419 1570 477 communicantes.
1624 416 1757 474 Ecce
1796 426 2072 489 prtzsentes
2099 415 2153 478 Α
2180 424 2478 486 temporum
2519 431 2617 471 usu
2651 456 2664 481 ,
2718 409 2849 469 nulli
2907 409 3126 467 dubium
3172 416 3259 465 est
3298 407 3426 481 quin
3472 407 3508 463 ii
3556 419 3807 479 quorum

472 524 591 571 sunt
611 516 680 570 ibi
700 514 921 570 duorum
946 513 1311 585 Apostolorum
1337 512 1594 567 memoria:
1616 528 1635 577 ,'
1656 513 1810 568 dicite
1828 513 1873 566 si
1892 512 1961 566 ad
1983 510 2077 564 Ima

474 608 674 681 ingredi
702 608 886 681 potuit,
917 608 988 662 ita
1018 616 1071 662 ut
1118 606 1354 662 obtulerit
1379 605 1487 661 illic
1527 605 1612 662 ubi
1640 615 1936 661 sanctorum
1967 620 2075 659 me-

474 703 667 757 morias
704 718 813 757 esse
850 701 1094 757 constat?
1138 699 1290 771 Apud
1323 708 1535 756 veteres
1570 700 1732 771 igitur
1762 700 1897 755 adeo
1925 713 2078 755 com-

478 806 691 869 pertum
733 796 833 852 fuit
859 795 1140 866 Perpetua:
1182 804 1237 850 et
1264 794 1532 851 Felicitati
1577 794 1732 863 nihil,
1776 794 1904 851 dmn
1931 796 2081 851 vive-

483 900 628 960 rent,
660 905 783 947 cum
815 889 1085 946 haereticis
1110 886 1278 945 fuisse
1307 903 1613 955 commune,
1643 898 1700 945 et
1738 887 1791 944 in
1825 887 2083 944 Ecclesize

478 998 610 1055 pace
654 995 709 1039 et
753 984 1133 1049 communione
1182 981 1502 1055 martyrium
1550 994 1981 1047 consummasse,
2026 988 2085 1034 ut

479 1090 666 1133 earum
708 1088 891 1130 sacras
933 1072 1210 1145 reliquias,
1258 1075 1327 1130 ab
1356 1088 1544 1130 earum
1586 1074 1844 1146 martyrio
1884 1073 2084 1129 saeculo

481 1171 572 1226 vix
612 1170 821 1241 elapso,
858 1182 926 1224 eo
952 1166 1233 1223 intulerint
1262 1182 1368 1238 quo
1396 1166 1636 1223 haeretici
1667 1166 1904 1221 maxime
1930 1175 2085 1220 veta-

481 1266 677 1322 bantur
702 1261 994 1330 accedere,
1025 1272 1079 1318 et
1118 1261 1209 1318 ubi
1250 1276 1410 1318 nemo
1440 1261 1540 1317 nisi
1582 1260 1882 1316 catholicus
1937 1274 2087 1315 com-

482 1356 814 1414 municabat.

563 1450 653 1506 Vl.
673 1448 930 1522 Denique,
962 1465 1060 1520 pro
1088 1458 1394 1506 nostrarum
1422 1455 1719 1519 martyrum
1746 1444 1923 1501 cultus
1948 1443 2089 1500 anti-

485 1545 693 1618 quitate
721 1556 776 1600 et
812 1544 1131 1602 celebritate
1174 1553 1339 1615 atque
1378 1540 1689 1597 earumdem
1743 1536 2086 1603 orthodoxia,

486 1656 553 1697 ex
577 1638 796 1696 assidue
823 1639 1047 1710 repetita
1087 1651 1274 1693 earum
1305 1636 1447 1691 inter
1474 1634 1786 1706 quotidiana
1826 1630 2091 1687 sacriﬁcia

478 1732 1028 1799 commemoratione,
1101 1729 1245 1785 haud
1312 1727 1580 1783 absimilia
1656 1723 2088 1797 praecedentibus

2183 509 2235 563 in
2287 508 2461 563 Missa:
2500 522 2709 563 canone
2753 504 2992 577 quotidie
3050 504 3311 560 memoria
3366 511 3678 566 renovatur,
3744 507 3809 555 et

2183 601 2346 656 modo
2396 610 2453 657 ct
2522 600 2652 655 olim
2707 598 2909 655 fuerint
2960 599 3101 653 inter
3154 597 3470 652 illustriores
3522 602 3811 666 martyres

2182 692 2499 763 computati.
2532 691 2687 759 Quod
2712 689 2936 763 proinde
2976 698 3295 762 argumento
3331 697 3415 744 est
3466 688 3812 758 Perpetuam

2184 795 2344 857 atque
2388 784 2745 851 Felicitatem,
2793 799 2914 855 qua:
2942 784 2995 839 in
3029 782 3422 855 antiquissimis
3470 780 3710 852 liturgiis
3749 780 3815 836 id

2187 878 2427 945 honoris,
2457 895 2589 935 cum
2628 878 2748 934 aliis
2802 878 3010 949 paucis,
3044 877 3248 934 sortita:
3278 887 3403 932 sunt
3428 891 3458 929 a
3496 873 3816 949 majoribus

2189 973 2407 1038 nostris,
2435 988 2540 1028 non
2576 972 2715 1027 inter
2762 980 3027 1043 martyres
3072 969 3255 1031 modo.
3305 967 3400 1024 sed
3442 968 3604 1024 etiam
3655 968 3818 1022 inter

2188 1067 2509 1138 insigniores
2538 1065 2707 1123 fuisse
2735 1076 3000 1138 martyres
3028 1075 3362 1120 numeratas.

2259 1160 2392 1216 lllud
2421 1159 2582 1215 etiam
2606 1161 2707 1216 hoc
2732 1159 2852 1215 loco
2881 1174 2985 1214 non
3017 1157 3136 1214 sine
3162 1154 3628 1213 animadversione
3652 1168 3817 1226 pra:-

2190 1254 2627 1321 termittcudum,
2680 1253 2823 1327 quod
2871 1268 3033 1325 supra
3083 1253 3246 1307 etiam
3308 1263 3394 1307 est
3446 1258 3817 1319 annotatum,

2190 1346 2433 1401 laudatas
2460 1347 2701 1417 liturgias
2725 1355 2820 1401 aut
2844 1344 3278 1409 sacramentaria,
3310 1344 3363 1398 in
3384 1343 3580 1414 quibus
3599 1341 3821 1413 Perpe-

2192 1450 2296 1497 tu:c
2329 1450 2384 1495 ct
2422 1439 2719 1495 Felicitatis
2767 1437 3012 1510 quotidie
3053 1437 3257 1493 mentio
3286 1435 3534 1502 iteratur,
3580 1450 3696 1490 non
3744 1432 3823 1489 ad

2195 1533 2679 1604 Carthaginiensem
2726 1541 2819 1586 aut
2880 1531 3017 1586 alias
3043 1528 3239 1586 Africa:
3282 1529 3560 1595 ecclesias,
3605 1526 3713 1584 sed
3746 1527 3821 1582 ad

2195 1628 2494 1683 Romanam
2542 1635 2598 1681 et
2640 1624 2970 1689 Gallicanam
3042 1623 3387 1694 pertinuisse.
3426 1620 3580 1689 Quod
3632 1619 3823 1692 magis

2195 1722 2372 1778 adhuc
2405 1721 2679 1793 magisque
2732 1721 3073 1777 demonstrat
3099 1734 3258 1790 quam
3290 1718 3358 1774 ab
3400 1717 3635 1787 antiquis
3662 1726 3821 1772 tem-

486 1826 682 1885 conﬁci
710 1835 936 1900 possunt
961 1833 1299 1897 argumenta.
1325 1822 1607 1893 Perpetuae
1632 1821 1775 1876 enim
1806 1828 1861 1875 et
1889 1817 2088 1874 Felici-
2119 1825 2168 1885 B
2197 1817 2416 1888 poribus
2479 1825 2680 1884 nostrae
2740 1814 2793 1869 in
2846 1829 2942 1870 ore
2994 1812 3152 1869 fama:
3202 1821 3469 1884 martyres
3519 1825 3824 1868 versaren-

486 1919 613 1976 tatis
642 1928 756 1975 tum
788 1919 844 1974 in
886 1916 1085 1974 Missali
1111 1915 1333 1982 Gelasii,
1381 1924 1492 1971 tum
1524 1915 1577 1969 in
1615 1911 1858 1984 Gregorii
1895 1910 2089 1968 Sacra-

484 2014 776 2080 mentario,
825 2022 936 2068 tum
961 2010 1196 2083 denique
1232 2010 1286 2065 in
1313 2007 1681 2066 vetustissimo
1718 2006 2094 2063 Sacramenta-

485 2109 569 2165 rio
597 2107 875 2166 Gallicauo
903 2106 987 2181 (l)
1017 2103 1260 2178 quotidie
1288 2100 1569 2174 repetitur,
1615 2116 1738 2157 cum
1772 2099 1953 2171 paucis
1976 2097 2095 2153 aliis

488 2201 839 2273 martyribus,
882 2200 938 2256 in
973 2200 1156 2255 missae
1190 2212 1403 2254 canone
1431 2192 1895 2252 commemoratio.
1925 2190 2094 2246 Obvia

489 2303 616 2351 sunt
657 2293 910 2349 omnibus
953 2289 1453 2362 antiquissimorum
1498 2287 1718 2342 Patrum
1764 2282 2092 2349 testimonia,

492 2385 811 2444 Tertulliani
845 2384 900 2440 in
924 2384 1111 2457 primis
1137 2380 1221 2456 (2)
1263 2391 1320 2439 et
1357 2379 1612 2455 Cypriani
1668 2376 1774 2453 (5),
1824 2378 2018 2451 quibus
2062 2375 2097 2430 ii

494 2489 681 2555 aperte
740 2488 1006 2537 testantur
1047 2487 1342 2552 martyrum
1389 2476 1661 2531 natalitios
1715 2474 1833 2529 dies
1878 2471 2098 2544 speciali

492 2590 681 2633 eorum
724 2574 868 2631 inter
904 2568 1169 2627 sacriﬁcia
1199 2567 1717 2625 commemoratione
1763 2563 1927 2618 fuisse
1955 2562 2100 2618 cele-

492 2670 699 2726 bratos.
745 2669 831 2724 An
867 2681 1000 2722 vero
1030 2672 1225 2736 praeter
1254 2660 1675 2716 anniversariam
1703 2668 1998 2728 martyrum
2045 2654 2098 2709 in

495 2760 586 2817 die
613 2760 810 2817 natalis
834 2774 1022 2815 eorum
1052 2755 1445 2821 celebritatem,
1469 2752 1768 2823 priscorum
1797 2758 2100 2818 temporum

496 2869 626 2911 usus
657 2851 904 2920 haberet,
954 2859 1013 2906 ut
1065 2848 1149 2906 vel
1187 2847 1431 2904 omnium
1477 2843 1562 2899 vel
1608 2842 1958 2913 insigniorum
2005 2854 2102 2893 no-

501 2948 648 3005 mina
704 2947 848 3003 inter
874 2943 1185 3018 quotidiana
1225 2939 1491 2998 sacriﬁcia
1533 2952 1569 3008 e
1609 2937 1778 2991 sacris
1830 2932 2104 3007 dypticbis

499 3044 881 3108 recitarentur,
907 3038 1050 3095 haud
1080 3037 1155 3093 ita
1178 3052 1211 3092 e
1234 3045 1476 3091 veterum
1502 3030 1824 3088 testimoniis
1852 3042 2101 3098 comper-

501 3146 614 3193 tum
641 3144 745 3192 est.
773 3132 1020 3189 lndicare
1047 3129 1101 3187 id
1125 3139 1301 3186 tamen
1324 3136 1543 3185 sanctus
1562 3124 1863 3198 Cyprianus
1890 3121 2102 3176 videtur

2199 1921 2304 1965 tur.
2337 1909 2391 1963 In
2424 1908 2598 1964 lllissm
2626 1906 2888 1963 Romana:
2913 1921 3123 1963 canone
3144 1906 3273 1961 nulli
3301 1905 3450 1973 olim,
3470 1905 3579 1959 nisi-
3596 1904 3818 1960 Roma-

2197 2004 2252 2058 ni
2283 2011 2547 2073 martyres
2603 2000 3064 2065 memorabantur,
3115 2000 3162 2057 si
3209 2007 3405 2069 praeter
3432 1998 3737 2068 Apostolus
3764 2007 3825 2055 et

2199 2094 2481 2166 lgnatium,
2520 2094 2689 2149 virum
2731 2094 3108 2164 apostolicum,
3158 2093 3247 2164 qui
3283 2103 3339 2148 et
3380 2091 3567 2147 Romae
3613 2106 3821 2161 passus

2198 2197 2302 2252 est,
2332 2196 2597 2259 martyres
2624 2196 2839 2242 nostras
2880 2194 2936 2242 et
2993 2185 3321 2257 Cyprianum
3352 2185 3593 2256 excipias
3625 2203 3638 2239 :
3666 2186 3821 2256 Aga-

2200 2278 2346 2334 tham
2374 2279 2517 2335 enim
2564 2288 2617 2335 et
2653 2278 2871 2335 Luciam
2918 2289 3187 2353 martyres
3233 2278 3496 2337 Siculasa
3544 2277 3820 2350 Gregorio

2201 2371 2397 2443 Magno
2435 2371 2631 2427 canoni
2672 2371 2958 2442 adjunctas
2992 2370 3183 2426 scribit
3222 2369 3521 2425 Adhelmus
3546 2368 3650 2443 (l).
3706 2368 3818 2443 Cy-

2201 2465 2392 2537 priano
2421 2481 2518 2521 cur
2555 2464 2609 2521 id
2653 2463 2877 2521 honoris
2922 2464 3275 2532 tribueretur,
3313 2463 3568 2534 prteclara
3613 2464 3811 2534 ipsius,

2203 2569 2262 2616 ut
2288 2559 2539 2628 dicimus,
2574 2560 2626 2615 in
2661 2559 2958 2616 Ecclesiam
2986 2559 3285 2615 Romanam
3318 2557 3509 2613 merita
3553 2558 3818 2613 obtinue-

2204 2662 2350 2708 runt.
2379 2651 2593 2707 Nostris
2617 2666 2749 2708 vero
2792 2650 2935 2708 unde
2983 2649 3103 2707 hinc
3149 2649 3400 2721 specialis
3422 2648 3817 2721 praerogativa,

2206 2758 2285 2816 ut,
2307 2748 2551 2819 quamvis
2573 2755 2775 2804 exterae
2800 2755 2857 2802 et
2880 2745 3069 2801 alienae
3090 2760 3154 2801 ac
3184 2743 3557 2800 transmarina:
3585 2744 3819 2814 provin-

2204 2845 2325 2909 cim,
2344 2841 2536 2897 Ruina:
2569 2851 2743 2896 tamen
2770 2823 2956 2896 earum
2982 2838 3225 2911 quotidie
3253 2837 3517 2894 memoria
3545 2836 3690 2892 inter
3722 2852 3820 2892 sa-

2205 2953 2299 2993 cra
2332 2936 2585 3009 mysteria
2634 2936 3029 3008 perageretur?
3071 2933 3247 3000 Unde,
3297 2933 3539 3004 inquam,
3573 2930 3681 2986 illis
3712 2930 3823 2987 hoc

2207 3032 2393 3098 decus,
2426 3030 2529 3086 nisi
2573 3046 2640 3086 ex
2689 3046 2750 3086 ea
2783 3028 2941 3085 fama:
2967 3027 3280 3086 celebritate
3328 3042 3433 3099 qua
3470 3041 3689 3096 semper
3718 3041 3822 3097 per

2208 3145 2301 3183 ora
2346 3126 2621 3182 hominum
2650 3126 2964 3193 volitarunt,
3008 3134 3063 3180 et
3115 3124 3467 3194 insigniorum
3511 3135 3819 3194 martyrum

505 3231 668 3303 epist.
699 3244 865 3286 χχχιι
888 3226 957 3283 ad
975 3226 1128 3283 Pam.
1160 3239 1309 3279 num.
1341 3221 1434 3289 50,
1453 3220 1564 3286 ubi,
1596 3227 1878 3289 postquam
1909 3215 1975 3269 dc
2004 3213 2108 3268 Ce-
2133 3226 2177 3289 c
2212 3221 2329 3275 loco
2358 3220 2553 3275 habita:
2580 3219 2737 3275 sunt?
2758 3217 2892 3274 Cum
2922 3234 3027 3290 qua
3049 3216 3289 3289 profecto
3313 3216 3471 3272 famae
3498 3216 3824 3275 celebritate

505 3325 663 3385 lerini
692 3324 811 3379 avia
832 3321 1104 3389 Celerina,
1127 3327 1182 3375 et
1206 3327 1398 3390 patruo
1424 3315 1562 3387 ejus,
1583 3323 1636 3369 et
1665 3310 1929 3367 avunculo
1958 3308 2101 3365 Lau-

502 3428 717 3486 rentino
745 3436 800 3482 et
821 3423 1028 3497 Iguatio
1065 3421 1279 3479 locutus
1304 3424 1409 3485 est,
1451 3415 1543 3487 qui
1570 3413 1829 3485 martyrio
1848 3409 1960 3480 jam
1990 3408 2102 3478 pri-

502 3524 628 3582 dem
657 3523 870 3580 fuerant
914 3516 1182 3583 coronati,
1231 3512 1508 3584 subiungit
1549 3526 1565 3564 :
1598 3506 1870 3577 Sacriﬁcia
1911 3518 2004 3575 pro
2034 3502 2106 3556 eis

503 3636 721 3690 semper,
776 3624 833 3672 ut
880 3611 1203 3678 meministis,
1253 3604 1539 3676 oﬂ‘erimus,
1587 3601 1781 3673 quoties
1824 3606 2108 3669 martyrum

516 3713 780 3788 passiones
828 3719 876 3766 et
931 3709 1040 3763 dies
1077 3699 1428 3761 anniversaria
1458 3692 1935 3752 commemoratione
1976 3690 2108 3747 cele—

509 3781 734 3864 bramus.
782 3804 879 3860 llis
918 3801 1121 3858 scilicet
1170 3796 1352 3853 verbis
1395 3789 1538 3849 haud
1573 3788 1804 3844 obscure
1842 3781 2111 3855 signiﬁcat

508 3902 848 3977 Cyprianus;
881 3897 1077 3969 quoties
1101 3891 1331 3962 alicujus
1374 3885 1627 3959 martyris
1654 3880 1973 3939 recurrebat
2006 3893 2106 3933 an-

509 3972 809 4056 niversaria
838 3989 1175 4054 solemnitas,
1225 3994 1281 4042 et
1306 3981 1683 4055 praedictorum
1726 3990 1924 4046 semper
1943 3972 2112 4029 fuisse

507 4098 843 4153 reuovatam,
868 4086 1008 4140 inter
1022 4078 1409 4139 sacriﬁciorum
1441 4072 1722 4137 solemnia,
1755 4067 2107 4125 mentionem.

508 4183 579 4241 Et
618 4179 738 4236 ﬁeri
762 4175 982 4249 quidem
1022 4174 1226 4245 optime
1254 4169 1430 4244 potuit
1456 4177 1536 4235 ut,
1577 4179 1700 4220 cum
1739 4177 1845 4217 non
1888 4171 2113 4228 magnus

505 4286 624 4337 erat
666 4282 962 4346 martyrum
1005 4281 1281 4331 numerus,
1323 4262 1481 4324 sicuti
1528 4259 1661 4315 nulli
1707 4270 1898 4314 eorum
1927 4250 2116 4308 deerat

506 4363 877 4429 anniversaria
902 4360 1240 4427 solemnitas,
1271 4369 1447 4427 neque
1467 4347 1851 4422 insignioribus
1876 4353 2113 4408 tantum,

511 4470 570 4520 et
592 4461 684 4533 qui
709 4456 975 4514 atrociora
1006 4458 1270 4509 tormenta
1298 4445 1515 4519 experti
1551 4443 1783 4506 fuerant,
1824 4435 1923 4493 sed
1952 4433 2115 4491 etiam

510 4530 937 4615 obscurioribus,
967 4555 1025 4603 et
1060 4544 1153 4616 qui
1193 4541 1353 4599 nullis
1378 4535 1705 4595 cruciatibus
1752 4530 1990 4588 toleratis
2018 4540 2117 4599 pro

2211 3331 2316 3369 non
2369 3322 2631 3369 consonat
2685 3322 2745 3368 ut
2784 3320 2891 3368 tam
2962 3312 3114 3367 brevi
3169 3310 3431 3383 temporis
3487 3309 3821 3378 intervallo,

2214 3407 2296 3463 cui
2325 3405 2452 3462 dum
2492 3408 2736 3462 viverent
2765 3404 2993 3461 addicta:
3037 3404 3265 3460 fuissent
3301 3403 3566 3476 religioni,
3606 3417 3679 3460 ex
3707 3402 3817 3459 ho-

2211 3501 2415 3556 minum
2439 3499 2700 3555 memoria
2733 3498 3061 3554 elaberetur.

2284 3592 2420 3649 illud
2445 3594 2679 3665 denique
2709 3592 2796 3648 hic
2827 3592 3029 3662 pariter
3050 3590 3469 3655 observandum,
3505 3588 3645 3645 hanc
3676 3589 3819 3646 intra

2212 3705 2420 3746 sacram
2452 3689 2697 3763 synaxim
2738 3697 3053 3743 sanctorum
3097 3694 3394 3759 martyrum
3424 3698 3818 3741 commemorac

2214 3786 2418 3842 tionem
2462 3799 2528 3840 eo
2583 3783 2852 3855 praecipue
2900 3791 3152 3852 spectare
3214 3788 3275 3834 ut
3321 3778 3679 3850 intelligamus
3720 3792 3826 3833 nos

2213 3894 2335 3935 cum
2364 3878 2471 3933 illis
2499 3877 2553 3933 in
2593 3876 2829 3941 Christo,
2861 3874 3015 3946 cujus
3040 3873 3290 3945 corporis
3313 3871 3636 3929 sacriﬁcium
3657 3870 3825 3927 oﬁ'er-

2217 3986 2322 4043 tur,
2350 3973 2774 4037 communicare,
2807 3968 2950 4040 quod
2976 3980 3030 4024 et
3054 3968 3167 4039 ipsa
3193 3967 3419 4024 canonis
3445 3965 3608 4022 verba
3636 3972 3826 4037 aperte

2218 4079 2484 4126 testantur
2528 4084 2545 4124 :
2591 4064 3056 4131 Communicantes,
3122 4072 3173 4118 et
3232 4062 3528 4117 memoriam
3572 4076 3827 4117 veneran-

2219 4175 2313 4232 tes,
2343 4174 2453 4219 etc.
2488 4161 2568 4217 Eo
2592 4170 2772 4216 autem
2805 4158 3076 4230 pertinere
3100 4157 3369 4213 credenda
3403 4163 3489 4212 est
3514 4163 3828 4211 exterorum

2219 4255 2305 4311 illa
2344 4264 2640 4327 martyrum
2667 4252 3136 4317 commemoratio,
3185 4260 3246 4305 ut
3288 4264 3446 4305 unam
3474 4247 3677 4319 ubique
3706 4263 3831 4305 esse

2219 4349 2450 4404 sciamus
2478 4345 2802 4402 catholicam
2834 4341 3153 4410 Ecclesium,
3182 4352 3237 4399 et
3263 4358 3424 4399 unam
3451 4342 3702 4398 omnium
3740 4357 3831 4397 cc-

2219 4442 2530 4507 clesiarum,
2562 4438 2808 4511 quamvis
2847 4438 2967 4494 loco
2996 4437 3329 4503 dissitarum,
3366 4436 3827 4501 communionem,

2222 4541 2279 4589 ut
2304 4548 2424 4606 quae
2452 4531 2660 4588 alienos
2692 4540 2984 4603 martyres,
3026 4528 3170 4584 haud
3197 4542 3354 4584 secus
3391 4542 3552 4600 quam
3578 4526 3833 4583 domesti-

513 4638 858 4706 conlessione
877 4639 1110 4696 nominis
1131 4638 1186 4693 in
1212 4642 1432 4692 carcere
1451 4630 1719 4694 obierant,
1740 4633 1801 4681 ut
1828 4622 1895 4679 ab
1925 4620 2115 4677 eodem
2144 4632 2197 4692 D
2225 4643 2341 4697 cos,
2394 4635 2739 4684 venerantur.
2791 4623 2970 4692 Quod,
3021 4630 3082 4678 ut
3127 4636 3290 4695 supra
3331 4630 3417 4679 est
3456 4620 3829 4689 observatum,

513 4741 788 4815 Cypriano
812 4745 1072 4795 statutum
1107 4740 1194 4789 est
1212 4727 1333 4803 (4);
1362 4734 1552 4800 postea
1577 4737 1709 4779 vero
1735 4726 1890 4776 aucta
1930 4718 1984 4773 in
2018 4716 2120 4772 im-

514 4850 763 4894 mensum
805 4845 992 4890 eorum
1038 4827 1216 4899 copia,
1269 4819 1524 4896 praecipui
1567 4826 1794 4882 tantum,
1829 4822 1887 4868 ut
1932 4821 2119 4868 vetera

523 4940 628 4985 nos
675 4923 985 4981 calendaria
1032 4919 1251 4986 docent,
1298 4925 1355 4971 et
1402 4926 1630 4984 quorum
1689 4904 1953 4964 illustrior
2004 4911 2122 4961 erat

513 5018 682 5084 fama,
728 5016 925 5074 retenti
963 5023 1111 5080 sunt,
1158 5024 1254 5081 pro
1295 5005 1491 5080 quibus
1533 5017 1708 5059 annua
1771 4997 2032 5056 sacriﬁcia
2067 5004 2123 5052 et

519 5113 823 5173 oblationes
861 5109 1266 5167 celebrarentur
1297 5121 1310 5158 :
1336 5102 1411 5159 ita
1461 5098 1693 5172 primum
1735 5094 1955 5168 quidem
1997 5106 2120 5148 om-

521 5209 675 5265 nium
712 5206 867 5263 ﬁeret
893 5204 949 5261 in
973 5198 1300 5274 quotidianis
1340 5194 1619 5253 sacriﬁciis
1642 5186 2120 5253 commemoratio;

520 5309 708 5373 postea
733 5310 884 5364 vero,
928 5301 985 5350 ut
1022 5307 1092 5349 ex
1121 5289 1375 5362 liturgiis,
1425 5283 1816 5358 antiquissimis
1860 5280 1967 5338 illis
2005 5279 2124 5349 qui-

520 5394 669 5462 dem,
699 5400 755 5448 at
796 5389 952 5447 tertio
982 5396 1160 5442 tamen
1200 5380 1400 5441 saeculo
1426 5376 1839 5444 recentioribus,
1870 5387 2124 5443 comper-

499 5497 634 5544 ~tum
665 5496 771 5553 est,
802 5481 1155 5539 illustriorum
1182 5478 1462 5536 dumtaxat
1494 5475 1550 5530 in
1590 5471 1767 5552 Missis
1792 5466 2124 5541 quotidianis

523 5578 741 5636 nomina
801 5576 1186 5632 retinerentur.
1238 5568 1368 5639 Sed,
1423 5576 1483 5624 ut
1534 5565 1607 5623 sit
1653 5565 1723 5622 de
1775 5563 2127 5622 vetustiorum

604 5689 685 5765 (l)
713 5690 868 5761 Apud
899 5689 1175 5765 Mabillon,
1196 5696 1340 5765 tom.
1371 5682 1601 5765 tMustgi
1628 5680 1823 5738 Italici.

528 5814 533 5819 .
607 5756 835 5844 (2)1319.
862 5766 927 5821 de
952 5764 1153 5844 Corona
1183 5758 1366 5828 Milia,
1393 5756 1602 5844 cap.’

636 5826 692 5917 τό
714 5840 885 5917 Epist.
914 5853 1014 5905 xn,
1039 5835 1112 5917 al.
1134 5826 1423 5898 xxxvn,'et
1441 5826 1600 5901 epist.
1631 5842 1818 5897 xxxix,
1847 5826 1918 5883 al.
1948 5839 2134 5883 xxxiv.

602 5910 685 6001 (si
709 5910 877 5990 Epist.
899 5927 995 5982 xu,
1021 5910 1095 5968 al.
1122 5922 1322 5965 xxxvu.

2224 4724 2370 4780 clare
2412 4731 2467 4779 et
2495 4720 2785 4795 perspicue
2813 4720 3153 4776 demonstrat
3205 4724 3311 4772 tam
3342 4724 3491 4772 certo
3517 4713 3586 4770 de
3618 4722 3834 4770 nostra-

2224 4833 2342 4873 rum
2382 4827 2680 4888 martyrum
2712 4812 3029 4870 orthodoxia
3056 4809 3198 4882 apud
3236 4816 3450 4866 veteres
3492 4807 3831 4876 constitisse,

2225 4920 2286 4969 ut
2313 4927 2499 4969 earnm
2528 4911 2745 4967 nomina
2784 4907 3065 4965 catholicae
3093 4902 3493 4962 communionis
3523 4901 3835 4974 symbolum

2227 5020 2349 5063 esse
2375 5003 2662 5060 voluerint.

2297 5096 2409 5156 νη.
2452 5096 2655 5154 Horum
2679 5093 2919 5151 omnium
2951 5093 3020 5149 de
3063 5090 3257 5163 quibus
3285 5089 3548 5147 hactenus
3569 5086 3836 5145 disserui-

2225 5210 2367 5261 mus,
2391 5191 2819 5250 testimoniorum
2846 5188 3220 5244 auctoritatem
3241 5186 3456 5243 elevare
3476 5199 3538 5240 se
3566 5190 3720 5253 putat
3751 5180 3837 5238 le-

2225 5286 2447 5344 vissima
2516 5284 2620 5342 hac
2680 5283 3033 5351 ῐθδίιοιιείοιιθ
3090 5280 3410 5353 Basnagins,
3452 5275 3593 5349 quod
3640 5290 3845 5347 nempe

2233 5399 2252 5434 ς
2292 5381 2474 5435 Iterum
2513 5377 2798 5433 constantia
2837 5384 3144 5447 martyrum,
3191 5389 3389 5429 necnon
3426 5384 3656 5426 actorum
3698 5370 3845 5424 anti-

2227 5475 2395 5546 quitas
2422 5472 2636 5545 posteris
2672 5472 2850 5542 fucum
2889 5470 3029 5542 fecit,
3068 5476 3126 5523 ut
3167 5468 3223 5522 in
3265 5467 3428 5540 pretio
3458 5463 3789 5519 haberentur.
3816 5482 3839 5518 ο

2232 5567 2608 5637 Productaque
2635 5563 2852 5632 deinde,
2884 5577 3044 5633 quam
3091 5575 3255 5634 supra
3282 5557 3576 5622 confutari,
3610 5556 3680 5612 de
3722 5558 3846 5611 Au-

2237 5661 2439 5733 gustini
2482 5661 2747 5721 Sermone
2795 5657 3127 5730 conjectura,
3173 5653 3447 5726 subjungit
3477 5668 3493 5712 :
3521 5651 3847 5708 Concedalur

2243 5767 2410 5813 tamen
2431 5755 2582 5811 verba
2606 5754 2714 5813 hac
2733 5751 3002 5826 Augustini
3027 5766 3152 5807 esse.
3180 5748 3408 5816 Quaestio
3430 5746 3557 5822 facti
3584 5760 3681 5815 est,
3711 5743 3848 5801 Per-

2320 5891 2402 5966 (1)
2428 5892 2544 5950 Lib.
2574 5891 2637 5951 de
2668 5890 2987 5964 Virginitate,
3014 5905 3133 5963 cap.
3152 5888 3244 5945 25.
