3988 6310
243 318 321 372 ’75
1145 315 1281 371 PRO
1323 314 1420 372 SS.
1465 310 1870 378 PERPETUA,
1916 309 2319 370 FELICITATE
2359 313 2447 370 ET
2484 313 2713 372 SOCIIS.
3484 318 3553 375 74

245 439 402 501 petua
427 430 649 499 fueritne
675 429 913 484 Ecclesia:
959 431 1159 495 mulier,
1183 447 1249 484 an
1277 440 1424 484 secta:
1455 429 1842 483 montauistica’.
1873 430 1920 487 Α
1951 428 2137 498 rologii
2185 429 2428 492 codices,
2469 439 2524 484 et
2563 429 2828 486 editiones
2868 431 3080 500 irrepsit
3105 429 3218 501 (l);
3263 430 3357 486 sed
3399 445 3552 487 error

240 521 370 575 lam
401 537 516 576 vero
544 522 596 575 in
625 521 979 591 quiestionilrus
1010 521 1301 591 ltujusmodi
1329 521 1421 574 viri
1451 520 1568 573 boni
1593 535 1728 589 satpe
1754 536 1849 572 nu-

250 633 398 670 mero
441 626 545 669 tota
581 625 752 669 errant
791 616 891 679 uia,
926 624 971 670 et
1014 616 1272 668 liwrcticos
1315 625 1560 684 martyres
1592 614 1851 682 irrepsisse

239 710 299 763 in
364 710 732 781 martyrologia
768 725 860 763 suo
909 708 1019 763 loro
1065 709 1391 762 ostendimus.
1452 708 1528 762 De
1577 707 1742 769 Actis,
1800 717 1852 760 et

241 817 437 858 eorum
466 803 781 856 auctoritate
813 801 1035 856 inferius
1059 801 1472 858 dicendnmcrit.
1498 800 1649 856 Nune
1677 800 1853 870 brevi-

242 901 332 947 ter
367 893 674 957 videndum,
703 908 879 947 annon
927 907 1150 946 summa:
1197 892 1510 946 temeritatis
1552 891 1639 956 sit,
1674 891 1743 944 ob
1775 890 1851 944 le-

239 987 519 1050 vissimas,
554 995 611 1040 ut
649 985 902 1056 deinceps
942 983 1242 1050 ostendam,
1275 983 1632 1053 conjeCturas,
1663 995 1852 1038 eorum

243 1077 635 1134 Orthodoxiam
695 1088 752 1133 et
793 1077 1132 1132 sanctitatem
1188 1077 1237 1129 in
1292 1075 1510 1130 dubium
1560 1088 1847 1138 revocare,

239 1180 639 1244 quos.constat
689 1171 864 1224 statim
896 1170 963 1225 ab
992 1185 1179 1224 eorum
1211 1169 1478 1238 passione,
1507 1182 1568 1221 ac
1597 1166 1851 1233 deinceps

244 1280 352 1334 per
393 1262 699 1334 quindecim
731 1273 782 1318 et
809 1263 1037 1334 amplius
1065 1263 1256 1317 srecula
1281 1261 1426 1316 nullo
1450 1276 1552 1315 non
1583 1259 1852 1329 religionis

240 1367 300 1412 et
334 1356 690 1411 observantia:
731 1355 906 1426 signo,
959 1371 1068 1412 non
1107 1364 1164 1409 ut
1208 1355 1470 1425 genuinos
1502 1363 1727 1418 tantum,
1757 1353 1852 1406 sed

241 1451 395 1506 inter
423 1450 748 1506 celebriores
773 1449 972 1505 Christi
1031 1458 1313 1518 martyres,
1347 1446 1703 1500 universalem
1747 1445 1851 1500 Ec-

239 1541 470 1597 clesiam
503 1555 624 1596 esse
652 1542 998 1597 veneratam?
1040 1554 1266 1611 quorum
1306 1538 1509 1593 scilicet
1535 1538 1850 1592 memoriam

237 1633 359 1704 jam
387 1634 509 1688 inde
530 1633 598 1688 ab
625 1633 860 1703 antiquis
883 1633 1210 1703 temporibus
1231 1631 1586 1702 frequentavit
1615 1646 1628 1695 ;
1659 1629 1851 1700 quibus

243 1725 462 1790 altaria,
495 1734 550 1780 et
590 1724 858 1790 basilicas,
911 1739 1030 1792 quae
1072 1733 1314 1778 centrum
1359 1730 1540 1777 essent
1577 1719 1854 1775 catholica:

1952 519 2112 576 facile
2141 522 2382 578 detectus
2417 534 2520 587 est,
2552 534 2604 578 et
2635 523 2862 579 Romani
2908 526 3272 596 Inartyrologii
3300 525 3549 580 condito-

1953 629 2040 669 res
2071 614 2330 669 Numidiae
2364 616 2748 680 Nicomediam,
2779 616 3012 672 Marcnlo
3045 616 3376 684 Marcellum,
3403 618 3549 671 Con-

1955 710 2113 762 stanti
2143 708 2536 776 (Ionstantiutn,
2569 709 2880 766 Macarianis
2911 711 3142 765 Arianos
3170 710 3550 780 subrogarunt.

1954 799 2220 870 Legentes
2243 801 2384 855 enim
2411 801 2510 858 sub
2537 803 2753 857 eosdem
2782 804 2994 858 circiter
3020 803 3137 858 dies
3159 803 3210 856 in
3242 803 3552 871 antiquiori-

1955 893 2055 948 bus
2104 894 2499 964 martyrologiis
2548 894 2780 950 Marcelli
2824 895 3249 950 Nicomediensis
3301 895 3554 965 martyris

1955 1000 2174 1050 nomen,
2211 994 2264 1040 et
2293 986 2409 1054 ejus
2436 993 2551 1040 acta
2583 986 2909 1056 ignorantes,
2939 1003 3002 1041 ex
3036 987 3252 1041 Marculi
3300 989 3434 1046 actis
3473 987 3554 1039 in-

1957 1076 2236 1146 terpolatis
2275 1076 2376 1131 hoc
2416 1077 2464 1132 ei
2504 1078 2731 1148 elogium
2762 1079 3152 1133 concinnarunt
3185 1099 3196 1132 :
3233 1078 3553 1134 Nicomedia:

1957 1169 2076 1238 (pro
2095 1171 2145 1222 in
2173 1167 2445 1239 Numidia)
2471 1171 2630 1223 sancti
2660 1169 2891 1225 Marcelli
2909 1172 3036 1242 (leg.
3067 1171 3308 1242 Marculi)
3339 1174 3552 1242 presby-

1959 1261 2074 1325 teri,
2129 1261 2213 1330 qui
2267 1259 2550 1314 Constantii
2602 1262 2804 1333 (verius
2853 1263 3163 1331 Constantis)
3214 1277 3437 1331 tempore
3489 1264 3553 1319 ab

1957 1351 2164 1404 Arionis
2196 1352 2214 1423 (
2246 1367 2341 1421 pro
2368 1370 2398 1406 a
2448 1353 2785 1426 Μαῖαν-ἰαθεὶς)
2815 1372 2840 1409 e
2868 1373 2990 1426 rupe
3033 1359 3382 1427 prtucipitatus
3411 1375 3547 1411 utar-

1959 1453 2039 1513 tyr
2088 1444 2339 1499 occubuit.
2395 1445 2507 1513 Qua
2556 1447 2772 1502 Patrum
2837 1449 3298 1506 Benedictinorutn
3354 1454 3553 1521 conje—

1957 1543 2107 1590 ctura
2135 1546 2216 1591 est
2257 1537 2306 1590 in
2336 1536 2455 1592 Not.
2480 1537 2546 1592 ad
2578 1541 2858 1609 Augustini
2892 1541 2981 1597 lib.
3014 1559 3070 1596 ιιι
3099 1556 3284 1599 contra
3327 1544 3554 1600 Cresco—

1958 1630 2128 1693 nium,
2154 1644 2273 1700 cap.
2300 1630 2390 1685 49.
2420 1631 2533 1697 Qua
2554 1633 2621 1688 de
2650 1649 2707 1688 re
2735 1634 2992 1690 videndus
3020 1637 3178 1690 etiam
3199 1635 3279 1690 Cl.
3314 1637 3556 1693 Mabillo-

1957 1737 2058 1776 nus
2077 1722 2127 1776 in
2143 1723 2342 1778 Annot.
2367 1723 2432 1778 ad
2447 1723 2664 1779 Mareuli
2690 1737 2827 1791 aeta,
2851 1736 2978 1781 tom.
3001 1745 3058 1782 ιιι
3075 1729 3217 1784 Vett.
3243 1729 3548 1786 Analect‘or.

239 1819 662 1884 communionis,
709 1817 958 1874 excitavit
1001 1833 1014 1882 ;
1047 1832 1270 1887 quorum
1300 1814 1726 1870 anniversariam
1767 1828 1854 1868 so-
1885 1827 1930 1886 Β
1957 1810 2074 1867 Jam
2103 1829 2230 1868 vero
2255 1814 2377 1884 quid
2411 1815 2551 1880 huic,
2579 1827 2669 1871 aut
2690 1818 2733 1871 si
2761 1819 2901 1888 quod
2929 1819 3180 1875 estaliud
3209 1821 3331 1876 huic
3353 1823 3547 1889 simile,

240 1911 582 1968 lemnitatem
627 1927 732 1966 non
789 1910 950 1966 modo
988 1909 1212 1965 ecclesia
1244 1907 1702 1979 Carthaginiensis,
1751 1906 1846 1960 sed

242 2005 410 2060 etiam
441 2004 676 2058 Romana
703 2003 873 2058 altero
893 2003 961 2058 ab
986 2017 1169 2058 eorum
1199 2002 1447 2072 passione
1477 2001 1675 2056 szeculo
1705 2000 1848 2056 cele-

243 2095 426 2151 bravit
455 2113 468 2162 ;
497 2111 724 2166 quorum
751 2096 963 2150 nomina
995 2097 1046 2148 in
1079 2094 1466 2164 antiquissimis
1497 2093 1849 2149 ecclesiarum

247 2187 449 2243 tubulis
477 2187 617 2242 inter
659 2186 1006 2242 illustriorum
1055 2198 1349 2257 martyrum
1389 2186 1606 2240 nomina
1657 2199 1845 2239 recen-

253 2289 445 2335 sentur
472 2296 486 2344 ;
513 2294 738 2348 quorum
779 2277 1035 2334 memoria
1077 2293 1198 2332 cum
1234 2277 1416 2346 paucis
1442 2277 1562 2330 aliis
1589 2276 1848 2346 insignio-

255 2370 506 2440 ribusque
551 2371 678 2426 item
717 2370 1033 2441 martyribus
1062 2368 1301 2439 quotidie
1344 2370 1394 2422 in
1440 2367 1616 2424 missa:
1643 2384 1850 2424 canone

249 2474 587 2528 renovatur;
657 2477 792 2532 quos
840 2462 1072 2532 denique
1119 2477 1224 2517 non
1273 2478 1435 2516 unum
1485 2471 1576 2516 aut
1626 2462 1849 2517 alterum

245 2553 520 2624 privatum
549 2554 1008 2625 martyrologinm,
1053 2554 1146 2608 sed
1187 2554 1363 2609 omnia
1405 2562 1456 2609 ct
1498 2553 1549 2608 in
1609 2553 1849 2610 diversa-

247 2662 371 2702 rum
399 2646 748 2702 ecclesiarum
780 2661 932 2700 usuin
973 2647 1290 2701 concinnata
1321 2647 1522 2716 pariter
1550 2645 1844 2721 celebrant.

246 2739 381 2795 llaec
428 2740 570 2794 enim
601 2739 776 2793 omnia
822 2739 875 2793 in
913 2747 1124 2792 nostras
1173 2748 1438 2810 martyres
1480 2739 1638 2793 simul
1685 2739 1850 2794 fuisse

246 2835 468 2902 collata,
520 2835 650 2889 satis
676 2833 785 2902 jam
816 2833 1067 2903 prmsenti
1117 2833 1218 2886 hoc
1247 2834 1420 2903 capite
1461 2832 1844 2887 demonstravi.

250 2927 359 2982 Sed
381 2927 666 2980 constantia
689 2935 991 2995 martyrum,
1019 2935 1066 2979 et
1086 2926 1325 2978 Actorum
1347 2925 1617 2991 antiquitas
1640 2924 1851 2993 posteris

249 3023 427 3090 fucum
448 3018 585 3090 fecit.
611 3016 716 3072 Sed
741 3017 995 3088 numquid
1016 3033 1148 3087 pene
1178 3019 1393 3079 coieris,
1410 3027 1499 3070 aut
1527 3016 1849 3086 supparibus

249 3107 604 3179 scriptoribus
653 3109 929 3177 imponere
978 3107 1311 3178 potuissent?
1352 3107 1457 3163 Sed
1500 3109 1551 3161 in
1594 3108 1671 3162 his
1724 3109 1849 3179 facti

1953 1907 2204 1978 exemplo
2259 1922 2380 1963 cum
2432 1911 2757 1980 martyribus
2805 1913 3002 1967 nostris
3051 1914 3229 1983 aliqua
3279 1929 3346 1970 ex
3399 1925 3552 1987 parte

1949 2001 2275 2054 commune?
2304 1999 2434 2067 Qua:
2466 2016 2572 2054 non
2603 2004 2942 2071 sequioribus
2998 2006 3211 2061 sarculis
3260 2023 3356 2077 per
3399 2010 3557 2064 unius

1951 2100 2041 2145 aut
2077 2091 2298 2146 alterius
2347 2092 2626 2162 scriptoris
2671 2095 3012 2152 oscitanliam
3056 2100 3105 2152 in
3137 2099 3398 2168 privatum
3451 2101 3554 2154 ali-

1950 2181 2092 2251 quod
2136 2183 2577 2253 martyrologinm
2619 2185 2972 2255 irrepserunt.
3003 2189 3098 2244 sed
3141 2191 3193 2244 in
3226 2191 3472 2261 publicis,
3502 2202 3558 2248 et

1951 2273 2335 2342 antiquissin'iis
2363 2273 2618 2330 Ecclesia:
2666 2277 2874 2341 tabulis,
2909 2281 2962 2333 in
3005 2281 3233 2350 publicis
3277 2283 3402 2338 item
3432 2300 3556 2354 pre-

1952 2365 2124 2430 cibus,
2163 2375 2219 2420 ut
2249 2383 2432 2424 earum
2477 2372 2692 2426 nomina
2725 2374 3103 2442 recitarentur,
3132 2388 3186 2431 et
3214 2379 3415 2433 nullum
3445 2395 3556 2435 non

1953 2456 2190 2526 religiosi
2217 2461 2392 2515 cultus
2424 2463 2808 2530 testimonium,
2835 2465 2946 2534 jam
2991 2467 3115 2522 inde
3151 2469 3219 2523 ab
3249 2470 3400 2524 initio
3426 2485 3556 2525 con-

1953 2558 2152 2604 secuta:
2198 2560 2341 2605 sunt.
2373 2551 2480 2609 Sed
2507 2554 2800 2621 videamus,
2833 2557 3023 2626 quibus
3067 2559 3360 2631 Basnagius
3390 2578 3551 2632 argu-

1954 2643 2148 2698 mentis
2177 2643 2275 2699 hac
2305 2648 2590 2703 sanctioris
2629 2647 2784 2704 fante:
2826 2662 2879 2705 et
2932 2653 3127 2720 publici
3156 2655 3330 2709 cultus
3361 2671 3552 2725 perpe-

1958 2744 2044 2789 tua
2101 2735 2268 2790 veluti
2323 2739 2664 2807 possessione
2714 2751 2928 2797 sanctas
2956 2755 3218 2816 martyres
3267 2745 3554 2803 deturbare

1953 2837 2176 2882 conatus
2217 2839 2298 2884 est
2328 2847 2340 2883 :
2374 2831 2686 2900 gravissima
2731 2835 2875 2889 enim
2920 2851 2981 2890 ca
3013 2852 3132 2892 esse
3162 2849 3392 2908 oportet,
3437 2856 3587 2910 quiet

1953 2918 2094 2974 hanc
2149 2921 2197 2976 ei
2259 2920 2326 2976 de
2377 2923 2573 2978 nostris
2624 2926 2768 2981 hisce
2797 2927 3158 2998 martyribus,
3194 2940 3314 2999 post
3367 2940 3444 2985 tot
3488 2932 3557 2986 ab

1955 3027 2136 3067 earum
2168 3014 2416 3084 passione
2450 3018 2666 3084 swcula,
2697 3019 2989 3075 intulerunt
3029 3020 3355 3090 opinionem.
3403 3025 3558 3079 Anti-

1954 3120 2182 3176 quorum
2229 3109 2371 3163 enim
2398 3111 2859 3168 consentientibus
2903 3116 3221 3170 testimoniis
3251 3128 3306 3172 et
3359 3134 3556 3188 perpe-

249 3199 611 3270 qutestionibus
637 3199 730 3253 viri
769 3200 882 3252 boni
911 3212 1044 3269 stupe
1069 3199 1340 3269 falluntur.
1382 3199 1485 3254 Sed
1517 3199 1771 3268 numquid
1799 3207 1853 3254 et
1877 3218 1922 3281 ρ
1959 3207 2061 3254 tuae
2111 3200 2179 3256 tle
2226 3201 2435 3256 illarum
2500 3203 2815 3260 orthodoxia
2862 3216 2915 3262 et
2960 3209 3240 3263 sanctitate
3298 3208 3559 3264 Ecclesia:

252 3294 512 3350 Ecclesia:
542 3294 858 3348 universalis
892 3292 1221 3348 auctoritas?
1247 3291 1342 3348 Cui
1381 3303 1581 3346 tantum
1614 3292 1668 3346 in
1701 3291 1848 3347 hisce

251 3387 417 3443 etiam
473 3384 860 3457 quaestionibus
903 3381 1093 3439 detulit
1147 3384 1494 3454 Augustinus,
1546 3381 1717 3450 ut_dc
1763 3382 1848 3437 his

252 3479 390 3535 nihil
422 3471 624 3534 temere
647 3477 892 3547 judicare
917 3476 1164 3543 voluerit,
1188 3492 1306 3547 qua:
1333 3487 1572 3546 tempore
1603 3489 1853 3544 persecu-

254 3574 439 3639 tionis,
472 3583 533 3628 ut
578 3573 927 3628 insectatores
973 3586 1085 3626 sua:
1125 3570 1392 3642 pudicitia:
1431 3569 1750 3635 devitarent,
1793 3569 1847 3624 in

252 3676 532 3736 rapturum
583 3675 741 3735 atque
785 3672 1096 3719 necaturum
1141 3677 1200 3718 se
1238 3661 1457 3718 ﬂuvium
1486 3661 1846 3732 projecerunt,

257 3772 431 3826 eoque
460 3755 622 3811 modo
658 3754 925 3810 defuncta:
971 3763 1115 3821 sunt,
1163 3768 1454 3824 earumque
1498 3753 1752 3825 martyria
1795 3755 1847 3808 in

255 3847 520 3903 catholica
552 3846 807 3902 Ecclesia:
836 3845 1182 3901 veneratione
1210 3844 1554 3901 celeberrima
1597 3845 1848 3916 frequen-

257 3949 438 3995 tantur
471 3955 485 3991 :
519 3937 597 3993 De
636 3939 736 4004 liis,
774 3938 945 4008 inquit
984 3937 1086 4009 (1),
1140 3937 1269 3991 nihil
1296 3947 1476 3991 temere
1513 3937 1676 3990 audeo
1708 3936 1848 4003 iudi-

255 4047 394 4086 care.
428 4028 614 4085 Utrum
642 4029 775 4083 enim
801 4027 1045 4083 Ecclesia:
1068 4027 1318 4097 aliquibus
1344 4028 1447 4096 ﬁde
1475 4028 1642 4098 dignis
1673 4027 1848 4095 testi/i-

255 4124 560 4191 cationibus,
592 4134 645 4178 ut
665 4140 839 4179 earum
868 4125 1161 4179 memoriam
1182 4123 1254 4176 sic
1283 4123 1512 4188 horreret,
1541 4120 1713 4174 divina
1740 4136 1853 4189 per-

256 4219 472 4275 suaserit
509 4216 805 4286 auctoritas,
854 4218 1065 4272 nescio:
1092 4224 1135 4272 et
1165 4215 1278 4286 ﬁeri
1327 4223 1507 4284 potest,
1555 4221 1607 4266 ut
1652 4213 1723 4266 ita
1767 4213 1852 4266 sit.

260 4312 400 4380 Quid
428 4313 472 4367 si
502 4312 634 4366 enim
667 4311 758 4364 hoc
785 4310 1031 4381 fecerunt,
1073 4326 1173 4364 non
1199 4307 1492 4362 humanitus
1521 4306 1743 4376 decepta:
1767 4321 1855 4359 nec

257 4413 507 4469 errantes,
538 4403 627 4457 sed
651 4401 976 4456 obedientes?
1001 4401 1130 4455 sicut
1163 4401 1226 4453 de
1266 4403 1514 4454 Samsone
1541 4398 1686 4452 aliud
1711 4396 1852 4451 nobis

259 4500 342 4568 [as
369 4511 474 4550 non
498 4505 571 4549 est
598 4493 820 4550 credere.
853 4495 922 4548 At
947 4491 1184 4547 haeretici
1210 4500 1472 4562 martyres
1502 4491 1554 4544 in
1585 4498 1850 4560 martyro-

257 4588 400 4660 logia
447 4587 797 4658 irrepserunt.
841 4584 946 4640 Sed
997 4583 1252 4654 numquid
1271 4584 1448 4638 ‘etiam
1498 4582 1552 4636 in
1591 4580 1851 4651 antiquis-

257 4682 398 4736 sima
449 4675 794 4735 kalendaria?
843 4676 1099 4747 numquid
1139 4677 1299 4730 etiam
1344 4673 1408 4729 ad
1440 4688 1623 4728 eorum
1669 4687 1856 4728 monu-

258 4783 443 4830 menta
471 4771 766 4837 'sacrilicia,
830 4778 884 4825 et
929 4769 1319 4825 catholicorum
1370 4776 1664 4823 conventus
1717 4765 1851 4821 cele-

261 4863 446 4920 brati?
470 4862 728 4935 numquid
766 4861 820 4917 in
848 4876 1035 4918 eorum
1079 4860 1391 4915 memoriam
1423 4858 1611 4913 altaria
1644 4857 1774 4926 Deo,
1802 4867 1858 4913 et

262 4959 498 5016 basilicae
536 4957 901 5014 consecrate?
926 4955 1183 5027 numquid
1211 4971 1397 5012 eorum
1435 4954 1622 5010 laudes
1648 4965 1858 5010 veteres

263 5053 455 5110 Patres
495 5053 820 5111 orationibus
871 5063 927 5109 et
979 5051 1206 5124 publicis
1273 5051 1585 5106 tractatibus
1630 5065 1858 5106 exorna-

265 5147 439 5200 runt?
469 5146 726 5217 numquid
767 5145 1001 5216 denique
1047 5145 1187 5200 inter
1226 5143 1544 5198 illustriores
1593 5150 1858 5212 martyres

264 5253 365 5309 per
391 5247 469 5294 tot
497 5253 668 5293 annos
697 5239 855 5294 etiam
904 5252 1045 5294 nunc
1084 5238 1136 5292 in
1185 5238 1362 5292 missa:
1399 5246 1604 5292 canone
1649 5250 1856 5292 memo-

264 5332 486 5388 rantur?
523 5331 837 5398 Marculum,
867 5332 1394 5403 pseudo-martyrem
1442 5329 1855 5397 Donatistarum,

265 5425 493 5496 primus,
523 5424 720 5479 smcnlo
747 5437 906 5488 nono,
942 5423 1309 5493 imprudenter
1336 5422 1388 5476 in
1409 5436 1561 5476 suum
1594 5431 1859 5492 marter-

265 5519 470 5590 logium
522 5515 775 5570 Rabanns
818 5515 995 5569 retulit
1019 5515 1127 5586 (2);
1171 5513 1295 5568 inde
1340 5514 1393 5568 in
1434 5513 1657 5568 nothum
1704 5512 1862 5568 Beda:

262 5609 708 5680 martyrologium
738 5616 791 5662 et
835 5623 900 5662 ex
939 5623 1004 5663 eo
1032 5609 1083 5662 in
1115 5607 1318 5678 aliquot
1349 5604 1631 5664 Usuardini
1659 5616 1862 5678 marty-

341 5742 421 5812 (l)
453 5741 570 5796 Lib.
594 5755 616 5812 _t
637 5739 700 5812 de
723 5739 872 5812 Cicit.
903 5739 1016 5806 Dei,
1041 5755 1161 5812 cap.
1189 5741 1279 5797 26.

342 5810 421 5888 (2)
451 5810 606 5884 Apud
639 5811 906 5875 Mabillon,
935 5821 1061 5866 tom.
1093 5810 1140 5868 rv
1185 5814 1292 5870 l‘et.
1326 5815 1550 5870 Analcct.

557 5909 833 5976 PATROL.
880 5907 987 5970 Ill.

1959 3290 2227 3345 traditioni
2274 3291 2406 3349 ﬁdes
2435 3295 2486 3347 in
2518 3311 2577 3350 re
2608 3305 2714 3350 tam
2745 3299 2893 3368 gravi
2924 3298 3169 3368 abrogari
3207 3315 3311 3354 non
3346 3299 3552 3367 debuit,

1956 3385 2059 3439 nisi
2085 3386 2244 3441 aliam
2274 3387 2582 3456 Opinionem
2609 3391 2803 3446 invicta
2830 3392 3217 3463 perspicueque
3240 3405 3556 3464 argumenta

1956 3495 2092 3549 pene
2121 3483 2439 3552 repugnanti
2470 3482 2796 3540 indiderunt.
2834 3487 2915 3540 An
2959 3487 3220 3555 ejusmodi
3259 3487 3387 3553 sint,
3431 3503 3552 3558 qua:

1955 3572 2250 3646 Basnagius
2276 3575 2486 3640 attulit,
2529 3577 2876 3647 sequentibus
2907 3579 3168 3650 capitibus
3200 3579 3548 3635 disseremus.

2581 3709 2808 3769 CAPUT
2847 3711 2911 3768 ll.

1951 3857 2185 3900 BASNAGII
2217 3862 2477 3903 BXTERNIS
2506 3863 2778 3906 ADVERSUS
2816 3866 3043 3908 SANCTAS
3074 3870 3356 3911 MARTYRES
3383 3871 3553 3913 Διίίὲυ·⁸

2463 3956 2657 3996 MENTIS
2678 3957 3036 3998 OCCURRITUR.

2031 4070 2070 4124 Ι.
2114 4071 2355 4126 Actorum
2407 4071 2681 4143 Perpetua:
2723 4086 2769 4130 et
2818 4077 3106 4135 Felicitatis
3169 4084 3554 4156 compilatorem

1959 4159 2116 4229 fuisse
2146 4161 2579 4218 Montanistarum
2605 4166 2786 4222 quresi
2814 4169 3073 4241 infectant.

2033 4252 2094 4306 ll.
2120 4253 2380 4308 Ruinartii
2408 4273 2501 4326 pro
2527 4257 2770 4313 Actorum
2797 4263 3130 4332 compilatore
3157 4268 3379 4323 rationes
3402 4274 3555 4341 refel-

1958 4342 2133 4399 luntur
2166 4346 2414 4416 variisque
2477 4353 2792 4420 argumentis
2839 4356 2946 4425 ejus
2995 4359 3363 4414 montanismus
3409 4379 3550 4417 asse-

1956 4437 2106 4491 ritur.

2029 4531 2115 4588 Ill.
2147 4531 2396 4590 Dodwelli
2435 4553 2527 4605 pro
2555 4537 2779 4609 ejusdem
2808 4541 3070 4612 scriptoris
3100 4543 3401 4598 orthodoxia
3439 4547 3550 4602 dis-

1959 4627 2175 4695 putatio.
2466 4694 2470 4695 ν
3081 4634 3083 4636 ’
3165 4636 3172 4640 ’

2033 4719 2119 4775 IV.
2175 4719 2305 4790 Eius
2373 4723 2731 4794 disputationis
2790 4726 3012 4795 primum
3069 4727 3304 4798 dejicitur
3358 4732 3549 4803 fanda-

1960 4821 2178 4865 mentum
2191 4851 2202 4865 .

2033 4904 2095 4958 V.
2125 4905 2353 4960 Alterum
2381 4908 2606 4978 ejusdem
2629 4909 2988 4980 disputationis
3010 4912 3395 4982 fundamentum
3415 4933 3550 4974 ever-

1959 4997 2102 5051 titur.

2033 5086 2121 5143 γι.
2150 5089 2195 5143 Α
2224 5089 2547 5148 Montanistis
2567 5091 2856 5149 Cat/iolicos
2879 5113 2979 5150 non
3003 5097 3160 5166 fuisse
3191 5117 3284 5170 pro
3300 5105 3552 5162 haereticis

1959 5183 2291 5239 existimatos.

2033 5274 2143 5330 Ἧι.
2196 5275 2272 5330 Ab
2338 5273 2687 5331 Ecclesiarum
2753 5277 3134 5337 Cat/tolicarum
3200 5291 3551 5346 communione

1963 5368 2304 5424 Montanistas
2330 5386 2434 5423 non
2458 5385 2510 5423 se
2539 5370 2743 5423 omnino
2769 5371 2962 5428 alienos
2989 5377 3322 5433 existimasse.

2033 5461 2167 5516 Vlll.
2196 5461 2276 5515 Ad
2301 5461 2673 5516 catholicorum
2692 5477 2892 5533 quoque
2921 5478 3202 5538 martyrum
3231 5477 3549 5531 conuuuuio-

1964 5568 2077 5607 nem
2102 5553 2418 5625 adspirasse.

2036 5642 2125 5700 IX.
2159 5644 2279 5701 Non
2299 5644 2573 5716 Perpetua:
2596 5656 2814 5716 tantum,
2843 5651 2932 5705 sed
2967 5653 3187 5710 aliorum
3216 5672 3410 5728 quoque
3466 5675 3559 5714 ca-

2047 5813 2127 5883 (l)
2154 5809 2306 5882 Apud
2333 5809 2573 5867 Bollandi
2605 5811 2802 5878 socios,
2829 5821 2958 5867 tom.
2979 5829 3068 5878 vn,
3095 5817 3291 5871 mensis
3315 5817 3478 5876 Junii.

2819 5907 2879 5967 3.
