3988 6310
455 230 524 288 75

1536 236 1990 303 DlSSERTATlO
2026 248 2508 317 APOLOGETICA

3683 254 3754 333 ‘76

458 350 764 408 tltolicorum
784 356 1093 428 martyrum,
1122 351 1499 415 Tertullianum
1524 374 1638 415 cum
1666 360 1817 417 laude
1869 369 2045 420 memi-
2075 368 2123 428 Α
2151 371 2428 426 secundum
2457 373 2868 433 exuberationem
2894 377 3076 451 gratia:
3102 379 3154 435 in
3175 381 3355 441 ultima
3380 385 3552 441 saeculi
3579 388 3751 459 spatia

450 461 603 501 118888.

530 536 597 593 Χ.
632 538 755 605 Alii,
787 548 969 611 prwter
998 539 1365 611 Montanistas,
1406 544 1632 602 lttcrctici
1677 549 2045 606 catholicorum

454 628 581 683 Acta
608 619 903 702 'martyrum
925 632 1031 688 luci
1055 633 1320 689 dederunt.

516 719 612 776 XI.
645 722 729 777 Ea;
754 725 965 795 ipsomet
983 724 1224 782 Actorum
1246 736 1453 783 auclore
1485 727 1824 800 Montanista,
1850 743 2044 805 martyr

441 832 522 873 res
549 825 747 873 nostros
774 816 835 873 ab
865 819 963 875 Itac
989 829 1126 876 secta
1149 820 1310 892 fuisse
1330 821 1527 879 alienos
1557 826 1867 883 ostenditur.

518 1042 559 1097 Ι.
597 1041 673 1098 De
698 1050 937 1109 auctore,
965 1057 1061 1099 seu
1092 1044 1290 1114 potius,
1322 1053 1380 1100 ut
1403 1044 1571 1101 videri
1594 1048 1706 1102 vult
1729 1090 1743 1116 ,
1782 1050 2036 1104 Actorum

442 1134 720 1207 Perpetua:
750 1130 1123 1192 et’Felicitatis
1156 1139 1525 1209 compilatore,
1555 1155 1659 1196 non
1693 1157 1794 1196 una
1827 1142 2038 1198 eadem-

440 1242 545 1298 que
570 1225 902 1283 eruditorum
940 1230 1203 1283 sententia
1231 1239 1338 1283 est.
1368 1230 1444 1285 De
1486 1231 1922 1288 Montanistarum
1954 1235 2031 1288 la-

432 1319 575 1374 milia
609 1334 772 1374 unum
796 1319 980 1387 fuisse,
1003 1321 1085 1375 vir
1101 1319 1360 1377 candidus
1376 1321 1549 1391 juxta,
1583 1334 1741 1394 atque
1767 1324 2029 1389 eruditus,

431 1419 491 1466 ut
517 1410 760 1481 Basnagii
790 1412 967 1466 verbis
995 1421 1133 1479 utar,
1164 1413 1291 1467 olim
1319 1414 1488 1468 sensit
1508 1414 1746 1470 Valesius
1772 1414 1874 1486 (ί).
1893 1416 2032 1471 Con-

428 1512 510 1557 tra
535 1501 841 1559 Dodwcllus
867 1517 973 1558 non
1001 1518 1215 1559 omnem
1247 1506 1408 1561 modo
1433 1506 1500 1560 ab
1528 1507 1644 1577 ipso
1685 1509 2028 1564 montanismi

429 1593 793 1663 suspicionem
820 1594 1111 1661 amolitur;
1160 1596 1253 1651 sed
1286 1596 1559 1653 hominem
1615 1615 1827 1669 quoque
1864 1599 2029 1657 fuisse

425 1685 701 1741 contendit
739 1687 995 1743 adversus
1023 1688 1370 1746 Montanistas
1405 1691 1681 1747 catholica:
1735 1693 1854 1747 lidei
1910 1695 2027 1750 zelo

2152 462 2371 519 decreta.
2422 465 2781 539 Abruptiusnc
2830 480 2916 526 aut
2968 471 3327 543 impudentius
3383 476 3592 534 locutus
3651 495 3750 537 un-

2148 568 2307 624 quam
2337 556 2608 626 professus
2637 562 2953 617 montaui‘ta
2994 561 3213 621 fuisset?
3252 565 3415 623 Estne
3453 583 3637 637 ovum,
3690 578 3750 626 ut

2148 645 2315 714 aiunt,
2342 663 2446 703 ovo
2474 651 2719 717 similius,
2743 669 2904 724 quam
2939 656 3053 713 lucc
3082 659 3315 714 auctoris
3336 661 3496 715 verba
3519 676 3639 716 cum
3661 660 3746 718 his

2148 737 2461 797 Tertulliani
2509 743 2609 799 sub
2639 743 2797 800 ﬁnem
2834 746 2952 803 libri
2986 749 3051 805 de
3082 749 3498 808 Resnrrccﬁone
3519 754 3694 808 carnis
3720 754 3745 808 ?

2145 830 2211 884 At
2237 831 2370 885 enim
2392 831 2528 888 Deus
2556 837 2869 907 omnipotens
2896 840 3135 896 adversus
3168 842 3275 897 lucc
3301 844 3670 901 incredulitatis
3694 857 3743 903 et

2143 926 2481 994 perversitatis
2520 929 2743 1000 ingenia,
2768 933 3206 1001 providentissima
3239 938 3404 1006 gratia
3440 954 3533 992 sua
3567 937 3741 995 ell‘un-

2143 1017 2276 1074 dens
2306 1019 2356 1077 in
2410 1022 2717 1078 DOVlaSlllllS
2756 1023 2945 1082 diebus
2977 1027 3047 1083 de
3074 1043 3170 1084 suo
3211 1027 3407 1099 Spiritu
3436 1031 3488 1086 in
3521 1047 3739 1087 omnem

2140 1126 2379 1184 carnem,
2413 1114 2468 1169 in
2499 1131 2683 1173 servos
2713 1131 2838 1175 suos
2861 1130 2914 1175 et
2942 1120 3183 1187 ancillas,
3215 1132 3261 1177 et
3298 1122 3452 1191 ﬁdem
3498 1124 3741 1180 laboran-

2140 1219 2239 1264 tem
2263 1212 2644 1266 resurrectionis
2664 1214 2885 1268 carnalis
2924 1215 3163 1284 animavit
3183 1258 3197 1282 ,
3230 1225 3274 1275 et
3303 1217 3517 1288 pristina
3545 1219 3739 1274 lustru-

2137 1311 2306 1356 menta
2335 1303 2618 1372 manifestis
2658 1305 2918 1360 verborum
2978 1317 3023 1363 et
3084 1324 3319 1365 sensuum
3362 1308 3635 1368 luminibus
3672 1313 3736 1368 ab

2134 1400 2274 1454 omni
2289 1402 2630 1473 ambiguitatis
2654 1404 2956 1460 obscuritate
2979 1407 3230 1480 purgauit.
3258 1405 3397 1463 Nam
3423 1409 3542 1480 quia
3572 1410 3735 1467 hatre-

2133 1506 2211 1545 ses
2230 1507 2333 1547 esse
2350 1490 2663 1562 Oportuerat,
2677 1504 2730 1549 ut
2746 1496 3029 1566 probabiles
3048 1498 3231 1570 quique
3252 1500 3694 1571 ntanijestarentnr
3712 1518 3733 1558 :

2133 1585 2214 1637 lia:
2241 1596 2408 1639 autent
2433 1588 2541 1640 sine
2569 1586 2821 1655 aliquibus
2848 1589 3192 1647 occasionibus
3220 1590 3603 1663 Scripturarnm
3635 1610 3731 1649 auo

2133 1676 2252 1731 dere
2278 1694 2379 1733 non
2403 1690 2655 1747 poterant,
2678 1681 2866 1735 idcirco
2890 1682 3107 1752 pristina
3131 1683 3463 1738 instrumenta
3479 1685 3732 1757 quasdam

426 1786 485 1833 ει
518 1778 711 1835 παθη
736 1778 1050 1851 ﬂagrantem
1085 1780 1191 1854 (ﬁ).
1214 1783 1428 1839 γε,ιῶίο
1450 1784 1599 1840 “uno
1646 1786 1805 1841 modo
1831 1800 2021 1842 asse"-
2055 1768 2102 1828 B
2131 1771 2367 1824 materias
2393 1770 2496 1825 illis
2525 1772 2760 1827 videntur
2796 1773 3233 1842 subntinistrasse,
3283 1785 3329 1829 et
3357 1776 3474 1831 illas
3523 1778 3731 1849 quidem

425 1871 515 1926 tiri
543 1881 724 1942 potest
745 1871 828 1928 CI.
854 1874 1164 1930 Ruinartius
1191 1875 1293 1948 (5).
1311 1876 1526 1944 Contra,
1556 1877 1847 1951 Basnagius
1874 1881 2022 1937 Vale-

418 1963 485 2018 sii
514 1963 752 2033 opinioni
778 1979 838 2020 se
877 1964 1156 2022 adhaerere
1182 1967 1412 2024 libenter
1442 1971 1745 2039 profitetur,
1791 1972 2019 2042 indeque

423 2055 677 2125 primum,
710 2065 769 2111 ut
786 2067 973 2128 postea
994 2058 1323 2127 videbimus,
1347 2059 1602 2116 adversus
1617 2072 1879 2134 martyres
1893 2079 2015 2119 nos-

420 2155 534 2202 tros
554 2149 770 2205 coniicit
798 2158 1191 2220 argumentum.
1224 2152 1299 2206 Ea
1325 2167 1414 2208 res
1437 2154 1661 2209 omnino
1687 2157 1937 2225 postulat,
1958 2167 2017 2212 ut

419 2238 487 2296 de
517 2249 625 2298 tota
663 2241 764 2297 hac
789 2246 1156 2300 controversia
1178 2259 1437 2315 perquam
1463 2246 1867 2305 accuratissime
1900 2250 2012 2305 dis-

414 2348 677 2403 seramus,
698 2351 766 2391 ne
780 2335 824 2391 si
849 2335 1041 2392 Valesil
1059 2337 1364 2408 opinionem
1392 2340 1793 2410 amplectamur,
1811 2353 2012 2399 temere

413 2424 467 2478 id
518 2424 710 2482 fecisse
734 2427 1125 2495 existimemur;
1176 2429 1258 2483 sin
1311 2438 1513 2498 autem,
1564 2448 1633 2488 ne
1670 2450 1737 2489 ex
1779 2436 2008 2504 quodam

419 2528 809 2590 przeconceptze
829 2521 1096 2589 opinionis
1116 2521 1429 2591 praeiudicio
1455 2522 1652 2579 (suum
1686 2524 1741 2580 id
1763 2540 1885 2582 esse
1924 2528 2006 2582 vi-

413 2610 624 2666 deatur.
650 2610 719 2666 Ut
750 2612 909 2681 igitur
934 2622 1188 2682 agnoscat
1220 2614 1388 2669 lector
1428 2630 1515 2670 me
1555 2630 1736 2671 secum
1781 2619 2007 2676 candide

417 2716 597 2772 agere,
627 2711 683 2757 et
711 2702 846 2757 nihil
878 2703 983 2758 huc
1012 2703 1413 2774 prmiudicntunnn
1440 2706 1632 2763 afferre
1660 2749 1675 2773 ,
1706 2711 1761 2763 in
1806 2709 2005 2766 Valesii

413 2794 745 2867 Opinionem,
787 2795 922 2851 meis
945 2796 1070 2851 licet
1098 2796 1394 2852 rationibus
1424 2799 1597 2868 primo
1617 2809 1837 2870 aspectu
1866 2804 1997 2858 satis

412 2888 835 2958 incommodam,
863 2888 1020 2944 valde
1048 2890 1285 2944 animum
1306 2890 1563 2947 inclinare
1590 2892 1864 2963 proﬁteor.
1893 2896 2001 2950 Ar-

405 2991 661 3055 gumento
686 2982 817 3037 mihi
839 2989 925 3037 est
946 2983 1180 3038 auctoris
1197 2981 1462 3053 praefatio,
1493 2987 1582 3053 qni
1600 2999 1729 3041 sane
1758 2984 1842 3040 bis
1884 2986 1998 3040 uti-

404 3087 491 3131 tur
520 3076 716 3145 verbis,
740 3091 857 3147 que:
877 3076 1125 3145 quamvis
1147 3118 1163 3144 ,
1193 3076 1239 3131 si
1263 3077 1369 3131 alio
1395 3085 1637 3147 tempore
1677 3080 1871 3149 scripta
1917 3077 1999 3135 fo-

2126 1860 2308 1915 iisdem
2337 1862 2517 1917 litteris
2544 1866 2876 1923 reoincibiles.
2907 1866 3015 1923 Sed
3062 1868 3301 1937 quoniam
3328 1870 3540 1925 necdum
3569 1871 3728 1929 dissi-

2124 1954 2323 2009 mulare
2349 1954 2603 2022 Spiritum
2632 1957 2880 2012 Sanctum
2906 1958 3188 2029 oportebat,
3219 1960 3489 2031 quominus
3518 1972 3563 2016 et
3590 1965 3728 2033 ejus-

2123 2047 2260 2100 modi
2288 2046 2497 2118 eloquiis
2530 2050 2954 2120 superinundaret
2974 2092 2989 2119 ,
3034 2068 3149 2121 qua:
3186 2053 3339 2107 nullis
3370 2053 3725 2115 haereticorum

2119 2143 2347 2197 versutiis
2372 2144 2564 2198 semina
2585 2146 2992 2219 subspargerent,
3017 2148 3117 2205 into
3138 2158 3183 2204 et
3213 2158 3397 2206 veteres
3426 2167 3600 2206 eorum
3616 2169 3723 2209 ces-

2118 2234 2244 2302 pites
2292 2236 2558 2302 vellerent;
2588 2237 2777 2292 idcirco
2801 2240 2916 2310 jam
2952 2258 3122 2296 clunes
3159 2252 3293 2297 retro
3327 2242 3713 2314 ambiguitates,

2114 2340 2161 2383 et
2191 2344 2315 2397 quas
2344 2330 2515 2384 volunt
2537 2331 2827 2400 parabolas,
2854 2343 3037 2404 aperta
3084 2344 3235 2407 atque
3264 2336 3533 2407 perspicua
3558 2339 3715 2394 totius

2113 2418 2437 2474 Sacramenti
2464 2423 2827 2490 pra’tlicatione
2850 2425 3105 2495 discussit,
3159 2444 3249 2497 per
3276 2444 3457 2485 novatn
3492 2431 3718 2505 prapltc-

2113 2513 2312 2567 tiamde
2335 2512 2609 2570 Paracleto
2636 2518 2989 2586 inundantem,
3017 2520 3164 2589 cujus
3186 2521 3230 2575 si
3256 2520 3485 2579 hauseris
3520 2528 3711 2595 fordes,

2112 2605 2309 2661 nullam
2336 2608 2523 2676 poteris
2547 2609 2688 2664 sitire
2710 2610 2997 2667 doctrinam
3020 2653 3034 2679 ,
3063 2613 3237 2668 nullus
3264 2623 3312 2673 te
3352 2614 3509 2675 ardor
3535 2626 3713 2677 exuret

2107 2700 2460 2766 quazstionum,
2488 2703 2897 2773 resurrectionem
2918 2720 3114 2773 quoque
3138 2709 3327 2775 carnis,
3353 2723 3710 2781 usquequaque

2108 2793 2357 2862 potando,
2401 2794 2744 2865 refrigerabis.
2776 2795 3073 2851 Novissima
3105 2799 3377 2859 veteribus
3401 2803 3703 2875 anteponit,

2106 2883 2210 2939 hoc
2238 2893 2340 2951 est,
2364 2898 2530 2940 novas
2555 2883 2788 2941 Montani
2840 2887 3195 2945 revelationes
3228 2890 3468 2962 pristinis
3498 2892 3701 2949 instru-

2104 2975 2319 3041 mentis,
2347 2976 2622 3046 utriusque
2647 2976 2852 3033 scilicet
2874 2977 3202 3035 'l‘estatnenti
3243 2980 3421 3050 libris,
3459 2999 3566 3039 non
3587 3024 3601 3053 ,
3641 2993 3705 3045 ut

2102 3066 2394 3125 Rhenanus
2418 3069 2760 3127 ctPamelius
2811 3073 3249 3144 interpretantur,
3280 3074 3411 3133 Novi
3452 3075 3700 3139 Frederis

403 3182 549 3240 rent,
577 3171 633 3225 in
658 3169 979 3225 catholicam
1000 3170 1319 3226 sententiam
1342 3180 1631 3242 utcumque
1654 3172 1994 3243 interpretari

2107 3161 2265 3218 libros
2294 3164 2543 3220 mosaicis
2571 3173 2626 3220 et
2654 3165 2996 3236 propheticis.
3030 3167 3145 3223 Non
3172 3170 3312 3225 enim
3344 3184 3411 3227 ex
3437 3170 3553 3243 lege
3580 3182 3705 3229 tau-

405 3275 710 3336 possemus,
740 3271 797 3318 at
826 3262 1004 3318 habita
1052 3263 1262 3318 ratione
1306 3264 1591 3333 temporis,
1638 3279 1749 3335 quo
1792 3265 1991 3334 scripta

407 3364 565 3422 sunt,
624 3355 998 3410 vehementem
1045 3354 1198 3410 nobis
1234 3355 1581 3410 montanismi
1633 3356 1993 3427 suspicionem

403 3447 649 3503 aﬂerunt.
674 3447 765 3502 Sic
791 3447 933 3503 enim
962 3446 1123 3502 habet
1148 3461 1161 3499 :
1194 3446 1300 3502 Sed
1328 3447 1563 3515 viderint,
1591 3450 1677 3517 qui
1704 3465 1861 3503 unam
1885 3450 1991 3504 vir-

399 3551 550 3597 tutem
579 3540 802 3612 Spiritus
830 3542 980 3595 unius
1028 3541 1192 3596 sancti
1224 3556 1316 3611 pro
1338 3541 1570 3596 wtatibus
1602 3542 1833 3611 judicent
1865 3550 1991 3596 tests-

400 3648 587 3704 porum
604 3633 625 3686 ξ
647 3648 762 3686 cum
785 3633 985 3700 majora
1008 3632 1295 3702 reputando
1311 3632 1413 3686 sint
1441 3633 1687 3686 novitiora
1711 3649 1922 3703 quaeque
1938 3643 1991 3687 ut

396 3724 767 3787 nouissimiora,
808 3722 1081 3777 secundum
1094 3724 1500 3779 exuberationem
1523 3726 1703 3795 gratia:
1729 3727 1782 3779 in
1812 3726 1991 3780 ultima

395 3818 571 3873 seaculi
596 3817 762 3887 spatia
786 3816 987 3871 decreta
1012 3814 1093 3889 (4)
1125 3833 1143 3871 :
1166 3816 1226 3871 In
1256 3819 1562 3873 novissimis
1584 3821 1728 3874 enim
1775 3820 1986 3887 diebus,

388 3910 522 3966 dicit
543 3910 816 3978 Dominus,
845 3908 1113 3964 eﬂ'undam
1131 3910 1198 3964 de
1210 3909 1416 3979 Spiritu
1440 3924 1566 3965 meo
1590 3926 1754 3982 super
1773 3927 1987 3968 omnem

393 4017 631 4069 carnem,
673 4010 727 4057 et
751 4001 1149 4073 prophetabunt
1180 4002 1272 4057 lilii
1302 4001 1540 4074 ﬁliaeque
1566 4018 1775 4069 eorum,
1800 4016 1855 4059 et
1898 4020 1989 4060 su-

395 4111 490 4164 per
527 4109 711 4150 servos
738 4103 794 4149 et
814 4094 1033 4150 ancillas
1053 4108 1201 4149 meas
1225 4093 1293 4151 de
1322 4109 1442 4151 meo
1468 4094 1669 4166 Spiritu
1692 4096 1983 4164 cﬂ'undam,

391 4199 448 4246 et
471 4190 693 4261 juvenes
718 4188 952 4244 visiones
980 4187 1250 4257 videbunt,
1282 4198 1337 4245 et
1374 4205 1532 4247 senes
1576 4194 1782 4248 somnia
1838 4208 1984 4249 som-

396 4283 641 4340 niabunt.
671 4281 853 4352 Itaque
895 4290 942 4336 et
970 4298 1080 4349 nos,
1110 4282 1197 4350 qui
1238 4282 1367 4337 sicut
1388 4284 1704 4355 prop/ratius,
1738 4286 1811 4340 ita
1838 4296 1884 4340 et
1914 4286 1987 4340 vi-

391 4379 560 4431 siones
580 4392 734 4431 novas
764 4374 954 4445 pariter
984 4374 1335 4445 repromissas,
1377 4384 1422 4427 et
1470 4377 1789 4445 agnoscimus
1818 4386 1865 4430 et
1893 4377 1987 4432 Ito-

394 4486 655 4535 noramus,
697 4477 802 4524 etc.
850 4467 981 4535 Quis
1017 4465 1236 4532 credat,
1280 4468 1395 4523 haec
1435 4470 1681 4538 scriptori
1723 4468 1984 4527 catholico

2098 3266 2211 3312 tum
2241 3268 2295 3313 et
2319 3257 2624 3328 Prophetis.
2646 3259 2740 3315 sed
2763 3260 2842 3314 vel
2874 3261 3107 3317 masinte
3131 3277 3193 3317 ex
3217 3260 3349 3318 Novi
3380 3263 3703 3324 Testamen-

2096 3350 2134 3402 ti
2162 3349 2403 3404 obscuris
2430 3348 2746 3420 quibusdam
2772 3350 2922 3419 locis,
2958 3350 3394 3423 ambiguitatibus
3436 3365 3491 3411 et
3537 3370 3700 3429 para-

2096 3439 2235 3496 bolis
2262 3456 2482 3496 suorum
2512 3441 2820 3513 dogmatum
2844 3444 3120 3499 materiam
3164 3443 3405 3501 hieretici
3431 3445 3699 3519 decerpe—

2094 3532 2241 3591 bant.
2272 3535 2370 3590 Cui
2412 3536 2488 3591 rei
2540 3536 3001 3606 providentissima
3029 3540 3201 3609 gratia
3229 3553 3324 3595 sua
3368 3540 3537 3597 Deum
3564 3556 3697 3615 pro-

2094 3629 2336 3699 spexisse
2365 3628 2524 3685 docet
2553 3629 2605 3684 in
2633 3629 2941 3686 novissimis
2962 3630 3151 3689 diebus
3174 3631 3241 3687 de
3261 3631 3459 3703 Spiritu
3489 3648 3588 3690 suo
3612 3635 3697 3691 ef-

2092 3720 2364 3777 t‘undondo
2394 3722 2445 3775 in
2477 3731 2690 3778 omnem
2718 3737 2966 3791 carnem,
3016 3723 3106 3794 qui
3157 3724 3423 3795 ejusmodi
3462 3725 3695 3798 eloquiis

2092 3813 2579 3885 superinundarct,
2621 3831 2742 3885 qua:
2788 3817 2950 3873 nullis
3006 3817 3377 3877 hereticorum
3439 3821 3691 3879 versutiis

2093 3908 2370 3962 materiam
2392 3917 2447 3962 et
2468 3908 2672 3962 semina
2716 3908 3212 3979 Subministrarent,
3243 3918 3299 3969 et
3325 3926 3515 3973 omnes
3535 3921 3686 3975 retro

2091 4000 2464 4072 ambiguitates
2517 4010 2570 4055 et
2611 4000 2909 4071 parabolas,
2960 4014 3146 4072 aperta
3193 4014 3352 4075 atque
3401 4005 3685 4077 perspicua

2088 4092 2253 4147 totius
2278 4092 2613 4148 Sacramauti
2636 4092 3019 4163 praedicatione
3042 4093 3334 4155 discuteret
3362 4110 3375 4149 :
3402 4096 3549 4169 quod
3574 4094 3690 4155 lac-

2091 4193 2202 4238 tum
2223 4198 2343 4237 esse
2363 4182 2655 4254 subiungit,
2674 4201 2765 4255 per
2790 4200 2969 4241 novam
2998 4186 3317 4256 prophetiam
3333 4187 3399 4251 de
3412 4186 3687 4253 l’aracletp

2087 4275 2441 4331 inundantem.
2472 4277 2725 4348 Adeoque
2749 4288 3006 4348 quantum
3039 4278 3174 4336 Novi
3202 4279 3531 4343 Testamenti
3558 4282 3686 4345 libri

2088 4371 2258 4440 magis
2278 4381 2459 4441 aperta
2487 4373 2873 4442 perspicuaqttc
2912 4388 3090 4428 rerum
3141 4375 3440 4433 easiestium
3473 4377 3687 4435 revela-

2091 4465 2252 4529 tione,
2282 4480 2385 4533 qua
2432 4473 2639 4520 veteres
2671 4467 2854 4535 ﬁgura:
2880 4466 3137 4535 expositas
3160 4476 3305 4533 sunt,
3331 4467 3591 4538 legalibus
3622 4480 3683 4529 et

389 4563 639 4618 excidere
660 4560 917 4631 potuisse,
948 4575 1051 4629 quo
1084 4568 1324 4628 tempore
1357 4562 1727 4617 montanistica
1758 4565 1980 4621 haeresis

2107 4557 2411 4626 n‘opheticis
2440 4568 2715 4628 praestant;
2737 4567 2940 4613 tantum
2969 4558 3199 4613 Montani
3216 4558 3536 4629 prophetae,
3557 4577 3683 4637 qua:

386 4656 442 4711 in
469 4655 704 4711 Ecclesia
756 4651 1222 4708 vehementissime
1258 4653 1647 4723 grassabatur;
1699 4672 1821 4711 cum
1877 4674 1976 4714 ιιοο

388 4746 729 4801 vissimorum
774 4752 1071 4813 temporum
1122 4743 1514 4812 conditionem,
1567 4747 1637 4802 ob
1680 4747 1974 4805 charisma-

388 4846 499 4895 tum
520 4838 731 4905 copiam
771 4846 827 4891 et
864 4834 1085 4905 spiritus
1126 4834 1527 4893 exuberantiam
1557 4838 1837 4897 Paracleto
1877 4856 1974 4897 suo

385 4938 729 4992 reservatam,
753 4935 1027 4995 tantOpere
1053 4926 1329 4997 jactabant
1352 4941 1405 4984 et
1425 4932 1751 4989 extollebant
1795 4935 1970 4992 hmre-

384 5022 471 5077 tici
499 5037 514 5086 ;
541 5035 661 5077 cum
691 5033 854 5073 novas
882 5018 1135 5086 visiones,
1183 5029 1238 5075 et
1262 5021 1567 5091 prophetias
1591 5026 1875 5095 repudiare
1914 5044 1973 5085 se

384 5113 729 5183 proﬁteretur
776 5109 1033 5171 Ecclesia;
1063 5118 1246 5165 contra
1269 5113 1356 5180 qui
1388 5112 1506 5167 illas
1522 5127 1890 5184 agnoscerent,
1920 5129 1975 5175 ct

387 5207 735 5268 bonorarent,
771 5216 863 5272 pro
883 5201 1148 5257 ltarreticis
1180 5202 1522 5261 haberentur.
1550 5204 1679 5261 Cum
1720 5210 1922 5279 majora
1951 5254 1965 5278 ,

382 5295 573 5367 inquit,
593 5293 875 5366 repulanda
900 5296 998 5347 sint
1022 5293 1269 5349 nouitium
1293 5310 1519 5367 qumque,
1541 5309 1591 5350 nt
1620 5299 1969 5355 novissimiora

443 5476 521 5549 (l)
554 5473 862 5549 l’rrefataatl
894 5472 1066 5549 Paris.
1097 5473 1333 5549 Actorum
1357 5474 1567 5549 edition.

442 5544 520 5618 ('2)
546 5544 1113 5626 DissertJslfqprianica
1128 5546 1189 5623 de
1202 5545 1490 5615 visionibus,
1506 5559 1590 5603 etc
1600 5589 1635 5616 .,
1654 5547 1679 5621 §
1692 5548 1725 5604 8
1738 5559 1791 5605 et
1807 5564 1957 5626 seqq.

375 5616 496 5676 Vni.
526 5620 590 5672 ad
621 5618 825 5671 calcem
859 5617 1014 5681 hujus
1059 5616 1206 5667 tomi.

442 5692 518 5760 (5)
556 5687 895 5760 lnadmonit.
927 5685 1069 5760 Actis
1098 5685 1388 5760 [ir-.emissa,
1419 5704 1565 5745 num.
1585 5690 1638 5745 6.

431 5754 511 5835 (4)
534 5758 686 5816 Joltel
716 5772 772 5825 ιι,
809 5756 901 5826 28,
926 5765 978 5811 et
1007 5754 1178 5813 Actor.
1221 5772 1277 5825 ιι,
1314 5758 1398 5813 l7.

2085 4650 2166 4704 vel
2188 4650 2334 4718 ipsas
2364 4650 2640 4721 Evangelii
2665 4650 3061 4721 ambiguitates,
3093 4660 3147 4705 et
3174 4651 3463 4721 parabolas
3484 4662 3677 4726 aperta

2083 4744 2244 4797 totius
2304 4740 2638 4797 Sacramettti
2678 4742 3057 4812 prazdicntinne
3099 4742 3489 4814 discusserunt,
3540 4747 3681 4821 ipsis

2081 4852 2294 4906 quoque
2345 4835 2479 4890 Novi
2545 4835 2784 4891 Fmderis
2830 4836 2980 4893 libris
3034 4847 3187 4894 erant
3250 4840 3675 4909 alitcponeudtn.

2074 4931 2246 4997 Quam
2273 4929 2509 4997 proiecto
2537 4929 2853 4985 sententiam
2888 4933 3134 4985 Actorum
3156 4930 3422 4987 collector
3448 4934 3678 5005 paucio-

2082 5022 2228 5075 ribus
2256 5020 2491 5090 quidem.
2523 5021 2615 5076 sed
2647 5036 2752 5077 non
2785 5022 2962 5077 minus
3008 5023 3279 5093 expressis
3308 5024 3511 5093 verbis,
3534 5028 3672 5087 imi-

2081 5116 2282 5182 nuavit,
2301 5130 2423 5191 opm
2450 5115 2524 5169 ait
2548 5116 2746 5185 majora
2772 5116 3056 5184 reputando
3078 5132 3190 5173 esse
3240 5118 3491 5173 nouitiora
3519 5136 3670 5191 quin-

2074 5222 2189 5276 que,
2220 5216 2272 5258 ut
2310 5205 2678 5273 novissimiora,
2712 5208 2988 5265 secundum
3019 5208 3424 5265 cxuberationem
3460 5215 3666 5283 gratim,

2072 5309 2204 5365 ctc.,
2240 5299 2289 5353 id
2327 5310 2430 5364 est,
2462 5311 2515 5353 ut
2556 5301 2790 5371 loquitur
2819 5300 3176 5361 Tertullianus
3199 5345 3214 5370 ,
3242 5303 3542 5367 secundum
3567 5323 3669 5363 no-

2072 5409 2187 5445 vam
2220 5393 2536 5461 pr0pltctiam
2561 5392 2624 5447 de
2658 5391 2925 5449 Paraclcto
2947 5393 3297 5453 inundantem.

2138 5486 2197 5539 ιι.
2228 5486 2532 5556 [ἰθειιοιιάρι
2559 5486 3041 5558 liuinartius,quod
3076 5490 3322 5558 quamvis
3350 5488 3470 5546 btet:
3499 5490 3666 5551 verba

2064 5586 2238 5653 primo
2264 5595 2481 5655 aspectu
2516 5586 2751 5642 Montani
2776 5602 2995 5644 errores
3018 5603 3212 5657 sapere
3238 5589 3564 5658 videantur;
3608 5591 3663 5648 si

2066 5685 2243 5729 tamen
2278 5676 2435 5745 paulo
2480 5678 2782 5735 accuratius
2817 5676 3209 5747 discutiantur,
3241 5679 3374 5734 nihil
3423 5682 3477 5737 in
3526 5682 3661 5753 ipsis

2062 5766 2347 5837 contineri,
2390 5769 2492 5827 nisi
2519 5770 2877 5830 orthodoxam
2917 5785 2970 5831 et
2997 5772 3117 5835 lidei
3164 5771 3449 5835 catholica:
3494 5775 3661 5855 plane
