3988 6310
224 291 289 353 77
1082 296 1216 358 PRO
1253 298 1349 359 SS.
1394 297 1796 369 PERPETUA,
1841 296 2255 379 FELICITATE
2297 302 2385 362 ET
2424 301 2656 365 SOCIIS.
3454 314 3523 376 78

216 430 535 487 consonum,
572 416 696 475 Non
724 419 876 487 enim,
911 419 1097 491 inquit,
1130 421 1222 475 iste
1252 430 1428 475 auctor
1454 421 1666 475 visiones
1717 436 1813 474 no-
1840 417 1894 479 Α
1919 418 2212 477 visionibus
2237 431 2292 478 et
2320 422 2740 481 revelationibus
2766 426 3193 499 venerationem,
3218 433 3512 489 auctorita-

213 510 451 567 rissintas
474 527 589 567 cum
622 511 905 587 Scripturis
935 512 1213 575 canonicis,
1246 523 1303 567 ut
1333 515 1526 585 putavit
1562 513 1812 581 Valesius,

210 603 306 659 sed
330 605 654 660 solummodo
693 622 807 663 cum
838 615 1056 662 veterum
1094 618 1374 680 martyrum
1421 610 1714 677 visionibus,
1766 617 1816 664 et

208 696 602 763 revelationibus
621 708 901 768 comparat,
934 700 1209 772 asseritque
1246 716 1346 755 non
1381 701 1570 754 minori
1617 716 1814 754 venera-

206 791 341 845 tioni
362 791 619 847 habendas
647 808 771 856 esse,
808 808 923 862 qua:
948 809 1037 846 suo
1061 802 1303 865 tempore,
1344 810 1497 865 quam
1546 810 1658 863 qua:
1685 793 1814 863 pris-

203 884 285 937 cis
328 884 655 954 temporibus,
691 884 747 939 id
778 894 868 951 est,
901 886 1063 955 primo
1092 896 1179 939 aut
1204 886 1421 940 secundo
1451 884 1692 940 Ecclesia:
1717 902 1813 939 ste.

202 977 350 1042 culo,
387 977 721 1047 contigerant.
752 976 867 1031 lmo
899 986 943 1030 et
969 977 1284 1048 aliquatenus
1314 978 1405 1031 has
1444 994 1598 1031 novas
1624 976 1812 1030 revela.

202 1069 372 1123 tiones
389 1070 574 1139 majori
598 1069 769 1124 studia
789 1069 1137 1135 suscipiendas
1151 1086 1257 1124 esse
1277 1070 1417 1137 dicit,
1444 1086 1557 1127 cum
1581 1070 1811 1140 exempla

201 1176 266 1215 eo
291 1160 571 1232 e/ﬁcaciora
600 1162 720 1225 siut,
770 1176 866 1231 quo
907 1160 1068 1232 magis
1109 1163 1378 1233 prwsentia
1409 1178 1425 1215 :
1456 1171 1559 1215 tum
1605 1162 1805 1228 deinde,

200 1253 346 1324 quod
396 1252 477 1309 lia:
496 1252 782 1307 novissima:
807 1253 1042 1315 visiones,
1083 1270 1182 1322 qua
1210 1253 1487 1325 aliquando
1512 1262 1697 1309 veteres
1724 1256 1809 1323 [u—

201 1356 334 1400 tura:
354 1356 519 1412 erant,
547 1345 719 1418 aliqua
741 1347 1039 1401 auctoritate
1057 1346 1329 1418 fulcienda:
1348 1356 1528 1410 essent,
1554 1356 1606 1403 ut
1632 1364 1663 1400 a
1690 1362 1806 1421 pos.

198 1438 324 1493 teris
350 1439 672 1494 crederentur
704 1482 716 1504 ,
748 1438 804 1493 id
842 1450 1014 1509 patere
1039 1440 1109 1493 ait
1140 1456 1203 1494 ea:
1237 1440 1411 1493 eadem
1451 1441 1610 1510 ipsius
1637 1448 1812 1493 aucto-

198 1531 277 1585 ris
320 1539 426 1585 tota
478 1532 815 1603 praefatione;
845 1532 927 1586 ubi
972 1549 1035 1587 ne
1072 1549 1230 1588 unum
1274 1533 1475 1605 quidem
1498 1532 1702 1587 verbum
1747 1533 1810 1587 de

199 1622 493 1694 Scriptura:
516 1640 677 1683 sucrce
701 1640 814 1679 cum
835 1625 1106 1682 visionibus
1124 1635 1403 1697 martyrum
1431 1627 1810 1696 comparatione

197 1715 437 1771 habetur.
470 1736 488 1769 ι
511 1715 572 1771 Si
589 1727 769 1779 vetera.
796 1736 815 1770 ι
846 1718 1005 1779 inquit
1035 1738 1051 1770 ι
1074 1718 1262 1788 ﬁdei...
1292 1720 1521 1788 eccentpla
1541 1730 1810 1791 propterea

1921 519 2136 583 temque
2165 514 2575 572 conciliandam.
3298 582 3307 585 _

1988 603 2085 657 Est
2110 605 2324 676 quidem
2354 606 2455 663 hoc
2471 608 2729 689 adversus
2756 612 3031 681 Actorum,
3058 624 3119 671 ut
3139 617 3309 684 aiunt,
3359 634 3507 676 com-

1918 695 2196 765 pilatorem
2243 700 2617 769 gravissimum
2656 703 3065 774 praeiudicium;
3101 714 3286 767 nescio
3327 720 3507 770 tamen

1916 800 1984 839 an
2014 801 2119 842 non
2140 789 2354 857 gravius
2377 792 2466 858 sit,
2495 793 2638 863 quod
2664 809 2731 850 ex
2762 800 3111 866 sequentibus
3134 802 3312 857 verbis
3342 805 3512 859 conli-

1915 876 2053 934 citur
2081 892 2472 951 argumentum.
2505 886 2593 941 Sic
2622 888 2761 942 enim
2790 890 2962 961 pergit
2993 907 3008 946 :
3047 912 3066 944 ι
3094 893 3278 963 Itaque
3304 905 3358 950 et
3382 912 3501 964 nos,

1918 971 2010 1040 qui
2039 974 2177 1027 sicut
2208 976 2538 1047 prophetias,
2572 977 2642 1034 ita
2682 988 2735 1035 et
2762 982 2996 1037 visiones
3020 1000 3186 1043 novas
3216 988 3418 1057 pariter
3432 1005 3514 1046 re-

1923 1064 2214 1132 promissas
2240 1076 2293 1122 ct
2322 1071 2680 1140 agnoscimus,
2724 1082 2779 1129 et
2808 1074 3152 1135 honoramus.
3182 1100 3202 1133 ι
3241 1081 3365 1139 llzec
3393 1085 3510 1155 pla-

1914 1171 1982 1211 ne
2025 1160 2383 1230 peremptoria
2410 1175 2535 1219 sunt
2562 1180 2576 1218 :
2608 1180 2780 1236 neque
2805 1168 2950 1224 enim
2988 1171 3306 1230 clarioribus
3334 1176 3513 1233 verbis

1914 1255 2176 1322 potuisset
2213 1265 2423 1325 auctor,
2480 1272 2638 1328 quam
2686 1257 2802 1329 ipse
2847 1272 3047 1319 sectam
3118 1266 3462 1338 proﬁteretur
3493 1312 3510 1338 ,

1913 1357 2186 1414 exponere
2217 1363 2229 1399 :
2259 1345 2376 1402 haec
2432 1350 2775 1405 montanismi
2824 1361 3027 1410 tessera
3076 1366 3237 1427 sunt,
3267 1368 3321 1415 et
3358 1374 3513 1417 mon-

1914 1435 2172 1491 tanistica:
2201 1436 2462 1494 doctrina:
2487 1440 2631 1496 clara
2657 1451 2713 1497 et
2749 1452 2934 1514 aperta
2960 1447 3243 1516 professio.
3279 1451 3335 1506 Id
3363 1453 3510 1509 enim

1912 1527 2206 1586 catholicos
2227 1530 2367 1587 inter
2386 1540 2441 1588 et
2470 1534 2845 1605 montanistas,
2880 1536 2931 1592 id
2960 1542 3215 1611 temporis
3240 1542 3512 1616 discepta-

1912 1618 2088 1688 batur,
2121 1636 2190 1676 an
2221 1637 2394 1691 novae,
2425 1624 2478 1679 id
2504 1634 2606 1695 est,
2650 1628 3095 1687 extraordinariae
3141 1642 3197 1689 et
3242 1634 3510 1693 inusitatae

1912 1712 2148 1769 visiones
2171 1722 2225 1770 et
2250 1715 2547 1787 prophetiae
2575 1719 2930 1790 agnoscenda:
2951 1732 3133 1780 essent
3150 1733 3309 1796 atque
3338 1726 3510 1783 hono-

195 1809 253 1872 ἔῃ
270 1808 456 1865 litteris
466 1818 583 1867 sunt
597 1809 873 1881 digesta,ut
888 1810 1097 1865 lectione
1116 1827 1287 1865 eorum
1299 1812 1444 1884 quasi
1463 1812 1786 1883 repensitatio

1919 1805 2134 1873 randae;
2184 1821 2251 1862 an
2317 1819 2505 1865 contra
2558 1812 2904 1882 repudiandae
2959 1824 3122 1887 atque
3176 1817 3508 1888 ahjiciendm.

195 1918 263 1957 ne
285 1918 477 1970 rerum,
500 1913 546 1957 et
569 1902 707 1961 Deus
733 1905 1009 1977 honoratur
1028 1945 1041 1970 ,
1069 1915 1114 1961 et
1142 1905 1291 1961 homo
1335 1910 1678 1978 confortetur;
1717 1923 1809 1962 cur

196 2016 303 2055 non
334 2008 383 2053 et
411 2016 539 2055 nova
565 1998 864 2061 documenta
890 2014 1031 2071 teque
1060 2001 1259 2070 utrique
1302 2016 1469 2056 causa:
1509 2000 1808 2056 convenien-

194 2092 274 2147 tia
302 2102 354 2153 et
382 2091 717 2163 digerantur?
747 2110 766 2143 s

277 2185 495 2253 Verum,
521 2200 627 2249 non
656 2185 756 2247 has
783 2194 1008 2253 tantum,
1039 2202 1170 2258 quas
1185 2186 1501 2243 Ruinartius
1528 2186 1695 2251 refert
1715 2200 1803 2241 ra—

200 2277 387 2333 tiones
412 2278 662 2349 produxit
690 2286 900 2344 auctor,
955 2292 1049 2333 cur
1102 2294 1266 2335 novas
1322 2278 1699 2347 revelationes,
1748 2286 1805 2334 et

198 2370 515 2442 prephetias
543 2385 655 2441 prce
684 2372 921 2444 antiquis
944 2372 996 2426 in
1026 2373 1197 2443 pretio
1220 2371 1406 2429 haberi
1442 2372 1604 2428 vellet
1632 2389 1645 2439 ;
1704 2371 1800 2427 sed

194 2463 354 2519 illam
385 2463 747 2533 potissimum,
774 2478 932 2536 quam
960 2478 1121 2520 nemo
1170 2464 1273 2519 nisi
1320 2477 1505 2519 merus
1534 2471 1802 2534 putusque

196 2557 530 2613 montanista
553 2556 837 2623 attulisset,
862 2564 1057 2626 etquae
1080 2556 1211 2611 satis
1232 2555 1482 2621 ostendit,
1508 2555 1680 2627 ipsum
1703 2567 1802 2609 no-

197 2648 451 2705 vissin‘tas
479 2649 857 2725 revelationes,
888 2664 995 2725 non
1021 2648 1182 2707 modo
1211 2659 1450 2712 veterum
1503 2656 1797 2720 martyrum

195 2739 643 2809 revelationibus,
668 2741 763 2797 sed
794 2742 924 2813 ipsis
950 2756 1163 2815 quoque
1189 2740 1477 2813 Scripturis
1499 2741 1794 2809 canonicis,

194 2833 500 2904 praetulisse
523 2850 537 2889 :
568 2833 637 2889 ob
664 2834 1089 2901 exuberationem,
1119 2835 1324 2891 scilicet
1340 2836 1523 2911 gratim
1542 2836 1597 2893 in
1617 2836 1796 2889 ultima

190 2926 373 2982 seaculi
422 2927 589 2998 spatia
620 2927 819 2983 decreta
849 2971 861 2993 ,
906 2926 1201 2987 secundum
1242 2926 1407 2989 Joelis
1436 2926 1791 2998 prophetiam.

192 3018 399 3095 Ecquis
430 3021 573 3083 enim
616 3020 700 3076 cui
730 3035 918 3077 sanum
972 3029 1116 3077 esset
1141 3029 1321 3092 caput,
1352 3014 1587 3091 Spiritus
1617 3019 1791 3076 sancti

184 3112 421 3184 gratiam
448 3113 755 3168 novissimis
782 3112 928 3169 hisce
956 3111 1165 3177 diebus,
1198 3112 1251 3169 id
1282 3121 1363 3171 est
1408 3114 1569 3171 tertio
1598 3113 1792 3185 ineun-

1911 1897 2170 1954 Catholici
2203 1915 2370 1957 novas
2391 1902 2625 1959 visiones
2645 1913 2699 1960 et
2719 1905 3032 1976 prophetias
3060 1916 3124 1964 ut
3143 1909 3362 1981 maligni
3389 1913 3509 1983 spi-

1910 1991 2043 2046 ritus
2069 1991 2436 2050 seductio‘nem
2468 1998 2854 2055 aversabantur
2877 2042 2892 2067 ,
2924 2017 3030 2057 non
3074 2003 3215 2074 quod
3245 2004 3417 2063 nullas
3436 2020 3505 2062 eo

1908 2091 2150 2154 tempore
2179 2086 2233 2141 in
2264 2087 2503 2144 Ecclesia
2524 2102 2879 2161 agnoscerent
2905 2095 3140 2153 visiones
3182 2107 3239 2152 et
3267 2098 3506 2170 prophe-

1910 2174 2031 2243 tias,
2081 2185 2172 2231 aut
2210 2179 2354 2250 quod
2405 2182 2790 2240 charismatum
2822 2185 3025 2243 fontem
3054 2191 3328 2250 exaruisse
3369 2208 3501 2251 con-

1909 2266 2230 2334 tenderent;
2260 2269 2355 2325 sed
2400 2287 2658 2330 novarum
2686 2276 2949 2333 visionum
2994 2289 3047 2335 et
3079 2296 3233 2338 novae
3264 2284 3502 2356 prophe-

1906 2358 1995 2415 tiae
2021 2362 2258 2427 nomine,
2290 2362 2568 2434 insolitas,
2602 2377 2659 2422 ut
2703 2367 2835 2437 dixi,
2890 2380 2946 2426 et
2989 2383 3046 2426 ut
3094 2374 3331 2445 loquitur
3359 2378 3504 2449 apud

1904 2451 2193 2508 Eusebium
2228 2453 2308 2529 (l)
2338 2458 2613 2528 Asterius,
2644 2478 2663 2511 ‹
2693 2460 2893 2519 Praeter
2925 2478 3164 2531 morem,
3217 2477 3378 2539 atque
3420 2471 3506 2526 in-

1907 2545 2124 2600 titutum
2156 2545 2413 2604 Ecclesim
2461 2564 2492 2604 a
2533 2550 2824 2622 majoribus
2846 2554 3125 2624 traditum,
3171 2561 3500 2618 etcoutinua

1910 2637 2167 2711 deinceps
2225 2645 2568 2699 successione
2646 2656 2993 2718 propagatum
3029 2668 3049 2701 ι
3107 2648 3501 2723 intelligebant.

1901 2727 2099 2787 Contra
2128 2731 2464 2789 Montanista:
2504 2750 2669 2791 novas
2696 2736 2855 2795 hasce
2894 2741 3270 2813 revelationes,
3295 2753 3351 2801 et
3378 2761 3508 2817 pro-

1899 2823 2107 2894 phetias
2130 2825 2344 2896 plurimi
2384 2826 2671 2898 faciebant,
2696 2832 3156 2902 amplectebantur
3190 2847 3243 2894 et
3269 2838 3505 2895 honora-

1898 2913 2047 2983 bant,
2075 2924 2131 2972 et
2159 2916 2302 2973 hunc
2332 2919 2561 2987 primum
2590 2935 2700 2977 suae
2728 2922 2797 2978 ab
2823 2925 3063 2984 Ecclesia
3088 2930 3383 2986 secessioni
3405 2945 3500 2987 co-

1898 3007 2065 3063 lorem
2120 3018 2553 3080 prsetexuerunt,
2598 3013 2740 3070 unde
2786 3016 2947 3072 etiam
2995 3019 3250 3077 scelerata
3302 3020 3502 3091 factio,

1898 3110 1953 3155 ut
2001 3117 2065 3157 ex
2118 3099 2416 3174 Serapione
2470 3115 2682 3162 constat
2729 3107 2835 3182 (2),
2887 3126 3079 3171 nomen
3136 3116 3381 3186 accepit,
3442 3126 3501 3173 et

190 3215 268 3270 te.
300 3207 472 3277 magis
492 3222 650 3277 quam
682 3207 856 3278 primo
896 3215 986 3261 aut
1027 3206 1260 3273 secundo
1282 3208 1482 3267 saeculo
1505 3207 1792 3264 exuberas-
1812 3213 1862 3279 ς
1904 3212 1922 3245 ⁸
1952 3210 2087 3251 nova
2122 3197 2396 3267 DYOPl'elia
2449 3202 2720 3257 nomina“!
2770 3212 2872 3261 εει·
2929 3225 2947 3259 ³
2988 3206 3140 3274 Ωιιοά
3192 3224 3305 3265 διεῖπε
3353 3210 3501 3280 ipsos

184 3314 274 3363 se,
302 3300 597 3356 somniavit
625 3298 798 3367 ?Quis
820 3300 922 3357 nisi
971 3298 1206 3357 Montani
1259 3300 1446 3371 spiritu
1491 3300 1743 3369 abreptus
1773 3340 1787 3367 ,

184 3402 247 3447 nt
277 3393 333 3448 id
363 3393 705 3467 ostenderet,
765 3393 930 3455 Joelis
976 3393 1157 3451 verbis
1207 3396 1399 3465 quibus
1442 3394 1616 3449 futura
1674 3391 1790 3447 hate

186 3487 504 3542 novissimis
540 3466 729 3543 diebus
767 3486 987 3557 Spiritus
1029 3487 1342 3543 exuberatio
1397 3484 1791 3565 praenuntiaba-

187 3592 300 3648 tur,
331 3594 460 3651 usus
478 3578 767 3650 aliquando
792 3579 985 3649 luisset
1010 3580 1034 3634 Υ
1060 3580 1213 3637 Unde
1240 3595 1346 3645 non
1370 3595 1430 3636 ea
1455 3590 1660 3643 tantum
1696 3596 1787 3651 ra-

184 3676 356 3741 tione,
398 3682 453 3737 ut
484 3672 794 3741 Ruinartius
823 3673 1065 3739 credidit,
1104 3673 1203 3729 iste
1255 3683 1442 3733 auctor
1480 3674 1783 3744 culpandus

181 3751 271 3823 est
309 3766 452 3837 quod
482 3768 665 3825 harum
712 3774 991 3838 martyrum
1028 3766 1242 3821 visiones
1288 3782 1350 3821 ea:
1388 3767 1449 3819 iis
1476 3782 1582 3821 esse
1610 3808 1622 3831 ,
1670 3783 1783 3837 quae

180 3858 330 3922 Deus
357 3874 448 3929 per
494 3855 689 3917 Joelem
710 3857 1085 3925 repromiserat,
1116 3858 1493 3913 existimaverit.
1535 3856 1778 3914 Laudata

181 3949 330 4005 enim
360 3950 525 4006 Joelis
551 3950 711 4013 verba
734 3949 805 4007 ad
840 3951 1020 4008 omnia
1050 3994 1065 4020 ,
1114 3966 1233 4021 qua:
1279 3952 1333 4006 in
1376 3960 1558 4015 nostro
1594 3951 1781 4008 Testa~

180 4049 369 4099 mento
397 4057 427 4105 a
454 4040 565 4097 Deo
589 4041 913 4103 charismata
938 4041 1320 4113 dispensantur
1379 4041 1568 4105 referri
1622 4056 1779 4110 posse

181 4148 293 4189 non
339 4132 535 4196 abnuo.
574 4131 681 4189 Sed
729 4148 795 4190 eo
849 4133 1225 4195 montanistam
1276 4147 1337 4187 se
1376 4131 1581 4209 prodit,
1630 4132 1776 4203 quod

180 4223 462 4295 propheta:
512 4224 673 4281 verba
748 4224 1092 4295 adhibuerit,
1162 4216 1229 4281 ad
1290 4224 1546 4295 majorem
1593 4233 1776 4283 osten—

174 4314 412 4387 dentiam
452 4315 758 4387 novissimis
787 4316 975 4381 diebus
1014 4332 1170 4387 quam
1202 4315 1626 4388 praecedentibus
1674 4315 1776 4371 Ec-

175 4407 362 4463 clesiae
411 4409 651 4481 smculis,
692 4411 992 4485 caelestium
1042 4410 1422 4467 charismatum
1455 4411 1774 4467 exuberatio-

172 4515 319 4555 nem.
351 4500 520 4561 Porro
544 4502 821 4577 quamvis,
865 4511 923 4559 ut
951 4501 1091 4558 idem
1133 4503 1441 4559 Ruinartius
1464 4502 1766 4577 subjungit,

1842 3290 1851 3297 ‘
1895 3296 2059 3342 sectas
2127 3303 2320 3346 nomen
2387 3289 2644 3350 indidisse
2672 3336 2685 3359 ,
2738 3294 2823 3352 bis
2876 3298 3053 3354 verbis
3099 3300 3344 3359 Asterius
3398 3301 3501 3359 Ur—

1893 3379 2064 3435 banus
2102 3382 2249 3439 clare
2282 3392 2337 3440 et
2371 3395 2556 3456 aperte
2588 3396 2814 3444 testatur
2862 3387 2943 3463 (5)
2975 3409 2989 3447 :
3018 3410 3043 3453 ,ι
3080 3392 3152 3448 Et
3200 3393 3501 3453 Ecclesium

1891 3471 2035 3528 illius
2092 3474 2193 3530 loci
2249 3467 2723 3548 depréhendissem
2779 3497 2912 3539 nova
2967 3484 3077 3554 illa,
3129 3501 3237 3551 non
3288 3497 3345 3543 ut
3395 3488 3501 3559 ipsi

1889 3564 2096 3633 dicunt,
2129 3568 2432 3639 prophetia,
2463 3581 2568 3626 etc.
2601 3592 2620 3624 ι
2645 3572 2822 3633 Novas
2849 3576 3179 3649 prophetias,
3208 3590 3497 3652 postquam

1887 3658 1955 3714 ad
2005 3659 2354 3719 Montanistas
2407 3662 2619 3728 deiecit,
2672 3670 2867 3736 passim
2911 3668 3077 3740 iactat
3122 3682 3179 3729 et
3232 3673 3493 3744 praedicat

1886 3748 2262 3818 Tertullianus,
2289 3754 2423 3810 libro
2445 3755 2514 3812 de
2539 3755 2762 3826 Jejuniis
2791 3757 2890 3835 (4):
2921 3779 2940 3813 ι
2966 3762 3317 3835 Propterhoc
3337 3781 3495 3824 novas

1886 3845 2179 3914 prophetia:
2211 3857 2547 3904 recusantur.
2565 3868 2583 3901 ι
2610 3851 2676 3907 Et
2697 3851 2819 3908 libr.
2849 3869 2907 3908 tu
2935 3865 3080 3910 cont.
3100 3857 3364 3915 Marcion.
3383 3859 3485 3933 (5):

1892 3952 1910 3985 ί
1943 3936 2043 4003 Qui
2064 3938 2206 4015 apud
2234 3939 2393 3996 [idem
2425 3950 2664 3996 nostram
2685 3952 2789 4005 est,
2814 3960 2965 4004 nova:
2994 3947 3288 4017 prophetia:
3307 3965 3489 4010 sermo

1886 4034 2129 4081 testatur.
2180 4048 2200 4081 ι
2246 4029 2312 4084 Ει
2352 4029 2445 4084 lib.
2490 4045 2545 4084 IV
2586 4030 2665 4103 (6)
2707 4049 2720 4085 :
2768 4050 2786 4084 ι
2836 4034 3006 4103 Quam
3048 4037 3384 4098 defendimus
3428 4042 3488 4099 in

1880 4132 2068 4175 caussa
2117 4135 2269 4176 nova:
2322 4120 2637 4191 prophetiae.
2675 4142 2694 4175 ι
2725 4124 2796 4180 Et
2822 4125 2913 4180 lib.
2942 4129 3006 4183 de
3027 4127 3315 4187 Resurrect.
3366 4148 3485 4188 car-

1880 4211 1958 4267 nis
1979 4211 2057 4285 (7)
2089 4229 2103 4270 :
2137 4233 2156 4266 ι
2194 4213 2298 4270 Per
2329 4229 2524 4270 novam
2556 4216 2893 4287 prophetiam
2920 4219 2990 4283 de
3016 4221 3292 4280 Paraeleto
3320 4224 3482 4295 inun-

1879 4304 2115 4360 dantem.
2151 4324 2170 4358 ι
2202 4307 2516 4364 Firmiliano
2540 4307 2619 4383 (8)
2641 4308 3006 4384 Cataphryges
3028 4325 3174 4380 sunt,
3206 4317 3297 4386 qui
3325 4335 3344 4368 ι
3375 4332 3481 4373 no-

1878 4413 1970 4453 vas
2009 4400 2317 4470 prophetias
2356 4416 2617 4473 usurpare
2653 4410 2949 4474 conantur.f
2980 4426 2999 4459 ι
3040 4408 3122 4462 Ex
3159 4423 3268 4479 quo
3311 4409 3479 4467 etiam

1876 4491 2242 4563 intelligimus,
2279 4510 2432 4550 novas
2458 4510 2551 4551 eos
2575 4512 2605 4550 a
2633 4494 2923 4553 Catholicis
2947 4514 3159 4571 quoque
3198 4501 3477 4572 prophetas

173 4589 424 4671 Ecclesia
452 4591 716 4661 Fidelium
771 4592 910 4659 dicta
950 4593 1034 4649 vel
1066 4594 1273 4663 scripta’
1302 4595 1440 4657 inter
1467 4593 1769 4664 Scriptores

1900 4586 2037 4640 uisse
2078 4585 2393 4655 appellatos.
2443 4586 2572 4655 Quae
2619 4603 2739 4643 eum
2796 4590 2867 4644 ita
2914 4590 3044 4660 sint,
3088 4593 3474 4655 montanistam

173 4684 466 4738 canonicos
511 4686 817 4755 neutiquam
874 4688 1221 4756 computarit,
1280 4688 1381 4743 etsi
1448 4702 1554 4742 non
1608 4687 1767 4749 dubi-

174 4786 250 4832 tet
301 4778 375 4852 ab
410 4792 482 4839 eo
530 4779 887 4857 processisse,
943 4794 973 4835 a
1018 4793 1129 4855 πειυο
1179 4779 1269 4843 alii
1320 4779 1515 4837 dantur
1566 4795 1764 4853 genera

168 4867 503 4941 linguarum,
534 4869 622 4927 alii
644 4870 964 4951 prophetiae,
993 4870 1082 4925 alii
1110 4885 1293 4935 sermo
1320 4872 1615 4942 sapientiae,
1644 4872 1763 4927 aliis

167 4962 279 5017 alia
309 4963 471 5033 dona,
504 4979 629 5039 qua:
676 4964 896 5020 laudato
933 4964 1098 5021 Joelis
1151 4966 1459 5027 testimonio
1506 4980 1759 5036 praenun-

170 5055 304 5109 tiata
357 5065 412 5111 et
459 5058 721 5126 promissa
774 5057 939 5112 fuisse
987 5067 1191 5113 certum
1228 5068 1331 5124 est,
1365 5068 1598 5115 attamen
1650 5075 1759 5115 non

166 5146 298 5200 inde
351 5149 592 5217 sequitur
650 5148 789 5205 idem
820 5150 1019 5221 pariter
1069 5151 1139 5206 de
1195 5154 1448 5207 Actorum
1499 5152 1761 5222 scriptore

164 5237 508 5293 sentiendum
531 5254 669 5296 esse.
688 5240 945 5308 Quamvis
967 5242 1106 5297 enim
1123 5243 1564 5319 nequeEcclesia,
1588 5258 1762 5317 neque

163 5330 462 5401 scriptores
492 5332 763 5401 catholici,
796 5335 918 5388 novi
946 5332 1273 5397 Testamenti
1320 5335 1650 5397 charismata
1707 5343 1762 5390 et

161 5438 192 5478 a
222 5423 333 5478 Deo
358 5424 674 5496 procedere,
729 5433 784 5482 et
810 5424 1027 5481 laudato
1069 5424 1235 5482 Joelis
1264 5428 1568 5497 testimonio
1616 5442 1760 5517 pne-

160 5512 447 5593 ituiitiata,
503 5525 558 5575 et
603 5517 868 5593 promissa
909 5517 1100 5593 fuisse,
1134 5517 1365 5600 unquam
1410 5512 1704 5599 dubitarint
1738 5537 1753 5575 :

158 5624 455 5680 numquam
466 5610 1007 5681 tamenautEcctesia
1017 5621 1129 5679 ,θυι
1147 5612 1757 5685 aliquistlattmlicorum

160 5703 329 5759 Jociis
377 5705 560 5781 verbis
613 5719 743 5773 usus
777 5713 861 5760 est
903 5705 971 5761 ad
1023 5705 1282 5777 majorem
1338 5704 1756 5767 novissimoan

159 5806 488 5872 temporum,
520 5813 681 5870 quam
708 5797 1106 5871 praeteritorum
1130 5798 1393 5873 Ecclesiae
1434 5798 1755 5881 spculorutn

1873 4676 2054 4746 utique
2082 4678 2253 4747 palam
2284 4693 2341 4734 se
2368 4678 2546 4749 prodit
2586 4689 2640 4736 et
2669 4682 3004 4751 apertissime
3022 4684 3325 4755 proﬁtetur,
3355 4686 3469 4756 qui,

1868 4765 2194 4827 ferventibus
2234 4785 2329 4841 per
2363 4786 2425 4828 ea
2471 4780 2711 4844 tempora
2754 4773 2821 4831 de
2864 4776 3018 4833 nobis
3064 4778 3355 4839 visionibus
3409 4788 3468 4838 et

1937 5017 2017 5088 (1)
2060 5024 2198 5102 [ἱερὰ
2234 5029 2287 5075 τὸ
2327 5028 2450 5079 κοιτά
2481 5027 2756 5102 Δποιράδςςτιιν
2795 5031 3043 5102 natiue/.39:
3083 5034 3314 5102 audax?»
3336 5043 3465 5091 ἄνω*

1863 5083 2038 5187 Otia/Sui;
2058 5083 2625 5187 Efxlfft'dg\€005'59,0;v:
2660 5096 2772 5152 Lib.
2871 5083 3064 5187 Hister.

1896 5228 1907 5245 ‘
2058 5169 2553 5248 Tﬁc-éﬁtxaioupivn;
2579 5174 2682 5248 νέειξ
2709 5182 3029 5248 appropriate,
3055 5158 3168 5227 etcf
3392 5180 3462 5233 ad

1867 5228 2098 5314 (loricam
2126 5243 2170 5314 et
2201 5228 2475 5289 Ponticum
2495 5279 2509 5299 ,
2542 5240 2697 5314 apud
2716 5228 2911 5314 Epseb.
3078 5258 3132 5310 ν,

1932 5300 2014 5391 (ὅ)
2054 5311 2154 5391 ξζοιὶ
2183 5316 2461 5391 natantiaqu
2482 5299 2717 5391 τὶν-’κσξτὲι
2743 5299 2907 5391 ’ἑὸ-κτον
2924 5312 3056 5384 (leg.
3078 5299 3461 5391 Timui

1861 5384 1968 5458 sieta
1996 5380 2083 5429 ὑπὸ
2103 5391 2185 5458 εἰς
2201 5384 2303 5458 vidi;
2318 5384 2515 5458 "om,
2536 5384 2695 5458 viandi;
2718 5385 2855 5458 εξῦςρί
2874 5380 3328 5458 φονᾷιίπροφητέίας,
3355 5380 3460 5449 οιὸ.

1862 5441 2573 5586 Πιξώιὸὲίὶάυίραιαριςνῄθ.
2595 5451 2751 5523 Apud
2779 5441 3006 5537 Euseb,
3026 5441 3331 5541 μῆλά.ζᾶῥῖ
3359 5441 3455 5520 itii

1938 5586 2021 5659 (5)
2046 5586 2174 5659 Cap-
2207 5588 2301 5659 ει.

1939 5658 2017 5729 (6)
2049 5659 2174 5729 Cap-
2219 5658 2310 5713 92-

1942 5728 2021 5813 :2)
2048 5728 2236 5813 sapite
2254 5730 2463 5813 nume.

1939 5797 2021 5873 (8)
2050 5797 2218 5872 Epist.
2252 5802 2393 5858 inter
2412 5802 2714 5876 Cyprianic.
2750 5810 2838 5866 75.
