3982 6310
454 386 523 443 79
1456 347 1906 416 DlSSERTATlO
1944 330 2427 402 APOLOGETICA

1077 502 1103 545 s
1148 486 1287 542 inter
1314 490 1369 538 et
1411 475 1760 535 Montanistas
1794 464 2050 529 dissidiis,
2082 461 2131 521 A
2157 455 2477 530 quandoque
2523 458 2726 522 partem
2773 451 3072 513 acceptum.
3107 440 3312 496 Praeter
3348 441 3643 491 nocturnas
3685 427 3786 482 vi-

2160 550 2362 613 siones,
2406 544 2675 601 immissas
2709 556 2739 595 a
2776 538 2976 608 Spiritu
3009 534 3204 590 Sancto
3231 545 3327 601 per
3356 528 3474 583 dies
3503 527 3791 580 innocen-

1484 618 1673 639 ιτ---
1700 618 1705 619 ,

1458 659 1736 716 Neminem
1776 659 1921 708 certe
1957 646 2059 700 Ca-
2162 640 2302 696 tibus
2331 638 2510 709 pueris
2540 644 2782 691 exstascs
2818 629 3075 684 habemus
3105 641 3169 681 ex
3196 621 3483 695 Cypriane,
3514 618 3566 672 in
3601 627 3789 687 quem

2164 707 2462 787 nulla—hac
2503 728 2572 784 de
2612 742 2671 782 rc
2716 721 2995 780 transferri
3046 727 3223 790 potest
3271 730 3448 787 prava:
3494 707 3794 781 opinionis

1781 841 2060 906 postquam
2154 824 2401 896 suspicio
2438 820 2518 893 (1)
2555 839 2567 876 :
2606 839 2625 873 ι
2663 820 2867 875 Praeter
2905 822 3193 870 nocturnas
3228 807 3482 870 visiones,
3521 818 3620 873 per
3657 800 3797 855 dics

1751 900 1943 984 llianus
1980 922 2064 977 his
2164 934 2379 992 quoque
2414 917 2669 988 impletur
2697 911 2838 983 apud
2876 924 2976 964 nos
3008 907 3209 979 Spiritu
3247 900 3449 958 Sancto
3477 907 3800 967 puerorum

1077 991 1104 1003 ..
1141 991 1416 1015 ..υτ--.-ν-
1457 991 1499 995 γ
1539 991 1551 1002 .
2183 991 2188 992 ν

1073 1062 1092 1095 ι
1124 1039 1259 1095 Nam
1299 1033 1421 1105 quia
1459 1024 1715 1101 spiritalia
1742 1019 2064 1078 charismata
2166 1013 2425 1068 innocens
2464 1017 2621 1073 retas,
2667 1020 2788 1076 qua:
2828 1003 2881 1058 in
2924 998 3118 1057 ecstasi
3158 995 3300 1051 videt
3338 991 3527 1055 oculis,
3582 995 3639 1042 et
3691 1000 3802 1039 att-

2484 1100 2525 1105 __
2707 1098 2721 1105 -
3058 1092 3069 1105 ι
3148 1091 3163 1105 ι
3194 1097 3387 1105 ..-ᾼΛᾉ-
3424 1080 3802 1105 --μ-ξΙΑιΛ-οος

2007 1120 2067 1161 es
2166 1105 2267 1172 dit,
2291 1114 2396 1161 etc.
2429 1122 2448 1156 ι
2482 1100 2596 1157 Non
2624 1098 2813 1155 eadem
2837 1105 3015 1151 tamen
3040 1092 3107 1148 de
3135 1091 3391 1155 Actorum
3419 1080 3804 1153 compilatore

2169 1171 2305 1255 ratio
2333 1206 2436 1261 est,
2467 1195 2558 1265 qui
2588 1207 2693 1247 non
2734 1200 2789 1245 ut
2820 1186 3118 1260 Cyprianus
3147 1191 3201 1237 et
3241 1180 3326 1235 alii
3355 1177 3614 1246 deinceps
3642 1171 3809 1226 anti—

2170 1289 2261 1361 qtti
2308 1260 2520 1349 Patres,
2562 1282 2761 1339 sedatis
2807 1276 3247 1334 Montanislarttm
3291 1266 3644 1354 tumultibus,
3696 1260 3809 1318 sed

461 499 754 577 prophetiis
797 490 1074 553 Catholica

469 559 637 653 boves
666 606 726 647 se
755 587 989 644 visiones
1035 590 1089 637 et
1124 573 1431 649 prophetias
1484 577 1773 639 agnoscere
1801 569 1855 615 et
1881 559 2056 612 hono-

463 703 585 747 rare
629 684 802 757 palam
838 684 1127 750 aperteque
1184 674 1427 723 testatur.

468 741 788 837 tholicorum
817 741 892 827 ita
920 741 1304 824 esselocutum
1357 752 1568 831 ostendi
1599 757 1774 820 potest
1806 762 1819 797 :
1852 741 2057 796 Monta-

465 873 728 929 nistarmn
774 864 860 920 illa
902 856 1164 932 professio
1203 860 1304 913 est,
1353 846 1439 903 cui
1483 841 1732 901 similem,

471 965 628 1036 hujus
663 967 824 1018 sectae
858 953 1104 1025 dogmata
1141 944 1420 1015 amplexus
1449 944 1551 1002 est,
1582 933 1746 989 Tcrtu

470 1057 653 1116 verbis
682 1049 847 1109 edidit
889 1042 967 1120 (l)
1006 1060 1022 1099 :

472 1147 834 1222 agnoscimus,
865 1109 971 1195 etc'.
1005 1155 1024 1188 ι
1062 1132 1135 1190 Ita
1160 1138 1214 1187 et
1231 1128 1491 1186 Actorum
1517 1120 1691 1177 editor
1719 1134 1733 1170 :
1769 1132 1788 1165 ι
1820 1109 2002 1166 Vision

467 1210 637 1299 novas
678 1246 732 1294 et
770 1229 1077 1306 prophetias
1141 1218 1515 1294 agnoscimus,
1557 1222 1611 1268 et
1658 1210 2006 1263 honoramus.
2043 1219 2062 1251 ι

687 1291 988 1385 secundum
1018 1291 1409 1376 Firmilianum,
1436 1296 1742 1375 Κατέρρυνες
1769 1296 1846 1353 illi
1879 1291 2037 1364 appel

470 1390 673 1489 lantur,
706 1419 796 1493 qui
823 1430 990 1473 novas
1020 1406 1332 1482 prophetiae
1356 1411 1617 1469 usurpare
1646 1399 1930 1450 conantur.
1961 1390 2069 1443 Ac-

470 1528 649 1575 torum
675 1478 836 1584 igitur
856 1478 1208 1563 concinnatur
1231 1493 1628 1564 Cataphrygum
1660 1500 1753 1542 seu
1779 1478 2072 1539 Montanis-

471 1619 648 1667 tarum
677 1602 921 1673 catalogo
948 1594 1110 1654 eximi
1165 1589 1317 1647 nulla
1342 1585 1552 1643 ratione
1576 1586 1773 1652 potest.

541 1700 807 1762 Tertium,
840 1670 893 1750 et
934 1687 1063 1747 illttd
1094 1685 1255 1743 etiam
1281 1670 1659 1752 gravissimum
1697 1674 2073 1739 argumentum

474 1799 699 1855 desumo
729 1806 794 1848 ex
822 1785 1051 1859 quadam
1082 1771 1480 1836 observatione,
1511 1779 1669 1839 quam
1696 1763 1899 1819 Auctor
1930 1757 2070 1820 facit,

474 1892 565 1948 ubi
593 1894 778 1945 narrat
818 1842 1089 1954 quomodo
1130 1871 1395 1940 Perpetua
1434 1862 1500 1918 ad
1531 1857 1918 1916 ferocissimam
1946 1864 2063 1904 vac—
2101 1852 2150 1914 Β
2204 1888 2223 1903 ,
2252 1842 2340 1897 ill.

475 1998 596 2041 cam
620 1995 681 2036 se
702 1949 968 2050 pugnasse
990 1983 1095 2025 non
1126 1960 1361 2021 senserit
1384 1954 1467 2030 (2)
1491 1971 1505 2009 :
1541 1972 1560 2005 ι
1597 1951 1711 2006 lllic
1736 1949 2071 2016 Perpetua...

483 2074 636 2148 quasi
666 2087 697 2127 a
726 2080 918 2125 somno
946 2058 1221 2133 expergite
1249 2051 1428 2125 (adeo,
1466 2066 1486 2100 ι
1518 2044 1690 2116 inquit
1710 2044 1931 2103 Auctor,
1970 2054 1990 2087 ι
2025 2035 2077 2088 in

481 2131 672 2243 spiritu
715 2172 771 2221 et
815 2162 868 2217 in
894 2131 1091 2214 eXSIasi
1121 2143 1325 2217 fuerat)
1354 2137 1771 2209 circumSpicere
1798 2131 1982 2202 coepit,
2025 2135 2081 2182 et

478 2221 818 2334 strupentibus
846 2248 1095 2308 omnibus
1118 2243 1195 2298 ait
1225 2257 1237 2294 :
1278 2256 1297 2290 ‹
1335 2232 1579 2305 Quando,
1613 2229 1801 2299 inquit,
1834 2221 2081 2295 produci-

480 2315 604 2415 ιιιυὶ
622 2353 689 2410 ad
711 2362 927 2407 vaccam
958 2343 1102 2399 illam
1116 2335 1321 2395 nescio.
1347 2351 1367 2385 ›
1385 2330 1504 2399 Quo
1515 2326 1658 2383 enim
1673 2323 1760 2379 illa
1780 2315 2084 2377 observatio

478 2450 732 2523 pertinet,
770 2463 788 2497 ι
822 2440 959 2497 adeo
987 2437 1040 2492 in
1082 2430 1274 2505 spiritu
1314 2435 1369 2482 et
1402 2425 1455 2480 in
1491 2418 1691 2478 exstasi
1721 2416 1946 2479 fuerat,»
1981 2407 2084 2465 nisi

1202 2521 1210 2523 Α
1464 2512 1480 2523 ,
1638 2517 1649 2523 Α
1719 2508 1732 2520 ,
1769 2499 2084 2523 ,Νημεμώ

484 2499 553 2599 ad
579 2499 954 2596 stabiliendam
981 2499 1424 2582 Montanistarum
1449 2512 1516 2569 de
1532 2508 1737 2568 exstasi
1752 2499 2086 2562 doctrinam?

484 2636 685 2690 Verum
711 2624 960 2699 equidem
977 2626 1079 2681 est,
1105 2612 1335 2672 exstasis
1358 2621 1554 2664 nomen
1583 2603 1640 2658 in
1663 2601 1859 2657 bonam
1881 2604 2084 2668 partem

483 2693 779 2799 aliquando
820 2718 987 2789 fuisse
1034 2728 1065 2766 a
1111 2705 1359 2765 Patribus
1407 2705 1751 2770 usurpatum;
1798 2693 1863 2748 iis
1910 2699 2088 2745 tamen

486 2781 819 2890 temporibus
870 2786 1065 2880 quibus
1114 2795 1555 2856 Montanistarum
1597 2786 1819 2843 haeresis
1870 2781 2089 2856 potissi-

486 2882 635 2971 tuum
675 2902 1041 2982 grassabatur,
1078 2894 1134 2950 in
1164 2888 1509 2950 deteriorem,
1555 2882 1721 2937 ferme
1760 2884 1966 2950 partem
1997 2886 2086 2927 ac-

484 2970 707 3077 ceptum
760 3007 879 3065 es“.
926 3002 982 3049 et
1034 2998 1093 3045 ttt
1140 2982 1338 3041 mentis
1382 2975 1781 3038 alienationem,
1832 2970 2088 3033 furorem,

490 3059 892 3163 anieittiamque
913 3082 1199 3159 significat.
1228 3074 1386 3134 Unde
1412 3086 1535 3128 cum
1563 3084 1625 3125 ea
1652 3071 1969 3137 tempestate
1987 3059 2090 3117 Ca-

492 3150 725 3249 tholieos
759 3150 899 3242 inter
926 3150 990 3236 οἶ
1022 3170 1390 3234 Montanistas,
1421 3160 1754 3220 Tertulliano
1791 3162 1948 3217 teste,
1986 3150 2095 3206 disc

492 3290 775 3359 putaretur
803 3319 818 3346 ,
871 3288 939 3329 an
976 3282 1123 3325 verte
1161 3258 1454 3336 prophetiae
1495 3251 1723 3310 exstasis
1766 3245 2098 3310 conveniret,
2127 3244 2174 3309 ο

1267 3354 1314 3359 -,
1485 3348 1498 3359 ,
1540 3358 1543 3359 ν
1722 3348 1952 3359 ναξ-,ψ
1996 3336 2068 3359 η-

492 3336 849 3435 affirmantem
915 3362 1223 3436 opinionem
1267 3348 1623 3411 Mantaniswe,
1670 3348 1955 3413 negantem
1996 3336 2100 3393 Ca-

493 3427 1141 3536 tholici—“propugnabant.
1180 3468 1198 3501 ι
1245 3440 1611 3502 Defendimus,
1645 3454 1664 3488 ι
1689 3432 1861 3505 inquit
1886 3427 2099 3487 Tertul-

497 3567 673 3622 lianus
719 3526 857 3631 (5)-,
893 3526 935 3604 ν(
1009 3549 1062 3604 in
1118 3554 1307 3601 caussa
1364 3547 1517 3592 novae
1576 3526 1870 3601 prephetiie
1896 3566 1912 3591 ,
1980 3536 2102 3594 gra-

499 3659 592 3715 tiae
637 3614 905 3715 ecstasin,
954 3642 1008 3699 id
1051 3647 1135 3696 est
1183 3629 1470 3689 amentiam
1500 3621 2003 3681 convenire.........
2034 3614 2102 3671 de

501 3764 608 3822 quo
656 3706 797 3802 inter
844 3706 943 3795 nos
1006 3742 1062 3789 et
1114 3724 1406 3816 Psychicos
1451 3715 1678 3789 qua‘stio
1730 3720 1832 3768 est.
1890 3729 1911 3762 ι
1966 3706 2102 3762 Hinc

502 3801 691 3911 scripti
743 3833 919 3893 eidem
974 3809 1307 3883 Tertulliano
1353 3828 1450 3887 pro
1487 3805 1821 3865 Montanistis
1847 3801 2102 3859 adversus

505 3895 825 3993 Ecclesiam,
861 3930 920 3979 ut
945 3926 1030 3977 est
1068 3910 1209 3986 apud
1236 3908 1618 3977 Hieronymum
1661 3895 1762 3971 (4),
1799 3907 1906 3967 περι
1929 3900 2100 3949 ἕκατί.

662 3987 1033 4075 ιίιιτὶίϐοιιιιιι
1068 4019 1198 4062 vero
1236 3996 1481 4063 Miltiadi,
1526 4001 1585 4049 ut
1629 3998 1713 4047 est
1755 3988 1893 4060 apud
1932 3987 2101 4043 Euse-

508 4080 658 4172 bium
705 4108 805 4181 (5),
859 4104 1115 4160 adversus
1152 4092 1371 4151 eosdem
1407 4085 1761 4144 Montanistas
1796 4081 1898 4137 hoc
1925 4080 2102 4145 titulo,

511 4217 628 4279 Περὶ
655 4171 737 4260 rei?
861 4200 954 4251 δεῖν
981 4202 1221 4264 προφήτην
1257 4193 1302 4241 ἰν
1349 4185 1564 4238 ἐκστάσει
1593 4185 1766 4242 λαλεῖν,
1810 4171 1963 4240 Quod
1996 4185 2100 4225 non

506 4262 1100 4367 deceatprophetamin
1126 4278 1321 4338 ecstasi
1355 4272 1519 4345 loqui.
1560 4288 1579 4322 ι
1614 4269 1672 4324 in
1702 4281 1859 4339 quem
1887 4262 2103 4320 Eusebii

506 4357 689 4451 locum
716 4357 850 4445 scite
877 4378 1121 4437 Valesius
1148 4374 1403 4430 observat
1441 4382 1457 4420 :
1494 4361 1797 4420 Catltolicos
1832 4357 1936 4413 hoc
1962 4372 2102 4426 prie.

506 4446 665 4559 cipue
685 4478 950 4552 obiecisse
979 4465 1337 4529 Montanistis,
1369 4459 1458 4530 qui
1485 4472 1544 4512 se
1570 4450 1885 4524 prophetico
1912 4446 2107 4520 spiritu

507 4540 702 4655 plenos
727 4540 849 4632 esse
872 4564 1166 4640 iactabant,
1193 4553 1336 4627 quod
1366 4554 1420 4607 in
1449 4546 1647 4606 exstasi
1673 4540 2060 4615 prophetarent
2087 4558 2100 4593 :

510 4635 634 4734 cum
664 4635 1012 4733 tamen,‘nec
1049 4655 1103 4712 in
1128 4650 1277 4707 Novo
1316 4660 1416 4701 nec
1451 4644 1503 4698 in
1530 4637 1713 4696 Veteri
1738 4635 2102 4701 Testamento,

511 4728 807 4840 prophetas
835 4728 890 4812 in
929 4745 1124 4809 ecstasi
1163 4753 1416 4811 umquam
1459 4731 1807 4807 proiihetasse
1847 4728 2115 4800 legamus;

513 4819 713 4929 {Ecquis
740 4849 902 4925 igitur
927 4856 1035 4901 tam
1073 4834 1251 4895 obesis
1279 4829 1497 4889 naribus
1540 4827 1661 4892 erit,
1695 4823 1781 4879 cui
1822 4835 1927 4877 non
1957 4819 2107 4876 Mon-

514 4914 790 5010 tanismus
815 4947 868 5002 in
898 4932 1191 5014 prmmissis
1222 4923 1469 4985 Auctoris
1508 4917 1678 4976 nostri
1721 4915 1905 4971 verbis
1946 4914 2110 4970 subo-

510 5046 655 5105 leat‘l
679 5006 938 5113 Equidem
959 5047 1067 5089 non
1088 5041 1151 5084 ea
1172 5020 1303 5080 mihi
1320 5031 1473 5074 mens
1492 5025 1594 5081 εει,
1622 5013 1673 5067 in
1702 5025 1914 5088 omnem
1941 5006 2110 5078 scrip-

514 5148 710 5203 torem,
740 5107 988 5189 exstases
1025 5124 1163 5179 inter
1210 5113 1303 5169 Dei
1350 5107 1670 5166 charismata
1716 5108 2107 5166 recensentem,

509 5192 769 5289 invidiam
812 5212 1155 5279 Montanismi
1196 5204 1443 5264 conferre
1480 5218 1494 5267 ;
1541 5213 1646 5253 non
1682 5210 1768 5251 me
1812 5192 1959 5257 latet,
2007 5193 2110 5246 hoc

511 5336 711 5382 nomen
756 5317 809 5372 itt
859 5314 1077 5375 bonam,
1118 5302 1282 5362 etiam
1327 5296 1395 5353 ab
1421 5288 1805 5362 antiquissimis
1841 5283 2104 5351 Patribus,

582 5504 630 5575 (ι
684 5499 802 5557 Lib.
832 5496 895 5550 de
917 5491 1102 5546 Anima
1128 5499 1246 5555 cap.
1282 5478 1369 5537 l9.

582 5501 662 5644 (ἓξ
692 5569 906 5644 luat-tis
928 5562 985 5619 n°

581 5560 660 5641 (ei
692 5572 749 5626 ιιι
772 5569 906 5624 actis
928 5562 985 5619 η’
1012 5560 1103 5641 20.

581 5616 661 5715 ξιτῖὶ
691 5616 904 5715 Uti-3?}
929 5616 1066 5715 ῐοιιι·
1090 5625 1357 5715 ,ρέιίίζξίονῖι
1385 5616 1622 5715 εεὲηίηὲῗς

964 5685 1281 5786 Apelleum,-
1311 5685 1821 5786 ιξιρὶιι

574 5750 1287 5857 ἱέ>¹ιῖῗιὶῗ’ὗξ”ςέιῖῗίιρὲ
1324 5760 1522 5819 Asterii
1567 5756 1695 5815 Urb.
1731 5755 1823 5813 lib.
1872 5754 1928 5824 5,
1973 5750 2090 5807 adv.

501 5856 721 5932 Cataplt.
809 5899 821 5928 τ

3698 300 3779 364 80

2172 1346 2520 1453 gliscentibus
2543 1377 2595 1431 in
2634 1375 2752 1431 dies
2788 1368 3108 1427 factionibus
3133 1380 3197 1421 ac
3232 1346 3535 1426 discordiis,
3563 1355 3810 1412 laudata

2174 1479 2521 1529 monumenta
2551 1466 2745 1522 litteris
2785 1459 3139 1530 consignavit,
3183 1471 3288 1527 quo
3327 1465 3472 1509 certe
3515 1461 3812 1519 tempore,

2175 1573 2267 1620 aut
2295 1563 2514 1619 nomine
2549 1556 2780 1614 exstasis
2817 1551 3189 1609 abstinendum
3227 1556 3363 1611 erat,
3397 1552 3488 1599 aut
3522 1543 3594 1597 ita
3624 1549 3814 1595 uten-

2176 1660 2324 1722 dum,
2359 1666 2414 1712 ut
2452 1655 2629 1710 omnis
2666 1652 2735 1707 ab
2780 1665 2846 1705 c0
2884 1660 3063 1718 prava:
3109 1640 3513 1714 signiﬁcationis
3558 1631 3816 1703 invidia,

2178 1760 2273 1806 aut
2297 1747 2532 1816 suspicio
2561 1750 2952 1802 removeretur.

2384 1840 2535 1897 Nunc
2576 1838 2705 1892 mihi
2742 1831 3066 1891 adoriendus
3099 1838 3183 1887 est
3233 1825 3561 1891 Dodwellus,
3603 1822 3811 1894 cujus,

2181 1936 2255 1991 uti
2278 1937 2388 2005 jam
2413 1932 2549 1998 dixi,
2572 1946 2633 1986 ea
2661 1926 2924 1986 sententia
2944 1933 3046 1991 est,
3072 1923 3329 1987 Actorum
3345 1917 3813 1989 compilatorem,

2181 2043 2290 2082 non
2329 2023 2492 2081 modo
2518 2021 2803 2079 catholica:
2833 2015 3248 2082 communionis,
3290 2020 3347 2068 et
3373 2011 3549 2065 alieno
3580 2023 3612 2061 a
3639 2004 3824 2062 Mon-

2184 2116 2394 2172 tanistis
2425 2114 2591 2170 fuisse
2616 2111 2821 2180 animo,
2855 2108 2950 2166 sed
2978 2108 3139 2164 etiam
3170 2113 3230 2161 ut
3253 2118 3440 2160 eorum
3467 2113 3639 2157 novas
3665 2111 3823 2170 pro-

2184 2210 2399 2281 phetias
2443 2208 2560 2263 falsi
2606 2204 2968 2269 convinceret,
3015 2199 3229 2256 laudata
3279 2201 3628 2253 monumenta
3683 2200 3827 2246 stu-

2185 2301 2369 2358 duisse
2391 2300 2602 2372 publica
2624 2299 2745 2354 luce
2765 2295 2988 2352 donare.
3014 2292 3162 2348 lianc
3186 2299 3364 2345 autem
3387 2285 3547 2341 habet
3569 2282 3831 2353 hujusce

2186 2411 2299 2451 sua:
2326 2395 2476 2450 mir-.1:
2505 2391 2746 2464 profecto
2777 2386 3047 2459 opinionis
3085 2384 3349 2440 rationem
3384 2399 3397 2436 :
3436 2399 3453 2432 ι
3501 2376 3827 2433 Maximilla

2187 2487 2255 2545 de
2278 2502 2336 2543 se
2363 2486 2702 2556 praedixerat,
2731 2491 2853 2553 post
2881 2494 2940 2535 se
2967 2476 3355 2548 prophetissam
3386 2471 3542 2526 aliaat
3572 2484 3691 2525 non
3730 2467 3830 2523 fu-

2190 2590 2387 2647 turam,
2419 2577 2516 2635 sed
2559 2573 3101 2633 consummationem.
3132 2567 3302 2623 Verba
3344 2565 3459 2635 ejus
3493 2561 3637 2634 apud
3682 2560 3833 2632 Epi-

2191 2674 2445 2746 phanium
2486 2673 2591 2727 illa'
2609 2678 2734 2725 sunt
2760 2665 2841 2742 (2)
2874 2685 2888 2722 :
2913 2665 3039 2721 Μετ’
3071 2671 3153 2732 ἐμὲ
3182 2677 3412 2733 «pcipi-rt;
3446 2663 3602 2715 οὐκέτι
3632 2665 3829 2725 ἔσται,

2191 2770 2318 2823 ἀλλὰ
2358 2771 2622 2821 συντέλεια.
2670 2761 2781 2818 Sub
2827 2756 3038 2829 imperii
3086 2756 3248 2811 Marci
3297 2754 3455 2807 finem
3501 2748 3833 2806 excessisse

2193 2858 2536 2915 Maximillam
2581 2852 3027 2911 verisintillimum
3071 2859 3173 2905 est.
3216 2846 3349 2902 Cum
3387 2843 3528 2900 enim
3569 2842 3641 2898 ab
3692 2841 3833 2913 ejus

2190 2965 2421 3009 excessu
2450 2950 2518 3006 ad
2547 2962 2726 3014 suum,
2760 2961 2866 3016 quo
2893 2940 3182 3005 scribebat,
3221 2954 3444 3003 annum,
3487 2949 3663 2991 annos
3723 2950 3835 2991 χιιι

2194 3045 2307 3100 sive
2350 3059 2441 3098 xw
2491 3040 2796 3097 inchoatum
2836 3042 3080 3091 numeret
3126 3030 3366 3087 Asterius
3397 3027 3647 3084 Urbanus
3691 3024 3831 3100 ('5),

2192 3152 2304 3221 non
2335 3136 2444 3192 alio
2472 3134 2587 3201 illa,
2618 3146 2776 3203 quam
2798 3128 2865 3185 ad
2894 3124 3175 3184 Commodi
3202 3121 3483 3193 imperium
3513 3120 3703 3190 aptius
3735 3134 3836 3176 re-

2206 3229 2332 3285 ferri
2370 3241 2551 3299 posse,
2586 3223 2895 3280 existimant
2935 3218 3150 3277 eruditi.
3178 3216 3377 3271 Contra
3406 3209 3699 3275 Catholici,
3738 3211 3837 3267 vel

2207 3324 2334 3379 hinc
2354 3323 2475 3378 illos
2506 3318 2800 3391 prophetia:
2828 3322 3121 3387 praetentus
3148 3310 3265 3366 falsi
3287 3304 3698 3366 convincendos
3720 3320 3837 3376 pu-

2205 3425 2343 3483 tant,
2383 3415 2527 3487 quod
2577 3429 2688 3470 sure
2736 3409 3059 3483 prophetire,
3106 3406 3191 3463 vel
3236 3420 3303 3461 ex
3349 3401 3627 3467 confesso,
3693 3400 3837 3457 finis

2204 3509 2347 3565 foret
2373 3506 2660 3578 aliquando
2688 3500 3027 3560 statuendus.
3058 3497 3257 3553 Verum
3300 3490 3636 3565 prephetiam
3684 3505 3835 3562 per-

2205 3610 2418 3673 petuam
2466 3600 2601 3664 fore,
2643 3607 2699 3652 et
2743 3594 2809 3651 ad
2848 3591 3033 3648 mundi
3074 3603 3244 3660 usque
3287 3581 3837 3642 consummationem

2204 3708 2393 3750 revera
2423 3702 2851 3763 pcrmansuram.
2895 3685 3010 3754 Qua
3049 3678 3459 3739 ratiocinatione
3505 3677 3577 3730 ita
3625 3674 3838 3732 abfue-

2205 3793 2333 3843 runt
2375 3800 2407 3840 a
2452 3781 2707 3855 negandis
2745 3794 2965 3835 suorum
3000 3795 3018 3828 ι
3059 3785 3357 3845 temporum
3400 3766 3736 3841 prophetiis,
3769 3777 3837 3823 ut

2205 3878 2259 3934 in
2288 3889 2621 3948 quacumque
2649 3870 2876 3929 ecclesia
2906 3883 3015 3925 non
3042 3867 3267 3922 fuissent
3297 3861 3597 3934 prophetae,
3630 3873 3705 3916 ca
3756 3875 3836 3917 ne

2204 3976 2350 4026 esset
2372 3966 2585 4039 quidem
2612 3979 2709 4036 pro
2740 3961 2974 4018 Ecclesia
3006 3957 3269 4016 habenda.
3301 3976 3321 4009 ι

2277 4061 2356 4116 Ita
2383 4065 2786 4131 argumentatus
2807 4062 2892 4111 est
2912 4051 3153 4108 Asterius
3176 4049 3422 4106 Urbanus
3439 4045 3518 4119 (4)
3534 4063 3581 4101 ς(
3598 4042 3750 4100 Nam
3784 4047 3838 4103 si

2208 4151 2446 4224 quidem,
2481 4158 2537 4205 ut
2564 4148 2881 4221 praedicant,
2926 4152 3047 4217 post
3083 4140 3410 4211 Quadratum
3442 4147 3497 4193 et
3540 4139 3837 4194 Ammiam

2208 4245 2731 4316 philadelpltensem,
2760 4240 3017 4303 mulieres
3044 4237 3149 4293 ill-.e
3170 4234 3404 4291 Montani
3435 4233 3487 4288 in
3514 4230 3837 4302 prophetia:

2207 4337 2432 4408 gratiam
2465 4342 2860 4399 successerunt,
2900 4328 3186 4386 ostendant
3219 4326 3374 4383 nobis
3409 4325 3633 4396 quinam
3669 4326 3837 4383 inter

2208 4429 2356 4499 ipsos
2405 4427 2656 4483 Montano
2694 4440 2757 4481 ac
2801 4422 3129 4508 mulierculis
3175 4420 3553 4477 successerint.
3595 4419 3834 4478 Etenim

2210 4521 2505 4595 prophetiae
2531 4521 2732 4576 donum
2755 4520 2807 4574 in
2830 4518 2977 4575 omni
3008 4515 3251 4572 Ecclesia
3275 4513 3342 4569 ad
3370 4513 3613 4569 ultimum
3640 4529 3836 4587 usque

2130 4637 2184 4698 Β
2215 4614 2424 4671 Domini
2446 4612 2737 4669 adventum
2757 4622 3074 4683 permanere
3094 4607 3291 4664 debere
3320 4613 3507 4662 auctor
3554 4613 3643 4662 est
3666 4607 3832 4679 Apo-

2211 4709 2402 4767 stolus.
2428 4727 2447 4761 ι

2283 4802 2365 4857 Ad
2391 4798 2634 4857 eamdem
2661 4797 2889 4854 formam
2910 4801 3310 4867 argumentatur
3327 4800 3477 4849 vetus
3490 4792 3578 4848 ille
3599 4804 3830 4865 auctor,

2208 4894 2532 4966 quicumque
2556 4890 2671 4956 fuit,
2692 4900 2989 4960 martyrum
3018 4894 3526 4957 contemporaneus,
3549 4885 3830 4943 Actorum

2213 4986 2493 5056 Perpetua:
2536 4991 2593 5040 et
2629 4979 2941 5039 Felicitatis.
2990 4979 3039 5036 ls
3078 4977 3203 5047 ubi,
3239 4977 3400 5034 allato
3437 4975 3606 5034 Joelis
3658 4978 3827 5047 loco,

2310 5249 2362 5322 ι)
2389 5248 2559 5322 Epist.
2579 5248 2684 5322 716,
2724 5248 2795 5303 al.
2815 5247 2914 5322 _t(l.

2308 5320 2367 5378 2)
2389 5320 2589 5378 Hieresi
2619 5334 2781 5375 xum
2811 5320 2839 5378 §
2870 5320 2925 5372 2.

2282 5385 2363 5466 (ὅ)
2389 5392 2544 5463 Apud
2571 5390 2767 5447 Euseb.
2804 5385 2941 5466 Hist.
2971 5386 3166 5466 Eccl“.
3197 5401 3316 5458 cap.
3349 5385 3443 5466 iii,
3475 5386 3565 5441 l7.

2280 5453 2364 5536 (Α)
2478 5468 2575 5535 γὰρ
2594 5466 2720 5531 μετὰ
2733 5464 2990 5536 Καδράτρνγ
3006 5464 3086 5515 καὶ
3101 5470 3187 5520 τὶν
3199 5466 3244 5514 ἐν
3264 5453 3570 5529 pedalem;
3591 5453 3822 5527 Ᾰμμίσιν,

2209 5545 2269 5602 ὥς
2294 5535 2466 5609 ipsae-tv,
2497 5542 2554 5588 αἱ
2580 5537 2686 5604 περὶ
2711 5539 2957 5609 Μοντοινὸν
2979 5535 3250 5609 διεδεξνντολ
3267 5545 3477 5602 γυναῖκες
3497 5538 3551 5584 τὸ
3578 5551 3828 5601 προφητι-

2201 5620 2283 5666 κὸν
2322 5615 2561 5679 χάρισμα,
2594 5613 2699 5666 τοὺς
2732 5606 2829 5670 ᾇπὸ
2854 5609 3145 5679 λΜοντσινοῢ,
3171 5606 3254 5656 καὶ
3300 5618 3389 5658 τῶν
3421 5617 3657 5671 γυναικῶν
3696 5613 3825 5662 τινες

2202 5679 2317 5749 πὰρ’
2342 5673 2505 5739 inani;
2536 5679 2818 5742 διεδέξαντο,
2848 5677 3134 5739 δειξάτωσαν
3156 5690 3170 5704 ⁶
3204 5677 3298 5727 Scia
3327 5679 3416 5743 γὰρ
3440 5673 3571 5749 εἶναι
3598 5683 3657 5729 τὸ
3691 5694 3821 5743 προ-

2198 5745 2393 5820 φηίιυιὸν
2420 5756 2635 5827 χᾷηισμα
2659 5754 2705 5827 δν
2881 5759 2943 5827 ’ζῇ
2970 5753 3213 5818 Extincto}.
3227 5753 3371 5817 μέχρι
3394 5758 3479 5810 τῆς
3499 5745 3690 5805 "hic;
3723 5767 3820 5797 mt-

2198 5831 2411 5895 ρθυσίας,
2438 5826 2463 5877 ὁ
2489 5820 2755 5880 Ᾱποστόλος
2786 5820 2936 5885 ἀξιοῖ.
