3982 6310
253 233 312 290 81

1160 227 1293 285 PRO
1332 228 1425 286 SS.
1468 227 1861 297 PERPETUA,

1904 226 2310 287 FELICITATE
2349 228 2439 286 ET
2479 228 2711 288 SOCIIS.
3459 237 3533 293 82

252 344 533 420 probasset,
566 341 637 398 ita
668 356 775 398 non
805 340 1035 398 deficere
1064 355 1094 396 a
1122 341 1319 397 veteris
1348 341 1676 399 Testamenti
1714 342 1828 398 illas
1855 344 1908 403 A
1933 343 2213 400 ostendam
2240 386 2255 412 ,
2317 343 2597 402 manifeste
2668 353 2915 414 constat,
2968 346 3099 403 nihil
3155 347 3211 404 in
3268 356 3375 406 tota
3431 351 3533 409 hac

252 436 369 493 novi
393 434 714 490 Testamenti
741 432 1069 504 prophetias,
1103 441 1163 488 ut
1186 441 1309 488 sunt
1328 434 1505 504 potius
1524 449 1588 490 ex
1609 434 1837 491 adverso

254 528 347 586 sub
390 542 525 581 novo
575 526 925 583 Testamento
983 524 1221 595 potiores
1283 526 1665 596 expectanda),
1724 527 1839 583 hare

256 620 439 677 deinde
478 620 750 690 subiungit
790 606 846 673 in
888 617 1057 686 illam,
1099 633 1256 689 quam
1294 617 1425 684 dixi,
1467 619 1785 674 sententiam
1821 639 1834 675 :

261 732 278 766 ι
314 712 484 783 Itaque
513 720 566 766 et
609 723 725 774 nos,
757 710 846 781 qui
886 709 1027 764 sicut
1063 707 1371 778 prophetias
1404 710 1473 764 ita
1518 720 1572 765 et
1604 710 1837 767 visiones

260 819 432 867 novas,
464 810 566 858 etc.
620 820 639 853 ι
675 800 758 856 Εο
793 800 1014 856 omnino
1047 809 1253 871 spectat
1291 807 1398 855 tota
1433 816 1493 856 ea
1524 801 1833 872 disputatio,

256 914 317 955 ne
340 895 502 952 fraudi
530 904 677 950 esset
698 894 964 950 secuturis
991 893 1305 958 visionibus,
1339 896 1477 964 quod
1512 893 1711 950 ultimis
1737 895 1837 953 Ec-

255 990 417 1048 clesize
447 989 777 1060 temporibus
820 989 939 1044 illas
986 987 1128 1043 Deus
1167 990 1409 1046 revelare
1450 991 1699 1062 dignatus
1742 992 1832 1058 sit,

256 1082 302 1139 id
342 1098 404 1137 ne
443 1092 603 1149 esset,
654 1082 759 1137 hoc
806 1081 907 1137 sibi
948 1079 1282 1150 probandum
1329 1084 1580 1153 sumpsit,
1633 1084 1835 1138 ultimis

255 1189 358 1232 esse
376 1174 489 1230 illas
501 1175 774 1246 prtecipue
788 1182 893 1230 tem
902 1179 1142 1247 poribus,
1157 1190 1477 1246 semperque
1489 1176 1554 1231 ad
1576 1190 1833 1231 consum-

256 1268 518 1324 mationem
552 1282 726 1337 usque
768 1270 1147 1339 expectandas.
1191 1269 1449 1324 Poterant
1488 1281 1550 1322 ea
1589 1268 1833 1324 fortassis

253 1360 484 1417 adversus
515 1361 772 1416 Ethnicos
812 1361 949 1418 dicta
1001 1363 1202 1428 videri;
1250 1370 1496 1432 poterant
1533 1362 1692 1416 etiam
1733 1363 1831 1416 ad-

254 1468 418 1511 versus
442 1454 822 1510 Montanistas.
854 1454 1051 1512 Contra
1093 1455 1443 1511 Montanistas
1477 1456 1652 1524 potius
1689 1455 1829 1510 dicta

255 1546 568 1614 crediderim,
611 1547 734 1618 quia
766 1563 883 1617 qua:
912 1548 1141 1614 dixerat,
1182 1561 1243 1602 ea
1283 1548 1679 1618 Scripturarum
1722 1556 1831 1603 tes-

256 1639 449 1694 timonio
489 1639 849 1695 confirmavit.
899 1639 951 1695 Id
1003 1655 1134 1695 sane
1174 1637 1514 1694 manifestum
1558 1648 1661 1704 est,
1711 1653 1830 1709 quae

1943 436 2203 492 Dudwelli
2231 436 2594 509 disputatione
2630 439 2807 495 inesse
2836 440 3030 495 virium
3056 448 3217 513 atque
3251 443 3536 498 soliditatis

1940 529 2008 584 ad
2049 529 2389 585 montanismi
2419 530 2777 601 suspicionem
2808 530 2877 586 ab
2912 540 3131 589 auctore
3159 543 3347 590 nostro
3381 544 3536 590 amo-

1940 619 2193 676 liendam.
3360 628 3367 633 '

2012 714 2100 770 lV.
2135 715 2230 772 His
2256 716 2420 787 igitur
2445 700 2655 773 duobus
2684 716 3045 775 fundamentis
3091 727 3198 777 tota
3251 721 3366 778 haec
3395 737 3525 778 eru-

1939 808 2033 863 diti
2058 809 2156 865 viri
2197 810 2491 879 disputatio
2528 811 2737 867 nititur.
2767 812 2970 879 Primo,
3000 814 3101 869 sub
3127 815 3335 885 imperii
3365 816 3529 871 Marci

1938 899 2100 955 ﬁnem
2130 902 2435 957 excessisse
2468 900 2835 970 Maximillam,
2883 903 3051 959 tribus
3089 906 3302 962 circiter
3355 921 3420 961 ac
3448 909 3532 961 vi-

1937 992 2066 1063 ginti
2093 994 2279 1057 annis,
2335 1003 2620 1064 antequam
2647 996 2960 1067 martyrium
2996 996 3263 1069 Perpetua
3286 1007 3338 1055 ct
3387 998 3529 1055 Feli-

1937 1086 2095 1153 citas,
2133 1101 2428 1156 earumque
2453 1088 2584 1143 socii
2612 1087 2875 1145 subirent.
2896 1090 3167 1157 Secundo,
3214 1106 3530 1162 persuasum

1940 1179 2104 1235 fuisse
2145 1180 2516 1246 Montanistis,
2559 1181 2764 1238 nullum
2808 1192 2928 1253 post
2971 1183 3280 1239 Maximillae
3321 1185 3525 1241 obitum

1936 1271 2251 1342 prophetam
2294 1270 2550 1337 futurum,
2583 1274 2752 1329 multo
2779 1282 2958 1329 autem
3007 1274 3184 1329 minus
3212 1274 3371 1330 aliam
3412 1285 3534 1345 post

1935 1378 2054 1420 eam
2086 1363 2452 1433 prophetidcm
2484 1365 2894 1436 expectandam.
2939 1366 3081 1421 Fieri
3141 1366 3367 1437 proinde
3416 1382 3523 1424 non

1935 1468 2116 1525 posse,
2161 1461 2220 1509 ut
2239 1456 2496 1510 Actorum
2527 1457 2777 1527 scriptor,
2808 1456 2900 1528 qui
2939 1455 3190 1512 Saturum
3226 1468 3279 1513 et
3327 1459 3528 1531 Perpe—

1934 1560 2079 1602 tuam
2126 1546 2423 1616 prophetia:
2468 1563 2532 1602 ac
2583 1548 2886 1605 cmlestium
2933 1549 3317 1605 revelationum
3370 1551 3527 1615 donis

1934 1639 2173 1710 insignes
2196 1639 2493 1711 eademque
2518 1640 2861 1708 charismata,
2893 1641 2961 1697 ad
3005 1644 3524 1699 consummationem

253 1731 328 1786 hic
353 1731 658 1803 protulerat,
700 1746 821 1787 esse
861 1732 1001 1803 apud
1042 1746 1167 1788 suos
1205 1730 1259 1786 in
1305 1732 1572 1795 confesso,
1616 1729 1759 1801 quod
1797 1744 1827 1784 a
1856 1737 1906 1797 Β
1935 1747 2105 1803 usque
2142 1734 2196 1787 in
2228 1732 2464 1789 Ecclesia
2497 1748 2846 1805 permansura
2876 1733 3126 1801 credidit,
3181 1734 3527 1792 Montanista-

254 1823 541 1881 Montanista
572 1823 737 1879 seri-bi
762 1824 980 1879 omnino
1007 1838 1113 1879 nou
1144 1831 1373 1895 poterat.
1418 1843 1437 1876 ι

315 1935 332 1969 σ
364 1914 578 1971 Notetur
607 1915 753 1970 enim
788 1915 1068 1985 imprimis,
1111 1916 1305 1984 scripta
1342 1927 1463 1969 esse
1503 1913 1570 1969 ab
1603 1921 1822 1970 auctore

250 2024 370 2067 anno
384 2013 526 2067 Dom.
548 2029 676 2079 CCII,
694 2012 744 2067 id
763 2023 844 2068 est
872 2027 1015 2067 anno
1044 2012 1112 2068 ab
1128 2011 1274 2068 obitu
1291 2010 1592 2065 Maximilla:
1608 2009 1822 2065 circiter

248 2120 364 2162 xxut
394 2124 407 2160 :
434 2104 734 2162 decessisse
762 2106 905 2162 enim
947 2106 1089 2161 illam
1124 2105 1353 2160 diximus
1380 2119 1523 2158 anno
1550 2103 1709 2159 Marci
1737 2103 1819 2157 ul-

249 2199 381 2264 timo,
424 2197 473 2252 id
540 2207 626 2257 est
667 2199 822 2252 Dom.
855 2213 1090 2263 eLxXIx;
1122 2198 1266 2268 atqui
1312 2212 1373 2251 ea
1404 2196 1449 2250 si
1480 2211 1603 2251 vera
1635 2194 1823 2250 fuisset

246 2289 574 2360 prophetissa,
607 2305 713 2344 non
732 2290 839 2359 jam
863 2290 999 2344 alius
1019 2297 1132 2345 erat
1156 2289 1413 2359 pr0pheta
1437 2287 1817 2358 expectandus.

247 2381 329 2448 Qui
351 2382 500 2453 igitur
520 2383 657 2437 alios
678 2381 852 2437 adhuc
879 2382 1199 2452 expectavit,
1224 2395 1437 2450 semper
1459 2377 1821 2450 expectandos

243 2476 569 2542 existimavit,
605 2474 718 2531 fieri
752 2490 856 2531 non
897 2484 1091 2546 polcsl,
1131 2482 1189 2530 ut
1234 2475 1375 2530 illam
1417 2488 1515 2544 pro
1540 2488 1664 2528 vera
1696 2487 1821 2543 pro-

245 2566 456 2637 phetissa
496 2567 770 2635 habuerit,
814 2582 914 2623 nec
956 2566 1179 2636 proinde
1204 2556 1528 2621 Montanista
1559 2579 1680 2621 esse
1719 2579 1816 2634 po-

246 2661 346 2715 tuit.
388 2661 701 2733 Quanquam
758 2661 900 2716 enim
950 2676 1011 2715 ea
1054 2660 1273 2715 hrcresis
1316 2667 1499 2725 postea
1548 2659 1602 2712 in
1644 2660 1818 2713 varias

242 2751 411 2807 deinde
457 2762 636 2809 sectas
683 2754 963 2809 distributa
1010 2752 1189 2819 fuerit,
1237 2752 1288 2805 in
1332 2765 1397 2806 eo
1423 2759 1600 2805 tamen
1629 2764 1817 2805 omnes

243 2843 633 2908 conveniebant,
684 2846 880 2915 primas
918 2845 1035 2899 illas
1079 2841 1421 2898 mulierculas
1460 2842 1558 2912 pro
1583 2842 1816 2911 prophe-

243 2935 369 2990 tissis
397 2934 559 2993 fuisse
586 2935 976 3009 agnoscendus.
1011 2934 1238 2991 Notctur
1272 2934 1530 3001 secundo,
1569 2943 1628 2989 ut
1654 2947 1822 2990 sensu

242 3027 604 3099 benignissimo
636 3031 939 3086 Maximillae
980 3031 1140 3086 verba
1182 3030 1615 3099 interpretemur,
1655 3039 1709 3084 et
1749 3029 1816 3085 de

1927 1840 2048 1881 rum
2062 1824 2518 1881 fueriterroribus
2546 1826 2801 1883 imbutus.
2832 1825 2961 1881 Mihi
2988 1842 3115 1883 vero
3142 1823 3389 1884 neutrum
3420 1828 3522 1884 ho-

1925 1932 2044 1972 rum
2074 1933 2192 1987 qua:
2219 1916 2301 1971 vir
2351 1918 2538 1974 doctus
2562 1921 2809 1987 assumit,
2840 1919 3050 1975 admitti
3083 1935 3241 1992 posse
3281 1920 3517 1979 videtur.

1924 2010 1991 2065 Et
2019 2010 2085 2064 ad
2115 2011 2342 2079 primum
2375 2011 2502 2068 illud
2533 2013 2675 2084 quod
2705 2012 2896 2091 attinet
2921 2011 2990 2068 de
3015 2012 3161 2069 obitu
3189 2012 3517 2081 Maximillae,

1924 2103 2173 2174 equidem
2219 2106 2331 2160 scio
2372 2106 2569 2162 multos
2598 2106 2654 2161 in
2695 2122 2759 2162 ea
2787 2109 2988 2163 versari
3040 2107 3315 2178 opinione,
3370 2108 3520 2163 illum

1923 2210 2044 2252 esse
2061 2198 2142 2265 ,in
2172 2212 2369 2252 annum
2399 2199 2560 2254 Marci
2601 2200 2843 2257 ultimum
2875 2200 3281 2257 conferendum.
3308 2199 3412 2257 Sed
3424 2244 3437 2266 ,
3465 2211 3539 2256 ut‘

1923 2286 2049 2343 alibi
2072 2286 2282 2344 ostendi
2303 2286 2382 2362 (l)
2422 2299 2477 2344 et
2494 2290 2811 2361 jampridem
2832 2292 3074 2348 Valesius
3090 2292 3393 2349 observavit
3412 2294 3512 2367 (‘2),

1929 2380 2059 2436 inde
2106 2396 2293 2437 eorum
2322 2397 2474 2438 error
2501 2383 2775 2453 profluxit,
2818 2384 2961 2455 quod
2995 2385 3285 2453 Asterium,
3325 2388 3411 2457 qui
3458 2403 3520 2442 se

1922 2474 2324 2544 quatuordecim
2355 2475 2510 2529 annis
2559 2485 2678 2546 post
2707 2476 2940 2532 Montani
2971 2486 3025 2533 et
3058 2477 3361 2533 Maximilla:
3400 2478 3518 2532 obi-

1923 2573 2057 2631 tum,
2086 2564 2254 2620 libros
2280 2580 2408 2620 suos
2436 2566 2719 2635 scripsisse
2752 2576 2977 2623 testatur
3002 2568 3286 2639 Apollonio
3338 2558 3516 2625 vetus-

1922 2658 2113 2714 tiorem
2135 2673 2255 2714 esse
2274 2658 2620 2722 crediderint,
2645 2674 2673 2712 a
2698 2676 2803 2730 quo
2828 2661 3105 2715 memoriae
3130 2660 3401 2731 proditum
3433 2669 3519 2715 est

1920 2749 2269 2822 quadraginta
2336 2751 2490 2805 anuis
2539 2760 2823 2822 antequam
2869 2751 3149 2817 scriberet,
3197 2751 3511 2808 Montanum

1919 2841 2255 2912 prophetiam
2279 2855 2429 2896 suam
2461 2840 2731 2897 invexisse
2760 2842 2864 2915 (3).
2890 2844 2955 2896 At
2984 2858 3092 2898 non
3120 2857 3207 2899 res
3237 2844 3308 2898 ita
3330 2857 3390 2900 se
3421 2844 3515 2897 ha-

1920 2935 2054 2991 buit.
2084 2954 2105 2988 (
2145 2936 2386 3004 Etenim,
2426 2954 2444 2988 ι
2479 2946 2536 2991 ιιι
2559 2935 2804 2991 Valesius
2827 2937 3094 3004 observat,
3121 2955 3139 2990 ι
3177 2937 3513 3008 Apollonius,

1919 3027 2171 3083 Montano
2193 3025 2370 3082 adhuc
2399 3028 2707 3098 superstite,
2732 3043 2856 3083 cum
2897 3030 3098 3084 insanis
3156 3029 3269 3084 suis
3304 3029 3515 3085 vatibus

246 3119 536 3175 mulieribus
566 3122 942 3194 pr0phetissis,
966 3136 1073 3177 non
1102 3120 1171 3176 de
1196 3121 1326 3174 viris
1352 3120 1628 3191 pr0phetis
1653 3120 1812 3175 iutel-
1842 3121 1888 3186 C
1922 3119 2160 3176 Priscilla
2191 3128 2246 3175 et
2269 3119 2580 3187 Maximilla,
2612 3121 2806 3175 librum
2854 3136 3005 3175 suum
3029 3121 3333 3192 composuit
3360 3130 3418 3177 ut
3443 3138 3514 3177 ex

240 3210 440 3285 ligamus
468 3232 481 3270 :
514 3231 584 3271 nc
621 3217 688 3270 ita
719 3215 931 3287 quidem
972 3214 1110 3270 hanc
1140 3214 1505 3284 pra-fationem
1541 3230 1572 3269 a
1601 3214 1812 3270 Monta-

242 3305 355 3359 nista
384 3306 544 3361 scribi
579 3308 832 3376 potuisse.
865 3307 1145 3376 Perpetua:
1176 3306 1320 3361 enim
1351 3304 1702 3375 prophetissae
1732 3308 1813 3360 vi-

242 3395 395 3452 siones
424 3407 538 3453 erat
566 3400 964 3468 complexurus.
985 3398 1301 3468 Quanquam
1329 3405 1533 3453 certum
1560 3399 1650 3465 sit,
1675 3398 1814 3454 hanc

243 3488 711 3562 interpretationem
737 3493 802 3547 ad
832 3500 1065 3548 mentem
1090 3490 1395 3546 Maximillae
1417 3492 1811 3548 accommodari

244 3595 325 3636 non
352 3597 530 3652 posse.
562 3581 694 3650 Quae
719 3583 883 3650 enim,
909 3592 1030 3653 post
1056 3596 1113 3639 se
1141 3574 1409 3639 συήέλιιαν
1438 3580 1553 3638 fore
1579 3583 1809 3649 dixerat,

244 3686 335 3727 eam
363 3689 577 3729 omnem
612 3689 834 3744 prorsus
861 3675 1155 3746 prophetiae
1176 3690 1332 3731 usum
1355 3675 1690 3731 exclusuram
1717 3691 1812 3732 ne-

245 3779 365 3824 cesse
407 3777 542 3823 erat.
595 3768 776 3825 Tertio
802 3810 818 3837 ,
862 3784 982 3823 cum
1027 3768 1127 3824 hac
1170 3769 1282 3839 ipsa
1321 3768 1809 3838 argumentatione,

245 3868 341 3915 ante
364 3876 538 3917 annos
571 3862 640 3916 ad
676 3862 954 3915 minimum
994 3860 1202 3928 decem,
1250 3861 1299 3913 iu
1338 3870 1481 3915 secta
1524 3860 1612 3915 illa
1651 3860 1813 3917 refel-

245 3950 367 4009 lenda
426 3970 551 4010 usus
600 3953 775 4010 fuerat
819 3954 1063 4009 Asterius
1104 3953 1389 4020 Urbanus,
1440 3954 1558 4024 qttis
1603 3953 1805 4019 credat,

246 4047 402 4103 eadem
466 4048 929 4120 argumentatione
986 4060 1205 4101 usurum
1261 4054 1420 4101 sectae
1488 4045 1811 4116 patronum?

248 4134 438 4206 Quarto,
472 4139 526 4193 id
555 4140 715 4193 etiam
747 4153 811 4193 ex
842 4137 1030 4193 eodem
1054 4124 1271 4194 Urbano
1302 4145 1533 4201 constat,
1571 4135 1638 4192 de
1669 4136 1811 4191 facto

248 4225 340 4283 illos
361 4246 574 4287 omnem
604 4245 752 4286 suam
786 4231 1165 4302 prophetarum
1194 4229 1588 4285 successionem
1617 4229 1668 4283 in
1694 4228 1808 4284 Ma-

249 4319 411 4377 ximilla
462 4325 800 4389 terminasse,
850 4336 948 4377 nec
990 4321 1152 4376 alium
1205 4322 1448 4392 quemvis
1490 4329 1612 4392 post
1662 4320 1805 4377 illam

249 4410 494 4471 admisisse
529 4428 932 4471 successorem.
962 4412 1162 4468 Eadem
1194 4414 1654 4483 argumentatione
1679 4428 1807 4468 usus

1920 3210 2003 3267 his
2054 3209 2369 3282 fragmentis
2423 3227 2543 3282 quae
2588 3212 2789 3281 profert
2829 3211 3092 3267 Eusebius
3130 3212 3357 3279 elicitur,
3429 3211 3512 3268 id-

1915 3317 2021 3374 que
2071 3316 2177 3356 non
2223 3316 2330 3356 uno
2386 3302 2527 3367 loco;
2579 3312 2637 3357 ut
2677 3318 2796 3357 cum
2823 3301 2976 3368 dixit,
3038 3313 3065 3365 ἡ
3126 3318 3351 3375 προφῆτις
3394 3309 3510 3372 ἡμῖν

1916 3400 2098 3450 εἰπάτω
2126 3402 2189 3450 τὰ
2216 3402 2342 3451 κατὰ
2370 3390 2651 3466 Ᾰλέξανδριν
2674 3406 2757 3451 τὸν
2779 3404 2969 3461 λέγοντα.
2996 3403 3161 3452 ἑαυτὸν
3187 3401 3408 3468 μάρτυροι
3426 3436 3440 3461 ,
3474 3400 3510 3469 ᾧ

1913 3496 2239 3550 συνεστιᾶται.
2274 3491 2657 3560 ᾦπροσιιυνοῦσι,
2688 3491 2769 3540 καὶ
2814 3491 2944 3557 αὐτῷ
2993 3493 3181 3542 πολλοί.
3231 3486 3301 3542 Et
3352 3489 3512 3557 paulo

1915 3591 2037 3654 post
2060 3582 2128 3638 de
2157 3582 2347 3639 eodem
2377 3583 2682 3638 Alexandro
2709 3583 2935 3655 loquens
2960 3583 3032 3638 ait
3066 3623 3081 3649 ,
3114 3588 3166 3637 ὃν
3197 3589 3223 3637 ὁ
3263 3597 3505 3655 προφήτης

1913 3681 2109 3734 συνόντα.
2146 3679 2334 3738 πολλοῖς
2376 3684 2521 3733 ετεσιν
2558 3679 2709 3732 aluei.
2762 3677 2842 3731 Ex
2887 3675 3080 3747 quibus
3132 3683 3355 3746 apparet
3392 3686 3511 3729 ver—

1912 3768 2015 3833 bis,
2038 3778 2092 3824 et
2113 3767 2474 3824 Alexandrum
2520 3777 2574 3824 et
2594 3766 2899 3822 Montanum
2938 3767 3111 3836 ipsum
3142 3781 3207 3823 ac
3241 3766 3504 3821 Maximil—

1913 3862 2020 3918 lam
2067 3862 2243 3917 adlmc
2270 3862 2489 3926 vixisse,
2522 3876 2646 3916 cum
2691 3860 2808 3916 lucc
2852 3861 3114 3916 scriberet
3162 3859 3504 3930 Apollonius.

1912 3953 2096 4024 Neque
2118 3968 2252 4008 vero
2278 3954 2355 4008 ait
2377 3952 2694 4022 Apollonius
2748 3951 3098 4022 quadraginta
3133 3964 3302 4005 annos
3347 3948 3505 4005 emu-

1915 4046 2062 4102 xisse
2085 4045 2155 4100 ab
2183 4045 2331 4099 obitu
2357 4044 2593 4100 Montani
2616 4044 2682 4100 ad
2709 4053 2918 4115 tempus
2946 4057 3053 4115 quo
3081 4042 3181 4098 ista
3211 4041 3499 4107 scribebat;

1910 4137 2006 4193 scd
2033 4137 2083 4192 id
2112 4145 2317 4192 tantum
2338 4136 2500 4204 dicit,
2532 4135 2881 4208 quadraginta
2900 4137 3055 4192 annis
3082 4136 3367 4207 antequam
3387 4134 3502 4204 ipse

1910 4228 1979 4285 ad
2004 4228 2349 4284 scribendum
2390 4228 2686 4294 accederet,
2718 4228 3025 4284 Montanum
3054 4225 3497 4300 pseudoprophe-

1912 4320 2037 4376 tiam
2064 4336 2219 4377 suam
2237 4320 2523 4377 invexisse.
2548 4341 2567 4373 ι
2597 4319 2775 4388 Quare
2802 4336 2946 4385 cum,
2977 4318 3179 4375 Severo
3205 4320 3503 4387 imperante

1911 4421 1967 4469 et
1989 4413 2280 4483 superstite
2305 4412 2482 4468 adhuc
2511 4410 2826 4479 Maximilla,
2847 4410 3014 4466 libros
3040 4425 3167 4465 suos
3182 4407 3498 4480 Apollonius

247 4498 565 4575 Epiphanius,
590 4516 709 4577 post
733 4506 876 4561 illius
897 4505 1099 4561 obitum
1129 4505 1396 4561 neminem
1424 4505 1586 4560 alium
1605 4521 1633 4560 a
1657 4505 1803 4560 Mon-
1826 4512 1883 4573 1)
1908 4506 2255 4573 elucubrarit,
2285 4515 2609 4562 memoratos
2638 4504 2853 4561 Asterie
2879 4502 3284 4576 quatuordecim
3316 4516 3348 4557 a
3383 4501 3500 4557 Ma-

250 4592 416 4653 tauistis
443 4597 511 4653 ad
553 4612 648 4653 sua
678 4612 851 4669 usque
881 4607 1122 4666 tempora
1163 4598 1400 4668 agnitum
1443 4611 1563 4653 esse
1597 4597 1798 4653 confir-

248 4697 351 4741 mat.
376 4690 508 4747 Fieri
544 4692 702 4762 igitur
727 4705 833 4745 non
874 4698 1071 4761 potest,
1109 4700 1168 4746 ut
1197 4691 1520 4746 montanista
1548 4691 1797 4748 Saturum

248 4772 632 4853 Perpetuamqne
676 4783 729 4838 in
770 4784 1151 4853 prophetarum
1201 4782 1376 4837 album
1427 4784 1693 4839 retulerit.
1742 4785 1799 4839 Id

249 4868 397 4927 saltem
414 4890 481 4931 ex
508 4875 596 4930 illa
619 4876 846 4930 aliorum
873 4876 1332 4946 argumentatione
1352 4877 1611 4933 concedat
1630 4878 1799 4934 lector

248 4971 423 5021 necesse
458 4977 561 5034 esr,
609 4968 697 5037 qui
732 4966 803 5021 ita
832 4975 1253 5038 argumentatur,
1295 4981 1401 5022 non
1441 4983 1561 5023 esse
1599 4982 1666 5025 eo
1703 4983 1800 5025 no-

1904 4599 2122 4654 ximillte
2139 4599 2287 4654 obitu
2309 4599 2505 4670 quietis
2532 4599 2742 4670 imperii
2760 4608 2813 4655 et
2843 4596 3271 4666 Ecclesitepacis
3298 4609 3491 4663 annos,

1903 4706 1933 4746 a
1962 4692 2254 4747 Caracallae
2303 4704 2425 4763 post
2474 4702 2704 4748 mortem
2732 4691 2897 4761 patris
2919 4690 3083 4745 initiis
3113 4688 3180 4743 ad
3206 4686 3497 4743 Alexandri

1904 4784 2111 4854 priores
2126 4797 2295 4839 annos
2324 4798 2445 4839 esse
2466 4783 2760 4846 ducendos,
2789 4779 3200 4837 etMaximillam
3217 4793 3359 4833 anno
3389 4778 3495 4831 Do-

1902 4877 2031 4931 mini
2050 4875 2168 4946 plus
2183 4875 2358 4930 minus
2375 4890 2514 4931 ccxn
2532 4875 2748 4939 obiisse,
2771 4874 2887 4929 loco
2904 4871 3149 4943 superius
3161 4870 3374 4927 laudato
3396 4869 3497 4924 dc-

1903 4966 2215 5022 munstravi.
2241 4966 2335 5021 His
2385 4948 2454 5020 ita
2479 4964 2865 5020 animadversis
2892 4962 3049 5017 facile
3072 4971 3333 5018 corruunt
3371 4974 3494 5033 qua:

1902 5059 2207 5116 Dodwellus
2258 5057 2409 5112 falsa:
2449 5055 2518 5112 de
2562 5054 2867 5111 Maximillae
2897 5053 3113 5108 interitu
3150 5055 3368 5125 epochze
3399 5069 3495 5109 su-

1900 5150 2214 5223 perstruxit.
2241 5148 2564 5221 Perpetuam
2592 5148 2734 5204 enim
2786 5155 2946 5216 atque
2988 5145 3321 5201 Felicitatem
3349 5161 3492 5201 anno

1899 5245 2115 5302 circiter
2144 5258 2288 5309 ccnt,
2318 5243 2418 5298 sub
2449 5244 2559 5313 ipsa
2593 5254 2730 5312 pene
2759 5239 3064 5294 Severiana:
3102 5239 3494 5311 persecutionis-

1900 5339 2072 5403 initia,
2104 5344 2368 5407 martyres
2410 5332 2743 5398 occubuisse,
2800 5330 3203 5388 verosimillima
3256 5330 3492 5386 erudito-

1900 5446 2043 5498 rum,
2082 5430 2373 5503 quosinter
2393 5437 2448 5485 et
2480 5427 2807 5492 Dodwellus,
2837 5426 3016 5497 opinio
3037 5434 3140 5482 est.
3164 5424 3319 5482 Unde
3367 5425 3495 5481 Per-

247 5052 357 5109 mine
382 5074 467 5128 pro
508 5061 826 5114 montanista
863 5060 1261 5116 aestimandum.
1305 5058 1415 5115 Nec
1449 5070 1626 5121 tamen
1655 5061 1798 5117 aliud

248 5146 496 5217 proferunt,
559 5154 648 5221 qui
693 5153 848 5208 aliter
912 5153 1151 5208 sentiunt
1190 5154 1288 5207 viri
1350 5168 1479 5209 sane
1521 5150 1734 5210 eruditi.
1771 5174 1790 5207 ι

248 5231 346 5292 Hinc
383 5242 707 5310 Dodwellus,
757 5261 876 5316 qua:
917 5256 1092 5300 tamen
1144 5245 1386 5316 quamvis
1428 5246 1639 5302 erudite
1664 5288 1681 5314 ,
1733 5262 1798 5305 ac

250 5328 470 5390 subtiliter
508 5339 799 5407 disputata,
843 5348 1162 5409 extorquere
1197 5355 1226 5392 a
1260 5355 1345 5394 me
1367 5341 1672 5410 neutiquam
1704 5357 1798 5411 po-

251 5421 442 5491 tuerunt,
476 5438 532 5482 ut
560 5428 667 5483 illis
693 5444 970 5484 assensum
1002 5430 1485 5487 accomtnodarem.
1530 5432 1622 5487 His
1649 5435 1794 5489 enim

253 5512 465 5622 ζῗ.ἷῗ¹ἶ¹.¹⁵’
492 5520 915 5622 ⁴¹¹¹¹Ῠῗ¹¹⁵⁴ῗῖ¹¹¹¹⁴¹¹¹⁸
947 5530 1144 5622 “⁰ῗ¹¹’¹⁸
1174 5522 1458 5622 ⁸Ϊ¹¹ῗ¹¹¹¹¹’“⁵
1484 5533 1644 5595 “me
1667 5541 1794 5581 Μ’
1974 5564 2054 5622 m
2089 5565 2286 5620 Disser.
2319 5564 2383 5619 de
2410 5563 2565 5622 capit.
2596 5562 2798 5617 crimiu.
2821 5560 3183 5617 absol.sect.2

494 5564 915 5590 .,,.υ..υν......ιυγ
1174 5564 1458 5577 υ...,.....,...,
1484 5564 1643 5595 ....,..ν
1667 5564 1792 5581 νη.-

253 5593 353 5656 ditis
373 5606 814 5668 observationibus
852 5614 1143 5683 praevalere
1180 5613 1379 5670 debent
1406 5631 1585 5672 rerum
1614 5626 1793 5688 gesta-

1974 5564 2054 5640 (1)
2089 5565 2286 5620 Disser.
2319 5564 2383 5619 de
2410 5564 2565 5634 capit.
2596 5564 2798 5617 crimin.
2821 5564 2981 5616 absol.
3000 5564 3202 5617 sect.2.

1972 5639 2051 5708 (ε)
2080 5638 2308 5708 Annot._
2313 5635 2381 5689 ad
2410 5634 2597 5708 Euseb.
2623 5633 2715 5708 lib.
2743 5649 2797 5699 v,
2820 5647 2938 5704 cap.
2974 5630 3064 5690 18.
3170 5675 3180 5683 .

260 5644 353 5656 ”···ν
371 5644 814 5708 fumus-vwqu
852 5644 1143 5683 νιιυηιιιτιυ
1180 5644 1379 5670 "cum"
1408 5644 1585 5672 mu"-
1614 5644 1793 5688 scm'
1972 5644 2029 5708 (α
2080 5644 2279 5692 Annot.
2313 5644 2380 5689 ad
2410 5644 2597 5690 Euseb.
2624 5644 2715 5688 ttn.

167 5710 171 5714 '
255 5700 579 5763 nmtndubia:
603 5704 729 5763 fidei
768 5715 1136 5776 monumenta,
1176 5722 1243 5764 ex
1269 5708 1485 5779 quibus,
1527 5718 1585 5767 ut
1634 5709 1795 5768 modo
1901 5714 1923 5784 t’
1975 5644 2057 5780 (ὦ
2081 5703 2240 5779 Apud
2267 5705 2467 5763 Euseb.
2496 5704 2604 5761 loc.
2632 5704 2725 5760 cit.
