3988 6310
515 293 588 353 ss
1012 350 1021 367 κ
1601 262 2050 343 DlSSER'l‘ATlO
2087 278 2569 340 spumosum
3714 278 3768 344 ει

516 416 696 480 petua:
729 404 1045 478 martyrium
1075 401 1376 459 Maximillae
1402 396 1675 457 interitum
1724 397 1878 455 annis
1905 394 1969 454 ad
2000 395 2117 453 mi—
2142 399 2195 459 Α
2221 395 2452 468 scriptor
2468 396 2727 463 adstruat,
2745 403 2904 469 atque
2918 394 3237 454 conﬁrmet?
3272 414 3291 451 ι
3318 391 3445 452 Nam
3465 392 3577 470 quia
3593 398 3772 470 spirita-

516 514 622 556 nus
659 498 848 554 decem
888 495 1210 567 praecessit:
1239 493 1483 564 adeoque
1532 492 1761 563 scriptor
1787 492 2114 546 montanista

519 594 639 662 ejus
661 591 967 663 prophetias
987 603 1278 660 agnoscere
1300 585 1491 659 potuit,
1516 602 1579 643 ac
1599 585 1866 651 venerari,
1890 600 2116 655 eamque

517 695 577 739 ut
602 682 993 755 prophetissam
1030 680 1230 747 colere,
1254 679 1502 750 quamvis
1544 694 1649 733 non
1681 677 1973 747 ignoraret,
2008 677 2116 731 imo

466 792 469 795 '
517 783 576 831 et
602 776 921 829 inconcusse
973 787 1046 859 ac,
1068 771 1292 826 lirmiter
1318 758 1566 826 crederet
1618 769 1817 824 nullam
1852 779 1972 840 post
2001 769 2113 825 Ma-

516 866 778 922 ximillam
809 863 923 921 fore
950 863 1363 937 prophetissam.

591 956 657 1013 ν.
678 955 896 1023 Deinde,
922 956 966 1010 si
988 955 1311 1010 arbitremur
1338 969 1460 1010 vera
1479 969 1600 1011 esse
1620 971 1738 1023 quae
1755 953 1821 1009 de
1845 952 2079 1010 Maximil
2094 986 2110 997 -

514 1052 583 1107 lae
608 1050 753 1106 obitu
776 1049 1081 1104 Dodvvellus
1106 1051 1307 1115 statuit,
1327 1063 1445 1105 ean:
1475 1048 1673 1103 scilicet
1696 1062 1836 1102 anno
1853 1046 2010 1103 Marci
2043 1047 2116 1102 ul-

520 1146 653 1199 timo
682 1142 1002 1209 exceSsisse,
1032 1156 1253 1198 necesse
1276 1138 1518 1211 proiecto
1545 1150 1648 1207 est,
1675 1151 1731 1195 ut
1768 1139 1895 1196 falsa
1928 1143 2103 1197 omni-

518 1250 593 1290 no
619 1236 727 1289 sint
774 1249 892 1305 qua:
931 1223 1311 1290 secundolocd
1343 1232 1505 1289 tradit
1554 1231 1622 1288 de
1662 1232 2104 1292 Montanistarum

511 1329 572 1382 in
602 1325 740 1381 hanc
763 1325 1086 1382 sententiam
1112 1324 1488 1391 consensione,
1515 1324 1655 1395 quod
1679 1325 1823 1380 nulla
1848 1337 1967 1397 post
1995 1327 2109 1382 Ma-

516 1404 776 1474 ximillam
810 1417 984 1473 futura
1007 1426 1154 1472 esset
1181 1417 1231 1470 in
1252 1408 1492 1472 Ecclesia
1523 1416 2106 1488 prophetissa.Etenim

517 1521 629 1567 tam
664 1512 829 1589 clare.
858 1520 913 1566 et
941 1517 1125 1580 aperte
1149 1509 1505 1567 demonstrari
1521 1520 1715 1579 potest,
1735 1509 2106 1579 Montanistas,

519 1605 654 1661 alias
676 1602 1162 1674 postMaximillam
1199 1604 1217 1671 (
1244 1603 1287 1657 si
1306 1601 1423 1672 ejus
1448 1617 1593 1657 mors
1635 1601 1686 1656 in
1716 1617 1915 1657 annum
1947 1602 2108 1658 Marci

514 1696 761 1752 ultimum
790 1691 1129 1763 conjiciatur)
1162 1690 1525 1763 prophetissas
1565 1693 1869 1763 agnovisse,
1896 1703 1955 1747 ut
2008 1694 2108 1749 mi-

2221 488 2290 546 lia
2339 490 2663 545 charismata
2692 490 3056 562 agnoscimus,
3109 496 3229 560 post
3284 484 3537 546 Joannem
3594 508 3771 564 quoque

2220 581 2557 652 propltctiam
2575 583 2868 638 meruimus
2905 591 2959 636 et
2987 576 3264 651 consequi.
3314 578 3379 636 Et
3435 574 3585 637 bodic
3623 598 3769 653 soror,

2218 680 2347 738 ctc.,
2390 691 2408 724 ι
2458 673 2729 743 relataque
2774 673 2975 727 insanae
3021 672 3156 725 vatis
3185 672 3392 727 visione
3425 715 3439 740 ,
3491 672 3770 746 subjungit:

2224 782 2242 814 ι
2274 762 2397 817 llaec
2436 764 2569 819 visio
2596 772 2714 829 est;
2751 763 2892 819 Deus
2918 763 3086 829 testis,
3115 773 3165 818 ct
3193 762 3482 835 Apostolus
3511 766 3772 822 charisma-

2221 864 2329 909 tuin
2364 855 2414 909 iu
2468 855 2707 911 Ecclesia
2737 855 3039 909 futurorum
3084 854 3307 909 idoneus
3336 860 3577 925 SpOusor.
3611 876 3628 910 ι
3660 857 3773 926 Quid

2224 938 2453 1018 denique
2477 946 2618 1019 quod
2647 946 2698 1002 in
2730 946 2871 1003 lihro
2897 947 2966 1003 de
2987 945 3214 1018 Jejuuiis
3242 942 3497 1003 adversus
3523 949 3774 1023 Psychicos

2217 1039 2319 1096 hoc
2348 1056 2440 1096 eos
2472 1043 2688 1096 nomine
2706 1041 2942 1109 vellicat,
2975 1038 3118 1111 quod
3148 1040 3341 1097 divina:
3387 1042 3569 1112 gratia:
3596 1043 3772 1100 charis-

2218 1134 2374 1191 matis
2403 1133 2662 1190 terminos
2688 1134 3071 1202 eontitucreut,
3116 1148 3210 1188 seu
3254 1135 3426 1203 pulos,
3453 1143 3509 1189 ut
3534 1134 3771 1206 loquitur,

2216 1224 2541 1283 terminales?
2576 1224 2726 1293 Quod
2763 1226 2943 1296 utique
2978 1225 3029 1280 in
3064 1228 3207 1297 ipsos
3253 1223 3594 1282 Montanistas
3634 1237 3775 1284 retor-

2215 1322 2364 1394 queri
2391 1321 2537 1375 uullo
2568 1321 2780 1390 negotio
2804 1319 3088 1389 potuisset,
3118 1318 3160 1373 si
3194 1316 3398 1374 eisdem
3430 1320 3607 1389 gratiae
3643 1319 3773 1377 donis

2215 1416 2348 1470 lines
2397 1414 2448 1469 in
2490 1410 2781 1469 Maximilla
2812 1413 3122 1484 posuissent
3150 1431 3163 1468 :
3196 1433 3214 1467 ι
3261 1412 3355 1470 sed
3380 1424 3581 1480 rursus,
3632 1413 3775 1484 inquit

2214 1505 2317 1577 (l),
2373 1508 2522 1577 palos
2573 1504 2879 1561 terminales
2911 1504 3069 1575 ligitis
3099 1504 3230 1572 Deo,
3265 1498 3404 1562 sicut
3428 1505 3493 1563 de
3513 1507 3688 1578 gratia,
3716 1508 3773 1562 ita

2212 1594 2279 1655 de
2310 1599 2612 1671 disciplina;
2644 1598 2782 1655 sicut
2828 1599 2897 1656 de
2927 1598 3363 1667 charismatibus,
3398 1600 3468 1656 ita
3521 1602 3572 1656 et
3600 1598 3659 1656 de
3698 1612 3770 1656 so-

2212 1692 2503 1762 lemnibus,
2535 1701 2591 1748 ut
2621 1692 2848 1763 proinde
2872 1694 3046 1750 olllcia
3075 1694 3425 1759 cessaverint,
3464 1693 3774 1765 quemadmo-

515 1804 633 1844 rum
660 1788 752 1851 sit,
777 1786 879 1842 hoc
904 1786 1074 1840 virum
1105 1783 1323 1857 doctum
1341 1782 1540 1855 jecisse
1567 1784 1834 1857 Opinionis
1857 1800 1969 1841 sua:
1990 1784 2110 1841 fuu-
2137 1792 2188 1853 B
2216 1785 2342 1841 dum
2367 1795 2422 1841 et
2459 1786 2715 1841 beuclicia
2743 1785 2879 1856 ejus.
2920 1804 2938 1839 ι

514 1881 850 1945 dameutum.
877 1878 1072 1935 Annon
1110 1877 1178 1932 ad
1220 1868 1567 1933 Montanistas
1598 1876 1864 1934 defecerat
1897 1878 2109 1935 Tertul-

513 1977 709 2042 lianus,
735 1989 856 2030 cum
880 1973 1071 2029 librum
1101 1972 1315 2043 scripsit
1336 1970 1403 2027 de
1427 1972 1645 2028 Anima?
1661 1974 1852 2028 Annon
1875 1973 1940 2029 ab
1962 1972 2107 2029 obitu

511 2068 838 2135 Maximillae,
872 2068 1084 2138 triginta
1108 2065 1278 2123 ferme
1303 2066 1474 2131 annis,
1506 2066 1552 2120 si
1579 2064 1668 2120 illa
1696 2062 1896 2121 Aurelii
1921 2066 2107 2122 ultimo

517 2160 767 2227 excessit,
796 2160 938 2215 lmuc
962 2159 1157 2215 librum
1184 2157 1518 2215 elucubravit
1542 2158 1564 2211 ?
1586 2156 1654 2212 Et
1686 2166 1864 2214 tamen
1886 2156 2017 2214 alias
2047 2175 2106 2215 sc

517 2255 615 2321 ibi,
643 2264 762 2324 post
788 2254 1026 2309 insanam
1055 2244 1197 2307 illam
1243 2250 1524 2308 mulierem
1543 2294 1557 2320 ,
1590 2246 2103 2323 pseudoprophetis-

510 2362 601 2404 sas
626 2360 918 2417 agnoscere
945 2345 1223 2416 prolitetur
1254 2343 1358 2416 (1).
1400 2363 1419 2397 ι
1456 2345 1554 2400 Est
1582 2343 1740 2400 hodie
1768 2360 1923 2402 soror
1963 2346 2105 2416 apud

508 2457 612 2497 nos
638 2440 1022 2496 revelationum
1053 2440 1379 2495 charismata
1399 2440 1589 2496 sortita
1615 2481 1630 2507 ,
1661 2454 1798 2508 quas
1826 2438 1877 2493 iu
1919 2438 2105 2494 Eccle-

510 2535 591 2591 sia
610 2535 750 2589 inter
775 2532 1042 2588 dominica
1073 2530 1333 2586 solemnia
1350 2545 1448 2601 per
1464 2531 1696 2585 ecstasiu
1720 2530 1771 2585 iu
1803 2530 1990 2601 spiritu
2014 2544 2105 2599 pa-

509 2627 663 2696 titur,
687 2632 1034 2681 couvcrsatur
1055 2638 1178 2678 cum
1207 2623 1414 2693 angelis
1438 2662 1450 2688 ,
1480 2621 1767 2692 aliquando
1789 2622 1949 2677 etiarn
1980 2628 2120 2677 cmu‘

508 2721 758 2785 Domino,
789 2728 845 2774 et
867 2717 1032 2787 videt,
1057 2725 1110 2772 et
1129 2714 1276 2770 audit
1302 2723 1658 2780 sacramenta,
1682 2708 2102 2783 etqudrumdam

513 2812 675 2869 corda
702 2811 955 2878 dinoscit,
985 2818 1041 2866 et
1070 2806 1366 2865 medicinas
1410 2805 1843 2864 desiderantibus
1880 2803 2105 2860 submit-

514 2905 598 2962 tit.
627 2904 744 2960 Jam
784 2918 913 2959 vero
944 2913 1100 2973 prout
1128 2901 1417 2972 Scriptur-e
1448 2900 1694 2970 leguntur
1724 2939 1741 2967 ,
1773 2908 1865 2953 aut
1912 2896 2103 2969 psalmi

517 3006 805 3064 canuntur,
837 3006 929 3051 aut
956 2996 1307 3052 allocutiones
1340 2995 1716 3065 proferuntur,
1771 3002 1864 3050 aut
1893 2995 2104 3065 petitio-

514 3104 612 3145 nes
639 3089 977 3161 delegantur;
1006 3089 1077 3143 ita
1106 3088 1233 3145 inde
1268 3088 1507 3143 materia:
1530 3088 1824 3143 visionibus
1852 3087 2103 3143 submini-

2288 1876 2415 1932 Haec
2443 1893 2651 1933 mecum
2679 1877 2930 1950 cogitanti
2960 1879 3011 1935 in
3043 1888 3277 1938 mentem
3305 1880 3452 1938 venit
3499 1894 3563 1936 an
3601 1880 3775 1936 Monta-

2214 1971 2369 2027 nistis
2425 1972 2478 2026 iu
2508 1971 2688 2027 Africa
2718 1983 2998 2046 perspecta
3026 1976 3206 2030 omnia
3252 1975 3395 2032 forte
3425 1986 3533 2031 non
3579 1983 3774 2040 essent,

2213 2080 2331 2135 qua:
2361 2064 2649 2121 Maximilla
2680 2069 2731 2121 in
2763 2067 2887 2123 Asia
2915 2068 3127 2124 oracula
3183 2068 3419 2126 fuderat.
3462 2066 3563 2126 Sed
3591 2067 3652 2124 ab
3696 2066 3776 2123 hac

2212 2175 2300 2216 me
2352 2160 2677 2232 cogitatione
2726 2163 2997 2217 revocavit
3055 2160 3349 2218 Firmiliani
3389 2160 3456 2218 ad
3486 2160 3776 2235 Cyprianum

2211 2253 2433 2321 cpistola
2466 2254 2567 2327 (9.),
2598 2269 2663 2310 ex
2692 2269 2796 2324 qua
2818 2263 3051 2323 constat,
3086 2255 3246 2310 etiam
3278 2255 3330 2309 in
3356 2255 3507 2322 Asia,
3542 2255 3665 2311 alias
3681 2262 3779 2325 post

2208 2343 2548 2401 Maximillam
2590 2347 2728 2401 inter
2763 2344 3111 2402 Montanistas
3157 2349 3460 2405 surrexisse
3507 2345 3776 2418 pmphetis-

2209 2452 2296 2492 sas
2326 2455 2338 2490 :
2378 2456 2396 2488 ι
2433 2441 2569 2494 Ante
2611 2439 2816 2510 viginti,
2848 2441 3038 2511 inquit,
3071 2452 3124 2497 et
3152 2442 3288 2499 duos
3330 2443 3446 2499 fere
3475 2457 3637 2498 annos
3664 2453 3775 2498 tem-

2209 2528 2426 2599 poribus
2472 2541 2591 2600 post
2620 2530 2983 2588 Alexandrum
3032 2533 3440 2605 imperatorem,
3493 2534 3662 2590 multa:
3682 2533 3777 2589 istic

2208 2621 2635 2679 conﬂictationcs
2674 2632 2727 2679 et
2768 2639 3031 2695 pressurae
3073 2628 3407 2695 acciderunt,
3459 2628 3540 2683 vel
3573 2626 3620 2681 in
3657 2639 3777 2681 com-

2208 2731 2370 2770 mune
2404 2715 2654 2772 omnibus
2691 2715 3012 2787 hominibus,
3060 2718 3139 2775 vel
3186 2720 3435 2791 privatim
3474 2718 3773 2785 Christianis.

2404 2805 2463 2862 In
2506 2806 2607 2864 hac
2648 2816 2827 2865 autem
2875 2813 3281 2882 perturbatione
3328 2813 3633 2868 constitutis
3671 2810 3776 2867 lide-

2208 2900 2516 2970 libus......,
2562 2902 2784 2958 emersit
2821 2903 2941 2960 istic
2967 2906 3143 2961 subito
3172 2904 3420 2977 quaedam
3452 2906 3655 2973 mulier,
3679 2918 3775 2974 qua:

2208 2993 2261 3048 iu
2284 2995 2480 3048 exstasi
2513 2995 2817 3060 constituta,
2844 2994 3140 3068 prepheteu
3169 3012 3227 3053 se
3256 2996 3555 3068 praeferret,
3582 3009 3631 3053 et
3650 2996 3773 3068 quasi

2208 3082 2406 3140 Sancto
2456 3078 2658 3156 Spiritu
2699 3086 2855 3157 plena
2912 3089 2989 3144 sic
3040 3098 3243 3161 ageret.
3272 3090 3350 3146 Ita
3378 3101 3558 3147 autem
3610 3089 3774 3162 princi-

461 3248 467 3253 ,
518 3191 793 3237 strantur:
826 3180 965 3237 forte
986 3182 1169 3237 nescio
1197 3181 1323 3253 quid
1349 3181 1418 3236 de
1443 3180 1620 3236 anima
1650 3181 2103 3249 disserueramus,
2136 3182 2181 3249 ρ
2219 3176 2420 3248 palium
2475 3176 2863 3234 daemoniorum
2892 3176 3092 3250 impetu
3128 3181 3436 3252 ferebatur,
3468 3192 3524 3239 ut
3567 3198 3653 3255 per
3682 3183 3776 3237 lon-

507 3290 628 3331 cum
657 3290 721 3330 ea
751 3289 907 3330 soror
935 3275 987 3343 in
1019 3275 1206 3345 spiritu
1234 3282 1397 3330 esset.
1430 3272 1559 3328 Post
1613 3284 1877 3329 transacta
1909 3275 2105 3330 solem-

506 3371 617 3436 nia,
650 3369 869 3425 dimissa
892 3369 1083 3441 plebe,
1125 3384 1232 3440 quo
1277 3384 1376 3425 usu
1427 3369 1563 3424 solet
1607 3370 1760 3425 nobis
1792 3372 2105 3429 renuntiare

504 3477 626 3531 qua:
674 3462 865 3517 viderit
898 3461 1062 3533 (nam
1127 3472 1181 3517 et
1218 3461 1632 3533 diligentissime
1686 3462 2004 3533 digeruntur
2047 3470 2105 3518 ut

502 3557 665 3611 etiam
696 3555 1041 3625 probentur),
1088 3556 1225 3610 inter
1253 3565 1468 3620 eastern,
1504 3555 1711 3625 inquit.
1766 3565 1980 3612 ostensa
2022 3565 2105 3612 est

505 3650 635 3704 mihi
668 3651 842 3704 anima
871 3650 1224 3719 corporaliter
1252 3658 1356 3706 etc.
1390 3670 1409 3704 ι
1440 3652 1518 3705 Eu
1544 3653 1808 3721 egregiam
1843 3662 1965 3722 post
1994 3651 2103 3707 Ma-

503 3743 762 3796 ximillam
794 3741 1240 3797 Montanistarum
1297 3743 1732 3812 prophetissam!
1783 3728 1918 3811 Quid
1959 3743 2101 3814 quod

504 3834 559 3888 in
590 3834 778 3889 eodem
808 3833 944 3889 libro
966 3832 1046 3906 (Ξ)
1075 3834 1355 3904 Perpetua:
1379 3832 1764 3902 revelationes,
1793 3850 1898 3890 non
1926 3837 2101 3891 minus

501 3940 662 3993 quam
696 3927 957 3994 passionis
986 3937 1194 3991 auctor,
1227 3927 1469 3997 agnoscit
1512 3936 1673 3997 atque
1716 3927 2097 3997 commendat,

504 4016 746 4087 adeoque
774 4017 1092 4087 Perpetuam
1122 4034 1226 4075 non
1254 4020 1432 4074 minus
1452 4060 1468 4087 ,
1508 4034 1669 4088 quam
1702 4022 1957 4081 Actorum
1985 4020 2097 4076 col-

498 4109 689 4175 lector,
707 4110 757 4163 iu
780 4109 1157 4179 prophetarum
1178 4110 1357 4165 album
1378 4110 1712 4166 referendam
1735 4113 2099 4167 existimavit?

510 4218 531 4252 ι
564 4200 827 4271 Perpetua
879 4200 1171 4256 fortissima
1218 4212 1423 4273 martyr
1454 4203 1509 4257 in
1558 4204 1884 4259 revelatiouc
1912 4204 2099 4274 gloriae

508 4295 776 4366 paradisi,
830 4295 976 4351 solos
1018 4296 1127 4352 illic
1172 4307 1560 4370 commartyres
1601 4312 1731 4356 suos
1760 4299 1910 4354 vidit.
1948 4318 1965 4351 ι
2029 4298 2100 4354 Et

510 4396 691 4443 tamen
719 4388 984 4460 Perpetua
1021 4391 1108 4445 vix
1130 4400 1254 4447 nata
1282 4401 1430 4459 erat,
1466 4407 1587 4449 cum
1614 4393 1904 4450 Maximilla
1942 4395 2096 4462 obiit,

508 4484 556 4539 si
584 4484 687 4539 sub
713 4484 924 4555 imperii
956 4484 1117 4540 Marci
1145 4485 1303 4541 linem
1324 4487 1510 4543 vivere
1530 4487 1709 4551 desiit,
1732 4503 1875 4543 anno
1890 4488 2098 4544 scilicet

2213 3283 2338 3340 gum
2371 3276 2580 3339 tempus
2623 3270 2938 3328 sollicitaret
2963 3283 3017 3330 ct
3065 3274 3337 3346 deciperet
3364 3276 3770 3338 fraternitatem,

2208 3376 2271 3416 ac
2302 3361 2562 3416 mirabilia
2589 3363 2831 3434 quaedam
2885 3377 2939 3420 et
2978 3366 3285 3438 portentosa
3314 3369 3618 3439 perlicicns,
3642 3378 3689 3423 et
3714 3365 3772 3421 fa-

2208 3467 2331 3508 cere
2377 3470 2437 3509 se
2484 3463 2677 3510 terram
2726 3460 2928 3513 moveri
2984 3442 3571 3529 polliceretur..........
3599 3458 3773 3529 Quibus

2208 3536 2527 3617 mendaciis,
2560 3562 2613 3605 et
2635 3549 3017 3619 jactationibns
3041 3555 3324 3624 subegerat
3351 3565 3587 3612 mentem
3615 3553 3769 3622 singu-

2210 3637 2406 3706 lorum,
2446 3650 2504 3695 ut
2528 3642 2628 3697 sibi
2659 3630 2940 3700 obedirent
2980 3655 3036 3700 et
3077 3660 3419 3717 quocumque
3462 3647 3769 3717 pra-ciperet,

2207 3745 2269 3785 ac
2299 3732 2540 3801 duceret,
2568 3746 2925 3806 sequerentur
2964 3757 2974 3790 :
3011 3738 3211 3794 faceret
3263 3754 3481 3811 quaque
3522 3738 3770 3795 mulierem

2205 3820 2372 3891 illam,
2395 3826 2559 3881 cruda
2582 3826 2797 3900 hyeme,
2827 3830 2982 3884 undis
3010 3832 3235 3901 pedibus
3266 3846 3359 3901 per
3390 3814 3606 3903 asperas
3646 3833 3771 3885 uites

2204 3914 2304 3980 ire,
2328 3932 2427 3971 nec
2454 3917 2635 3973 vexari
2675 3918 2727 3973 in
2771 3919 2953 3991 aliquo
2988 3928 3079 3976 aut
3124 3921 3242 3977 ltedi
3301 3922 3389 3978 illa
3438 3923 3768 3984 discursione;

2204 4005 2407 4063 diceret
2432 4008 2612 4075 etiam,
2643 4008 3025 4066 seiandtnam
3051 4022 3100 4068 et
3131 4004 3556 4086 Hierosolymam
3583 4014 3769 4069 testina-

2209 4115 2293 4168 rc,
2330 4094 2538 4172 [ingens
2558 4110 2809 4173 tanquam
2833 4103 2956 4160 inde
2984 4108 3239 4175 venisset,
3294 4120 3400 4164 etc.
3437 4124 3456 4162 ι
3502 4104 3621 4164 Ilmc
3672 4102 3771 4160 ideo

2202 4195 2309 4251 lato
2355 4198 2563 4252 calamo
2605 4200 2887 4271 exscripsi,
2930 4212 2985 4255 ut
3020 4202 3261 4273 quisquis
3301 4202 3579 4269 intelligat,
3636 4213 3770 4269 quam

2202 4292 2445 4362 egregias
2470 4290 2828 4361 Montanistac,
2869 4294 3028 4351 etiam
3053 4296 3109 4351 in
3140 4295 3285 4359 Asia,
3310 4304 3430 4366 post
3455 4292 3768 4350 Maximillam

2207 4382 2492 4442 habuerint
2520 4384 2910 4460 prephetissas.
2932 4391 3073 4447 Sane
3101 4392 3146 4446 si
3165 4402 3404 4464 tempora
3425 4392 3765 4451 convenirent,

2212 4477 2351 4535 hanc
2385 4483 2607 4538 omnino
2638 4485 2807 4554 ipsam
2841 4501 2960 4542 esse
2985 4484 3235 4542 crederes
3264 4486 3626 4553 Maximillam,
3655 4483 3768 4538 adeo

504 4594 697 4635 eLxxtx
742 4597 755 4634 :
782 4593 925 4635 anno
954 4582 1097 4635 enim
1142 4595 1267 4636 ccnt
1315 4596 1423 4653 quo
1462 4592 1665 4654 martyr
1690 4584 1973 4651 occubuit,
2006 4601 2099 4640 αη-
2122 4566 2177 4633 1)
2203 4574 2257 4633 in
2290 4575 2431 4631 illam
2463 4579 2641 4634 omnia
2672 4581 2975 4647 concinaut,
3005 4598 3124 4654 qua:
3141 4582 3206 4637 de
3232 4582 3518 4639 Maximilla
3549 4600 3612 4638 ex
3631 4580 3771 4637 Aste-

502 4685 687 4724 norum
720 4679 858 4736 erat,
892 4680 951 4725 ut
986 4671 1038 4724 in
1065 4672 1215 4727 Actis
1248 4673 1497 4742 habetur,
1530 4675 1730 4729 circiter
1758 4677 1933 4747 viginti
1967 4678 2099 4732 duo-

507 4776 643 4814 rum.
673 4761 809 4829 Quid
844 4762 1006 4818 etiam
1038 4764 1179 4833 quod
1226 4763 1278 4817 in
1319 4764 1508 4820 eodem
1560 4767 1759 4834 pariter
1800 4768 1936 4823 libro
1991 4779 2098 4824 tam

504 4855 667 4925 longe
697 4855 867 4922 abeSI,
898 4863 959 4910 ut
983 4855 1187 4922 credat,
1212 4866 1333 4926 post
1360 4856 1667 4912 Montanum
1701 4900 1714 4924 ,
1747 4871 1801 4915 et
1833 4860 2098 4917 Maximil—

503 4947 611 5002 lam
665 4946 960 5017 proplietize
992 4947 1238 5017 Spiritum
1269 4948 1321 5001 in
1368 4948 1607 5004 Ecclesia
1634 4950 1893 5008 deiecisse
1926 4970 1939 5018 ;
1971 4955 2098 5030 quin

505 5035 687 5105 potius
715 5050 810 5090 eos
848 5035 950 5090 sibi
995 5036 1135 5090 viam
1164 5035 1232 5091 ad
1262 5051 1398 5091 nova
1427 5036 1749 5094 charismata
1796 5044 2097 5113 suscipien-

497 5126 565 5183 da
595 5128 871 5198 aperuisse
896 5129 1184 5197 signiﬁcet,
1225 5130 1314 5200 qui
1359 5130 1547 5187 eadem
1580 5132 1631 5186 in
1662 5135 2096 5208 pseudoprophe-

498 5219 569 5274 tis
596 5218 704 5274 illis
734 5220 1045 5290 neutiquam
1078 5219 1292 5277 fueraut
1320 5226 1592 5292 aspernati
1626 5244 1637 5276 :
1664 5235 1718 5280 et
1748 5228 1884 5282 hanc
1903 5246 2092 5301 perpe-

497 5318 643 5365 tuam
685 5319 847 5382 atque
904 5311 1301 5370 iudelicientem
1360 5314 1666 5372 divinorum
1708 5318 2089 5379 charismatqu

491 5400 927 5471 redundantiam,
960 5417 1083 5458 cum
1110 5407 1350 5475 Apostoli
1377 5406 1429 5462 iu
1459 5409 1647 5463 eodem
1677 5410 1812 5478 loco,
1833 5422 1945 5467 tum
1991 5414 2090 5471 ali-

496 5491 548 5548 bi
571 5491 649 5565 (5)
670 5492 835 5552 Joelis
882 5495 1238 5565 testimoniis,
1279 5497 1419 5554 haud
1451 5513 1606 5555 secus
1640 5516 1798 5571 quam
1826 5504 2085 5563 Actorum

564 5605 644 5678 (D
669 5605 800 5678 (ἔθυε
829 5605 884 5678 9-,

488 5672 515 5745 ζ
564 5672 641 5820 ξε)
669 5672 796 5758 Cap.
826 5677 917 5757 59.

590 5747 643 5817 5)
675 5746 791 5807 Ltb.
818 5749 917 5814 det

590 5747 643 5817 5)
675 5746 791 5807 Lib.
818 5749 882 5810 de
905 5751 1195 5816 Βρεμι-νεα.
1222 5755 1423 5820 Carnis.
1443 5761 1564 5822 sub.
1595 5761 1687 5821 lin.

2201 4667 2283 4722 rio
2316 4660 2606 4727 Urbauo'et
2626 4673 2744 4728 aliis
2772 4674 3117 4745 scriptoribus
3150 4675 3413 4732 Eusebius
3439 4678 3614 4733 refert.
3655 4673 3767 4729 Nam

2203 4769 2397 4829 pra-ter
2421 4762 2528 4831 jam
2561 4762 2721 4828 dicta,
2773 4776 2828 4823 et
2856 4767 3131 4839 utriusque
3155 4768 3401 4840 spiritum
3431 4785 3706 4840 coarguere
3724 4774 3768 4821 et

2204 4852 2482 4908 confutare
2508 4853 2770 4911 Catholici
2795 4858 3035 4929 aggressi
3053 4870 3195 4926 sunt;
3223 4872 3277 4915 et
3296 4864 3433 4917 sicut
3462 4858 3728 4917 Maximilla
3752 4898 3764 4921 ,

2208 4951 2265 4998 ut
2290 4945 2363 4999 ait
2395 4946 2752 5004 Tertulliauus
2792 4949 2871 5022 (3)
2895 4970 2913 5002 ι
2949 4967 3052 5005 non
3078 4952 3239 5007 alium
3272 4953 3439 5009 Deum
3471 4951 3768 5025 praedicabat

2204 5049 2306 5092 nec
2322 5033 2555 5107 aliquam
2582 5058 2600 5091 ›
2635 5039 2876 5110 ejusdem
2900 5041 3444 5115 Tertulliauijudicio,
3479 5064 3497 5098 ι
3548 5043 3659 5100 fidei
3687 5048 3766 5097 aut

2198 5128 2312 5197 spei
2338 5128 2573 5198 regulam
2602 5130 2876 5187 evertebat
2910 5152 2927 5184 ›
2966 5151 2979 5185 ;
3012 5132 3088 5187 Ita
3118 5135 3239 5202 ista,
3262 5156 3281 5188 ι
3311 5138 3525 5203 multos,
3562 5156 3584 5189 ι
3619 5145 3670 5189 ιιι
3696 5141 3765 5187 est

2196 5217 2337 5287 apud
2382 5219 2751 5276 Firmilianum
2780 5264 2793 5287 ,
2828 5220 3134 5293 baptizavit,
3170 5244 3189 5277 ι
3230 5227 3418 5283 usitata
3472 5238 3524 5283 et
3554 5225 3761 5298 legitima

2197 5307 2358 5364 verba
2396 5312 2827 5382 interrogationis
2867 5331 3148 5385 usurpans,
3180 5329 3237 5372 ut
3267 5317 3341 5373 uil
3368 5320 3665 5388 discrepare
3703 5312 3759 5368 ab

2195 5399 2555 5459 ecclesiastica
2578 5404 2762 5475 regula
2791 5405 3080 5464 videretur.
3116 5429 3133 5462 ι
3170 5408 3239 5466 Et
3264 5411 3420 5483 paulo
3445 5420 3569 5469 ante
3592 5408 3656 5467 dc
3680 5422 3759 5464 ea-

2263 5625 2348 5698 (ᾖ)
2376 5608 2507 5698 Cap.
2536 5624 2841 5698 undecimo.

2263 5696 2347 5771 (ἓ)
2374 5696 2519 5771 inter
2546 5697 2850 5771 Cypriauic.
2884 5717 3040 5760 xxxv.

2230 5842 2235 5846 ν
2270 5766 2347 5841 (ὃ)
2376 5764 2494 5828 Lib.
2525 5764 2832 5841 de'leiuniis
2883 5787 3002 5846 cap.
3051 5770 3099 5834 1.
