3982 6310
310 262 371 325 ss
1195 258 1330 316 eno
1370 260 1466 317 ss.
1501 241 1889 327 racemus,
1932 248 2335 317 FELICITATE
2377 258 2463 317 ET
2485 258 2715 318 secus.
3496 255 3568 315 se

307 383 409 441 dem
437 374 613 436 femina
653 378 862 435 dixerat
888 420 900 443 ,
940 393 957 429 ι
1004 378 1161 432 etiam
1213 377 1313 433 hoc
1336 378 1644 449 frequenter
1675 388 1859 433 ausam
1890 374 1944 436 Α
1969 380 2139 435 versis
2165 394 2381 436 onmem
2415 379 2543 434 illud
2572 374 3095 434 verisimilitudiuem
3126 374 3290 433 ducit.
3323 377 3561 434 Primum

304 491 422 542 esse,
450 483 499 528 ut
521 478 573 526 et
609 470 942 527 invocatione
970 486 1075 526 non
1109 471 1491 543 contemptibili
1532 454 1843 529 sanctifica-

302 582 352 623 re
375 581 426 621 se
456 579 649 634 panem,
682 569 738 618 et
768 560 1153 617 Eucharistiam
1185 561 1361 618 facere
1389 563 1667 620 simularet
1695 574 1747 619 et
1769 578 1857 620 sa-

300 656 525 713 criﬁcium
559 648 779 711 Domino
799 660 903 709 n‘on
932 653 1048 710 sine
1076 658 1418 710 sacramento
1448 655 1619 710 soliue
1657 654 1854 726 praedi.

296 750 492 807 rationis
528 746 762 807 ollerret.
801 768 819 801 ι
851 747 980 817 Quae
1025 746 1202 803 omnia
1226 747 1591 803 montanistici
1625 747 1846 818 Spiritus

296 843 600 900 characteres
628 849 773 907 sunt,
790 846 843 898 et
866 842 977 897 suis
1001 841 1349 912 prophetissis
1367 857 1397 896 a
1421 840 1668 897 Montano
1694 840 1857 897 fuisse

293 935 543 1006 permissa,
583 934 650 988 ab
685 932 919 1005 antiquis
950 932 1307 1002 scriptoribus
1340 935 1613 989 memorim
1666 932 1853 1004 prodi-

294 1036 385 1083 tum
413 1033 507 1082 est.
535 1017 760 1081 Constat
802 1024 960 1095 igitur
989 1033 1271 1096 propterea
1321 1040 1425 1079 non
1455 1038 1574 1080 esse
1622 1024 1853 1096 aliquem

292 1135 317 1176 e
338 1116 759 1174 Ilontanistarum
810 1116 1051 1188 catalogo
1072 1114 1508 1188 expungendum,
1533 1117 1674 1187 quod
1695 1116 1853 1171 aliam

291 1218 393 1284 post
435 1204 775 1265 Maximillam
821 1209 1101 1280 agnoverit
1139 1207 1532 1280 prophetissam
1566 1226 1579 1274 ;
1608 1210 1855 1280 quamvis

289 1301 406 1359 enim
436 1301 612 1357 insana
657 1300 773 1355 haec
817 1306 961 1355 vates
994 1296 1046 1355 id
1077 1298 1146 1356 de
1194 1312 1255 1357 se
1283 1300 1654 1371 prasdicavcrit
1690 1320 1701 1354 :
1730 1300 1854 1357 Μετ’

287 1400 593 1467 ἓμὲπρθφῆτις
622 1397 778 1450 οὺκετι
832 1401 1003 1452 ἔσται,
1038 1400 1141 1447 etc.
1172 1434 1187 1459 ,
1231 1396 1466 1447 attamen
1513 1390 1625 1447 ﬁeri
1683 1393 1854 1462 potuit

290 1486 352 1560 (et
368 1486 412 1541 id
442 1485 868 1557 frequentissime
889 1484 1128 1540 Sectariis
1155 1481 1369 1554 accidit)
1408 1493 1464 1540 ut
1503 1485 1567 1540 ad
1598 1485 1714 1540 haec
1742 1494 1850 1539 tam

288 1579 533 1637 manifesta
593 1575 872 1635 mendacia
939 1578 1177 1634 animum
1225 1579 1492 1635 noluerint
1534 1580 1849 1649 advertere,

286 1681 359 1729 aut
378 1672 522 1728 aliam
546 1670 838 1743 prcplteten
862 1670 1245 1737 intellexerint,
1276 1684 1396 1743 quas
1420 1687 1614 1727 novam
1644 1682 1694 1729 el
1725 1688 1848 1744 per-

1961 474 2089 530 illud
2118 476 2185 530 sit
2208 472 2516 531 Catholicos
2543 486 2648 528 non
2680 470 2843 528 fuisse
2868 487 2897 527 a
2924 472 3258 529 Montanistis
3282 513 3296 538 ,
3326 473 3416 543 qui
3446 488 3552 528 non

1960 569 2180 624 omnino
2204 568 2529 637 desiperent,
2558 576 2617 623 ut
2642 581 2693 623 e.
2720 583 2770 637 g.
2808 580 2837 621 a
2882 566 3228 631 Tertulliauo,
3258 582 3356 637 pro
3385 567 3557 622 luere-

1963 660 2081 717 ticis
2111 661 2465 717 existimatos.
2492 660 2550 716 Id
2592 661 2765 730 primo
2805 669 3016 715 constat
3045 675 3111 714 ex
3141 659 3298 729 hujus
3323 660 3457 715 libro
3483 659 3551 715 de

1959 750 2318 825 Monogamia,
2345 754 2435 810 ubi
2474 755 2654 809 statim
2698 753 2847 808 initio
2874 752 3164 825 PaYCiliCOS
3192 755 3258 809 ab
3284 753 3554 809 haereticis

1958 845 2269 916 distinguit:
2304 866 2322 897 ι
2359 845 2607 901 Hmretici
2652 846 2862 915 nuptias
2886 846 3152 911 auternut,
3184 845 3426 916 Psyehici
3463 845 3548 901 inv

1958 947 2166 1011 gerunt.
2204 958 2222 991 ι
2250 936 2306 996 Si
2344 952 2552 1010 quaeras
2586 939 2854 1010 quomodo
2900 938 2950 994 id
2977 953 3096 995 esse
3123 941 3388 1008 potuerit,
3417 939 3555 994 ratio

1958 1031 2010 1086 in
2042 1041 2286 1103 promptu
2316 1042 2419 1097 est,
2448 1044 2608 1102 quam
2639 1032 2800 1102 paulo
2827 1031 3044 1086 inferius
3075 1031 3214 1087 idem
3259 1031 3552 1101 subiungit,

1956 1124 2098 1196 quod
2143 1133 2247 1180 tota
2296 1124 2736 1180 Montanistarum
2775 1138 2803 1177 a
2847 1124 3139 1178 Catholieis
3203 1122 3499 1177 differentia
3527 1162 3542 1186 ,

1956 1216 2123 1288 ipsius
2159 1217 2363 1288 judicio
2389 1261 2403 1286 ,
2434 1232 2539 1272 non
2576 1216 2696 1272 lldei
2719 1257 2733 1283 ,
2766 1216 2861 1272 sed
2900 1216 3196 1287 disciplima
3237 1233 3324 1271 res
3366 1225 3547 1279 esset;

1958 1308 2055 1365 hac
2083 1311 2224 1365 enim
2255 1310 2465 1365 ratione
2496 1309 2830 1365 Paracletum
2858 1323 3012 1363 suum
3039 1309 3107 1364 ab
3136 1309 3406 1364 lim-reseas
3438 1325 3553 1364 sus.

1956 1404 2169 1477 picione
2199 1404 2423 1459 liberare
2450 1413 2692 1460 conatur.
2734 1422 2753 1455 ‹
2787 1403 3138 1458 Adversarius
3160 1404 3300 1459 enim
3329 1402 3548 1472 spiritus

1956 1514 2019 1554 ex
2052 1497 2360 1553 diversitate
2408 1496 2803 1567 praedicationis
2831 1506 3141 1565 appareret,
3175 1496 3346 1565 primo
3393 1511 3552 1566 regu-

1956 1590 2059 1645 lam
2090 1588 2397 1646 adulterans
2427 1588 2547 1643 ﬁdei
2592 1599 2644 1643 et
2685 1590 2755 1643 ita
2785 1589 3030 1643 ordinem
3057 1588 3361 1643 adulti-rans
3390 1588 3553 1643 disci.

1957 1682 2117 1755 plina:
2144 1702 2156 1738 :
2180 1683 2301 1753 quia
2345 1682 2497 1750 cujus
2528 1680 2727 1751 gradus
2757 1679 2904 1752 prior
2931 1689 3014 1734 est
3040 1722 3054 1743 ,
3086 1681 3202 1750 ejus
3247 1681 3551 1749 corruptela

290 1766 532 1821 [mliorem
581 1764 878 1820 dOClrillam
932 1778 993 1819 ac
1031 1760 1363 1834 diSCiPiiﬂam
1394 1764 1706 1833 illvehel'el;
1741 1780 1849 1838 quo
1879 1771 1926 1831 B
1954 1775 2255 1842 antecedit,
2290 1772 2339 1828 id
2368 1782 2448 1829 est
2491 1772 2613 1827 lidei
2648 1788 2767 1842 qua:
2794 1774 2940 1843 prior
2970 1783 3049 1827 est
3077 1771 3377 1842 disciplina.
3410 1774 3546 1827 Auto

289 1872 424 1914 sensu
454 1868 617 1913 novos
647 1852 755 1928 ipsi
809 1871 867 1912 se
892 1854 1335 1913 Montanistarum
1370 1856 1690 1929 patriarchae
1720 1872 1849 1930 pro-

290 1948 451 2021 phetas
488 1952 900 2018 nuncdparunt,
947 1960 1103 2019 quam
1157 1964 1351 2005 novam
1391 1938 1594 2019 judicio
1627 1966 1726 2007 suo
1756 1948 1841 2006 in-

282 2038 507 2097 choarunt
527 2046 647 2113 post
671 2042 957 2113 Apostolos
985 2040 1336 2115 prophetiam.
1375 2040 1443 2100 Ut
1484 2053 1555 2099 ut.
1584 2045 1672 2112 sit,
1707 2054 1851 2115 patet

277 2133 384 2205 jam,
414 2134 555 2206 puto,
583 2130 922 2193 Dodweiium
951 2132 1163 2193 intirmo
1193 2137 1415 2192 nimium
1457 2137 1552 2192 niti
1587 2136 1803 2193 tibicine
1829 2179 1843 2205 ,

280 2242 377 2283 cum
411 2230 657 2286 Aetatem
707 2224 1045 2287 collectorem
1088 2226 1526 2287 Montanistarum
1552 2228 1673 2286 ideo
1706 2236 1849 2286 cata-

280 2317 377 2391 logo
408 2321 609 2388 eximit,
642 2318 781 2393 quod
808 2317 1146 2393 Perpetuam,
1182 2332 1300 2393 post
1328 2320 1692 2390 Maximillam,
1720 2337 1842 2393 pro-

285 2412 452 2485 pheten
495 2408 899 2482 existimaverit,
932 2428 1051 2470 cum
1084 2426 1200 2470 eam
1231 2410 1590 2471 Tertullianus
1633 2429 1845 2486 quoque

289 2504 527 2576 professus
574 2505 897 2564 montanista
936 2502 1126 2563 eodem
1165 2504 1283 2564 loco
1354 2522 1418 2563 ac
1470 2518 1694 2564 numero
1743 2505 1835 2563 ha;

276 2597 438 2658 buerit.
1333 2613 1344 2625 ’

336 2686 411 2753 γι.
452 2692 584 2751 ilinc
618 2703 821 2760 autem,
853 2696 911 2751 ut
935 2690 1185 2767 superius
1221 2688 1326 2751 dixi
1352 2738 1366 2762 ,
1398 2694 1691 2765 Basnagius
1727 2695 1842 2766 pri-

278 2801 397 2840 mum
437 2800 588 2844 suum
630 2786 888 2844 adversus
927 2795 1143 2843 sanctos
1186 2792 1447 2859 martyres
1486 2782 1633 2843 ducit
1677 2801 1837 2858 argu-

270 2886 499 2939 mentum.
538 2897 557 2930 ι
595 2872 674 2933 Ex
717 2879 995 2945 Actorum,
1026 2875 1232 2949 inquit,
1266 2877 1555 2933 collectore
1586 2891 1719 2931 vero
1764 2876 1830 2932 si-

271 2968 464 3025 millima
489 2970 645 3027 nobis
691 2970 998 3039 cOnjcctura
1020 2968 1278 3035 nascitur,
1301 2970 1616 3039 Perpetuam
1640 2982 1839 3039 eosque

268 3068 502 3132 martyres
531 3060 621 3133 qui
642 3074 703 3117 se
730 3063 918 3116 mortis
951 3060 1127 3116 socios
1172 3059 1272 3131 ipsi
1314 3057 1567 3115 addidere
1588 3058 1654 3115 de
1678 3074 1839 3131 grege

1957 1866 2076 1937 quis
2104 1866 2169 1920 de
2200 1864 2307 1921 lteo
2339 1864 2625 1921 hrrreticus
2652 1866 2741 1932 sit,
2776 1877 2994 1919 necesse
3019 1872 3103 1918 est
3140 1872 3193 1917 et
3237 1874 3362 1918 tunc
3386 1863 3453 1919 de
3480 1864 3553 1917 in-

1955 1958 2163 2013 stituto.
2189 1956 2494 2012 Paracletus
2522 1965 2699 2011 autem
2731 1956 2895 2029 multa
2925 1954 3128 2010 habens
3153 1954 3403 2015 edocere.
3427 1970 3547 2024 qum

1954 2050 2006 2104 in
2034 2049 2179 2103 illum
2206 2047 2409 2103 distulit
2437 2047 2724 2111 Dominus,
2773 2046 3067 2101 secundum
3098 2044 3507 2115 praetinitionem
3532 2084 3548 2111 ,

1954 2139 2126 2211 ipsum
2159 2141 2332 2211 primo
2377 2138 2649 2195 Christum
2688 2138 3097 2204 contestabitur,
3126 2139 3339 2209 qualem
3377 2137 3552 2192 credi:

1951 2248 2069 2289 mus
2096 2242 2209 2288 toto
2236 2247 2355 2286 cum
2384 2232 2574 2287 ordine
2606 2231 2697 2285 Dei
2727 2231 3009 2294 creatoris,
3052 2238 3107 2284 et
3132 2230 3303 2298 ipsum
3344 2220 3547 2299 glor'rii-

1950 2325 2111 2390 cahit,
2140 2331 2195 2379 et
2219 2322 2286 2379 de
2313 2323 2428 2394 ipso
2457 2320 2901 2377 commemorablt
2930 2336 2943 2373 :
2968 2329 3022 2373 et
3064 2321 3143 2375 sic
3167 2320 3238 2376 de
3266 2321 3546 2390 principali

1948 2415 2133 2487 regula
2161 2415 2373 2485 agnitus
2396 2450 2411 2481 ,
2445 2413 2532 2469 ilia
2560 2414 2723 2468 multa
2748 2455 2761 2479 ,
2795 2426 2915 2482 qua:
2942 2422 3068 2471 sunt
3103 2412 3506 2482 disciplinarum
3529 2452 3545 2477 ,

1948 2507 2242 2575 revelabit,
2293 2507 2455 2563 fidem
2496 2506 2710 2563 dicente
2751 2519 2849 2577 pro
2895 2507 2972 2561 eis
3003 2496 3307 2576 integritate
3351 2505 3550 2576 prmdi-

1948 2601 2195 2668 cationis,
2233 2602 2354 2656 licet
2378 2596 2532 2656 novis
2553 2643 2566 2668 ,
2594 2601 2721 2671 quia
2747 2613 2889 2655 nunc
2923 2599 3252 2655 revelantur.
3290 2618 3309 2652 ι
3345 2598 3545 2654 Eadem

1944 2695 2154 2750 ratione
2178 2701 2232 2748 et
2253 2693 2308 2747 in
2337 2691 2429 2749 lib.
2456 2693 2526 2748 de
2555 2692 2784 2762 Jejuniis
2809 2691 2891 2764 (i)
2912 2692 3178 2762 obiectam
3205 2707 3234 2746 a
3259 2691 3552 2748 Catholicis

1947 2787 2198 2843 Montano
2215 2785 2485 2840 haereseos
2513 2794 2692 2839 notam
2719 2783 2997 2856 depellere
3024 2792 3249 2839 conatus
3275 2796 3377 2850 est,
3400 2800 3549 2841 eam-

1944 2880 2177 2950 demque
2215 2876 2541 2948 dijudicandl
2579 2876 2812 2931 haereses
2858 2877 3092 2947 regulam
3128 2876 3365 2931 tradidit.
3410 2877 3544 2931 Cum

1945 2973 2087 3028 enim
2117 2973 2342 3027 invecta:
2368 2985 2464 3040 per
2487 2969 2792 3024 Montanum
2819 2968 3119 3038 disciplina:
3142 2978 3198 3024 et
3222 2970 3539 3024 institutioni

1945 3079 1973 3118 a
2004 3062 2292 3119 Catholicis
2317 3068 2700 3130 opponeretur,
2729 3060 2869 3130 quod
2910 3077 2929 3111 r
2962 3067 3053 3114 aut
3077 3058 3541 3130 pseudo-prophe-

265 3147 673 3210 Montanistarum
701 3150 883 3210 fuisse.
915 3152 1082 3210 Nemo
1109 3166 1237 3209 sane
1288 3152 1500 3208 familiae
1542 3152 1697 3224 hujus
1741 3168 1839 3209 ea-
1864 3152 1909 3220 C
1942 3154 2016 3209 tia
2038 3161 2202 3218 esset,
2226 3152 2271 3206 si
2298 3150 2553 3220 Spiritalis
2575 3166 2676 3205 vox
2708 3151 2967 3205 solemnia
2995 3150 3085 3204 illa
3111 3151 3421 3217 constituit,
3449 3160 3541 3206 aut

266 3244 554 3301 tholicorum
597 3240 729 3302 Acta
787 3232 1075 3319 martyrum
1130 3242 1234 3301 iuci
1274 3244 1537 3314 dedisset,
1579 3261 1712 3316 quos
1756 3254 1836 3301 ut-

263 3346 374 3406 pote
400 3330 682 3409 Psyehicos
709 3337 1036 3410 contemptui
1068 3336 1357 3394 habebant.
1388 3336 1613 3392 Constat
1642 3336 1828 3404 etiam,

262 3426 594 3500 Perpetuam,
648 3430 1021 3499 Felicitatem,
1070 3426 1363 3499 Saturum,
1414 3430 1657 3485 eamdem
1713 3444 1832 3484 cum

262 3516 495 3578 Actorum
522 3511 741 3579 auetore
769 3519 928 3578 tidem
970 3521 1206 3593 proﬁteri
1230 3563 1245 3589 ,
1281 3529 1337 3576 ut
1364 3536 1433 3576 ex
1463 3520 1644 3577 verbis
1671 3520 1838 3591 ipsius

263 3611 570 3685 exploratum
599 3620 720 3671 est:
752 3632 771 3666 ε
808 3611 878 3670 Et
918 3628 1015 3670 nos
1044 3615 1222 3685 itaque
1265 3614 1405 3684 quod
1445 3612 1744 3668 audivimus
1782 3619 1839 3669 et

264 3711 689 3766 contrectavimus
714 3754 728 3780 ,
757 3711 1134 3765 annuntiamus
1156 3716 1211 3764 et
1252 3707 1422 3775 vobis,
1456 3704 1650 3762 fratres
1691 3714 1745 3761 ct
1777 3705 1838 3760 ii-

262 3800 377 3871 lioii,
409 3807 462 3858 ut
490 3815 541 3859 et
582 3810 677 3859 vos
716 3805 804 3876 qui
833 3802 1168 3870 interfuistis,
1194 3802 1627 3858 remcmoremini
1650 3799 1835 3872 glorias

271 3886 497 3950 Domini:
522 3902 577 3951 et
606 3892 695 3965 qui
722 3906 861 3950 nunc
892 3890 1212 3964 cognoscitis
1253 3902 1348 3962 per
1377 3890 1648 3958 auditum,
1680 3904 1831 3945 com-

262 3988 543 4043 munionem
569 3983 811 4042 habeatis
837 4000 958 4041 cum
1006 3985 1207 4040 sanctis
1235 3985 1580 4056 martyribus.
1620 4001 1637 4036 ι
1672 3985 1832 4053 Atqui

262 4078 496 4137 Collector
516 4079 771 4136 Actorum
801 4094 900 4134 suo
924 4088 983 4135 Se
1008 4076 1203 4133 iudicio
1226 4078 1604 4131 momanistam
1632 4077 1827 4147 prodit.

265 4171 447 4231 Deinde
472 4168 834 4231 'i‘ertulliantis
863 4166 1154 4228 Catholicis
1185 4170 1596 4234 infensissimus,
1627 4168 1835 4225 Monta-

264 4265 400 4338 niquc
422 4266 673 4322 defensor
687 4266 999 4329 acerrimus,
1025 4262 1229 4334 magnis
1251 4260 1567 4332 Perpetuam
1591 4261 1834 4319 laudibus

263 4355 425 4424 aiticit,
456 4356 676 4429 ejusque
696 4354 993 4411 visionibus
1021 4354 1184 4410 utitur
1205 4350 1271 4408 ad
1305 4351 1656 4422 probandum,
1689 4352 1833 4408 solos

263 4456 364 4505 ante
390 4446 528 4506 diem
573 4448 762 4520 judicii
807 4447 1063 4503 solemnis
1109 4454 1373 4517 martyres
1414 4444 1466 4499 in
1508 4444 1704 4500 crelum
1747 4459 1834 4500 re-

1942 3246 2182 3311 hteresis,
2197 3246 2239 3299 si
2258 3243 2483 3299 humana
2504 3243 2848 3314 praesumptio
2867 3242 3140 3298 adinvenit
3155 3280 3171 3309 ,
3195 3263 3213 3296 ι
3236 3243 3307 3298 ita
3322 3258 3515 3313 respon
3532 3273 3548 3286 -

1941 3339 2018 3395 dit
2044 3355 2057 3393 :
2103 3354 2121 3389 r
2142 3334 2440 3391 lnduhltate
2470 3344 2524 3390 et
2551 3336 2771 3391 tta-resis
2796 3344 2848 3390 et
2876 3335 3542 3406 pseudoopmphetiadiri-

1944 3431 2131 3487 nitatis
2158 3430 2467 3486 diversitate
2503 3428 2883 3499 judicebuntur
2910 3428 3054 3498 apud
3101 3444 3234 3497 nos,
3267 3430 3409 3485 unici
3443 3430 3535 3485 Dei

1940 3521 2198 3580 creatoris
2248 3529 2304 3577 et
2357 3520 2556 3576 Christi
2596 3520 2714 3592 ejus
2752 3520 3041 3576 antistites.
3083 3541 3103 3574 ι
3136 3522 3346 3579 Similia
3378 3521 3542 3577 habet

1940 3622 2079 3677 iibro
2104 3620 2170 3675 de
2188 3618 2495 3691 Virginibus
2525 3618 2787 3686 velandis,
2821 3619 3021 3688 pariter
3046 3619 3146 3675 sub
3171 3620 3379 3676 initium
3401 3661 3415 3686 ,
3445 3619 3539 3676 ubi

1940 3712 2265 3767 luculentius
2313 3713 2533 3782 exponit
2565 3711 2854 3782 pratmissis
2884 3711 3016 3767 locis
3054 3721 3404 3767 memoratam
3450 3727 3539 3767 rc-

1940 3802 2120 3874 gulam
2153 3801 2275 3858 ﬁdei
2298 3842 2313 3869 ,
2348 3817 2507 3874 quam
2534 3804 2626 3874 qui
2656 3803 2956 3869 adulterat,
2988 3802 3272 3859 haereticus
3298 3813 3384 3858 est
3408 3821 3422 3858 :
3445 3803 3538 3871 qui

1939 3904 2138 3961 servat,
2164 3897 2407 3967 quamvis
2429 3896 2675 3951 ordinem
2697 3897 2967 3951 adulteret
2994 3905 3087 3951 aut
3130 3897 3347 3951 innovet
3374 3895 3536 3951 disci-

1938 3986 2121 4057 plinae,
2150 3986 2433 4042 haereticus
2454 3987 2622 4057 ipsius
2636 3987 2839 4057 judicio
2851 3986 3058 4042 censeri
3080 4000 3187 4041 non
3208 3985 3399 4042 debet:
3415 4000 3535 4041 esse

1937 4088 2120 4135 autem
2150 4079 2489 4150 huiusmodi,
2521 4095 2639 4151 qua:
2680 4079 2963 4135 Montanus
2990 4078 3364 4150 Apostolorum
3397 4093 3535 4149 prae-

1936 4171 2190 4229 dicationi
2235 4180 2394 4243 atque
2430 4173 2687 4227 institutis
2716 4172 2941 4242 adjecit;
2974 4171 3215 4227 ordinata
3243 4186 3303 4227 ea
3333 4171 3537 4227 scilicet

1937 4278 2059 4320 esse
2079 4264 2144 4319 ad
2172 4264 2571 4334 perﬁciendam,
2595 4274 2847 4320 manente
2877 4273 3056 4320 tamen
3081 4260 3269 4320 eadem
3299 4262 3418 4318 lidei
3448 4277 3538 4317 rc-

1937 4357 2059 4429 gula
2081 4399 2095 4424 ,
2126 4356 2466 4428 disciplinam
2494 4377 2507 4412 :
2535 4373 2640 4412 non
2685 4370 2809 4413 esse
2842 4366 3129 4428 propterea
3169 4356 3420 4412 Montano
3463 4355 3534 4412 de

1940 4459 2212 4507 vetustate
2242 4450 2732 4521 praiscribendum;
2775 4460 2863 4505 aut
2910 4449 3258 4504 Montanistas
3282 4449 3353 4503 ob
3388 4462 3528 4503 nova

263 4540 385 4612 cipi:
418 4563 434 4596 ‹
465 4540 777 4611 Quomodo,
811 4542 1016 4611 inquit,
1048 4540 1311 4611 Perpetua
1355 4537 1643 4594 fortissima
1689 4546 1911 4607 mar-1)
1940 4540 2057 4596 hmc
2103 4542 2338 4595 instituta
2388 4542 2529 4597 inter
2568 4541 2850 4596 haereticos
2891 4539 3289 4602 numerandos;
3341 4546 3432 4592 aut
3474 4545 3536 4592 ut

266 4640 355 4702 lyr,
384 4644 486 4692 ete.
524 4655 544 4688 ι
579 4628 656 4691 Eo
681 4634 897 4706 gravius
926 4631 977 4687 id
1020 4630 1350 4703 argumenti,
1380 4631 1520 4701 quod
1546 4629 1835 4687 Tertullia-

265 4737 346 4778 nus
385 4736 437 4783 et
479 4727 761 4797 Perpetem
804 4734 1107 4781 comlaneus
1151 4732 1203 4779 et
1253 4722 1425 4778 incola
1466 4723 1832 4794 Carthaginis,

268 4819 337 4873 uhi
365 4820 621 4895 Perpetua
645 4821 807 4877 vitam
836 4832 956 4875 cum
991 4830 1166 4874 morte
1188 4819 1556 4885 commutavit,
1590 4818 1835 4885 ignorare

268 4926 352 4968 non
381 4917 604 4987 potuerit
631 4916 909 4984 cujusnam
945 4922 1103 4969 sectae
1151 4916 1324 4977 esset,
1354 4911 1467 4967 sive
1498 4912 1691 4966 mulier
1713 4911 1799 4966 illa
1819 4952 1834 4980 ,

267 5006 359 5062 sive
380 5012 635 5079 passionis
658 5010 773 5081 ejus
801 5008 1074 5065 collector.
1103 5006 1200 5062 Est
1221 5018 1395 5062 autem
1426 5015 1574 5061 certo
1602 5006 1825 5073 certius,

267 5092 623 5156 Tertullinuth
653 5117 826 5173 neque
858 5098 1238 5172 Psychicornm
1270 5098 1429 5153 alicui
1475 5106 1551 5153 tot
1584 5106 1836 5168 tantaque

270 5192 768 5259 pracouiayoluisse
799 5190 992 5257 tribui,
1027 5190 1193 5246 multo
1228 5199 1407 5245 autem
1449 5190 1629 5245 minus
1673 5188 1836 5246 verba

270 5278 427 5353 ipsius,
450 5287 931 5355 auctoritatemque
950 5282 1192 5340 adhiberi
1214 5282 1278 5338 ad
1302 5281 1653 5353 probandam,
1677 5298 1836 5353 quam

270 5373 573 5447 adstruebat,
606 5377 950 5435 sententiam.
993 5397 1011 5430 ι

331 5463 391 5521 Ut
411 5468 507 5525 hoc
525 5476 924 5538 argumentum,
948 5466 1091 5538 quod
1113 5466 1366 5537 aliquam,
1391 5466 1664 5538 praecipue
1682 5468 1832 5535 mihi,

273 5557 423 5622 primo
446 5563 726 5634 adspectu,
761 5556 1062 5616 molestiam
1082 5573 1269 5616 creare
1301 5573 1458 5630 posse
1486 5556 1717 5628 videtur,
1744 5576 1838 5631 pe-

276 5645 400 5706 nitus
435 5652 928 5726 dissipetur-atque
967 5660 1277 5721 evertatur,
1316 5650 1498 5720 aliqua
1545 5660 1674 5707 sunt
1709 5651 1843 5710 mihi

278 5738 399 5802 circa
420 5746 763 5808 Montanistas
784 5745 1141 5818 observanda,
1167 5761 1233 5806 ex
1254 5745 1447 5819 quibus
1473 5760 1582 5807 non
1603 5748 1843 5807 animad-

1938 4633 2194 4702 deinceps
2236 4632 2536 4689 videbimus
2560 4675 2577 4701 ,
2619 4633 2686 4689 ab
2727 4633 3143 4703 apostolicarum
3184 4629 3536 4686 ecclesiarum

1937 4724 2314 4780 communione
2326 4725 2528 4779 alienos
2555 4739 2677 4780 esse
2690 4722 2988 4781 censendos
3013 4740 3026 4776 :
3048 4741 3067 4775 ι
3093 4721 3295 4791 Regula
3330 4719 3533 4789 juidem

1936 4816 2060 4871 ﬁdei
2098 4830 2198 4870 una
2230 4816 2450 4870 omnino
2488 4824 2590 4882 est,
2617 4816 2731 4870 sola
2753 4813 3064 4879 immobilis,
3094 4823 3148 4868 et
3178 4810 3537 4868 conlormabi-

1941 4906 2028 4973 iis,
2056 4905 2308 4962 credendi
2352 4908 2555 4962 scilicet
2584 4908 2634 4961 in
2669 4922 2829 4961 unum
2873 4905 3041 4961 Deum
3087 4904 3536 4973 omnipotentem,

1939 4998 2124 5053 nnmdi
2166 4997 2523 5063 conditorem,
2555 5007 2606 5053 et
2637 4996 2830 5052 Filium
2861 4995 2980 5065 ejus
3006 4994 3189 5050 Jesum
3218 4992 3488 5049 Christum
3515 5032 3533 5061 ,

1942 5096 2124 5142 natum
2145 5103 2212 5143 ex
2232 5089 2436 5159 virgine
2459 5088 2642 5153 Maria,
2666 5086 2978 5142 cruciﬁxum
3001 5086 3100 5140 sub
3121 5085 3311 5141 Pontio
3342 5085 3532 5151 Pilato,

1943 5178 2098 5245 tertia
2127 5178 2216 5234 die
2241 5181 2613 5235 resuscitatum
2635 5194 2664 5232 a
2694 5178 2942 5242 mortuis,
2976 5182 3250 5246 receptum
3279 5178 3330 5231 in
3357 5176 3531 5242 caelis,

1941 5271 2220 5327 sedentem
2250 5287 2391 5327 nunc
2428 5270 2495 5326 ad
2535 5270 2812 5326 dexteram
2842 5267 3046 5334 Patris,
3079 5276 3363 5324 venturum
3390 5266 3535 5337 judi-

1942 5377 2068 5419 care
2095 5364 2247 5419 vivos
2275 5372 2329 5419 et
2359 5372 2622 5430 mortuos,
2654 5377 2748 5431 per
2771 5361 2950 5417 carnis
2976 5360 3137 5416 etiam
3179 5359 3533 5416 resurrectio-

1944 5472 2089 5513 nem.
2118 5456 2245 5513 Haec
2268 5456 2384 5527 lege
2410 5455 2531 5512 ﬁdei
2558 5463 2831 5521 manente,
2860 5461 3054 5510 cratera
3098 5454 3208 5523 jam
3239 5452 3535 5524 disciplinac

1943 5559 2000 5607 et
2023 5549 2472 5616 conversationis,
2489 5547 2782 5604 admittunt
2795 5548 3088 5605 novitatem
3106 5546 3530 5604 correctionis...

1950 5768 1957 5773 '
2017 5750 2100 5823 (t)
2125 5748 2314 5822 Capite
2340 5748 2645 5807 undecimo.
