3988 6310
319 284 395 340 89
1259 285 1392 342 PRO
1430 286 1525 343 SS.
1563 286 1950 355 l’ERPETUA,
1980 284 2415 346 FELICITATE,
2456 290 2545 346 ET
2585 288 2816 350 SOCllS.

3554 295 3624 352 90

315 400 413 470 jus
444 401 548 453 sint
572 399 1051 471 Scripturze,aquo
1073 408 1122 455 et
1148 415 1240 472 per
1261 417 1394 471 quos
1422 413 1474 456 et
1503 401 1715 471 quando
1745 403 1922 471 etqui-
1949 405 2000 464 Α
2027 404 2097 458 ita
2151 419 2246 474 per
2291 405 2664 461 successiones
2692 408 2759 462 ab
2798 406 2949 464 initio
2999 405 3400 474 decurrentem,
3433 416 3490 464 ut
3511 410 3621 480 pri-

321 493 427 548 bus
453 494 522 548 sit
576 494 770 548 tradita
809 493 1110 565 disciplina,
1139 509 1242 565 qua
1292 495 1423 550 ﬁunt
1451 493 1758 550 Christiani.
1821 494 1921 550 Ubi

323 586 472 640 enim
521 587 833 656 apparuerit
877 600 998 642 esse
1049 586 1328 642 veritatem
1367 583 1686 657 disciplinac,
1718 597 1772 642 et
1801 585 1921 642 ﬁdei

320 676 664 744 christiante,
697 677 804 732 illic
830 679 927 732 erit
958 680 1156 733 veritas
1181 679 1597 750 Scripturarum,
1629 687 1684 733 et
1713 678 1924 748 exposi-

320 772 531 826 tionum
562 815 575 837 ,
623 779 679 827 et
727 772 966 827 omnium
1024 772 1365 828 traditionum
1417 774 1855 828 christianarum.
1896 791 1916 823 ι

324 861 538 918 Deinde
603 865 878 934 subjungit
936 865 1080 934 quod
1129 865 1392 936 Apostoli,
1444 881 1471 919 a
1522 865 1735 921 Christo
1787 865 1918 920 edo-

320 954 392 1008 cti
431 953 534 1024 (l),
573 974 591 1006 ι
621 964 671 1009 et
701 956 976 1011 consecuti
1007 958 1326 1026 promissam
1370 957 1472 1010 vim
1519 957 1750 1027 Spiritus
1793 973 1918 1012 san-

319 1046 392 1100 eti
425 1045 491 1099 ad
516 1047 764 1114 virtutes,
795 1057 848 1102 et
874 1048 1166 1119 eloquium,
1197 1051 1368 1120 primo
1397 1065 1488 1119 per
1519 1049 1758 1104 .ludarant
1789 1065 1919 1104 con-

321 1148 518 1194 testata
551 1140 656 1195 ﬁde
692 1143 741 1195 in
769 1140 948 1197 Jesum
977 1142 1271 1210 Christum,
1300 1153 1354 1198 et
1377 1145 1618 1198 ecclesiis
1646 1145 1917 1212 institutis,

318 1229 524 1286 dehinc
557 1234 610 1286 in
658 1234 841 1288 orbem
884 1234 1130 1303 profecti,
1165 1235 1408 1290 eamdem
1437 1235 1736 1290 doctrinam
1768 1237 1917 1306 ejus-

315 1321 447 1378 dem
480 1323 605 1380 ﬁdei
637 1327 939 1382 nationibus
965 1328 1458 1399 promulgaverunt,
1493 1338 1547 1384 et
1578 1330 1804 1399 proinde
1831 1344 1917 1385 ec-

316 1418 546 1474 clesiam
588 1419 728 1489 apud
773 1435 1204 1491 unamquamque
1241 1421 1508 1477 civitatem
1538 1421 1913 1490 condiderunt,

317 1525 348 1565 a
381 1511 580 1582 quibus
619 1513 889 1570 traducem
944 1513 1067 1570 ﬁdei
1094 1525 1150 1570 et
1190 1520 1394 1570 semina
1419 1516 1677 1573 doctrinae
1706 1524 1919 1574 caetera:

319 1605 521 1661 exinde
547 1606 793 1662 eeelesire
841 1617 1090 1662 mutuatae
1144 1618 1268 1664 sunt
1315 1617 1369 1664 et
1395 1610 1632 1680 quotidie
1671 1621 1916 1665 mutuan-

319 1708 433 1764 tur,
466 1710 523 1752 ut
547 1700 793 1755 ecclesiae
815 1699 963 1754 ﬁant.
989 1702 1066 1756 Ac
1096 1716 1190 1770 per
1214 1701 1338 1766 hoc,
1372 1713 1425 1758 et
1456 1704 1586 1773 ipsa:
1607 1704 1916 1774 apostolica}

2028 509 2145 549 mus
2174 495 2262 551 ille
2313 499 2601 569 episcopus
2657 498 2890 568 aliquem
2948 514 3011 554 ex
3043 499 3338 569 Apostolis,
3372 499 3454 556 vel
3484 516 3616 570 apo-

2026 587 2228 642 stolicis
2256 589 2402 656 viris,
2433 590 2522 660 qui
2553 603 2730 646 tamen
2760 606 2881 645 cum
2914 591 3190 662 Apostolis
3232 608 3615 660 perseverave-

2027 680 2116 746 rit,
2151 679 2395 736 habuerit
2441 694 2716 739 auctorem
2776 693 2830 739 et
2860 693 3280 740 antecesserant.
3329 684 3444 739 Hoc
3473 687 3616 742 enim

2027 773 2185 828 modo
2242 774 2496 830 Eccle~izc
2542 777 2847 847 apostolicae.
2894 792 3089 833 census
3140 794 3265 833 suos
3315 779 3614 835 deferunt:

2025 864 2161 918 sicut
2187 863 2586 934 Smyrnaeorum
2626 867 2852 924 ecclesia
2900 868 3104 926 habens
3135 871 3489 942 Polyearpum
3551 873 3618 927 ab

2022 956 2268 1013 Iohanne
2296 960 2611 1014 eotlocatum
2660 961 2825 1016 refert
2856 978 2870 1026 ;
2925 962 3065 1018 sicut
3101 962 3468 1018 Romanorum
3500 963 3618 1020 Cle-

2024 1058 2258 1104 mentem
2307 1065 2336 1104 a
2365 1051 2524 1106 Petro
2569 1051 2876 1107 ordinatum
2904 1052 3018 1109 edit
3048 1071 3062 1120 ;
3099 1055 3323 1124 proinde
3353 1059 3534 1126 utique
3563 1065 3617 1111 et

2022 1147 2234 1195 caetera;
2264 1141 2519 1197 exhibent
2566 1158 2701 1211 quos
2728 1145 2796 1198 ab
2843 1146 3112 1216 Apostolis
3161 1147 3211 1200 in
3244 1147 3614 1217 episc0patum

2021 1231 2380 1299 constitutos,
2451 1234 2727 1302 apostolici
2781 1235 3001 1291 seminis
3064 1237 3309 1293 traduces
3362 1238 3614 1295 habeant.

2020 1325 2338 1394 Contingunt
2367 1325 2471 1381 tale
2496 1325 2697 1396 aliquid
2739 1326 2997 1382 haeretici.
3026 1329 3166 1397 Quid
3195 1331 3337 1385 enim
3363 1331 3466 1386 illis
3496 1341 3616 1402 post

2019 1421 2405 1492 blasphemiam
2455 1421 2700 1476 illicitum
2758 1423 2890 1478 est?
2947 1422 3053 1478 Sed
3091 1424 3193 1478 etsi
3230 1424 3610 1493 conﬁnxerint,

2021 1515 2154 1570 nihil
2199 1514 2611 1585 promovebunt.
2644 1513 2760 1585 Ipsa
2803 1515 2945 1570 enim
2974 1515 3218 1570 doctrina
3254 1531 3443 1572 eorum
3489 1533 3611 1573 cum

2020 1607 2313 1678 apostolica
2339 1615 2649 1677 comparata
2695 1621 2760 1661 ex
2797 1606 3112 1663 diversitate
3141 1615 3198 1663 et
3235 1610 3614 1666 contrarietate

2020 1714 2114 1754 sua
2156 1698 2541 1769 pronuntiabit,
2589 1711 2762 1769 neque
2810 1698 3056 1767 Apostoli
3100 1699 3326 1769 alicujus
3378 1700 3612 1756 auctoris

316 1789 664 1860 deputantur,
714 1801 771 1848 ut
808 1792 1026 1849 soboles
1073 1793 1490 1864 apostolicarum
1541 1795 1908 1851 ecclesiarum.
1944 1789 2165 1859 B’esse,
2199 1808 2375 1862 neque
2401 1792 2703 1862 apostolici.
2734 1790 2869 1859 Quia
2905 1792 3042 1852 sicut
3081 1793 3325 1862 Apostoli
3373 1808 3480 1848 non
3528 1793 3605 1848 di-

317 1883 498 1939 Omne
546 1899 714 1954 genus
743 1885 805 1939 ad
856 1884 1116 1955 originem
1165 1901 1315 1942 suam
1363 1896 1643 1942 censeatur
1695 1903 1915 1945 necesse

315 1984 426 2031 est.
456 1975 637 2046 Itaque
667 1984 744 2032 tot
775 1992 836 2031 ac
859 1985 1018 2032 tanta:
1041 1977 1297 2034 Ecclesia:
1320 1994 1425 2035 una
1450 1989 1530 2035 est
1556 1980 1645 2036 illa
1677 1981 1744 2036 ab
1771 1981 1917 2050 Apo-

315 2068 480 2123 stolis
530 2071 720 2139 prima,
750 2085 814 2125 ex
854 2085 956 2140 qua
1010 2086 1233 2127 omnes:
1275 2074 1353 2127 sic
1402 2088 1590 2128 omnes
1645 2075 1829 2144 primm
1864 2085 1918 2131 ct

320 2175 512 2218 omnes
537 2161 882 2232 apostolicae,
923 2163 1049 2218 dum
1081 2179 1185 2218 una
1230 2179 1419 2221 omnes
1468 2164 1695 2236 probant
1740 2167 1916 2221 unita-

326 2264 438 2310 tem
470 2298 484 2321 ,
514 2255 638 2310 dum
678 2264 764 2310 est
791 2255 894 2311 illis
938 2258 1353 2313 communicatio
1385 2259 1551 2328 pacis,
1584 2267 1639 2313 et
1681 2259 1916 2329 appella-

319 2349 402 2404 tio
456 2348 818 2416 fraternitatis,
842 2359 896 2405 et
921 2353 1308 2407 contesseratio
1341 2352 1715 2422 hospitalitatis
1752 2371 1766 2418 ;
1795 2369 1915 2424 qua:

309 2445 436 2514 jura
483 2458 589 2498 non
631 2443 731 2498 alia
771 2443 906 2498 ratio
933 2446 1096 2515 regit,
1135 2461 1292 2515 quam
1325 2445 1566 2515 ejusdem
1593 2449 1913 2504 sacramenti

313 2552 424 2591 una
444 2535 676 2591 traditio.
693 2537 840 2592 Hanc
862 2537 1021 2608 igitur
1039 2536 1316 2609 dirigimus
1337 2539 1790 2607 przescriptionem
1808 2540 1909 2612 (2):

313 2630 365 2684 si
395 2628 651 2683 Dominus
688 2629 844 2684 Jesus
875 2629 1116 2684 Christus
1163 2631 1448 2700 Apostolos
1501 2631 1645 2686 misit
1674 2633 1739 2686 ad
1773 2646 1911 2702 prae-

312 2721 626 2787 dicandtnn,
659 2721 791 2777 alios
835 2739 942 2777 non
995 2738 1114 2778 esse
1153 2724 1487 2794 recipiendos
1535 2725 1913 2795 prtedicatorcs

313 2829 482 2882 quam
513 2830 646 2885 quos
688 2813 931 2871 Christus
963 2817 1463 2885 instituit.....Quid
1505 2829 1682 2898 autem
1721 2821 1910 2890 praedi-

311 2911 578 2974 caverint,
607 2909 656 2964 id
685 2919 767 2965 est
804 2910 928 2981 quid
957 2911 1057 2967 illis
1091 2910 1335 2968 Christus
1365 2914 1704 2983 revelaverit,
1748 2924 1803 2971 et
1826 2915 1910 2971 hic

313 3001 646 3074 prescribatn
697 3017 802 3057 non
833 3003 986 3058 aliter
1014 3004 1230 3074 probari
1267 3005 1486 3072 debere,
1522 3007 1621 3061 nisi
1671 3022 1766 3077 per
1793 3022 1910 3062 eas-

310 3096 442 3151 dem
484 3096 759 3162 ecclesias,
794 3111 928 3167 quas
968 3098 1066 3167 ipsi
1121 3099 1361 3168 Apostoli
1409 3099 1908 3170 eondiderunt,ipsi

2019 1900 2171 1941 versa
2200 1885 2338 1940 inter
2367 1899 2425 1938 se
2468 1884 2808 1950 docuissent,
2862 1884 2931 1939 ita
2958 1893 3013 1940 et
3031 1886 3309 1956 apostolici
3341 1901 3447 1941 non
3474 1901 3605 1942 con-

2019 1979 2180 2033 traria
2211 1977 2482 2047 Apostolis
2509 1977 2838 2043 edidissent,
2871 1977 2974 2031 nisi
3005 1976 3078 2032 illi
3123 1978 3214 2048 qui
3245 1979 3311 2034 ab
3333 1980 3603 2050 Apostolis

2018 2069 2380 2136 desciverunt,
2411 2079 2465 2123 et
2485 2069 2642 2124 aliter
2671 2067 3121 2139 praedicaverunt.
3153 2071 3234 2125 Ad
3263 2071 3399 2126 hanc
3432 2073 3612 2140 itaque

2018 2162 2244 2216 formam
2301 2162 2737 2232 provocabuntur
2787 2163 2854 2216 ab
2903 2162 3007 2216 illis
3036 2162 3306 2230 ecclesiis,
3335 2180 3454 2234 quae
3486 2165 3613 2221 licet

2018 2253 2221 2308 nnllum
2262 2267 2328 2306 ex
2356 2253 2650 2322 Apostolis,
2681 2253 2760 2307 vel
2793 2253 3102 2322 apostolicis
3136 2264 3412 2309 auctorem
3453 2271 3607 2311 suum

2017 2346 2313 2418 proferant,
2342 2353 2402 2399 ut
2452 2346 2622 2400 multo
2680 2346 3027 2416 posteriores,
3051 2362 3170 2416 qua:
3216 2347 3452 2418 denique
3477 2366 3610 2420 quo-

2018 2438 2147 2494 tidie
2189 2439 2557 2502 instituuntur,
2607 2448 2784 2494 tamen
2836 2439 2887 2492 in
2934 2437 3122 2493 eadem
3160 2438 3263 2493 ﬁde
3287 2441 3608 2508 conspiran-

2018 2539 2121 2597 tes,
2153 2547 2258 2586 non
2312 2532 2489 2586 minus
2533 2530 2843 2601 apostolica:
2898 2530 3223 2600 deputantur
3255 2546 3350 2601 pro
3380 2547 3609 2588 consan-

2014 2623 2272 2696 guinitate
2311 2623 2590 2678 doctrinae.
2624 2622 2700 2678 ιω
2729 2637 2918 2678 omnes
2964 2623 3199 2679 haereses
3236 2622 3302 2678 ad
3328 2633 3610 2694 utramque

2015 2719 2242 2775 formant
2270 2735 2299 2774 a
2327 2721 2526 2774 nostris
2555 2719 2797 2774 ecclesiis
2821 2727 3121 2789 provocntae
3149 2720 3379 2790 probent
3404 2736 3462 2776 se
3481 2737 3610 2787 qua-

2015 2831 2118 2884 qua
2153 2823 2342 2885 putant
2370 2814 2710 2883 apostolieas.
2737 2811 2843 2868 Sed
2874 2813 3008 2868 adeo
3037 2828 3137 2869 nec
3175 2823 3321 2874 sunt,
3355 2829 3455 2870 nec
3486 2830 3608 2885 pos-

2016 2917 2142 2962 sunt
2172 2907 2404 2977 probare
2425 2906 2566 2977 quod
2591 2920 2694 2960 non
2727 2914 2887 2971 sunt;
2921 2919 3020 2960 nec
3043 2906 3382 2976 recipiuntur
3423 2907 3474 2960 in
3514 2922 3608 2977 pa—

2015 3014 2132 3056 cem
2160 3041 2174 3066 ,
2207 3010 2261 3056 et
2315 2999 2368 3054 in
2410 2997 2949 3054 communicationem
2994 2997 3062 3052 ab
3103 2998 3350 3053 ecclesiis
3394 3012 3608 3068 quoquo

2016 3094 2178 3149 modo
2203 3094 2551 3163 apostolicis;
2583 3092 2790 3148 scilicet
2807 3092 2873 3146 ob
2899 3091 3266 3146 diversitatem
3287 3094 3607 3147 sacramenti

311 3189 399 3243 eis
448 3187 809 3257 praedicando,
864 3197 970 3243 tam
1003 3191 1118 3243 viva
1152 3190 1313 3261 (quod
1364 3191 1533 3260 aiunt)
1565 3206 1715 3254 voce,
1751 3208 1907 3262 quam
1936 3189 1982 3254 (Ξ
2017 3189 2169 3244 nullo
2198 3189 2357 3242 modo
2385 3187 2716 3260 apostolicae.
2755 3207 2774 3240 ›
2808 3185 2914 3243 Sed
2961 3186 3090 3240 nihil
3148 3186 3469 3242 lncnlentius
3517 3188 3602 3254 iis,

313 3295 415 3350 per
439 3279 694 3350 epistolas
726 3288 929 3349 postea.
962 3279 1015 3334 Si
1047 3280 1160 3334 lucc
1181 3280 1250 3334 ita
1279 3290 1421 3348 sunt,
1451 3291 1658 3336 constat
1687 3283 1909 3353 proinde

310 3387 530 3426 omnem
562 3371 1016 3444 doctrittam,qute
1050 3389 1169 3426 cum
1199 3373 1303 3428 illis
1336 3375 1575 3429 ecclesiis
1601 3377 1908 3445 apostolicis

311 3463 628 3518 matricibus
680 3475 731 3517 et
771 3465 1122 3535 originalibus
1171 3464 1293 3519 fidei
1349 3467 1618 3534 COIISpiret
1648 3509 1660 3532 ,
1694 3469 1907 3525 veritati

309 3555 696 3625 deputandam,
724 3555 774 3610 id
817 3558 932 3611 sine
958 3555 1137 3620 dubio,
1171 3566 1439 3612 tenentem
1473 3557 1616 3627 quod
1650 3557 1908 3616 Ecclesize

309 3648 383 3702 ab
414 3649 704 3718 Apostolis,
730 3647 971 3718 Apostoli
1003 3665 1031 3702 a
1058 3648 1296 3715 Christo,
1325 3649 1569 3704 Christus
1600 3665 1626 3703 a
1654 3649 1766 3706 Deo
1791 3667 1908 3707 sus~

310 3743 457 3812 cepit
489 3760 502 3798 :
536 3743 792 3812 reliquam
826 3757 950 3796 vero
993 3757 1208 3797 onmem
1249 3743 1546 3798 doctrinam
1575 3743 1643 3798 de
1689 3745 1908 3800 menda-

308 3836 397 3890 cio
427 3833 894 3904 przejudicandam,
926 3851 1044 3904 qua:
1083 3837 1254 3905 sapiat
1288 3845 1472 3891 contra
1497 3837 1778 3893 veritatem
1818 3853 1905 3894 ec-

309 3927 593 3981 clesiarum
626 3969 641 3992 ,
698 3935 752 3980 et
797 3927 1220 3996 Apostolorum,
1271 3937 1324 3982 ct
1383 3928 1628 3993 Christi,
1679 3939 1734 3984 et
1789 3931 1903 3985 Dei.

307 4014 568 4087 Superest
617 4033 745 4088 ergo
810 4019 886 4073 uti
939 4019 1389 4088 demonstremus,
1436 4037 1500 4076 an
1554 4023 1670 4078 lure
1725 4035 1906 4079 nostra

309 4109 576 4176 doctrina,
599 4111 752 4180 cujus
792 4112 1030 4182 regulam
1062 4129 1221 4183 supra
1268 4114 1554 4178 edidimus,
1585 4115 1651 4171 de
1676 4117 1908 4185 Aposto-

308 4203 482 4258 lorum
514 4205 798 4260 traditione
822 4217 1124 4274 censeatur,
1158 4217 1211 4262 et
1243 4223 1304 4263 ex
1337 4208 1438 4263 hoc
1460 4208 1576 4278 ipso
1607 4224 1672 4264 an
1696 4219 1904 4265 cretcrze

308 4294 378 4350 de
411 4295 687 4351 mendacio
717 4298 951 4354 veniant.
981 4299 1448 4354 Ctnnmunieamus
1487 4315 1608 4355 eum
1659 4301 1903 4356 ecclesiis

311 4387 641 4454 apostolicis,
690 4389 830 4458 quod
859 4389 1005 4443 nulla
1037 4389 1276 4444 doctrina
1307 4389 1516 4445 diversa
1548 4407 1560 4444 :
1594 4392 1694 4446 hoc
1719 4401 1800 4446 est
1821 4401 1902 4447 te-

308 4478 618 4532 stimonium
672 4479 929 4535 veritatis.
984 4500 1002 4534 ›
1051 4481 1115 4535 Et
1162 4479 1317 4545 infra,
1371 4482 1626 4538 adversus
1669 4485 1901 4538 haereses

2015 3298 2134 3354 quae
2174 3297 2280 3337 non
2330 3281 2496 3335 mu!to
2535 3281 2756 3335 inferius
2785 3279 2852 3335 de
2880 3279 3164 3350 praecipuis
3196 3279 3452 3334 Ecclesiis
3478 3295 3605 3350 apo—

2012 3375 2216 3428 stolicis
2275 3381 2329 3427 et
2374 3373 2668 3441 praesertim
2725 3371 3009 3433 Romana,
3093 3370 3310 3425 disserit
3376 3371 3426 3424 in
3493 3370 3608 3427 hmc

2013 3468 2174 3521 verba
2197 3465 2276 3537 (l)
2310 3483 2322 3520 :
2351 3483 2372 3516 ‹
2408 3467 2517 3531 Age
2539 3465 2670 3533 jam,
2701 3466 2793 3536 qui
2821 3465 2970 3519 voles
3019 3462 3385 3519 curiositatem
3415 3463 3606 3518 melius

2011 3574 2266 3615 exercere
2298 3558 2349 3612 in
2397 3559 2613 3627 negotio
2664 3557 2852 3611 salutis
2882 3567 3018 3622 tuae,
3056 3571 3310 3626 percurre
3337 3555 3605 3611 Ecclesias

2011 3651 2354 3721 apostolieas,
2401 3649 2538 3720 apud
2589 3663 2722 3720 quas
2773 3649 2903 3717 ipsa
2946 3649 3123 3704 adhuc
3165 3647 3438 3704 cathedrte
3470 3651 3606 3720 Apo-

2011 3743 2269 3796 stolorum
2301 3742 2414 3796 suis
2443 3741 2573 3796 locis
2598 3740 2973 3811 praesidentur,
3005 3741 3146 3810 apud
3187 3757 3318 3811 quas
3345 3741 3475 3811 ipsa:
3504 3757 3602 3795 att-

2013 3834 2261 3889 thenticte
2284 3835 2475 3889 littera:
2522 3847 2710 3888 eorum
2763 3833 3079 3896 recitantur,
3110 3842 3366 3888 sonantes
3394 3848 3600 3898 vocent,

2010 3933 2063 3977 et
2085 3932 2532 3993 reprresentantes
2561 3923 2747 3979 faciem
2783 3925 3219 3994 uniuscujusque.
3252 3924 3500 3980 Proxime
3521 3936 3604 3981 est

2010 4016 2103 4069 tibi
2146 4015 2378 4081 Achaia,
2423 4017 2588 4086 habes
2638 4018 2981 4072 Corinthum.
3041 4016 3099 4072 Si
3153 4031 3258 4070 non
3302 4017 3456 4088 longe
3487 4032 3544 4073 es
3571 4033 3600 4073 a

2009 4109 2314 4164 Macedonia
2343 4150 2357 4174 ,
2391 4109 2557 4164 habes
2604 4111 2898 4180 Philippos,
2948 4111 3114 4166 habes
3163 4110 3604 4168 Thessalonicen-

2007 4216 2114 4257 ses.
2149 4201 2205 4257 Si
2250 4209 2400 4272 potes
2427 4201 2481 4255 in
2539 4203 2722 4257 Asiam
2753 4203 2992 4267 tendere,
3023 4204 3187 4257 habes
3215 4203 3485 4274 Ephesum
3517 4222 3531 4269 ;
3558 4207 3600 4259 si

2007 4305 2184 4350 autem
2232 4293 2398 4349 Italia:
2449 4293 2700 4365 adjaces,
2759 4294 2924 4350 habes
2964 4295 3211 4356 Romam,
3251 4296 3390 4350 unde
3449 4295 3602 4349 nobis

2007 4403 2221 4459 quoque
2267 4388 2558 4442 auctoritas
2587 4398 2782 4458 praesto
2809 4396 2892 4442 est
2942 4405 2954 4439 :
2987 4394 3131 4442 statu
3179 4387 3302 4441 felix
3333 4387 3597 4449 Ecclesia,

2007 4485 2090 4537 cui
2125 4489 2288 4536 totam
2311 4481 2557 4552 Apostoli
2585 4481 2880 4538 doctrinam
2905 4499 3028 4538 eum
3060 4484 3322 4553 sanguine
3355 4496 3454 4536 suo
3481 4497 3601 4552 pro-

310 4586 430 4640 qnm
476 4587 536 4625 se
582 4573 648 4628 de
680 4582 944 4647 vetustate
984 4573 1289 4644 jactabant,
1340 4590 1566 4644 seseque
1615 4576 1896 4647 imperitis,
1925 4573 2286 4642 Dfuderunt,
2344 4575 2430 4630 tibi
2485 4576 2678 4631 Petrus
2729 4576 2963 4647 passioni
3015 4576 3300 4632 dominicae
3353 4577 3600 4646 adaequa-

309 4663 450 4732 qnod
476 4664 575 4717 sub
625 4646 894 4734 Apostolis
935 4666 1182 4731 fuissent,
1209 4681 1305 4736 pro
1327 4668 1633 4737 apostolicis
1661 4646 1901 4722 vendita—

309 4755 471 4810 bant:
505 4756 575 4819 id,
607 4757 700 4823 ait,
731 4757 837 4812 illis
865 4758 1192 4824 incumbere,
1239 4767 1294 4812 ut
1339 4759 1624 4814 ostendant
1671 4759 1900 4830 aliquem

309 4863 387 4914 se,
422 4849 507 4904 vel
536 4865 600 4904 ex
638 4851 929 4918 Apostolis,
959 4851 1043 4905 vel
1073 4865 1137 4905 ex
1175 4852 1480 4920 apostolicis
1515 4851 1662 4916 viris,
1706 4852 1794 4920 qui
1825 4861 1905 4907 ta-

310 4956 432 4995 tncn
457 4957 577 4994 enm
611 4943 882 5010 Apostolis
937 4943 1395 5012 perseveraverit,
1446 4958 1557 4998 suae
1590 4943 1788 4999 habere
1822 4944 1904 4999 in-

307 5034 603 5088 Stilutionis
654 5047 950 5102 auctorem,
983 5047 1074 5090 aut
1121 5037 1307 5092 saltem
1355 5038 1768 5107 apostolicarum
1819 5052 1907 5093 ec-

307 5126 594 5181 clesiarum
622 5130 998 5184 communione
1028 5129 1183 5198 potiri
1215 5130 1292 5202 (5)
1332 5146 1344 5182 :
1377 5130 1672 5186 «Cancrum
1703 5130 1747 5184 si
1779 5145 1898 5200 qua:

305 5220 507 5274 audent
537 5221 773 5276 inserere
796 5236 856 5277 se
876 5221 1022 5276 aztati
1047 5222 1376 5291 apostolicae,
1400 5232 1456 5276 ttt
1483 5222 1602 5276 ideo
1619 5222 1900 5277 videantur

303 5319 374 5372 ab
425 5315 697 5385 Apostolis
750 5316 994 5383 traditm,
1040 5317 1160 5386 quia
1201 5316 1299 5371 sub
1343 5316 1614 5387 Apostolis
1667 5316 1897 5381 fuerunt,

301 5422 594 5478 possumus
641 5409 820 5462 dicere
854 5425 866 5460 :
900 5408 1061 5463 edant
1098 5422 1225 5478 ergo
1268 5409 1502 5478 origines
1549 5410 1900 5463 ecclesiarum

301 5515 544 5565 suarum,
602 5500 1145 5557 evolvam-ordinem
1200 5502 1582 5572 episcoporum
1655 5516 1895 5569 suorum,

375 5637 455 5851 ἑὲ)
479 5637 607 5708 Cap.
640 5639 734 5695 20.

437 5717 454 5780 )
479 5710 609 5780 Cap.
638 5709 730 5765 21.

400 5781 458 5851 υ)
489 5779 618 5851 Cap.
646 5783 731 5838 32.

437 5710 609 5780 )Cap.
638 5709 730 5765 21.

400 5779 458 5851 3)
489 5779 618 5853 cap.
646 5783 731 5838 32.

2005 4675 2131 4734 tur;
2163 4667 2250 4722 tibi
2279 4667 2474 4724 Paulus
2516 4669 2775 4724 Johannis
2819 4671 2967 4726 exitu
2996 4678 3324 4733 coronatur;
3363 4668 3447 4720 ubi
3472 4681 3603 4737 apo—

2005 4760 2176 4816 stolus
2227 4759 2523 4826 Joltannes,
2561 4772 2904 4833 poswaquam
2958 4763 3010 4817 in
3046 4762 3220 4816 oleum
3255 4763 3462 4831 igneum
3504 4759 3601 4815 de-

2008 4869 2252 4921 mersus,
2287 4855 2416 4908 nihil
2465 4870 2656 4925 passus
2682 4865 2763 4912 est
2788 4897 2802 4922 ,
2842 4857 2893 4912 in
2927 4855 3153 4910 insulam
3197 4854 3478 4924 relegatur.
3508 4853 3600 4907 Vi.

2006 4949 2226 5004 deamus
2255 4949 2382 5019 quid
2426 4949 2645 5016 dixerit,
2671 4950 2796 5020 quid
2827 4949 3094 5014 docuerit,
3127 4948 3253 5018 quid
3300 4962 3420 5002 cum
3455 4945 3598 5001 Afri~

2009 5043 2156 5096 ranis
2194 5058 2408 5114 quoque
2451 5044 2695 5098 ecclesiis
2745 5044 3162 5098 contesserarit:
3224 5057 3385 5096 unum
3435 5043 3598 5096 Deum

2004 5136 2153 5188 novit
2193 5143 2499 5191 creatorem
2540 5135 2923 5200 universitatis,
2951 5142 3004 5188 et
3023 5133 3292 5189 Christum
3324 5134 3507 5188 .lesutn
3532 5147 3595 5187 ex

2003 5226 2220 5296 Virgine
2246 5227 2409 5282 Maria
2451 5227 2642 5282 Filium
2683 5228 2773 5281 Dei
2804 5227 3083 5292 creatoris,
3108 5236 3161 5281 et
3190 5226 3372 5280 carnis
3409 5239 3593 5280 resur—

2003 5319 2296 5373 rectionem
2346 5335 2359 5372 :
2406 5319 2578 5389 legem
2607 5328 2657 5372 et
2709 5317 2994 5386 prephetas
3020 5331 3142 5372 cum
3195 5316 3520 5386 evangelicis
3545 5325 3599 5370 et

2004 5411 2316 5480 apostolicis
2345 5410 2543 5465 litteris
2592 5409 2804 5478 miscet,
2831 5417 2887 5463 et
2917 5407 3040 5464 inde
3072 5417 3221 5479 potat
3250 5407 3407 5462 ﬁdem
3429 5421 3547 5460 eam
3581 5446 3595 5465 .

2005 5517 2141 5574 aqua
2173 5503 2384 5572 signat,
2435 5502 2634 5559 Sancto
2679 5501 2876 5572 Spiritu
2901 5503 3101 5568 vestit,
3146 5499 3476 5555 Eucharistia
3508 5512 3600 5567 pa-

2007 5605 2130 5674 scit,
2164 5605 2424 5676 martyrio
2453 5603 2808 5670 exhortatur;
2849 5612 2904 5659 et
2948 5604 3017 5658 ita
3071 5600 3329 5656 adversus
3356 5596 3492 5652 hanc
3521 5595 3602 5650 in.

2079 5785 2158 5855 (l)
2183 5783 2310 5856 Cap.
2338 5781 2430 5840 56.
