3950 6310
433 268 497 336 9|
1083 310 1087 321 ι
1460 308 1465 314 ι
1538 268 1983 335 DlSSER'l‘A'l'lU
2018 269 2497 334 APOLUGETICA
3637 272 3702 337 Μ

435 396 765 453 stitntioucm
820 396 1086 452 miluinam
1143 396 1350 467 recipit.
1388 394 1508 451 ilzec
1563 395 1858 464 institutio,
1911 390 2480 468 nonApropbetiam,
2523 402 2578 451 et
2624 390 2957 465 disciplinam
3007 388 3322 464 reprobari,
3353 405 3511 464 quam
3560 390 3701 448 Mon-

434 491 553 547 dico
579 491 686 559 jam
716 504 835 562 qua:
867 488 1068 546 futuras
1098 491 1327 544 haereses
1378 490 1785 559 prmnttntialiat.
1812 491 1905 545 sed
1953 490 2021 546 de

434 600 536 657 qua
580 583 811 639 increses
835 583 1162 654 prodierunt.
1194 583 1297 638 Sed
1330 598 1431 636 non
1477 582 1690 638 fuertmt
1716 599 1778 637 ex
1812 583 1922 647 illa,
1955 594 2020 638 ex

434 695 541 749 quo
574 678 725 735 i‘act:c
754 688 875 733 sunt
908 678 1161 733 adversus
1205 676 1368 730 illam.
1408 675 1575 730 Etiam
1623 676 1690 731 de
1726 675 1879 730 oliva!
1921 692 2019 730 nu-

435 774 553 829 cleo
591 773 766 833 mitis,
795 779 845 827 et
877 772 1068 841 opimas
1116 781 1167 825 ct
1197 771 1513 823 neccssarim
1545 811 1558 833 ,
1597 784 1752 839 asper
1794 769 2025 824 oleaster

435 864 674 919 exoritur
731 881 743 916 :
799 864 956 918 etiam
1004 863 1069 915 de
1124 868 1386 931 papavere
1448 860 1530 915 fici
1599 861 1914 931 gratissimae
1971 867 2026 915 et

436 952 799 1017 suavissimas,
856 962 1074 1007 t'entosa
1134 961 1186 1006 et
1239 966 1372 1005 vana
1428 952 1709 1020 caprilicus
1761 953 2019 1022 exsurgit.

436 1046 511 1103 Ita
544 1052 597 1101 et
652 1044 881 1101 hmreses
930 1047 996 1099 de
1042 1055 1228 1099 nostro
1256 1043 1729 1111 lrnetiiicaverunt,
1775 1058 1880 1098 non
1931 1060 2025 1099 uo-

437 1149 593 1204 strm,
626 1136 918 1208 degeneres
943 1136 1181 1192 veritatis
1223 1150 1407 1207 grano,
1437 1145 1494 1191 et
1542 1134 1820 1192 mendacio
1847 1136 2029 1208 sylve-

436 1242 592 1289 stres.
649 1249 666 1283 ι
718 1231 1054 1285 Potnissetnc
1080 1245 1107 1282 a
1152 1224 1402 1296 Baronio,
1430 1224 1773 1295 Bellarmina,
1813 1236 1867 1283 et
1910 1226 2027 1282 aliis

436 1323 524 1393 qui
578 1326 813 1376 romana:
861 1320 1120 1376 Ecclesia:
1166 1319 1515 1375 addietissimi
1556 1320 1843 1387 habentur,
1872 1317 2029 1390 quid-

435 1424 592 1483 quant
624 1411 690 1467 de
719 1412 804 1467 illa
826 1418 919 1467 aut
947 1408 1376 1483 magniﬁcentius
1404 1420 1495 1467 aut
1523 1412 1781 1467 illustrius
1830 1411 2029 1481 prmdi-

438 1506 589 1560 cari?
616 1506 745 1573 Quis
784 1503 1031 1560 crederet
1061 1504 1175 1559 haec
1203 1504 1455 1560 itmretico
1483 1503 1707 1571 homini,
1748 1512 1802 1560 et
1830 1505 1899 1559 ab
1932 1504 2031 1559 Ec-

437 1598 597 1655 clesia
657 1606 873 1654 romana
919 1596 1116 1653 extorri
1165 1597 1413 1653 excidere
1468 1598 1757 1669 potuisse,
1837 1597 2031 1667 quibus

439 1709 628 1751 omnes
675 1696 887 1766 penitus
930 1695 1188 1749 adversus
1237 1692 1474 1764 ejusdem
1538 1692 1794 1749 Ecclesia:
1832 1691 2031 1748 doctri-

2127 494 2279 544 tanus
2312 491 2617 552 invexerat;
2651 495 2703 541 et
2735 494 2908 540 tamen
2930 483 3187 539 Romanis
3217 478 3490 551 Ecclesiae,
3524 492 3575 539 et
3601 501 3701 541 ea»

2126 587 2361 635 terarum
2411 580 2825 650 apostolicarum
2868 576 3240 633 auctoritatem
3294 575 3488 647 ubique
3518 576 3700 645 prsidi-

2126 669 2298 732 diCat,
2326 671 2628 740 mirumque
2654 669 2707 724 in
2758 668 2974 723 modum
3002 667 3231 732 extollit,
3264 681 3465 738 eosque
3513 682 3542 721 ιι
3569 665 3705 723 ειη-ἰο

2127 765 2443 831 alianistno,
2486 762 2553 818 ab
2606 762 2877 834 Aposmlis
2922 770 2976 817 et
3004 770 3033 815 tt
3080 760 3295 816 Christo
3347 760 3551 817 alienos
3594 776 3705 817 esse

2126 854 2385 914 decernit.
2406 850 2495 926 qui
2523 870 2625 908 nou
2652 855 2701 908 itt
2725 868 2884 910 uuam
2927 853 3279 924 eamdemque
3300 851 3457 908 iidem
3489 868 3605 908 cum
3626 853 3707 909 Ec:

2128 949 2305 1004 clesiis
2331 948 2639 1017 apostolicis
2685 949 3130 1018 COIISIIlrilVel'lllL
3156 945 3309 1016 Quod
3342 946 3577 1017 proiecto
3596 956 3707 1001 eer-

2130 1043 2335 1097 tissimo
2361 1050 2440 1097 est
2466 1053 2801 1110 argumento,
2819 1058 2921 1097 non
2955 1042 3117 1097 fuisse
3146 1032 3481 1096 Montanistis
3505 1054 3711 1111 persua-

2130 1148 2268 1199 sum,
2301 1147 2359 1187 se
2403 1133 2470 1187 ab
2499 1132 2751 1189 Ecclesia:
2805 1133 3080 1189 catholica:
3123 1132 3503 1189 communione
3548 1132 3597 1189 in
3647 1132 3707 1189 iis

2130 1241 2248 1296 qua:
2280 1225 2403 1280 iidei
2435 1234 2588 1287 sunt.
2621 1224 2903 1282 excidisse.

2204 1318 2475 1388 Denique,
2538 1327 2594 1373 ut
2651 1320 2941 1375 bmmnera
2989 1319 3390 1391 praetermittam
3441 1330 3560 1390 qtae
3617 1318 3712 1373 bne

2131 1408 2185 1463 in
2216 1409 2457 1464 eamdem
2489 1407 2805 1466 sententiam
2828 1411 3005 1467 aﬂerrl
3036 1419 3283 1481 possent,
3318 1422 3502 1465 rerum
3526 1409 3712 1466 Christi

2135 1501 2426 1557 Ecclesiatn
2479 1516 2582 1557 non
2637 1502 2803 1559 fuisse
2855 1503 3163 1559 Tertulliani
3207 1500 3411 1573 judicio
3444 1502 3510 1557 ad
3554 1503 3710 1557 Boiam

2135 1594 2571 1650 Montanistarum
2613 1604 2815 1650 sectam
2862 1604 3221 1662 coarctatatn,
3276 1595 3372 1651 sed
3425 1593 3714 1651 Catholica:

2135 1700 2346 1756 quoque
2395 1687 2460 1741 ad
2504 1698 2667 1742 unum
2726 1687 2974 1759 idemque
3012 1686 3268 1743 Ecclesiae
3313 1696 3510 1759 corpus
3566 1687 3717 1758 perti-

440 1804 560 1843 nam
607 1763 842 1843 haereses
874 1786 1221 1857 proﬂigantur
1248 1763 1272 1840 τ
1312 1786 1479 1842 Nemo
1525 1794 1763 1856 prorsus,
1789 1787 1879 1858 qui
1926 1763 2110 1864 nonfB
2139 1779 2347 1845 nuisse,
2387 1780 2538 1848 cujus
2568 1780 2836 1849 membra,
2864 1780 3104 1851 quamvis
3136 1792 3239 1835 non
3266 1780 3484 1845 eosdem
3513 1779 3717 1834 omnino

440 1872 731 1935 adverterit
768 1880 833 1934 ad
866 1894 928 1935 ea
959 1888 1076 1950 qua:
1121 1876 1379 1934 hactenus
1409 1895 1477 1934 ex
1540 1874 1641 1934 ltoe
1690 1884 1909 1935 auclore
1937 1880 2033 1934 de-

440 1971 708 2035 duximhs,
739 1986 845 2026 non
871 1970 920 2025 id
963 1967 1167 2025 Scilicet
1194 1972 1246 2025 in
1278 1976 1511 2024 mentem
1566 1972 1780 2026 venisse
1828 1970 2035 2025 Monta—

441 2064 613 2125 nistis,
646 2074 706 2118 se
754 2063 823 2117 ob
858 2074 1049 2119 novatn
1110 2061 1439 2132 prophetiam
1494 2074 1557 2117 ac
1597 2062 1933 2134 disciplinam
1966 2062 2033 2117 ab

441 2155 786 2211 ecclesiarum
834 2155 1245 2225 apostolicarum
1284 2155 1660 2211 cummunione
1690 2156 1741 2210 in
1795 2156 1859 2211 iis
1915 2172 2033 2226 qua:

444 2248 565 2304 iidei
612 2256 755 2312 sunt,
787 2254 842 2302 et
887 2244 938 2301 in
981 2246 1174 2318 quibus
1211 2262 1419 2302 smntna
1471 2248 1695 2302 vertitur
1738 2248 2031 2318 religionis,

442 2340 726 2395 excidisse.
752 2335 1001 2394 Attamen
1032 2337 1154 2408 quia
1206 2353 1310 2392 non
1343 2352 1529 2393 omnes
1562 2340 1929 2402 consentiunt,
1961 2339 2028 2393 li-

439 2431 594 2486 brum
629 2430 697 2487 de
735 2429 1237 2500 Prtcscriptiouibus
1278 2446 1305 2484 a
1354 2430 1714 2510 Tertulliauo,
1744 2433 1867 2486 dum
1900 2432 2039 2488 inter

441 2522 750 2580 Catholieos
780 2532 1105 2589 versaretur,
1156 2536 1262 2579 non
1296 2522 1460 2581 fuisse
1509 2527 1866 2596 compositum
1898 2545 1911 2594 ;
1943 2527 2039 2581 ad-

441 2614 564 2671 dam
596 2630 661 2672 ex
691 2612 784 2671 lib.
818 2632 872 2671 lY
922 2625 1067 2671 cont.
1101 2615 1377 2683 Marcion,
1425 2630 1582 2687 quem
1613 2624 1843 2681 constat.
1898 2626 2039 2688 post-

442 2723 600 2778 quam
651 2708 950 2785 simultates
977 2719 1099 2764 cum
1145 2706 1443 2781 Psyclticis,
1495 2717 1553 2763 ut
1586 2710 1660 2764 ait
1700 2710 1804 2782 (i),
1839 2710 2038 2768 habere

445 2806 703 2871 coeperat,
737 2796 902 2855 luisse
928 2801 995 2856 ab
1024 2815 1088 2857 eo
1122 2803 1521 2868 concinnatum,
1555 2804 1729 2859 simile
1755 2803 1822 2860 de
1865 2805 2041 2860 eccle-

443 2891 537 2945 siis
563 2890 868 2961 apostolicis
893 2934 908 2958 ,
936 2900 990 2946 et
1015 2894 1312 2960 praesertim
1342 2893 1603 2962 Romana,
1632 2894 1995 2951 testimonium
2021 2939 2036 2963 ,

447 2981 749 3039 adulterum
799 2984 1005 3040 scilicet
1053 2990 1107 3040 et
1170 2986 1480 3041 baereticum
1547 2996 1669 3043 esse
1733 2989 2036 3045 habendmn

443 3074 701 3145 quidquid
735 3075 788 3130 in
826 3076 988 3131 rebus
1030 3076 1153 3133 iidei
1182 3079 1248 3131 ab
1279 3092 1463 3133 earum
1498 3079 1783 3137 traditione
1811 3083 2034 3149 recedit,

2136 1877 2469 1926 sectarentur
2524 1884 2731 1926 morum
2775 1872 3131 1927 institutiones
3158 1914 3172 1938 ,
3218 1870 3409 1927 eadem
3466 1869 3717 1925 nihilomi-

2139 1976 2238 2016 nus
2268 1962 2401 2028 fide,
2447 1961 2738 2033 iisdemque
2766 1964 3117 2019 sacramentis
3148 1963 3286 2018 inter
3316 1976 3375 2018 se
3412 1963 3717 2033 colligeren-

2140 2062 2256 2120 tur;
2298 2068 2361 2108 ea
2394 2053 2689 2109 luculenter
2724 2055 3048 2121 ostendunt,
3084 2068 3201 2125 qua:
3231 2054 3299 2137 de
3327 2054 3605 2110 ebriatiani
3633 2067 3721 2109 no-

2140 2146 2297 2201 minis
2346 2145 2711 2217 Ecclesithue
2774 2148 3127 2218 amplitudine
3188 2149 3448 2204 adversas
3492 2149 3721 2204 ethnicos

2138 2243 2373 2312 disputat
2404 2242 2481 2317 (1)
2515 2260 2530 2299 :
2570 2259 2588 2294 ι
2626 2244 2873 2298 llesterui
2899 2256 3104 2309 sumus,
3139 2252 3192 2299 et
3220 2252 3398 2300 Vestra
3426 2244 3602 2299 omnia
3632 2244 3721 2298 im-

2143 2337 2425 2403 plevimus,
2469 2335 2649 2401 urbes,
2684 2334 2907 2403 insulas,
2937 2338 3177 2399 castella.
3217 2339 3526 2410 municipia,
3554 2336 3721 2393 conci-

2142 2427 2338 2483 iiabula
2365 2468 2379 2495 ,
2419 2441 2590 2484 castra
2632 2430 2766 2500 ipsa,
2817 2432 3007 2497 tribus,-
3046 2431 3310 2500 decurias,
3350 2433 3616 2502 palatium,
3647 2444 3723 2484 se-

2144 2532 2359 2586 natum,
2393 2522 2755 2588 luruut,‘sola
2802 2525 2954 2580 vobis
3000 2526 3352 2597 relinquimus
3385 2527 3594 2598 lcn'tpla.
3636 2524 3720 2581 Cui

2144 2615 2283 2671 bello
2332 2630 2435 2670 non
2492 2616 2700 2684 idonei,
2760 2632 2866 2672 non
2924 2620 3153 2689 prompti
3198 2619 3523 2687 fuissemus,
3573 2616 3719 2675 etiam

2144 2707 2376 2777 impares
2403 2706 2601 2778 cupiis,
2650 2708 2738 2778 qui
2768 2718 2872 2763 tam
2916 2709 3144 2765 libenter
3171 2710 3525 2779 trucidamur,
3554 2711 3598 2766 si
3629 2723 3721 2764 non

2143 2800 2281 2869 apud
2322 2799 2476 2854 istam
2517 2799 2852 2871 disciplinam
2899 2801 3066 2871 magis
3106 2802 3279 2858 occidi
3314 2800 3531 2869 liceret,
3578 2816 3720 2873 quam

2142 2891 2430 2948 occidere?
2474 2893 2750 2948 Potuimus
2800 2903 2854 2948 et
2903 2894 3153 2958 inermes,
3202 2908 3301 2949 nec
3350 2895 3595 2957 rebelles,
3639 2892 3723 2949 sed

2143 2985 2515 3039 tantummodo
2542 2984 2816 3041 discordes
2856 2985 3024 3042 solius
3053 2987 3262 3041 dirortii
3302 2986 3501 3042 invidia
3545 2986 3724 3041 adsero

2142 3093 2235 3133 sus
2278 3094 2373 3134 vos
2418 3077 2719 3135 dimicasse.
2764 3079 2820 3136 Si
2869 3082 3012 3135 enim
3055 3090 3198 3136 tanta
3240 3082 3320 3137 vis
3363 3081 3634 3137 hominum
3675 3080 3721 3134 iit

426 3178 499 3227 .et
524 3179 837 3226 extraneum
871 3178 990 3227 esse
1032 3173 1445 3228 cxiStimandmn
1475 3168 1730 3245 quidquid
1769 3188 1889 3231 etim
1932 3177 2034 3232 illis
2060 3180 2108 3246 α
2140 3170 2371 3240 aliquem
2408 3170 2554 3224 orbis
2597 3171 2784 3225 remoti
2828 3172 3002 3227 sinum
3043 3172 3451 3244 abrupissemus
3492 3189 3520 3229 ι
3557 3173 3715 3238 vobis,

445 3277 551 3317 non
597 3262 648 3317 in
700 3274 801 3317 una
847 3264 1142 3334 eademque
1186 3264 1288 3319 iide
1331 3267 1689 3322 communicat
1735 3268 1857 3335 (2):
1924 3287 1942 3320 ι
1976 3268 2033 3323 in

444 3367 651 3408 summa
704 3354 747 3408 si
806 3365 1035 3421 constat,
1071 3356 1119 3411 id
1149 3357 1326 3412 verius
1372 3358 1512 3428 quod
1543 3361 1693 3430 prius
1723 3404 1736 3426 ,
1781 3361 1829 3415 id
1879 3362 2031 3432 prius

445 3446 584 3517 quod
616 3455 669 3502 et
697 3446 765 3501 ab
791 3448 941 3503 initio
968 3490 981 3514 ,
1013 3449 1079 3502 ab
1120 3450 1270 3504 initio
1314 3451 1450 3519 quod
1498 3453 1565 3505 ab
1597 3453 1865 3522 Aposmiis
1894 3497 1904 3513 ,
1942 3468 2034 3523 pa—

444 3539 581 3593 riter
623 3538 804 3608 uthue
857 3541 1161 3607 eousmbit,
1198 3557 1317 3597 esse
1371 3543 1437 3596 ab
1470 3543 1737 3612 Apostolis
1786 3548 2034 3601 tiaditum

446 3632 587 3702 quod
637 3626 773 3703 apud
839 3633 1095 3689 ecclesias
1140 3634 1514 3705 Apostolorum
1569 3636 1725 3691 fuerit
1760 3652 2034 3693 sacrosan-

446 3731 611 3779 ctum.
636 3725 925 3781 Videamus
967 3726 1105 3795 quod
1157 3724 1238 3782 iac
1289 3740 1315 3780 a
1363 3728 1525 3783 Paulo
1557 3727 1813 3784 Corinthii
1848 3730 2038 3787 hause-

445 3817 549 3871 rint
576 3833 589 3881 ;
618 3820 683 3871 ad
708 3832 866 3888 quam
891 3819 1127 3890 regulam
1177 3820 1378 3875 Galam:
1410 3822 1517 3874 siut
1557 3822 1840 3876 recurreeti
1869 3838 1882 3887 ;
1914 3823 2037 3891 quid

446 3910 626 3981 legant
643 3911 1039 3982 Philippenses,
1072 3912 1596 3977 Titessalonicenscs,
1631 3914 1848 3985 Ephesii
1874 3933 1887 3982 ;
1913 3917 2037 3987 quid

445 4003 603 4057 etiam
627 4004 852 4058 Romani
879 4005 945 4059 de
963 4005 1207 4074 proximo
1232 4013 1453 4072 sonent,
1475 4007 1668 4076 quibus
1685 4007 2035 4079 Evangelium

447 4104 500 4150 et
532 4096 717 4150 Petrus
768 4104 822 4150 et
851 4097 1060 4163 ,Pa‘uius
1108 4102 1365 4169 sanguine
1407 4112 1617 4170 quoque
1645 4114 1744 4154 suo
1770 4102 2036 4170 signatum

446 4187 798 4257 reliquerunt.
829 4188 1095 4245 llaliemus
1128 4201 1180 4246 et
1211 4191 1467 4247 Johannis
1493 4194 1734 4248 alumnas
1761 4195 2036 4251 ecclesias.

444 4279 576 4334 Nam
609 4287 661 4335 et
687 4280 731 4334 si
770 4280 1142 4353 Apoeaiypsim
1192 4284 1306 4354 ejus
1356 4284 1586 4339 Marcion
1619 4282 1824 4355 respuit
1857 4326 1872 4350 ,
1906 4286 2040 4340 ordo

449 4384 628 4428 tamen
662 4374 1036 4444 episcoporum
1068 4376 1133 4430 ad
1165 4378 1424 4446 originem
1457 4390 1729 4444 recensus,
1762 4379 1812 4431 in
1841 4377 2045 4432 Johan-

449 4482 572 4521 nem
609 4467 771 4521 stabit
810 4482 1104 4523 aucmrem.
1143 4469 1231 4523 Sit:
1257 4479 1309 4525 et
1338 4481 1654 4525 ctetcrarmn
1712 4473 2043 4539 generositas

2138 3261 2447 3319 suffudisset
2498 3262 2680 3332 utique
2737 3262 3156 3319 dominationem
3211 3273 3448 3320 vestram
3490 3273 3566 3321 tot
3606 3278 3723 3336 qua-

2137 3357 2497 3427 liumcumque
2538 3356 2757 3412 amissio
2783 3357 2977 3413 civium
3001 3378 3014 3425 ;
3047 3358 3211 3413 immo
3235 3360 3398 3414 etiam
3430 3368 3484 3415 et
3512 3358 3618 3429 ipsa
3643 3357 3725 3411 de-

2140 3448 2417 3503 stitutione
2449 3440 2717 3518 punisset:
2736 3449 2921 3518 procul
2948 3449 3110 3505 dubio
3138 3450 3499 3520 expavissetis
3525 3448 3590 3505 ad
3617 3446 3726 3503 soli-

2143 3544 2377 3599 tudinem
2411 3554 2641 3600 vestram
2665 3586 2679 3611 ,
2711 3544 2776 3598 ad
2811 3543 3078 3599 silentium
3118 3556 3294 3599 rerum
3325 3585 3340 3612 ,
3370 3554 3428 3600 et
3460 3552 3715 3614 stuporem

2141 3636 2425 3707 quemdam
2456 3637 2604 3707 quasi
2643 3646 2866 3691 mortum
2917 3636 3064 3691 urbis
3108 3635 3448 3706 qumsissetis
3470 3635 3651 3706 quibus
3678 3633 3720 3684 iu

2142 3745 2204 3785 ea
2234 3731 2614 3801 imperassetis.
2647 3731 2832 3785 Plures
2871 3730 3053 3787 hostes
3095 3746 3250 3801 quam
3280 3730 3430 3787 cives
3463 3730 3609 3786 vobis
3645 3743 3721 3782 re-

2142 3822 2498 3885 mansissent,
2526 3834 2668 3876 nnuc
2690 3823 2830 3875 enim
2860 3821 3137 3892 pauciores
3171 3825 3350 3876 hostes
3390 3820 3591 3876 habetis
3619 3832 3715 3887 [uno

2144 3913 2481 3968 multitudine
2502 3911 2926 3967 Christianorum
2957 3928 3089 3983 pene
3111 3914 3349 3967 omnium
3369 3913 3583 3977 civiutu,
3605 3922 3725 3979 pene

2142 4020 2331 4061 omnes
2362 4006 2506 4060 cives
2534 4004 2857 4059 christianos
2895 4005 3163 4061 habendo.
3202 4003 3307 4060 Sed
3340 4005 3526 4060 hostes
3554 4000 3726 4057 malui-

2141 4101 2239 4155 stis
2263 4099 2441 4155 vocari
2468 4101 2679 4169 generis
2711 4099 2925 4154 immani
2979 4100 3153 4169 potius
3206 4112 3362 4168 quam
3417 4097 3613 4153 erroris
3638 4093 3726 4147 im-

2143 4194 2306 4247 mani.
2346 4212 2364 4245 ι
2417 4193 2540 4247 Ιίςυο
2564 4193 2631 4247 de
2671 4192 2804 4246 Solis
2839 4192 3170 4246 Montanistis
3198 4190 3429 4262 intelligi
3464 4202 3592 4244 sane
3626 4199 3721 4240 non

2144 4292 2382 4354 possunt.
2404 4284 2700 4354 Numquam
2733 4285 2872 4340 enim
2900 4284 3012 4338 lucc
3033 4296 3176 4338 seeta
3200 4282 3334 4337 adeo
3365 4280 3618 4351 pomoeria
3640 4290 3723 4331 snt

2144 4375 2410 4430 dilatavit.
2448 4377 2552 4432 Sed
2581 4390 2749 4448 neque
2772 4376 2840 4432 de
2869 4374 3189 4430 Chrisuanis
3214 4418 3227 4442 ,
3261 4384 3421 4444 prout
3447 4373 3602 4428 etiam
3626 4369 3726 4424 inc—

2144 4471 2295 4524 retici
2327 4471 2425 4524 hoc
2462 4469 2677 4525 nomine
2703 4470 3068 4525 continentur.
3105 4468 3399 4523 llaeretieos
3425 4467 3562 4522 enim
3585 4462 3725 4518 Clu-i-

445 4561 867 4629 recognoscitur.
912 4560 1040 4613 Dico
1068 4561 1244 4629 itaque
1281 4562 1419 4629 apud
1452 4562 1590 4627 illas,
1625 4577 1723 4617 nec
1765 4564 1907 4617 Solas
1928 4562 2035 4632 jam
2065 4568 2117 4632 Ι)
2144 4563 2434 4619 stianorum
2454 4576 2697 4626 numero,
2723 4561 2911 4616 eodem
2930 4560 3062 4615 libro
3089 4560 3192 4632 (2),
3222 4569 3407 4630 aperte
3436 4556 3724 4613 submovit:

449 4651 791 4719 apostolicus,
822 4650 914 4704 sed
968 4649 1107 4720 apud
1158 4653 1435 4706 universas
1464 4669 1579 4723 quae
1624 4653 1728 4708 illis
1760 4653 1825 4709 de
1864 4656 2036 4710 socie-

449 4748 558 4795 tate
596 4742 916 4797 sacramenti
949 4742 1403 4811 conlintlerantur,
1434 4745 1484 4798 id
1510 4746 1852 4816 Evangeiium
1884 4747 2041 4805 Luet'e

450 4831 518 4885 ab
549 4830 700 4887 initio
725 4834 978 4889 editionis
1005 4843 1151 4891 stare
1179 4836 1318 4905 quod
1348 4851 1467 4891 eum
1500 4840 1731 4893 maxime
1774 4848 2035 4895 tuemur.»

450 4923 577 4979 Haec
605 4925 862 4994 proiecto,
895 4939 948 4983 et.
993 4928 1074 4982 nis
1115 4928 1303 4984 similia
1355 4947 1472 5002 quae
1521 4932 1659 5001 apud
1691 4949 1810 4988 eum
1846 4938 2040 5004 passim

450 5027 740 5071 occurrunt
774 5020 933 5074 etiam
976 5025 1025 5076 in
1058 5022 1123 5077 iis
1173 5023 1324 5079 libris
1346 5039 1481 5094 quos
1502 5035 1726 5091 constat,
1764 5038 2042 5100 postquam

450 5107 516 5162 ad
541 5107 774 5162 Montani
801 5111 992 5181 dogma
1018 5114 1267 5185 delapsus
1312 5126 1409 5180 est,
1441 5117 1507 5172 ab
1532 5118 1780 5174 coluisse
1810 5122 2046 5189 promul-

455 5209 630 5270 δρίος,
670 5201 905 5259 scribere
934 5220 1221 5277 numquam
1254 5222 1416 5265 ausus
1459 5211 1663 5278 fuisset,
1701 5215 1788 5283 qui
1836 5230 1892 5271 se
1941 5233 2044 5272 non

452 5293 815 5348 existimassct
845 5295 898 5350 in
926 5296 1111 5353 iisdem
1148 5316 1270 5356 cum
1319 5303 1563 5358 ecclesiis
1591 5308 1895 5374 apostolicis
1928 5310 2048 5366 iidei

453 5385 790 5454 dogmatibus
839 5392 1256 5447 communicare.
1308 5393 1423 5449 Non
1484 5395 1759 5466 ignorabat
1812 5402 2048 5467 proiecto

454 5475 833 5545 'l‘ertuilianus,
873 5495 1063 5536 novatn
1111 5482 1180 5539 ab
1224 5484 1464 5543 Ecclesia
1527 5502 1746 5545 romana
1805 5490 2045 5549 damnari

521 5682 599 5756 (1)
625 5681 746 5756 Yid.
771 5698 888 5756 cap.
917 5684 990 5741 23

525 5752 599 5824 (2)
619 5753 747 5827 Cap.
779 5757 829 5812 5.

2150 4673 2170 4708 ι
2204 4655 2306 4711 Sed
2337 4656 2475 4709 dicet
2506 4655 2726 4724 aliquis,
2756 4655 2915 4709 etiam
2947 4652 3015 4707 de
3056 4653 3255 4708 nostris
3296 4650 3557 4707 excedere
3581 4656 3726 4717 quos—

2146 4750 2265 4807 dam
2288 4765 2316 4804 a
2346 4749 2527 4819 regula
2556 4748 2885 4818 disciplima:
2919 4746 3168 4803 desinunt
3197 4756 3307 4801 tum
3336 4742 3616 4802 Christiani
3640 4740 3726 4791 ba-

2147 4845 2262 4900 beri
2314 4858 2476 4913 penes
2517 4856 2634 4897 nos.
2673 4861 2690 4894 ι
2747 4842 2871 4897 Haec
2921 4843 3080 4912 igitur
3136 4841 3411 4905 Ecclesia,
3456 4837 3605 4906 cujus
3646 4844 3728 4902 per

2149 4945 2316 4991 lOltIm
2346 4936 2539 4990 librum
2580 4935 2880 5004 inculpatos
2910 4934 3384 5002 sanctissimosquo
3417 4944 3592 4987 mores
3641 4925 3727 4978 dv-

2149 5030 2374 5096 scribit,
2407 5040 2564 5100 atque
2589 5039 2788 5096 tuetur,
2821 5037 2875 5083 et
2903 5044 2933 5084 e
2961 5028 3114 5098 cujus
3140 5026 3261 5081 sinu
3292 5027 3487 5080 multos
3510 5067 3524 5091 ,
3557 5024 3650 5085 ait,
3681 5017 3725 5072 id

2148 5127 2409 5195 temporis
2438 5124 2854 5194 innumerosque
2890 5132 3154 5193 martyres
3186 5120 3449 5190 prodiisse
3469 5161 3481 5181 ,
3516 5125 3726 5187 qttormu

2151 5219 2365 5289 Sanguis
2402 5232 2585 5272 semen
2616 5224 2726 5272 erat
2760 5215 3187 5271 Christianorum
3211 5256 3224 5279 ,
3258 5228 3430 5283 neque
3460 5208 3725 5264 haereticos

2150 5310 2625 5381 complectebatur,
2678 5320 2850 5379 neque
2893 5308 3041 5362 solos
3086 5305 3468 5371 Montanis-tas,
3517 5300 3606 5356 sed
3649 5294 3724 5350 vel

2152 5402 2383 5456 maxime
2411 5401 2713 5457 Catltoiicos
2732 5442 2746 5467 ,
2777 5400 2865 5469 qui
2898 5411 2954 5453 ut
2987 5408 3069 5455 est
3095 5397 3234 5467 apud
3260 5396 3504 5453 eumdem
3533 5386 3727 5448 Tertul-

2152 5492 2349 5547 lianqu
2384 5492 2459 5565 (5)
2487 5534 2501 5557 ,
2533 5492 2602 5548 de
2631 5490 2971 5548 multitudine
2999 5490 3382 5562 gloriabantur,
3411 5495 3467 5543 et
3493 5500 3524 5542 e
3546 5480 3723 5555 quibus

2227 5628 2302 5696 (i)
2332 5628 2573 5700 Apolog.,
2603 5644 2721 5699 cap.
2751 5629 2840 5685 57.

2228 5700 2305 5771 (2)
2332 5700 2486 5771 ibid,
2520 5716 2639 5771 cap.
2667 5700 2758 5756 46.
3006 5768 3044 5771 ΔΑ
3596 5732 3615 5757 ο

2230 5768 2309 5844 (ὅ)
2337 5770 2454 5827 Lib.
2486 5772 2549 5827 de
2567 5768 2807 5844 Jejunit's,
2838 5785 2956 5843 cap.
2984 5768 3075 5828 40.
