3950 6310
254 308 317 376 93
1085 314 1219 374 eno
1256 316 1354 376 ss.
1398 314 1789 388 PERPETUA,
1828 302 2239 375 remotum
2279 312 2364 374 cr
2402 312 2633 374 secus.
3455 306 3524 371 at

257 430 472 497 constat.
522 434 835 489 innumeros
865 442 973 504 pra:
1008 433 1127 489 aliis
1157 435 1319 490 sectis
1355 434 1518 490 fuisse
1563 443 1825 507 martyres
1853 418 1904 498 Α
1936 452 1955 490 r
1989 436 2157 504 Quam
2191 450 2372 505 pacem
2413 433 2632 506 quidam
2666 434 2717 490 in
2760 432 2997 492 Ecclesia
3040 440 3143 490 non
3194 428 3450 490 habentes
3492 450 3522 490 a

256 528 533 583 coronatus.
584 526 838 581 Altamen
892 532 1037 589 eum,
1086 524 1399 581 Tertulliani
1444 525 1667 596 judicio,
1719 541 1826 596 quo

256 626 468 688 tempore
494 617 903 688 Apologeticum
935 618 1309 688 promulgavit,
1346 632 1537 687 nempe
1569 616 1619 673 in
1650 618 1827 674 medio

255 721 367 768 cStu
398 709 818 781 persecutionis,
848 708 948 779 ipsi
977 723 1190 779 quoque
1226 708 1563 764 Montanistre
1590 708 1828 765 Catholi-

254 819 414 863 corum
454 816 677 859 numero
716 804 1105 867 censerentur;
1142 801 1478 857 manifestum
1506 808 1588 857 cst
1611 843 1624 865 ,
1657 818 1721 857 ex
1760 802 1823 857 iis

253 908 298 955 et
320 896 447 954 veris
473 896 764 954 Catitoii‘cis
796 903 952 950 unam
977 894 1350 965 eamdemque,
1386 910 1445 948 ex
1475 894 1591 961 eius
1613 903 1828 949 senten-

254 990 312 1045 tia
347 988 535 1044 Christi
566 986 861 1042 Ecclesiam
909 981 1219 1041 constitisSe
1244 1029 1257 1052 ,
1302 1001 1420 1054 qua:
1463 985 1590 1041 licet
1628 985 1827 1056 ubique

256 1096 346 1137 non
372 1080 580 1137 easdem
611 1078 832 1134 omnino
862 1092 1070 1132 morum
1113 1078 1474 1133 institutiones
1503 1086 1779 1148 usurparet
1809 1098 1823 1133 :

253 1188 399 1228 unum
452 1180 627 1227 tamen
683 1169 934 1238 idemque
978 1169 1256 1240 religionis
1305 1184 1501 1239 corpus
1553 1166 1825 1223 censenda

257 1274 400 1335 esset,
425 1264 563 1339 quod
603 1267 655 1320 in
689 1264 874 1321 eadem
908 1264 1029 1320 tidci
1060 1262 1308 1335 dogmata
1338 1266 1697 1334 conspiraret,
1731 1263 1818 1318 iis-

252 1358 460 1427 demque
494 1357 612 1413 iidei
640 1357 992 1413 sacramentis
1024 1362 1283 1412 uteretur.

312 1446 432 1505 Vill.
473 1440 654 1506 Tertio
681 1447 972 1504 notandum
994 1457 1094 1514 est,
1131 1447 1184 1502 id
1212 1446 1352 1518 quod
1379 1447 1540 1502 etiam
1587 1462 1654 1504 ex
1683 1462 1824 1517 prm-

250 1542 406 1598 missis
433 1547 622 1612 sponte
635 1552 731 1596 sua
759 1540 1137 1611 proﬁciscitur,
1156 1538 1550 1595 Catholicorum
1567 1548 1828 1611 martyres

249 1635 391 1691 fuisse
414 1650 442 1688 ιι
479 1633 816 1690 MontaniStis
845 1648 939 1703 pro
974 1634 1117 1689 veris
1144 1632 1465 1705 martyribus
1491 1632 1787 1688 {estimates
1807 1674 1822 1699 ,

251 1735 297 1782 et
336 1726 395 1780 ad
439 1738 624 1781 eorum
656 1724 1037 1797 quoqoomodo
1065 1725 1496 1779 communionem
1528 1723 1664 1778 viam
1695 1722 1827 1778 aﬁ‘e-

1933 536 2255 606 martyribus
2284 537 2577 591 incarcere
2605 530 2829 592 exorare
2860 536 3276 591 consueverunt.
3307 534 3374 589 Et
3398 532 3520 588 ideo

1931 642 2047 682 eam
2080 629 2237 682 etiam
2284 638 2559 697 propterea
2602 628 2651 682 in
2698 618 2850 682 vobis
2888 626 3115 690 habere,
3155 637 3209 681 et
3251 624 3521 680 custodire

1931 712 2172 780 debetis,
2205 726 2262 773 ut
2288 720 2333 771 si
2360 719 2522 783 forte,
2559 727 2612 773 et
2637 719 2757 774 aliis
2802 722 3058 788 praestare
3090 716 3321 788 possitis.
3362 738 3379 770 ι
3428 708 3523 772 ilic

1931 812 2071 866 enim
2103 812 2490 868 Catholicorum
2526 828 2640 866 mos
2668 812 2797 876 fuit,
2831 822 2886 866 ut
2915 810 3291 866 communione
3321 804 3388 865 ob
3412 809 3516 865 cri-

1931 903 2072 956 mina
2098 903 2339 971 capitalia
2375 896 2566 973 dejemi
2588 945 2602 969 ,
2647 913 2939 976 martyrum
2966 917 3123 973 opem
3152 902 3518 972 implorarent.

1932 985 2096 1050 Porro
2123 994 2381 1050 Catholici
2413 994 2476 1050 ad
2510 996 2873 1063 Montanistas,
2905 996 3096 1067 quibus
3124 994 3358 1049 sciebant
3382 992 3523 1064 ejus-

1931 1086 2074 1142 modi
2121 1088 2374 1143 Ecclesize
2418 1084 2696 1143 eaihoiicm
2738 1103 2940 1143 morem
2984 1096 3040 1142 et
3084 1082 3522 1142 consuetudinem

1931 1178 2219 1247 improbari
2244 1222 2257 1245 ,
2283 1178 2509 1234 minime
2542 1179 2922 1248 confugiSsent.
2955 1172 3137 1233 Tertio
3168 1219 3182 1242 ,
3212 1188 3415 1232 eertum
3443 1183 3522 1231 est

1932 1280 2215 1343 martyres,
2246 1268 2310 1323 ad
2343 1285 2477 1341 quos
2507 1269 2768 1341 ejusmodi
2797 1266 2987 1324 librum
3012 1260 3373 1324 'I'crtttlllanus
3396 1264 3521 1323 des-

1929 1364 2147 1425 tinavit,
2193 1379 2221 1417 a
2257 1364 2350 1418 sua
2377 1364 2754 1418 communione
2779 1363 2983 1417 alienos
3009 1362 3314 1432 neutiquam
3352 1358 3525 1415 credi—

1930 1458 2090 1513 disse.
2125 1456 2233 1512 Eos
2258 1454 2400 1511 enim
2446 1464 2630 1527 rogat,
2673 1452 2813 1527 quod
2862 1456 3000 1511 inter
3038 1455 3287 1511 alimenta
3320 1453 3518 1520 carnis,

1929 1563 2047 1619 qum
2077 1547 2179 1603 illis
2212 1546 2445 1602 Ecclesia
2474 1546 2942 1611 subministrabat,
2981 1557 3033 1602 et
3065 1545 3165 1601 hoc
3189 1547 3256 1603 ab
3292 1563 3356 1603 eo
3404 1563 3521 1602 ltiti-

1932 1640 2209 1695 nuscuiuin
2235 1638 2573 1709 acciperent,
2626 1640 2767 1710 quod
2802 1637 2867 1695 ad
2905 1638 3250 1709 saginandum
3277 1636 3521 1709 spiritum

1930 1731 2170 1797 faceret;
2204 1730 2344 1800 quod
2394 1739 2540 1786 certe
2577 1736 2773 1785 mutua:
2815 1729 3208 1785 comtnunionis
3247 1728 3521 1786 indublum

248 1828 418 1875 classe.
449 1818 769 1874 Catholicos
792 1816 1008 1889 quidem
1040 1826 1305 1890 martyres
1326 1834 1353 1871 a
1381 1816 1821 1872 Montanistarum

1932 1837 2011 1884 est
2041 1826 2434 1896 argumentum.
2479 1827 2696 1881 Certum
2720 1812 2952 1895 denique
2973 1832 3054 1880 est
3090 1820 3376 1880 Ecclesiam
3406 1838 3523 1895 (μιίυ

251 1913 609 1970 communione
660 1912 1039 1979 abhorruisse,
1080 1913 1352 1967 meruerim
1397 1909 1627 1982 prodidit
1664 1910 1824 1968 Aste-

248 2004 343 2062 rius
385 2005 664 2070 Urbanus,
715 2020 820 2063 non
871 2005 998 2059 item
1040 2003 1387 2060 Montanistas
1424 1999 1822 2059 Calliolicorum

247 2104 521 2167 martyrum
600 2096 1037 2151 communionem
1109 2104 1230 2150 celse
1300 2102 1574 2150 aversatos
1649 2095 1820 2167 (l):

250 2204 267 2237 ‹
295 2186 676 2254 Quamobrem,
710 2186 912 2257 inquit,
968 2186 1410 2258 quotiescumque
1439 2186 1694 2241 Ecclesia:
1726 2184 1821 2243 viri

243 2280 649 2352 adjmartyrium
680 2288 777 2351 pro
808 2294 932 2335 vera
974 2279 1078 2334 [ide
1105 2278 1441 2335 subeundum
1474 2279 1644 2333 vocati
1664 2320 1678 2345 ,
1720 2292 1821 2349 una

244 2388 345 2429 cum
384 2375 702 2446 quibusdam
745 2373 812 2429 de
853 2374 1122 2444 Phrygum
1160 2372 1386 2436 Inrrcsi,
1438 2372 1525 2443 qui
1560 2378 1823 2443 martyres

245 2464 489 2543 dicuntur,
525 2480 655 2521 casu
683 2466 912 2536 quodam
947 2466 1207 2533 coierint,
1246 2476 1462 2534 semper
1491 2463 1558 2518 ab
1586 2463 1688 2518 illis
1717 2461 1826 2519 dis-

244 2556 457 2614 sentiunt
486 2578 498 2612 :
529 2563 582 2613 et
608 2558 1048 2613 communionem
1084 2560 1275 2612 eurum
1302 2556 1532 2611 sollicite
1567 2555 1820 2622 vitantes,

243 2651 509 2723 gloriosum
543 2650 783 2724 martyrii
821 2653 1019 2707 exitum
1049 2650 1478 2721 consequantur;
1512 2648 1708 2719 quippe
1734 2647 1823 2718 qni

243 2743 448 2801 Montani
480 2754 536 2801 et
564 2744 999 2800 muliercularum
1035 2743 1249 2816 Spiritui
1270 2756 1556 2816 assensum
1585 2755 1824 2797 cornutu-

243 2836 351 2893 dare
392 2834 542 2894 nefas
587 2836 803 2893 ducant.
851 2828 1023 2908 Atque
1056 2835 1107 2891 id
1140 2842 1321 2891 verum
1353 2849 1474 2890 esse
1520 2842 1730 2889 constat
1757 2849 1821 2889 ex

244 2928 299 2985 iis
331 2946 441 3001 quae
473 2943 659 2986 nostra
692 2938 847 2986 actate
874 2931 923 2984 in
949 2929 1087 2985 urbe
1114 2929 1372 2999 Apamea,
1406 2940 1525 2998 qua:
1552 2927 1618 2983 ad
1649 2924 1824 2982 Mean-

243 3020 375 3077 drum
437 3016 542 3077 sita
590 3033 703 3089 est,
748 3020 895 3091 gesta
961 3030 1085 3077 sunt
1146 3035 1176 3075 a
1216 3016 1346 3076 Caio
1410 3027 1464 3074 et
1519 3018 1823 3075 Alexandro

245 3115 584 3188 martyribus,
633 3114 874 3168 oriundis
917 3114 1195 3168 Euinenia.
1235 3124 1253 3164 ι
1304 3112 1470 3183 llujus
1504 3126 1715 3182 quoque
1744 3112 1819 3168 rei

1931 1919 2173 1977 laudatos
2225 1930 2485 1994 martyres
2548 1921 2815 1976 alimentis
2880 1919 3060 1975 Carnis
3130 1928 3379 1991 tanquam
3441 1920 3522 1986 pia

1933 2024 2104 2069 mater
2136 2013 2381 2081 fovebat,
2414 2022 2595 2069 Veram
2618 2011 2817 2069 Christi
2846 2011 3141 2067 Ecclesiam
3169 2054 3183 2077 ,
3211 2004 3522 2067 Tertulliani

1930 2119 2142 2174 quoque
2165 2102 2365 2174 judicio
2397 2100 2559 2159 fuisse
2591 2121 2603 2156 :
2643 2120 2663 2156 ι
2703 2102 2846 2159 inter
2871 2102 3047 2157 carnis
3077 2100 3332 2156 alimenta
3362 2101 3522 2157 bene-

1930 2192 2055 2249 dicti
2090 2206 2356 2268 martyres
2381 2195 2641 2265 designati
2668 2236 2681 2259 ,
2711 2209 2833 2264 qure
2857 2192 3008 2248 vobis
3036 2196 3086 2247 et
3116 2190 3330 2247 domina
3355 2200 3525 2247 mater

1930 2287 2170 2344 Ecclesia
2201 2288 2267 2343 de
2293 2282 2545 2343 uberibus
2575 2286 2687 2341 suis
2712 2326 2727 2353 ,
2767 2290 2822 2340 et
2853 2284 3058 2355 singula
3089 2283 3282 2339 fratres
3317 2284 3382 2340 de
3410 2283 3524 2355 opi-

1928 2380 2028 2436 bus
2057 2381 2168 2435 suis
2197 2381 2425 2450 propriis
2449 2381 2498 2434 in
2528 2393 2744 2434 carcere
2772 2377 3211 2442 subministrant,
3234 2374 3405 2447 capite
3427 2376 3525 2431 ali-

1929 2472 2052 2545 quid
2082 2483 2136 2529 et
2159 2480 2187 2527 a
2212 2472 2363 2543 nobis
2385 2512 2401 2538 ,
2431 2466 2572 2542 quod
2597 2468 2754 2525 faciat
2782 2468 2848 2525 ad
2878 2469 3121 2538 spiritum
3153 2482 3364 2539 quoque
3389 2467 3520 2523 edu-

1929 2567 2178 2624 candum.
2212 2586 2231 2620 ι
2278 2565 2434 2635 Atqui
2462 2563 2726 2620 catholica
2757 2560 2994 2618 Ecclesia
3024 2562 3125 2617 nisi
3150 2560 3216 2616 de
3248 2559 3523 2615 catholicis

1929 2656 2257 2729 martyribus
2287 2654 2513 2712 sollicita
2542 2668 2645 2710 non
2674 2655 2881 2710 fuisset.
2915 2653 3180 2709 Praeterea
3210 2652 3348 2707 inter
3376 2664 3515 2722 pra:—

1928 2752 2110 2820 cipuas
2144 2748 2395 2805 Ecclesia:
2422 2749 2677 2803 Romana:
2698 2746 2887 2811 dotes,
2917 2761 2979 2801 ex
3026 2744 3218 2816 quibus
3258 2742 3432 2810 illam,
3464 2748 3522 2799 ut

1927 2852 2084 2912 supra
2118 2842 2380 2905 videmus,
2414 2850 2757 2909 summopere
2787 2837 3146 2901 commendat,
3180 2836 3317 2892 lianc
3359 2837 3519 2892 etiarn

1928 2944 2208 3003 recenset,
2262 2934 2403 3004 quod
2447 2944 2575 2989 suos
2629 2934 2695 2989 ad
2748 2933 3056 3005 martyrium
3106 2929 3517 2986 adhortaretur:

1928 3028 2204 3100 Martyrio,
2239 3029 2429 3099 inquit,
2464 3028 2785 3082 adhortatur.
2815 3027 2944 3094 Qua:
2971 3040 3097 3080 vero
3122 3026 3258 3088 laus,
3291 3031 3383 3078 aut
3406 3023 3520 3094 glo-

1935 3122 2012 3177 ria
2068 3120 2254 3176 fuisset
2318 3134 2422 3175 non
2492 3121 2791 3191 genuinos,
2847 3119 2939 3173 sed
2989 3115 3520 3173 adulteros-Christo

242 3205 503 3261 manifesta
552 3205 706 3260 nobis
734 3220 800 3260 ex
835 3204 1025 3260 eodem
1054 3204 1380 3259 'l'ertulllano
1410 3208 1707 3273 suppetunt
1736 3217 1821 3257 ar-
1846 3224 1890 3290 ρ
1927 3220 2188 3284 martyres
2228 3211 2454 3281 parcre?
2498 3220 2590 3267 aut
2625 3213 2746 3281 quis
2773 3209 2982 3269 dubitet
3026 3224 3091 3263 an
3118 3222 3277 3265 veros
3319 3208 3519 3265 Christi

241 3308 461 3369 gumenta
497 3318 513 3354 :
544 3299 807 3369 imprimis
826 3312 889 3354 ex
914 3299 1049 3353 libro
1070 3298 1137 3353 ad
1162 3297 1445 3369 Martyras,
1476 3296 1564 3367 qui
1594 3311 1715 3350 cum
1743 3296 1818 3351 fu-

241 3402 372 3448 rente
400 3394 780 3464 persecutione
804 3391 977 3447 etiitus
1018 3389 1181 3446 luerit
1201 3432 1216 3457 ,
1250 3391 1457 3444 nullum
1489 3389 1707 3445 dubium
1738 3397 1821 3444 est

241 3489 349 3557 quin
377 3488 441 3543 ad
462 3498 657 3544 eorum
685 3486 914 3542 classem
942 3485 1238 3556 pertineat,
1267 3496 1404 3554 quos
1430 3483 1553 3537 dum
1585 3483 1636 3537 in
1667 3482 1821 3537 Mou-

242 3582 334 3636 tani
358 3582 550 3638 castris
581 3580 856 3645 militaret,
890 3577 1242 3634 elucubravit.
1275 3575 1492 3631 Certum
1518 3584 1693 3631 autem
1720 3576 1820 3629 im‘

242 3674 405 3742 primis
422 3683 509 3730 est
545 3673 693 3729 hunc
722 3671 918 3727 librum
949 3672 1122 3737 veris,
1151 3684 1217 3726 ex
1247 3670 1561 3725 Tertulliani
1603 3683 1818 3740 quoque

242 3768 482 3822 sententia
504 3809 521 3833 ,
558 3765 763 3821 Christi
795 3764 1119 3836 martyribus
1147 3763 1307 3818 fuisse
1339 3770 1702 3832 nuncupatum
1724 3804 1737 3828 ,
1772 3770 1827 3816 ut

244 3870 357 3926 quos
382 3857 681 3914 innumeris
708 3856 956 3912 laudibus
982 3856 1253 3918 cumulat,
1286 3862 1340 3910 et
1366 3839 1677 3910 benedictus
1706 3864 1827 3923 pas-

242 3951 327 4004 sim
366 3950 600 4021 appellat
633 3949 714 4021 (2)
755 3966 768 4002 :
825 3968 843 4002 ι
881 3949 1025 4004 inter
1052 3948 1230 4019 carnis
1262 3938 1510 4001 alimenta
1560 3945 1828 4001 benedicti

245 4054 487 4116 martyres
517 4041 805 4113 designati.
837 4042 1102 4112 imprimis
1124 4055 1251 4111 ergo
1280 4040 1568 4107 benedicti,
1592 4050 1697 4095 etc.
1727 4039 1825 4111 (ὃ).

243 4133 341 4201 Quo
370 4152 461 4193 vos
488 4136 767 4195 benedicti
795 4136 862 4192 de
887 4146 1105 4191 carcere
1124 4178 1137 4200 ,
1172 4145 1275 4191 etc.
1314 4134 1414 4207 (ιι).
1449 4135 1538 4191 Sic
1567 4150 1706 4189 nunc
1737 4134 1829 4190 be-

245 4226 451 4295 nedicti,
495 4238 608 4284 etc.
660 4227 893 4283 Proinde
926 4241 1024 4282 vos
1066 4226 1396 4288 benedictae,
1433 4236 1536 4280 ctc.
1571 4224 1671 4295 (ὅ).
1706 4222 1830 4280 llaec

243 4315 485 4376 benedicti
535 4336 644 4377 non
688 4322 806 4377 sine
844 4330 1071 4386 caussa,
1102 4330 1206 4375 etc.
1246 4339 1265 4371 ι
1299 4319 1545 4375 Secundo
1568 4363 1581 4383 ,
1617 4319 1827 4374 tertium

242 4420 328 4473 est,
362 4412 480 4484 bos,
522 4424 665 4485 quos
701 4414 866 4468 tantis
896 4411 1359 4468 benedictionibus
1398 4411 1654 4476 cumulat,
1684 4418 1737 4465 et
1763 4409 1828 4465 ad

244 4503 421 4559 cretum
451 4520 624 4576 usque
653 4504 899 4560 laudibus
923 4502 1077 4561 ell‘ert
1101 4544 1118 4571 ,
1149 4512 1252 4558 non
1283 4502 1637 4558 montanistas
1667 4500 1830 4556 fuisse

1924 3313 2187 3376 martyres
2214 3303 2268 3359 in
2293 3304 2496 3359 imitere
2527 3303 2883 3358 Tertullianus
2936 3301 3181 3356 habuerit
3201 3342 3215 3365 ,
3246 3308 3302 3356 et
3335 3314 3519 3356 eorum

1921 3397 2360 3460 co-nmuniouem
2399 3392 2707 3463 exoptarit?
2748 3382 3055 3458 Postremo,
3109 3404 3295 3447 eorum
3321 3401 3520 3464 marty-

1926 3504 2045 3544 rum
2072 3531 2086 3557 ,
2117 3503 2343 3560 quorum
2372 3476 2530 3543 [idem
2557 3529 2572 3555 ,
2619 3487 2974 3544 constantiam
2999 3527 3013 3549 ,
3045 3494 3098 3542 et
3127 3486 3517 3541 multitudinem

1926 3596 2047 3637 cum
2102 3583 2153 3637 in
2202 3581 2582 3653 Apologetico,
2616 3588 2727 3636 tum
2775 3584 2827 3636 in
2876 3580 3013 3635 libro
3033 3581 3097 3633 ad
3133 3579 3435 3650 Scapulam,
3467 3589 3521 3634 et

1927 3674 2052 3729 alibi
2115 3672 2544 3742 frequentissime
2610 3673 2903 3743 praedicat,
2967 3664 3253 3727 maximam
3318 3682 3517 3744 partem

1932 3765 2096 3821 fuisse
2135 3765 2530 3821 Catholicorum
2558 3808 2571 3831 ,
2615 3776 2715 3821 nec
2755 3766 3081 3835 Basnagius,
3116 3774 3274 3835 puto,
3317 3766 3521 3821 inlicia;

1932 3857 2101 3911 iturus
2124 3865 2207 3914 eSt
2235 3874 2249 3912 :
2291 3858 2393 3912 nisi
2427 3860 2562 3914 forte
2593 3860 2718 3914 velit
2757 3860 3006 3913 eximiam
3041 3860 3177 3912 bane
3202 3858 3517 3916 Catlioiicm.

1931 3948 2168 4017 adeoque
2189 3962 2327 4003 verae
2341 3947 2540 4002 Christi
2559 3948 2811 4003 Ecclesiae
2831 3949 3038 4003 Iaudem
3062 3948 3360 4010 detrahere,
3374 3930 3518 4018 quod

1901 4036 2309 4097 ,fccundissima
2351 4038 2509 4093 fuerit
2534 4048 2836 4093 sanctorum
2881 4048 3170 4111 martyrum
3199 4053 3410 4110 parens.

2006 4147 2097 4202 ΙΧ.
2142 4144 2234 4203 liis
2278 4150 2666 4205 animadversis
2686 4192 2700 4214 ,
2730 4150 2930 4205 nullam
2950 4194 2962 4213 ,
2999 4156 3124 4220 puto
3145 4193 3158 4217 ,
3194 4148 3245 4205 in
3273 4151 3517 4222 Basnagii

1935 4239 2219 4310 propositis
2283 4241 2608 4311 argumentis
2644 4254 2927 4311 superesse
2952 4242 3340 4300 difﬁcultatem.
3394 4243 3523 4312 Quis

1934 4335 2073 4386 enim
2100 4332 2325 4387 miretur
2353 4332 2418 4403 (si
2453 4330 2516 4386 ad
2541 4346 2602 4387 ea
2622 4374 2636 4396 ,
2669 4331 2737 4388 de
2769 4333 2959 4403 quibus
2991 4333 3247 4389 hactenus
3273 4335 3523 4389 disserui-

1933 4436 2072 4489 mus,
2114 4425 2351 4479 animum
2399 4421 2734 4495 adverterit);
2788 4424 2937 4493 quis,
2983 4424 3231 4494 inquam,
3276 4424 3520 4489 miretur,

1934 4521 2205 4571 auctorem
2247 4514 2625 4570 mentauistam
2653 4515 3038 4570 catholicorum
3081 4525 3197 4571 acta
3229 4526 3522 4588 martyrum

243 4604 510 4668 martyres,
529 4598 626 4653 sed
654 4597 975 4663 catholicos.
1003 4605 1094 4650 aut
1123 4611 1187 4651 ex
1213 4593 1295 4649 hi8
1324 4595 1512 4649 sallt‘m
1542 4593 1827 4663 ριιιτίηιεηι
1856 4625 1908 4685 Ι)
1934 4608 1987 4664 ἰη
2018 4610 2188 4665 lucem
2238 4608 2400 4666 edere
2429 4609 2695 4673 voluisse,
2737 4618 2792 4665 et
2832 4608 2897 4663 ad
2932 4608 3228 4665 habendam
3256 4624 3376 4663 cum
3419 4606 3524 4666 illis

242 4699 407 4744 eorum
438 4701 648 4762 partem
676 4689 1006 4746 constitisse.
1034 4687 1091 4743 ld
1114 4696 1325 4742 constat
1351 4701 1416 4742 ex
1442 4687 1616 4756 capite
1635 4686 1827 4755 primo,

244 4780 320 4835 ubi
353 4798 445 4839 eos
487 4785 556 4838 ad
600 4784 841 4838 mutuam
892 4792 1076 4850 pacem
1115 4779 1198 4834 his
1242 4777 1424 4833 verbis
1469 4776 1831 4832 adhortatur:

304 4915 375 4988 (Ι)
413 4902 527 4971 ὅθεν
568 4940 642 4972 τω
671 4922 754 4970 καὶ
794 4919 980 4971 ἐπειδὰν
1022 4923 1067 4969 οἳ
1104 4917 1182 4969 ἰπὶ
1223 4922 1277 4967 τὸ
1321 4928 1409 4971 τίς
1454 4919 1578 4965 κατὰ
1607 4913 1835 4972 ἀλήθειαν

244 4996 419 5049 πίστεως
449 4993 707 5059 μαρτύριον
733 4993 981 5049 πληθὲντες
1011 4990 1108 5040 ἀπὸ
1129 5001 1213 5048 τῆς
1232 4992 1499 5044 Emam-lat;
1522 4990 1835 5051 τῦχωσιμετὰ

245 5079 363 5111 τινων
385 5076 474 5115 τῶν
501 5066 599 5114 ἀπὸ
631 5075 713 5120 τίς
734 5076 823 5114 τῶν
853 5066 1038 5127 Φρυγῶν
1066 5062 1283 5127 αἱρέσεως
1315 5063 1566 5123 λεγομενων
1586 5062 1835 5125 μαρτύρων

245 5128 527 5200 διαφέρωνται(
569 5154 616 5185 τε
661 5140 776 5199 πρὸς
818 5134 1019 5192 αὐτοὺς,
1053 5139 1133 5183 καὶ
1170 5138 1242 5197 μὶν
1271 5142 1625 5187 κοινωνήσαντες
1669 5130 1831 5188 αὐτοῖς

245 5208 538 5264 adamantas,
581 5205 661 5254 διὰ
699 5212 755 5255 τὸ
799 5211 871 5268 pa
907 5204 1162 5269 βούλεσθαι
1210 5205 1583 5272 supinata-91:
1632 5208 1710 5272 ’τῷΔ
1751 5200 1832 5249 διὰ,

245 5274 475 5327 Nam»;
504 5274 586 5325 καὶ
614 5284 705 5326 τῶν
733 5287 963 5337 γυναικῶν
992 5266 1239 5336 πνεῦματί,
1270 5266 1352 5323 sui
1386 5273 1460 5323 ὅτι
1494 5275 1630 5323 τοῦτο
1660 5266 1812 5326 ἀληθὲ

243 5346 312 5392 καὶ
337 5348 409 5396 ἐπὶ
430 5355 523 5397 τῶν
552 5350 785 5413 ἦμετερῶν
811 5346 979 5411 χρόνων
1012 5347 1057 5393 ἐν
1080 5347 1303 5408 ,ὶπαμείᾳ
1328 5353 1384 5408 τῇ
1421 5348 1533 5413 πρὸς
1569 5340 1832 5413 Μαιάνδρῳ

245 5420 446 5480 τυγχάνει
472 5402 787 5483 γηεῦημέῦεν,
811 5402 862 5466 '53
883 5417 980 5473 τοῖς
998 5422 1103 5481 περὶ
1130 5418 1274 5466 Γέιϊαν
1308 5402 1706 5483 κᾳὶ“Ᾱ’).ἑξᾳινδρξγ

248 5484 502 5611 ἓῦμενὶίὲς,
530 5480 884 5556 papa-optantur,
931 5480 1179 5556 πρόδὴλρν.
1214 5480 1367 5553 Apud
1395 5480 1617 5549 EUSel).,
1648 5480 1743 5536 lib.
1778 5496 1830 5549 v,

279 5567 356 5611 ιιι).
461 5596 474 5609 .

250 5563 356 5622 ειιι).
386 5563 474 5611 16.

320 5623 383 5696 ζὲ)
405 5626 540 5696 Cap.
570 5625 626 5680 1.

335 5696 388 5767 ὃ)
424 5695 557 5767 Cap.
588 5766 591 5767 ν
613 5696 668 5750 2.

334 5721 388 5836 ,ῖς
584 5721 637 5824 δῖ

317 5836 390 5909 (ὅ)
415 5836 545 5912 Cap.
584 5838 639 5897 4.
687 5845 690 5848 ’

1938 4703 2369 4758 communionem
2394 4716 2518 4757 suos
2554 4701 2715 4756 fuisse
2741 4700 3126 4757 adhortatum?
3166 4702 3249 4757 An
3277 4700 3329 4756 id
3357 4702 3525 4773 magis

1936 4797 2258 4862 mirandum,
2289 4808 2445 4866 quam
2468 4797 2533 4851 ad
2552 4797 2690 4866 quod
2719 4812 2832 4861 eos,
2853 4809 3037 4852 auctor
3058 4796 3304 4852 similiter
3321 4807 3526 4851 monta-

1938 4888 2100 4949 nista,
2124 4887 2317 4943 librum
2346 4902 2533 4942 eorum
2563 4889 2808 4942 laudibus
2830 4887 3105 4954 refertum,
3136 4890 3526 4945 communionis

1941 4982 2123 5049 utique
2170 4976 2511 5049 symbolum,
2546 4980 2861 5035 destinarit?
2908 4991 2997 5034 aut
3036 4980 3177 5051 quod
3218 4981 3526 5049 apostolica.

1936 5080 2053 5126 rum
2079 5070 2435 5126 Ecclesiarum
2464 5071 2914 5134 counnunioucm,
2935 5084 3158 5140 quarum
3179 5070 3315 5127 inter
3335 5072 3526 5140 pracci-

1935 5178 2037 5235 pua
2066 5165 2303 5219 membra
2336 5172 2598 5237 martyres
2627 5174 3035 5232 computantur,
3069 5174 3343 5236 tantopere
3381 5181 3525 5221 cor.-

1934 5257 2240 5313 merularit?
2274 5258 2402 5325 Quis
2441 5257 2601 5312 etiam
2632 5256 2857 5311 miretur
2884 5254 3273 5313 Tertullianum
3323 5256 3529 5328 magnis

1936 5350 2253 5420 Perpetuam
2304 5349 2549 5404 laudibus
2597 5348 2873 5413 affecisse,
2924 5347 3335 5421 fortissimaque
3383 5363 3525 5403 mav

1941 5445 2072 5515 tyris
2102 5442 2370 5513 praeconio
2397 5438 2732 5497 exernasse?
2779 5440 2971 5496 Annon
3005 5443 3172 5513 magis
3204 5438 3526 5505 mirandum,

1940 5534 2084 5604 quod
2111 5533 2404 5588 catholicos
2434 5540 2733 5603 martyres,
2774 5532 2829 5588 in
2861 5532 3000 5588 libro
3034 5532 3164 5605 ipsis
3202 5542 3526 5602 nuncupata,

1942 5637 2021 5683 tot
2042 5625 2499 5683 benedictionibus
2524 5623 2809 5691 cumulari,
2837 5626 2978 5697 quod
3007 5638 3193 5683 eorum
3225 5625 3532 5682 certaminis

1946 5735 1968 5772 ε
1989 5718 2362 5789 agonotbelem
2383 5724 2404 5769 ι
2425 5731 2544 5795 esse
2563 5716 2757 5777 dixerit
2776 5716 2855 5792 (l)
2877 5736 2896 5773 ι
2914 5719 3084 5779 Deum
3106 5720 3306 5788 vivum,
3322 5724 3532 5790 xystar-

2016 5835 2098 5907 (1)
2126 5833 2309 5905 Capite
2336 5832 2513 5893 tertio.
