3950 6310
358 272 429 329 95
712 308 715 311 ,
1478 270 1927 330 DISSERTATIU
1982 269 2461 334 meacumea
3600 281 3679 342 9G

357 382 790 461 chumESpii-itum
806 387 1338 457 Sanctum,coronam
1360 387 1669 443 aeternitatis
1691 386 1952 452 bravimn,

2079 399 2307 458 nagnum
2340 390 2593 448 Basilium
2619 435 2634 459 ,
2676 393 2990 467 Gregorium
3022 396 3353 471 'l‘heologum
3375 442 3390 468 ,
3417 400 3684 473 aliosque

357 484 616 555 angelica:
642 481 956 537 substantiae
986 480 1224 551 politiam
1250 480 1302 534 in
1330 479 1503 545 coriis,
1527 476 1749 549 gloriam
1774 478 1825 532 in
1847 493 1952 532 sae-

358 577 478 630 cula
506 573 864 631 surculorum?
896 594 915 626 ι
950 572 1080 641 Quis
1107 571 1336 643 denique
1375 571 1596 626 miretur
1617 613 1631 636 ,
1675 569 1956 641 Perpetua:

359 663 656 720 visionibus
702 665 775 719 uti
830 679 951 720 eum
992 663 1228 719 voluisse
1268 663 1333 715 ad
1384 661 1714 730 probandum
1743 701 1756 725 ,
1810 661 1956 717 solos

359 766 484 812 ante
525 755 664 813 diem
696 755 885 828 judicii
930 755 1189 811 solemnis
1230 764 1496 827 martyres
1536 756 1585 810 in
1629 755 1824 810 coelum
1872 770 1957 811 re-

359 850 503 922 cipi?
551 849 665 906 Non
698 861 781 906 est
821 849 1059 921 profecto
1100 848 1150 904 id
1202 850 1370 920 magis
1409 848 1746 911 mirandum,
1796 863 1954 918 quam

362 942 506 1016 quod
544 943 727 999 Rutilii
767 944 1016 1015 martyris
1060 945 1111 996 in
1172 942 1306 997 libro
1359 942 1615 997 adversus
1662 940 1956 996 Ecclesiam

362 1036 702 1107 promulgata
755 1050 876 1090 cum
924 1034 1088 1089 multa
1134 1033 1292 1089 laude
1338 1033 1686 1098 meminerit,
1736 1034 1958 1101 ejusque

364 1128 613 1198 exemplo
650 1142 778 1180 usus
816 1125 975 1181 fuerit
1002 1126 1068 1180 ad
1102 1123 1475 1196 probandum,
1516 1122 1818 1194 fugiendam
1852 1139 1957 1177 non

365 1235 488 1276 esse
519 1220 946 1291 persecutionem
975 1261 987 1285 ,
1027 1220 1151 1290 quia
1185 1218 1313 1272 nihil
1343 1218 1462 1288 fuga
1493 1218 1696 1288 prosit,
1733 1216 1776 1270 si
1821 1216 1961 1270 Deus

366 1314 522 1371 nolit.
571 1333 589 1366 ι
628 1314 861 1369 Rutilius
904 1313 1271 1368 sanctissimus
1312 1321 1533 1384 martyr,
1575 1326 1697 1364 cum
1739 1309 1958 1374 totiens,

366 1405 539 1475 inquit
562 1402 644 1477 (l)
670 1447 686 1471 ,
719 1403 943 1475 fugisset
969 1404 1395 1475 persecutionem
1426 1400 1493 1457 de
1524 1401 1642 1456 loco
1677 1400 1731 1455 in
1760 1401 1959 1465 locum,

365 1497 527 1554 etiam
567 1498 862 1569 periculum
927 1496 1007 1571 (ut
1049 1494 1286 1568 putabat)
1334 1496 1565 1551 nummis
1622 1492 1959 1561 retlemisscl,

369 1604 491 1669 post
539 1604 703 1650 totam
751 1596 1093 1650 securitatem
1114 1635 1129 1660 ,
1155 1610 1312 1665 quam
1355 1592 1454 1648 sibi
1488 1597 1867 1662 prospexerat.
1898 1603 1962 1641 ex

370 1691 648 1762 inopinato
675 1690 1062 1762 apprehensus,
1096 1700 1147 1744 et
1174 1688 1387 1760 praesidi
1418 1687 1649 1751 oblatus,
1683 1683 1966 1739 tormentis

2060 481 2108 536 id
2137 484 2349 554 generis
2396 485 2645 544 doctores
2694 490 2987 547 catholicos
3031 506 3136 547 non
3184 493 3458 550 afficiunt?
3490 496 3681 564 Quam

2059 575 2218 632 iidem
2261 592 2364 631 non
2406 577 2644 636 tribuunt
2681 580 2914 639 Nicaenis
2951 583 3201 640 Patribns
3244 588 3682 643 auctoritatem?

2058 665 2225 733 Quam
2259 684 2464 740 magme
2500 671 2623 727 huic
2644 673 2850 744 synodo
2875 677 3256 745 reverentiam,
3290 677 3684 750 honoremque

2060 772 2165 812 non
2188 758 2470 815 deferunt?
2499 765 2741 834 quamvis
2760 766 3022 823 Catharos
3041 781 3138 824 seu
3158 768 3493 826 Novatianos
3524 772 3684 828 inter

2060 850 2339 907 haereticos
2393 856 2704 911 numeraril.
2776 858 2913 923 Quid
2953 875 3115 931 porro
3158 862 3331 919 dicam
3357 864 3426 921 de
3468 865 3540 921 iis
3572 865 3675 936 qui

2060 943 2158 998 sub
2174 942 2385 999 Juliano
2414 946 2689 1016 Apostata,
2717 949 2818 1004 sub
2840 949 3067 1007 Valente
3089 953 3415 1024 imperatore
3441 957 3679 1021 ariano,

2060 1043 2115 1089 et
2144 1035 2193 1089 in
2223 1034 2443 1092 Perside
2479 1037 2578 1092 sub
2607 1038 2841 1109 Sapore,
2883 1044 3210 1115 martyribus
3233 1087 3247 1113 ,
3297 1047 3437 1116 passi
3489 1047 3679 1102 sunt?

2062 1128 2273 1197 quantis
2299 1142 2328 1181 a
2350 1127 2570 1185 Socrate
2596 1140 2649 1185 et
2665 1131 2985 1202 Sozomeno,
3015 1134 3261 1192 laudihus
3277 1138 3685 1195 celebrantur?

2063 1234 2242 1275 annon
2273 1236 2367 1276 eos
2408 1237 2564 1276 veros
2603 1223 2762 1287 inter,
2792 1239 2853 1279 ac
2881 1228 3143 1297 genuinos
3169 1228 3371 1286 Christi
3399 1240 3691 1304 martyres

2066 1315 2384 1370 numerant?
2431 1330 2608 1371 annon
2651 1333 2835 1374 eorum
2890 1323 3057 1387 Acta,
3106 1332 3367 1393 quantum
3422 1325 3684 1396 ipsorum

2068 1405 2118 1459 in
2142 1406 2438 1461 scribendis
2464 1407 2703 1464 historiis
2730 1410 3032 1467 institutum
3052 1412 3373 1483 patiebatur,
3406 1416 3460 1470 in
3488 1416 3684 1472 lucem

2068 1495 2379 1567 proferunt?
2423 1514 2601 1555 annon
2632 1501 2876 1557 eamdem
2928 1502 3052 1569 illis,
3080 1521 3241 1574 quam
3261 1507 3502 1578 antiquis
3531 1524 3692 1565 mar-

2069 1589 2274 1662 tyribus
2322 1591 2561 1648 tribuunt
2588 1595 2994 1664 auctoritatem,
3032 1599 3277 1665 quamvis
3303 1614 3406 1657 non
3444 1602 3692 1672 ignora-

2075 1691 2197 1737 rent
2248 1698 2352 1737 non
2383 1698 2479 1740 eos
2500 1687 2799 1742 novatiana:
2826 1686 2993 1744 fuisse
3016 1731 3031 1755 ,
3072 1692 3166 1746 sed
3217 1694 3498 1750 catholica:
3522 1710 3694 1752 com~

368 1783 660 1856 dissipatus
689 1826 705 1853 ,
749 1784 909 1841 credo
937 1827 951 1851 ,
1004 1799 1098 1855 pro
1144 1783 1278 1853 fug:e
1340 1782 1722 1852 castigatione,
1776 1777 1971 1833 dehinc
1998 1770 2049 1832 B
2080 1775 2386 1830 munionis?
2418 1778 2482 1831 [it
2506 1793 2665 1848 porro
2691 1780 3025 1846 mirabimur,
3057 1781 3102 1837 si
3128 1793 3317 1839 auctor
3341 1789 3693 1843 montanista

369 1876 583 1947 ignibus
604 1876 780 1940 datus,
806 1876 1132 1946 passionem,
1160 1891 1319 1945 quam
1343 1875 1553 1935 vitarat.
1580 1866 1960 1927 misericordiae

372 1970 471 2026 Dei
502 1970 704 2027 retulit.
736 1970 871 2040 Quid
899 1969 1042 2026 aliud
1067 1970 1236 2025 Voluit
1266 1969 1526 2024 Dominus
1557 1967 1711 2022 nobis
1732 1966 1953 2021 demon-

372 2072 547 2119 strare
596 2063 700 2118 hoc
727 2063 1091 2127 documento,
1122 2077 1281 2131 quam
1328 2061 1632 2131 fugiendum
1672 2074 1776 2113 non
1820 2071 1963 2122 esse,

372 2156 495 2228 quia
535 2154 666 2209 nihil
710 2154 830 2225 fuga
874 2154 1080 2224 prosit,
1120 2154 1163 2208 si
1205 2154 1344 2208 Deus
1381 2151 1558 2207 nolit?
1592 2172 1611 2205 ι
1647 2149 1762 2205 Νοιι
1805 2148 1964 2212 hunc,

372 2255 524 2319 puto,
558 2246 850 2318 Basnagius
875 2245 1114 2301 dicturus
1140 2254 1223 2301 est
1247 2254 1534 2317 martyrem
1564 2242 1964 2302 montanislam,

373 2354 496 2395 cum
545 2339 645 2394 sibi
678 2338 884 2393 licitum
911 2354 1032 2394 esse
1062 2336 1351 2394 crediderit
1375 2335 1530 2390 saluti
1563 2350 1672 2390 suae
1705 2333 1822 2404 fuga
1849 2348 1971 2387 con-

373 2430 549 2487 sulere
590 2441 644 2487 et
700 2431 995 2502 perieulum
1055 2429 1226 2502 pretio
1275 2426 1572 2493 redimere;
1623 2441 1740 2496 qua:
1789 2424 1970 2480 illicita

375 2542 443 2584 ex
472 2525 708 2582 Montani
736 2526 1012 2598 disciplina
1041 2525 1408 2593 habebantur;
1454 2531 1510 2579 et
1537 2532 1713 2579 tamen
1744 2531 1817 2577 tet
1851 2530 1971 2575 tan-

376 2627 539 2690 taque
561 2619 613 2673 in
635 2633 757 2674 eum
784 2619 1029 2689 congerit
1058 2618 1322 2688 prazconia
1350 2659 1363 2681 ,
1392 2617 1615 2688 ejusque
1644 2614 1970 2684 exemplum,

373 2719 435 2766 ut
498 2709 818 2766 sanctissimi
871 2710 1159 2781 martyris,
1219 2708 1438 2764 adhibet
1507 2708 1573 2764 ad
1644 2708 1969 2778 probandam

376 2820 537 2878 quam
585 2802 899 2860 adstruebat
925 2807 1269 2862 sententiam.
1312 2805 1484 2861 Mavili
1530 2805 1689 2862 etiam
1725 2805 1974 2877 martyris

376 2897 715 2954 Adrumetini
744 2915 865 2954 eum
894 2899 1050 2956 laude
1077 2901 1320 2957 meminit
1350 2902 1401 2956 in
1427 2899 1562 2956 libro
1578 2900 1643 2955 ad
1667 2899 1970 2970 Scapulam,

377 2992 600 3064 ejusque
670 2996 917 3065 exemplo
964 2998 1129 3053 utitur
1169 2997 1237 3054 ad
1285 2999 1614 3069 probandam
1675 3016 1830 3072 quam
1881 3000 1977 3055 ad-

377 3090 621 3145 struehat
670 3091 990 3146 sententiam
1032 3107 1050 3146 :
1094 3091 1236 3163 quod
1293 3092 1433 3147 nulla
1480 3093 1729 3149 videlicet
1758 3094 1968 3160 civitas,

2068 1870 2450 1925 catholicorum
2479 1873 2829 1943 quorumdam
2863 1875 2993 1930 Acta
3026 1887 3319 1948 martyrum
3368 1880 3693 1952 collegerit,

2068 1976 2130 2016 ae
2160 1961 2352 2017 litteris
2372 1965 2738 2033 consignarit?
2757 1966 2816 2021 Si
2838 1966 3198 2044 Tertullianus
3218 1969 3549 2029 fortissimos
3587 1989 3693 2030 eos

2071 2064 2336 2124 martyres
2364 2058 2703 2127 nuncuparit,
2734 2068 2787 2115 et
2821 2075 3006 2116 eorum
3039 2062 3455 2121 revelationibus
3478 2078 3691 2124 aucto-

2071 2149 2281 2203 ritatem
2336 2150 2566 2220 aliquam
2609 2151 2975 2224 honoremque
3016 2154 3315 2211 detulerit?
3364 2155 3535 2229 quue
3584 2161 3697 2216 ad.

2072 2254 2259 2295 versus
2283 2256 2468 2297 eorum
2515 2243 2885 2299 orthodoxiam
2911 2247 3285 2316 gravissimum
3316 2264 3436 2306 esse
3472 2254 3697 2323 prmiu-

2073 2326 2292 2399 dicium,
2309 2341 2363 2388 et
2378 2347 2472 2388 eos
2491 2334 2711 2405 proinde
2731 2335 3111 2393 catholicorum
3134 2354 3358 2395 numero
3371 2351 3695 2414 martyrum

2074 2427 2411 2492 eximendos,
2435 2427 2834 2485 etMontanistis
2851 2430 3248 2501 relinquendos,
3267 2432 3698 2492 arbitrabimur?

2077 2516 2131 2573 ld
2151 2518 2195 2573 si
2229 2520 2299 2573 ita
2319 2529 2400 2575 est
2420 2560 2434 2582 ,
2462 2528 2835 2591 expungantur
2869 2522 3028 2576 etiam
3059 2533 3270 2593 oportet
3308 2539 3340 2580 e
3363 2523 3699 2584 Catholico-

2076 2626 2197 2666 rum
2228 2612 2495 2685 diptychis
2525 2622 2602 2667 tot
2641 2615 2965 2670 sanctissimi
2994 2615 3246 2673 doctores
3268 2660 3283 2686 ,
3335 2618 3443 2674 imo
3470 2627 3529 2674 et
3576 2620 3695 2692 ipsi

2077 2708 2276 2765 Nicmni
2308 2709 2526 2775 Patres,
2552 2717 2629 2764 tot
2654 2708 2932 2765 fortissimi
2972 2720 3256 2784 martyres,
3290 2720 3365 2768 tot
3392 2715 3558 2769 etiam
3592 2732 3694 2772 re-

2080 2800 2404 2869 ligiosissimi
2435 2801 2719 2865 monachi,
2759 2817 2985 2872 quorum
3022 2803 3208 2859 laudes
3244 2820 3345 2860 nec
3395 2805 3697 2877 Socrates,

2079 2910 2180 2950 nec
2206 2894 2540 2950 Sozomenus
2566 2904 2881 2960 tacuerunt;
2918 2906 3325 2967 expungantur,
3361 2899 3587 2969 inquam
3611 2943 3629 2965 ,
3666 2918 3701 2956 e

2079 2987 2457 3042 catholicarum
2489 2988 2838 3043 ecclesiarum
2856 2987 3143 3060 diptychis,
3165 2999 3217 3044 et
3241 2988 3548 3046 Novatianis
3589 3008 3699 3048 ac-

2079 3091 2423 3145 censeantur,
2457 3092 2737 3154 propterea
2764 3083 2905 3155 quod
2937 3087 2988 3138 in
3019 3098 3114 3141 eos
3128 3084 3411 3141 Novatiani
3441 3085 3697 3157 scripto-

379 3183 557 3239 nullus
590 3192 898 3251 persecutor
921 3183 1138 3254 impune
1163 3185 1321 3240 laturi
1349 3193 1532 3242 essent
1560 3186 1835 3244 christiani
1860 3203 1972 3243 san-

2082 3190 2165 3230 t'es
2196 3184 2273 3229 tot
2301 3183 2554 3245 tantaque
2583 3176 2848 3251 prteconia
2888 3176 3234 3231 contulerint.

378 3274 553 3345 guinis
569 3272 884 3331 effusionem
912 3276 990 3348 (‘2)
1017 3294 1030 3329 :
1055 3295 1074 3328 ‹
1102 3276 1218 3333 Tibi
1240 3294 1454 3349 quoque
1465 3288 1711 3350 optamus
1727 3281 1972 3349 admoni-

379 3367 576 3422 tionem
607 3368 773 3423 solam
816 3369 1008 3437 fuisse,
1048 3370 1188 3440 quod
1216 3387 1337 3428 eum
1377 3372 1784 3432 Adrumetienm
1812 3376 1976 3431 Mavi-

379 3459 488 3514 lum
532 3459 596 3513 ad
641 3459 841 3516 bestias
889 3462 1241 3530 damnasses,
1287 3472 1342 3519 et
1393 3466 1573 3537 statim
1623 3469 1737 3523 hare
1768 3469 1977 3526 vexatio

378 3549 661 3607 subsecuta
695 3564 809 3621 est,
842 3563 895 3608 et
935 3570 1074 3608 nune
1104 3571 1169 3611 ex
1196 3556 1381 3613 eadem
1429 3573 1587 3614 causa
1619 3561 1978 3630 interpellatio

380 3644 676 3713 sanguinis.
713 3664 730 3698 ι
785 3647 854 3702 Εῑ
884 3647 1025 3703 hunc
1078 3650 1237 3719 igitur
1273 3650 1565 3722 Basnagius
1600 3653 1820 3708 audebit
1872 3664 1977 3709 tam

382 3735 486 3791 levi
512 3736 820 3811 conjectura
840 3783 854 3803 ,
880 3738 1020 3807 quod
1048 3755 1078 3795 a
1109 3740 1442 3797 'l‘ertulliano
1466 3742 1711 3798 laudatus
1740 3744 1919 3812 fuerit,
1949 3760 1981 3801 e

382 3826 824 3885 Montanistarum
852 3841 997 3887 secta
1025 3842 1316 3903 martyrem
1351 3834 1734 3903 pronuntiare?
1763 3834 1982 3907 Psyehi-

382 3935 475 3977 cos
506 3938 612 3977 non
636 3922 801 3989 adeo,
835 3934 890 3977 ut
915 3923 1156 3990 ostendi,
1180 3925 1509 3993 contemptui
1538 3924 1809 3980 habebant
1831 3924 1982 3980 Mon-

385 4019 593 4072 lanista:
614 4059 629 4084 ,
660 4027 716 4073 ut
739 4034 833 4073 eos
857 4020 925 4075 ab
948 4019 1214 4074 ha'retieis
1240 4033 1344 4075 non
1380 4018 1808 4098 distinguerent,
1845 4029 1903 4074 ut
1929 4020 1981 4074 in

384 4110 451 4165 iis
486 4124 605 4179 qua:
644 4118 769 4164 sunt
795 4110 938 4178 fidei,
971 4111 1157 4166 aliena:
1179 4128 1273 4169 eos
1298 4114 1688 4168 communionis
1713 4127 1832 4168 esse
1851 4126 1982 4168 cen-

385 4211 604 4268 serent,
648 4211 707 4257 ut
735 4217 922 4258 eorum
964 4203 1195 4274 denique
1231 4217 1493 4276 martyres
1525 4204 1757 4260 ludibrio
1786 4204 1986 4274 pariter

386 4295 649 4352 haberent
681 4311 895 4371 :,neque
924 4295 1305 4364 Tertullianns,
1337 4311 1658 4369 quamquam
1695 4296 1985 4353 Catholicis

392 4390 788 4447 infensissimus
814 4400 869 4446 et
895 4390 1130 4447 Montani
1156 4392 1411 4448 defensor
1437 4392 1754 4456 acerrimus,
1785 4405 1851 4445 eo
1882 4405 1985 4444 nn—

386 4499 545 4556 quatn
569 4486 798 4541 vesania:
818 4486 1099 4556 processit,
1129 4496 1183 4542 nt
1206 4487 1272 4542 iis
1295 4489 1384 4559 qui
1415 4487 1466 4541 in
1489 4484 1783 4564 Catholicae
1798 4482 1983 4538 Eccle—

386 4576 480 4631 siae
505 4576 623 4632 sinu
644 4587 906 4648 martyres
932 4577 1328 4647 occubuissent,
1344 4587 1434 4633 aut
1459 4575 1697 4647 martyrii
1725 4590 1979 4630 coronam

387 4668 714 4738 detraheret,
734 4668 1058 4725 autmeritas
1082 4669 1265 4725 laudes
1295 4671 1666 4740 przeconiaque
1693 4667 1977 4723 invideret.

459 4758 529 4814 Χ.
561 4761 679 4829 Quo
723 4761 774 4817 id
816 4761 991 4815 minus
1032 4761 1290 4817 miremur
1332 4764 1385 4818 iu
1429 4762 1801 4825 Muntanistis,
1830 4762 1984 4816 simi-

391 4851 513 4906 liter
536 4852 911 4909 haereticorum
936 4854 1178 4922 exempla
1215 4870 1318 4907 non
1341 4854 1554 4909 desunt.
1593 4853 1816 4921 Quantis
1838 4854 1997 4921 enim_

391 4941 636 4999 laudibus
664 4944 912 5001 Socrates
938 4955 994 5001 et
1030 4945 1363 5001 Sozomenns
1386 4987 1401 5012 ,
1432 4945 1554 5001 licet
1589 4944 1871 5000 Novatiani
1896 4958 1984 4998 ea-

391 5035 619 5090 tholicos
667 5052 772 5091 non
831 5038 1004 5094 solum
1057 5045 1350 5106 martyres,
1401 5036 1495 5092 sed
1545 5036 1708 5092 etiam
1736 5036 1988 5093 doctores

391 5143 498 5182 non
526 5129 824 5183 exornant?
851 5129 1033 5200 Neque
1060 5143 1154 5185 eos
1173 5127 1295 5183 dico
1321 5138 1586 5201 martyres
1621 5138 1712 5184 aut
1739 5128 1991 5185 doctores

389 5223 512 5292 qui,
544 5230 830 5291 antequam
865 5222 1191 5278 Novatianus
1220 5222 1455 5277 schisma
1482 5220 1773 5288 conﬂaret,
1808 5223 1859 5277 in
1888 5221 1992 5276 Ec-

390 5314 551 5370 clesia
570 5312 830 5370 catholica
847 5314 1167 5370 floruerunt:
1188 5314 1281 5369 sed
1302 5329 1418 5373 eos.
1441 5315 1530 5385 qui
1548 5314 1803 5385 deinceps
1819 5314 1991 5371 exorti

390 5416 537 5471 sunt,
567 5414 624 5461 et
648 5419 675 5457 a
716 5404 910 5474 quibus
933 5406 1129 5460 laudati
1153 5406 1445 5476 scriptores
1467 5406 1669 5475 optime
1700 5413 1986 5472 noverant,

391 5496 718 5553 Novatianos
750 5495 895 5570 inter.
930 5496 1210 5552 hmreticos
1250 5499 1568 5568 computari.
1602 5497 1806 5567 Quibus
1843 5499 1989 5554 enim

392 5589 680 5660 praeconiis
709 5587 952 5654 Hosium,
986 5588 1338 5644 Athanasium
1363 5630 1378 5656 ,
1412 5590 1778 5648 Alexandrum
1804 5591 1866 5648 C.
1898 5593 1986 5662 P.,

464 5702 521 5779 (1
528 5699 546 5779 )_
569 5701 691 5779 ιλιι).
718 5702 784 5779 ἀρ
808 5700 960 5775 Fuga
980 5704 1035 5759 in
1064 5701 1328 5759 Persecut.
1355 5717 1474 5779 cap.
1502 5704 1557 5760 5.

470 5770 551 5843 (2)
579 5770 709 5845 Cap.
744 5774 798 5829 5.

2004 4542 2061 4604 Ι)

2149 3269 2243 3325 XI.
2275 3277 2342 3323 At
2362 3283 2463 3340 ego
2486 3286 2588 3324 non
2612 3270 2787 3324 solum
2804 3285 2868 3325 ex
2887 3279 3105 3326 auctore
3130 3272 3450 3328 montanista
3467 3273 3698 3330 nullum

2078 3361 2247 3417 creari
2274 3375 2430 3430 posse
2445 3361 2693 3416 existimo
2715 3360 2913 3416 sanctis
2935 3362 3261 3434 martyribus
3282 3363 3697 3434 praeiudicium,

2079 3454 2204 3522 quin
2237 3463 2292 3508 et
2319 3454 2691 3523 gravissimum
2728 3453 2852 3510 inde
2881 3454 3108 3529 proillis
3134 3458 3402 3513 conficere
3431 3459 3567 3514 mihi
3604 3462 3699 3515 vi-

2079 3544 2212 3599 deor
2237 3556 2634 3612 argumentum.
2658 3544 2772 3601 Non
2797 3545 2939 3601 enim
2958 3547 3191 3617 scriptor
3214 3549 3539 3604 montanista
3568 3550 3665 3608 dis
3686 3582 3701 3595 ο

2080 3636 2405 3701 simnlasset,
2438 3645 2530 3690 aut
2557 3637 2733 3692 verbis
2758 3637 2928 3692 solum
2956 3638 3220 3708 ambiguis
3248 3648 3301 3694 et
3329 3640 3583 3696 obscuris
3610 3644 3701 3698 in-
3771 3653 3775 3657 ’

2081 3727 2333 3792 dicasset,
2358 3726 2677 3784 fortissimos
2697 3728 2926 3805 athletas
2945 3740 3107 3784 sectae
3132 3744 3242 3785 suae
3278 3741 3547 3804 martyres
3596 3749 3701 3790 ex-

2082 3820 2306 3888 stitisse,
2338 3819 2437 3876 hos
2463 3835 2653 3875 novam
2674 3820 3001 3890 proylltetiam
3020 3822 3221 3877 fructus
3242 3825 3606 3894 germinasse,
3624 3828 3697 3881 ad

2084 3912 2348 3983 ejusmodi
2390 3912 2684 3967 certamina
2715 3912 2934 3967 duriore
2979 3928 3135 3983 quam
3168 3914 3476 3983 invexerat“,
3523 3916 3699 3973 disci-

2087 4007 2231 4078 plina
2261 4006 2568 4061 Montanum
2598 4006 2846 4061 imbelles
2864 4022 3079 4078 qquue
3107 4007 3335 4063 feminas
3360 4010 3693 4066 instituisse.

2085 4100 2334 4169 Quinimo
2381 4099 2495 4155 haec
2539 4100 2747 4169 aliaque
2785 4099 3091 4168 huiusmodi
3140 4100 3314 4170 palam
3373 4103 3700 4172 apertisque

2085 4193 2266 4248 verbis
2312 4192 2690 4263 prazdicasset,
2731 4201 2787 4245 et
2843 4201 3143 4262 Opportune
3189 4193 3496 4263 importune
3542 4194 3699 4249 nulla

2089 4299 2195 4339 non
2221 4284 2387 4339 ferme
2410 4285 2598 4355 pagina
2619 4284 2906 4341 lectoribus
2941 4283 3279 4339 inculcasset.
3302 4285 3384 4339 An
3418 4285 3701 4341 nescimus

2088 4392 2208 4448 qua:
2236 4378 2305 4431 sit
2346 4376 2429 4431 his
2468 4378 2536 4431 de
2578 4378 2737 4432 rebus
2779 4376 3151 4431 haereticorum
3182 4376 3484 4447 jactantia?
3529 4391 3696 4446 quam

2091 4471 2216 4527 inde
2239 4473 2448 4527 soleant
2488 4471 2715 4528 inaniter
2754 4470 3051 4540 superbire,
3085 4470 3315 4525 similive
3347 4477 3563 4540 arrepta
3599 4484 3699 4524 oe-

2088 4568 2302 4633 casione
2352 4566 2405 4621 in
2452 4562 2754 4619 Catholicos
2809 4562 3270 4633 impudentissime
3333 4562 3700 4620 debaecbari?

2089 4660 2348 4729 Exemplo
2375 4674 2495 4716 esse
2524 4668 2697 4730 potest
2716 4667 2905 4714 auctor
2932 4658 3227 4724 Donatista,
3257 4659 3347 4727 qui
3379 4668 3694 4714 sanctorum

2088 4753 2382 4818 Saturnini,
2404 4752 2573 4807 Dativi
2586 4760 2639 4807 et
2659 4750 2924 4805 sociorum
2941 4761 3232 4821 martyrum
3246 4749 3381 4806 Acta
3396 4749 3698 4807 litterarum

2089 4842 2449 4901 monumentis
2474 4842 2828 4914 consignavit.
2848 4840 3101 4910 Quamvis
3117 4842 3259 4897 enim
3275 4840 3472 4896 laudati
3490 4852 3699 4914 marty-

2088 4954 2176 4997 res
2200 4955 2233 4995 e
2259 4937 2649 4994 Donatistarum
2681 4946 2825 4992 secta
2845 4952 2952 5016 non
2981 4935 3199 4999 fuerint,
3228 4950 3349 4989 cum
3380 4934 3478 4988 nisi
3509 4934 3698 4990 sedata

2093 5034 2467 5104 persecutione
2503 5039 2762 5101 praetextu
2799 5028 3099 5083 traditionis
3145 5027 3430 5083 conﬂatum
3458 5026 3697 5082 schisma

2093 5142 2200 5182 non
2226 5125 2334 5189 sit;
2366 5133 2600 5179 attamen
2628 5122 2750 5192 quia
2777 5121 2913 5187 passi
2932 5130 3139 5175 suntne
3164 5118 3370 5173 divinas
3388 5117 3701 5186 Scripturas

2095 5215 2532 5289 persecutoribus
2578 5213 2867 5278 traderent,
2932 5221 2986 5266 et
3042 5209 3325 5265 traditores
3376 5207 3701 5263 videbantur

2094 5310 2344 5380 exemplo
2372 5323 2471 5364 suo
2511 5304 2923 5377 praedamnasse,
2956 5318 3156 5373 suaque
3181 5300 3564 5357 communione
3586 5303 3698 5369 eje-

2094 5406 2269 5461 cisse:
2304 5403 2497 5457 mirum
2527 5414 2685 5470 quam
2712 5397 2834 5453 inde
2859 5411 2918 5452 se
2936 5396 3121 5467 jactet,
3158 5410 3331 5465 quave
3359 5392 3691 5463 impudentia

2093 5497 2147 5553 in
2213 5493 2518 5551 Catholicos
2589 5491 2829 5561 insurgat
2904 5486 3362 5560 petulantissimns
3417 5483 3691 5552 scriptor!

2100 5608 2120 5644 ι
2144 5588 2397 5655 Devicto,
2434 5605 2454 5638 ι
2495 5585 2665 5656 inquit
2703 5580 2805 5656 (l),
2862 5600 2882 5635 ι
2923 5595 3085 5652 atque
3122 5586 3390 5651 prostrato
3437 5575 3656 5633 diabolo
3679 5616 3694 5644 ,

2167 5767 2247 5843 (Ι)
2274 5768 2328 5825 In
2355 5766 2565 5842 praefat.
