3988 6310
329 313 407 372 97
1190 324 1322 382 PRO
1360 325 1455 383 SS.
1503 323 1889 395 I’ERPETUA,
1925 326 2332 388 FELICITATE
2372 329 2461 390 ET
2500 332 2736 392 SOCIIS.
3570 340 3638 399 98

332 439 616 496 victricem
669 443 900 512 palmam
967 442 1018 496 in
1081 446 1328 514 passione
1377 456 1669 516 gestantes,
1729 456 1941 502 senten-
1971 449 2018 508 Λ
2050 464 2169 503 eum
2228 451 2560 520 adjutoribus
2626 453 2736 506 suis
2783 462 3108 524 pugnatarus
3150 468 3381 510 mecum.
3414 454 3644 511 Veniunt

342 537 476 590 tiam
540 537 591 591 111
652 539 952 604 traditores.
1007 551 1163 612 atque
1215 544 1264 596 in
1297 559 1480 597 eorum
1513 555 1810 609 consortes,
1840 559 1940 614 qua

336 628 465 683 illos
496 629 562 682 ab
587 629 841 686 Ecclesia}
854 635 1229 689 communione
1253 633 1572 704 rejcceraut,
1597 638 1772 689 cuncti
1803 652 1942 689 mar-

339 725 728 793 tyresprnprin
770 727 1026 795 sanguine
1065 728 1470 798 consignabant.
1514 727 1617 782 Fas
1647 730 1788 783 enim
1837 743 1941 782 non

339 814 559 880 fuerat,
610 826 665 869 ut
696 817 747 870 in
790 817 1031 873 Ecclesia
1066 819 1155 873 Dei
1186 820 1342 874 simul
1374 830 1554 876 essent
1583 832 1847 891 martyres
1889 830 1942 874 et

344 908 656 964 traditores.
700 929 717 962 1
754 911 1039 981 Aliquidne
1071 913 1120 966 in
1153 923 1370 969 auctore
1424 914 1741 968 Montanista
1770 914 1945 968 simile

339 1001 616 1056 occurrit?
646 1000 836 1057 Mirum
865 1018 1024 1072 quam
1065 1005 1305 1060 modeste
1329 1047 1343 1072 ,
1373 1020 1531 1075 quam
1567 1005 1864 1060 verecunde
1887 1020 1945 1059 se

341 1096 528 1164 gerat!
566 1095 653 1149 Ait
695 1095 908 1166 quidem
955 1111 1014 1151 se
1064 1111 1230 1152 novas
1278 1098 1513 1152 visiones
1553 1108 1605 1152 et
1638 1098 1946 1168 prophetias

342 1201 641 1254 agnoscere
663 1228 676 1252 ,
704 1197 862 1256 atque
889 1186 1157 1245 honorare
1183 1207 1195 1243 :
1236 1189 1329 1244 sed
1361 1189 1639 1260 Perpetuae
1663 1189 1947 1260 Saturique

343 1279 583 1332 visiones
609 1293 671 1332 ac
700 1279 958 1334 coelestes
985 1281 1339 1336 revelationes
1362 1280 1552 1337 litteris
1577 1281 1944 1348 mandaturus,

345 1384 457 1423 ιιοιι
491 1369 610 1424 ideo
637 1367 929 1425 Catholicis
953 1371 1191 1438 insultat,
1224 1373 1311 1442 qui
1341 1387 1508 1428 novos
1543 1373 1834 1444 prOphetas
1864 1389 1947 1427 re-

345 1461 532 1530 cipere
559 1460 906 1516 recusabant.
944 1462 1085 1518 Suos
1123 1463 1334 1533 quidem
1375 1464 1439 1518 ad
1486 1463 1784 1519 habendam
1825 1479 1945 1518 cum

351 1554 676 1624 martyribus
701 1556 1134 1610 communionem
1173 1555 1520 1611 adhortatur:
1566 1557 1660 1612 sed
1701 1572 1805 1610 non
1829 1555 1948 1611 ideo

350 1644 475 1700 illos
512 1660 540 1697 a
582 1645 977 1701 Catholicorutu
1003 1649 1382 1702 communione
1405 1690 1418 1713 ,
1455 1662 1621 1702 novos
1660 1647 1948 1718 prophetas

352 1737 754 1806 rcprobantium
789 1737 965 1809 (quod
1003 1749 1190 1794 auctor
1222 1739 1492 1795 Donatista
1521 1737 1665 1806 facit)
1687 1739 1943 1795 deterret.

2046 551 2099 594 et
2143 541 2208 595 ad
2240 558 2324 596 me
2354 544 2725 600 adulescentes
2773 544 2952 600 decori
2993 546 3264 617 adjutores
3305 561 3355 604 et
3391 549 3642 606 favitores

2047 632 2253 686 meizet
2277 634 2541 704 expoliata
2570 651 2719 702 sum,
2746 644 2797 690 et
2828 635 2961 691 facta
2994 655 3109 692 sum
3144 640 3431 696 masculus.
3467 662 3484 694 1
3514 642 3646 698 Pro-

2047 724 2190 777 cedit
2222 726 2376 794 igitur
2413 742 2534 782 cum
2565 727 2816 799 Aigyptio
2857 730 2920 783 ad
2953 745 3180 802 pugnam
3213 732 3473 804 Perpetua
3511 750 3645 791 sexu

2048 825 2271 884 mutatu,
2305 819 2539 874 victoria:
2564 822 2787 890 pretium
2809 833 3090 895 acceptura
3115 844 3133 877 ‹
3163 842 3367 882 ramum
3397 828 3644 898 viridem,

2048 910 2100 964 in
2128 926 2235 980 quo
2261 921 2416 967 erant
2447 914 2584 969 mala
2605 931 2784 970 aurea.
2816 916 2881 971 Et
2905 917 3055 987 petiit
3075 919 3367 988 silentiumr,
3398 930 3452 975 et
3492 920 3646 976 dixit:

2050 1003 2145 1058 llic
2177 1003 2462 1078 {Egyptius
2512 1008 2555 1063 si
2588 1008 2724 1065 hanc
2765 1011 2986 1079 vicerit,
3021 1012 3228 1067 occidet
3257 1013 3403 1068 illam
3435 1013 3646 1084 gladio;

2050 1099 2166 1152 etsi
2202 1098 2342 1155 hunc
2369 1101 2578 1168 vicerit,
2603 1103 2829 1174 accipiet
2858 1120 3061 1160 ramum
3095 1107 3274 1161 istum.
3311 1107 3377 1162 Et
3405 1109 3646 1164 recessit.

2049 1191 2115 1246 Et
2135 1193 2462 1248 accessimus
2483 1194 2548 1249 ad
2567 1195 2812 1261 invicem,
2838 1206 2893 1252 et
2913 1197 3171 1269 coepimus
3189 1199 3401 1255 mittere
3422 1215 3648 1272 pugnos.

2051 1283 2144 1338 Ille
2180 1285 2310 1338 mihi
2360 1286 2522 1355 pedes
2551 1288 2956 1358 apprehendere
2983 1291 3289 1360 quarrebat:
3331 1307 3430 1363 ego
3470 1303 3651 1350 autem

2051 1374 2126 1428 illi
2149 1376 2389 1431 calcibus
2421 1378 2607 1432 faciem
2636 1378 2928 1436 caedebam.
2965 1401 2982 1433 1
3016 1381 3263 1438 Hmccine
3299 1393 3422 1438 sunt
3449 1383 3652 1455 Spiritu

2053 1468 2248 1524 Sancto
2297 1470 2499 1542 digna?
2545 1472 2807 1528 similiane
2840 1473 3111 1545 prophetis
3152 1477 3340 1533 obtulit
3377 1479 3655 1548 unquam?

2054 1561 2263 1618 Scilicet
2285 1581 2344 1618 ea
2367 1565 2479 1620 visa
2493 1575 2637 1632 sunt,
2653 1568 2844 1638 quibus
2872 1584 3079 1623 sacrum
3103 1570 3266 1628 Joelis
3282 1572 3656 1628 accommode-

2056 1663 2141 1708 tur
2191 1657 2490 1712 oraculum.
2550 1657 2784 1714 Montani
2841 1676 3062 1730 prorsus
3116 1663 3358 1720 redolent
3387 1666 3656 1724 ofﬁcinam

2058 1747 2265 1801 somnia
2292 1748 2574 1818 ejusmodi,
2605 1753 2825 1807 ecstasis
2855 1752 2969 1822 ejus
2997 1754 3286 1824 simillima,
3321 1773 3421 1828 qua
3450 1759 3662 1814 Tertqu

352 1828 507 1884 Unde
521 1839 698 1884 autem
719 1829 971 1886 haeretica
996 1831 1197 1886 homini
1223 1840 1366 1886 tanta
1397 1831 1681 1886 modestia?
1703 1831 1803 1886 nisi
1827 1831 1947 1901 quia
1981 1839 2030 1900 Β
2060 1839 2235 1895 ιῑςῃηιε
2264 1844 2454 1912 probat,
2496 1845 2726 1900 animam
2775 1861 2894 1903 esse
2928 1867 2946 1900 ι
2982 1849 3112 1905 aerii
3147 1852 3362 1921 coloris,
3393 1862 3447 1910 et,
3475 1853 3662 1910 forma;

356 1924 560 1992 optime
587 1933 845 1990 noverat,
877 1939 936 1980 se
962 1941 1066 1979 non
1097 1927 1536 1980 montanistarnm
1557 1969 1570 1993 ,
1605 1925 1701 1980 sed
1730 1925 1958 1981 catholi-

355 2030 548 2071 corum
574 2027 720 2088 gesta
751 2026 1045 2088 martyrum
1073 2017 1263 2072 litteris
1284 2017 1684 2074 commendare.

1006 2132 1230 2189 CAPUT
1278 2133 1364 2188 111.

365 2259 605 2301 [NII-SBle
631 2247 870 2302 DASNAGll
901 2261 1165 2303 Δυγειιευε
1207 2262 1441 2303 NOSTROS
1485 2261 1772 2303 MARTYRBS
1803 2262 1966 2303 ARGU-

563 2353 755 2394 IENTIS
781 2355 1060 2395 GENERALE
1088 2355 1389 2396 RESPONSCM
1420 2356 1740 2395 ADBIBETUR.

441 2451 479 2506 1.
522 2450 734 2507 lnterna
772 2451 1020 2526 Basnagii
1049 2455 1288 2510 adversus
1315 2467 1514 2510 sanctos
1540 2469 1784 2526 martyres
1818 2472 1970 2527 argu-

365 2554 556 2598 menta.

439 2635 506 2689 ll.
540 2635 778 2689 Actorum
811 2637 978 2706 potius
1001 2639 1320 2715 compilatori
1349 2639 1475 2707 ﬁdes
1502 2640 1794 2710 tleroganda
1822 2650 1966 2706 esset,

364 2743 520 2797 quam
557 2739 850 2783 sanctorum
875 2741 1159 2800 martyrum
1183 2731 1486 2786 orthodoxia
1510 2733 1560 2786 in
1586 2733 1794 2787 dubiant
1823 2750 1969 2788 rero-

365 2821 555 2875 cauda.

441 2916 531 2970 111.
568 2915 808 2973 Rationes
838 2917 1162 2973 adducuntur
1189 2960 1205 2985 ,
1232 2920 1418 2990 quibus
1448 2921 1690 2974 Actorum
1727 2930 1972 2991 )νησιότης

370 3012 424 3064 111
453 3012 847 3066 controversiam
885 3014 1056 3066 vorari
1085 3025 1274 3084 posset.
1309 3012 1487 3067 Prima
1528 3015 1656 3068 ratio
1685 3031 1744 3068 ea:
1769 3016 1974 3084 quibus-

371 3101 494 3155 dam
535 3102 695 3156 verbis
741 3104 947 3158 exoticis
967 3120 1081 3174 qua:
1105 3105 1157 3158 in
1191 3103 1517 3175 Perpetuam,
1551 3123 1581 3158 a
1613 3123 1715 3176 qua
1751 3108 1976 3160 maxima

372 3213 549 3250 eorum
577 3214 698 3264 pars
725 3199 912 3268 scripta
937 3198 1248 3268 perhibetur,
1276 3200 1479 3253 minime
1505 3200 1779 3269 quadrant.

449 3289 539 3344 IV.
568 3291 806 3345 Secunda
831 3292 964 3345 ratio
988 3308 1052 3346 ea:
1075 3291 1196 3362 styli
1217 3291 1568 3359 similitudine,
1600 3309 1714 3362 qua:
1740 3309 1899 3346 unum
1927 3301 1975 3346 et

374 3387 608 3440 eumdem
628 3387 925 3456 scriptorem
953 3390 1140 3458 refert,
1175 3404 1290 3442 cum
1317 3397 1484 3442 tamen
1518 3405 1548 3442 a
1578 3389 1736 3444 tribus
1767 3389 1975 3443 diversis

374 3480 568 3547 scripta
591 3482 748 3550 fuisse
770 3481 1025 3534 dicantur.

452 3571 514 3625 γ.
555 3571 730 3642 Neque
749 3571 1070 3637 Tertulliani,
1103 3587 1260 3642 neque
1273 3573 1548 3642 synchroni
1567 3572 1828 3643 scriptoris
1850 3587 1975 3626 auc-

376 3664 557 3718 toritas
595 3665 860 3734 impediret
885 3706 898 3729 ,
959 3680 1055 3734 quo
1092 3665 1260 3718 minus
1287 3668 1349 3718 de
1375 3665 1614 3719 Actorum
1641 3665 1742 3734 ﬁde
1771 3666 1977 3719 dubita-

378 3775 570 3823 remus,
620 3759 663 3812 si
700 3758 896 3828 aliquitl
935 3774 1112 3828 reapse
1153 3762 1461 3813 continerent
1510 3759 1644 3828 quod
1702 3759 1980 3813 catholicos

379 3864 632 3924 martyres
661 3853 941 3908 dedeceret.

457 3975 496 4029 Ι.
531 3976 766 4032 Externa
789 4019 804 4042 ,
835 3986 893 4030 ut
916 3985 1142 4042 vocant,
1177 3986 1488 4048 argumenta
1529 3975 1736 4030 duobus
1782 3987 1984 4044 praece-

383 4068 636 4125 dentibus
666 4069 916 4139 capitulis
946 4069 1214 4138 prosecuti
1247 4083 1463 4132 sumus,
1509 4067 1716 4122 interna
1749 4081 1980 4135 sequen-

386 4161 528 4216 tibus
554 4161 816 4231 capitibus
840 4160 1285 4216 examinabimus.
1313 4160 1389 4214 De
1416 4157 1498 4213 his
1527 4159 1578 4213 in
1604 4158 1744 4212 hunc
1767 4156 1982 4212 modum

383 4253 600 4309 disserit
627 4253 864 4308 eruditus
889 4252 1179 4323 Basnagius
1210 4270 1223 4306 :
1261 4270 1277 4303 ι
1309 4251 1402 4306 llis
1430 4250 1778 4321 argumentis,
1825 4267 1843 4302 1
1886 4264 1984 4304 ex-

386 4348 554 4402 ternis
583 4347 826 4413 scilicet,
870 4365 888 4399 1
925 4346 1082 4401 insita
1115 4353 1386 4415 prtestant.
1425 4343 1631 4414 Quippe
1658 4357 1722 4398 eo
1752 4357 1810 4397 se
1828 4341 1986 4397 modo

387 4439 657 4510 Perpetua
689 4439 858 4510 gerit,
887 4437 1040 4508 quasi
1068 4437 1322 4508 Spiritum
1353 4436 1608 4492 Sanctum
1636 4477 1651 4501 ,
1681 4435 1841 4490 veluti
1873 4449 1988 4490 mo-

388 4533 499 4589 nile
525 4531 792 4603 quoddam
816 4531 868 4586 in
892 4546 1012 4587 arca
1037 4531 1301 4585 inclusum
1322 4544 1416 4583 sua
1445 4528 1666 4584 haberet
1690 4526 1756 4581 ad
1776 4537 1985 4590 nutum,

2066 1949 2162 2004 per
2191 1936 2370 2006 omnia
2400 1936 2649 1993 humana:
2683 1937 2760 2012 (l)
2797 1959 2838 1994 1.

2150 2025 2212 2079 ll.
2257 2026 2351 2082 His
2398 2029 2649 2085 omnibus
2688 2030 3094 2089 difficultatibus
3147 2035 3249 2092 hoc
3293 2037 3526 2108 primum
3571 2037 3667 2094 ad-

2067 2119 2226 2176 hibeo
2263 2123 2513 2191 generale
2544 2137 2861 2194 responsum
2893 2168 2906 2193 ,
2941 2127 3082 2197 quod
3125 2129 3168 2184 si
3198 2129 3416 2200 quidem
3455 2130 3663 2201 objecta

2068 2212 2346 2283 Perpetua:
2395 2216 2505 2269 visa
2559 2215 2759 2286 aliquid
2816 2233 3006 2289 reapse
3043 2231 3134 2276 aut
3172 2222 3372 2292 Spiritu
3427 2224 3664 2291 Sancto,

2068 2314 2160 2359 aut
2209 2315 2443 2378 martyre
2473 2307 2750 2378 indignum
2795 2312 3152 2379 continerent,
3201 2315 3460 2370 Actorum
3493 2317 3670 2385 potius

2070 2401 2373 2469 sinceritas,
2425 2419 2584 2472 quam
2639 2412 2935 2475 martyrum
2986 2405 3304 2462 orthodoxia
3348 2409 3399 2462 in
3448 2410 3669 2464 dubium

2071 2504 2214 2549 esset
2245 2495 2564 2550 revocanda.
2596 2495 2702 2552 Hac
2731 2497 2959 2565 primum
2986 2500 3334 2568 responsione
3361 2517 3488 2556 usus
3509 2510 3591 2556 est
3616 2511 3672 2557 et

2073 2596 2290 2642 sanctus
2334 2589 2684 2658 Augustinus.
2739 2587 2872 2644 Cum
2902 2591 3044 2644 enint
3092 2591 3192 2645 sibi
3227 2592 3505 2662 Perpetua:
3532 2593 3670 2649 visio

2075 2679 2298 2734 inferius
2320 2680 2672 2734 examinanda
2693 2722 2706 2746 ,
2735 2696 2839 2750 qua
2873 2679 3091 2737 fratrem
3127 2699 3281 2738 suum
3333 2685 3670 2742 Dinocralem

2076 2773 2127 2827 in
2163 2773 2354 2842 ptenis,
2387 2773 2583 2828 deinde
2606 2774 2658 2828 in
2690 2774 2966 2846 refrigerio
2993 2777 3146 2843 vidit,
3176 2779 3497 2848 objieeretur
3522 2823 3536 2847 ,
3567 2779 3671 2837 hoc

2078 2864 2305 2934 primum
2321 2866 2593 2935 respondit
2611 2865 2690 2939 (2)
2704 2867 2843 2938 quod
2865 2889 2882 2919 (
2906 2883 3002 2924 nec
3018 2870 3284 2941 Scriptura
3303 2872 3410 2942 ipsa
3425 2875 3678 2931 canonica

2077 2968 2179 3024 est,
2210 2974 2308 3013 nec
2333 2959 2417 3013 illa
2446 2961 2520 3014 sic
2543 2960 2757 3030 scripsit
2787 2961 2867 3016 vel
2897 2965 3218 3033 quicumque
3247 2964 3371 3019 illud
3397 2966 3628 3036 scripsit,
3656 2988 3673 3020 1

2077 3059 2184 3106 etc.
2228 3071 2245 3104 1
2277 3050 2481 3119 Quibus
2511 3053 2687 3108 verbis
2713 3053 2960 3109 dubitare
2985 3053 3212 3122 videtur,
3245 3071 3308 3110 an
3343 3072 3532 3127 reapse
3559 3057 3683 3112 Per.

2081 3154 2238 3214 petua
2284 3146 2643 3202 revelationes
2690 3161 2814 3202 suas
2841 3149 2892 3202 in
2922 3147 3125 3203 litteras
3156 3150 3360 3204 miserit
3391 3168 3403 3203 :
3437 3149 3681 3221 adeoque

2003 3235 2047 3297 C
2082 3252 2189 3291 non
2219 3251 2432 3291 omnem
2462 3237 2596 3292 actis
2644 3246 2698 3292 et
2735 3253 2919 3292 eorum
2967 3238 3157 3294 editori
3205 3240 3362 3295 fidem
3400 3241 3681 3299 adhibere.

2080 3329 2177 3384 1110
2228 3330 2370 3384 0111111
2416 3329 2696 3399 perspicue
2738 3330 2897 3385 docet
2949 3330 3264 3401 Perpetuam
3308 3332 3681 3404 ctSaturum,

2089 3437 2210 3492 quae
2238 3423 2304 3475 ad
2345 3417 2576 3477 visiones
2612 3431 2666 3477 et
2691 3423 3049 3479 revelationes
3082 3426 3369 3495 pertinent,
3403 3428 3514 3483 suis
3539 3429 3684 3498 ipsos

2088 3515 2334 3570 manibus
2373 3516 2800 3586 conscripsisse:
2836 3532 2855 3568 1
2882 3516 3027 3583 llzec,
3076 3518 3268 3588 inquit,
3321 3520 3420 3576 sub
3448 3522 3680 3588 initium,

2081 3607 2322 3664 ordinem
2353 3617 2522 3663 totum
2559 3609 2799 3680 martyrii
2831 3609 2909 3663 sui
2934 3609 3046 3679 jam
3103 3610 3228 3666 hinc
3274 3612 3386 3682 ipsa
3421 3615 3682 3684 narrabit,

2083 3703 2223 3756 sicut
2253 3702 2618 3770 conscriptum
2656 3716 2816 3755 manu
2844 3715 2961 3767 sua,
3013 3711 3068 3756 et
3114 3717 3212 3757 suo
3256 3719 3419 3760 sensu
3445 3705 3682 3776 reliquit.

2084 3793 2219 3848 Cum
2268 3792 2462 3858 adhuc,
2508 3793 2701 3862 inquit,
2751 3808 2874 3847 cum
2922 3795 3353 3862 persecutoribus
3399 3811 3677 3865 essemus,

2084 3893 2233 3940 etme
2249 3894 2398 3954 pater
2421 3894 2682 3949 avertere,
2701 3892 2804 3940 etc.
2839 3902 2858 3935 1
2882 3884 2947 3938 Et
2978 3883 3112 3938 infra
3137 3902 3152 3939 :
3184 3904 3202 3936 1
3225 3885 3360 3941 Tum
3387 3887 3527 3942 dixit
3553 3888 3685 3944 mihi

2085 3978 2250 4032 frater
2274 3992 2448 4042 meus,
2478 3984 2580 4032 etc.
2625 3995 2643 4028 1
2691 3979 2864 4046 Atque
2895 3976 2966 4030 ita
2991 3991 3206 4046 semper
3247 3994 3367 4033 cum
3408 3979 3521 4048 ipsa
3575 3990 3686 4037 tum

2085 4068 2307 4124 Saturus
2349 4069 2398 4122 in
2431 4067 2642 4138 propria
2672 4082 2900 4138 persona
2952 4066 3262 4137 loquuntur.
3321 4069 3390 4125 Et
3429 4085 3544 4142 cap.
3606 4087 3684 4141 111,

2087 4159 2121 4212 2
2163 4175 2176 4212 :
2232 4177 2250 4210 1
2298 4158 2410 4213 Hoc
2455 4173 2621 4228 usque
2650 4159 2701 4212 in
2741 4157 2913 4228 pridie
2958 4159 3198 4215 muneris
3246 4161 3368 4232 egi:
3400 4161 3566 4232 ipsius
3592 4178 3689 4219 au.

2090 4260 2198 4306 tem
2244 4253 2480 4307 tnuneris
2509 4263 2708 4316 actum,
2757 4249 2802 4303 si
2834 4250 2954 4320 quis
2993 4251 3243 4318 voluerit,
3298 4255 3517 4310 scribat.
3544 4273 3562 4306 1
3620 4256 3690 4312 Et

2091 4356 2216 4396 mox
2243 4355 2362 4412 cap.
2383 4357 2454 4407 tv,
2489 4342 2514 4396 1
2542 4359 2553 4394 :
2582 4361 2599 4393 (
2633 4339 2738 4396 Sed
2768 4349 2822 4396 et
2849 4340 3071 4396 Saturus
3095 4342 3410 4399 benedictus
3440 4343 3575 4400 hanc
3605 4346 3688 4401 vi-

2092 4433 2298 4489 sionem
2331 4449 2482 4488 suam
2508 4433 2696 4500 edidit,
2732 4447 2891 4502 quam
2922 4434 3036 4503 ipse
3075 4437 3414 4506 conscripsit.
3446 4456 3465 4489 1
3518 4437 3585 4493 Et
3607 4440 3690 4494 in-

2092 4523 2193 4590 fra,
2218 4538 2334 4594 cap.
2358 4541 2412 4592 v,
2434 4526 2457 4580 1
2481 4543 2493 4580 :
2517 4543 2535 4576 1
2559 4525 2650 4579 Hm
2668 4524 2902 4580 visiones
2931 4525 3246 4596 insigniores
3279 4528 3513 4597 ipsorum
3543 4546 3688 4588 mar-

357 4627 508 4696 't-.jus
530 4623 975 4680 illustrationibus
997 4622 1210 4691 quando
1233 4621 1570 4676 velletusura
1592 4618 1658 4673 ad
1682 4618 1984 4674 arbitrium.
2013 4630 2066 4690 D
2093 4627 2269 4688 tyrqu
2326 4617 2792 4682 beatissimorum,
2827 4632 2959 4686 quas
3011 4618 3111 4688 ipsi
3162 4621 3623 4690 Conscripserunt.
3663 4644 3683 4677 s

390 4717 692 4772 Audiantur
739 4716 899 4771 verba
944 4714 1058 4784 ejus
1098 4729 1216 4784 cap.
1245 4729 1283 4778 1,
1313 4713 1378 4767 5:
1413 4731 1430 4764 1
1465 4712 1607 4766 Dixit
1651 4709 1780 4764 mihi
1825 4709 1992 4765 frater

391 4824 584 4864 meus:
626 4807 848 4862 Domina
877 4820 1049 4869 soror,
1074 4805 1184 4874 jam
1215 4805 1264 4858 in
1299 4818 1487 4874 magna
1518 4801 1774 4872 dignitate
1802 4816 1896 4866 es;
1939 4810 1994 4856 et

394 4911 541 4956 tanta
573 4941 587 4965 ,
616 4910 673 4953 ut
719 4878 972 4968 postules.
994 4897 1292 4960 visionem,
1341 4903 1396 4949 et
1446 4894 1758 4948 ostendatur
1786 4893 1878 4947 tibi
1925 4909 1990 4946 an

396 4991 580 5062 passio
621 4992 691 5046 sit
719 5032 732 5057 ,
765 5006 833 5044 an
863 4999 1217 5046 commeatus.
1265 4987 1328 5041 Et
1365 5001 1463 5056 ego
1493 5002 1612 5056 quae
1643 5000 1727 5040 me
1756 4983 1992 5040 sciebam

395 5084 624 5140 fabulari
665 5098 786 5139 cum
842 5082 1069 5138 Domino
1113 5079 1263 5150 cujus
1295 5079 1552 5134 benelicia
1587 5086 1729 5132 tanta
1773 5085 1993 5146 experta

398 5195 572 5246 eram,
617 5178 840 5233 fidenter
863 5174 1148 5245 repromisi
1179 5175 1228 5228 ei
1263 5171 1488 5227 dicens:
1515 5169 1761 5224 Crastina
1793 5168 1882 5224 die
1905 5169 2000 5224 tibi

399 5271 740 5329 renuntiabo.
765 5289 783 5321 1
810 5269 994 5326 Miram
1022 5281 1150 5323 sane
1173 5264 1417 5321 ﬁduciam
1449 5273 1504 5318 et
1531 5263 1643 5318 sola
1669 5261 1903 5316 Montani
1926 5261 2004 5316 fa-

402 5365 552 5421 milia
593 5363 836 5434 diguam!
885 5361 1066 5432 Neque
1103 5361 1232 5414 satis
1259 5373 1378 5414 cum
1429 5357 1688 5428 gravitate
1725 5355 2002 5411 decentia-

403 5474 511 5529 quc
539 5457 714 5512 oblata
742 5455 1020 5525 Perpetua:
1043 5453 1153 5506 visa
1184 5450 1592 5520 conjunguntur.
1629 5447 1800 5502 llomo
1827 5448 1877 5501 111
1905 5447 2002 5501 ha-

407 5551 521 5608 bitu
542 5552 792 5624 pastoris,
819 5570 836 5603 1
859 5549 926 5604 (10
939 5546 1250 5617 easeoquod
1266 5545 1554 5616 mulgebat,
1571 5544 2004 5615 deditPcrpetute

409 5645 562 5716 quasi
581 5641 896 5696 buccellain.
915 5665 932 5687 ι
950 5639 1088 5695 Hinc
1108 5637 1306 5708 colligit
1330 5636 1431 5690 sibi
1447 5644 1674 5690 mortem
1700 5636 2002 5691 imminere.

409 5735 711 5792 Notabilius
765 5731 915 5797 illud,
963 5729 1103 5801 quod
1146 5743 1263 5800 cap.
1294 5743 1372 5794 ιιι,
1404 5726 1458 5792 2,
1493 5727 1754 5797 Perpetua
1782 5735 1999 5782 narrat:

421 5848 440 5884 ι
473 5828 651 5887 Exivit
679 5825 894 5898 quidam
916 5832 1102 5881 contra
1132 5837 1220 5879 me
1243 5819 1525 5892 Egyptius
1569 5819 1742 5878 foedus
1778 5820 1957 5891 specie
1985 5859 2001 5888 ,

2096 4710 2162 4764 Et
2190 4711 2408 4763 tandem
2437 4723 2558 4779 cap.
2593 4723 2650 4773 v,
2679 4709 2734 4775 5,
2769 4722 2828 4764 se
2853 4711 2928 4763 ait
2956 4708 3234 4779 Perpetua
3264 4713 3572 4768 mandatum
3600 4731 3692 4770 ex-

2095 4803 2268 4871 sequi,
2302 4810 2356 4856 et
2383 4818 2501 4871 qua:
2547 4810 2753 4872 postea,
2801 4801 2917 4872 ipso
2963 4803 3257 4871 praesertim
3313 4805 3401 4860 die
3453 4809 3692 4865 muneris

2097 4895 2234 4950 facta
2263 4906 2408 4962 sunt,
2451 4895 2590 4950 sicut
2616 4895 2730 4965 ipsa
2755 4894 3184 4963 desideraverat,
3217 4909 3554 4966 posterorum
3583 4918 3694 4957 me-

2101 4987 2285 5042 moriae
2335 4986 2742 5042 commendere.
2787 5005 2806 5038 ι
2837 4987 3102 5053 Quoniam
3148 5003 3278 5060 ergo
3330 4992 3591 5059 permisit,
3641 5002 3696 5048 et

2104 5076 2464 5148 permittendo
2497 5077 2670 5133 voluit"
2710 5076 2944 5148 Spiritus
2981 5075 3210 5136 Sanctus
3250 5081 3494 5138 Ordinem
3529 5084 3696 5154 ipsius

2105 5170 2345 5226 muneris
2394 5169 2695 5238 conscribi,
2742 5170 2841 5224 etsi
2891 5169 3094 5241 indigni
3141 5173 3210 5227 ad
3264 5175 3697 5246 supplementum

2107 5273 2265 5319 tanta:
2295 5264 2476 5334 gloriae
2502 5262 2951 5328 describendum;
2998 5272 3176 5322 tamen
3202 5269 3355 5337 quasi
3385 5270 3697 5326 mandatum

2109 5358 2459 5412 sanctissimae
2499 5356 2798 5426 Perpetuus,
2853 5356 2962 5412 imo
3003 5359 3136 5414 fides
3184 5363 3531 5418 commissum
3574 5363 3694 5434 ejus

2108 5451 2487 5521 exsequimur,
2519 5461 2621 5505 etc.
2663 5467 2683 5500 ι
2736 5449 2836 5516 Qui
2867 5463 2996 5521 ergo
3041 5467 3152 5507 rem
3182 5455 3338 5509 toties
3372 5457 3439 5509 ab
3482 5465 3703 5513 auctora

2109 5552 2485 5611 contestatam,
2529 5550 2688 5611 atque
2731 5541 3051 5599 inculcatam
3084 5545 3139 5600 in
3182 5546 3403 5603 dubium
3447 5555 3698 5621 revocat,

2179 5746 2256 5813 (1)
2296 5743 2411 5799 Lib.
2441 5743 2504 5796 de
2532 5743 2733 5807 Anima,
2765 5757 2882 5812 cap.
2913 5742 2965 5798 9.

2182 5747 2224 5813 (l
2296 5746 2411 5799 Lib.
2441 5746 2504 5796 de
2532 5746 2733 5807 Anima,
2765 5757 2882 5812 cap.
2913 5746 2965 5798 9.

2182 5746 2258 5886 (ἐξ
2287 5815 2405 5872 Lib.
2438 5830 2452 5868 1
2480 5815 2542 5869 de
2559 5814 2762 5882 Anima,
2791 5825 2835 5871 et
2863 5817 2970 5884 eius
2997 5816 3152 5888 orig.,
3179 5832 3296 5891 cap.
3330 5819 3418 5878 10.
