3950 6310
416 268 486 341 st)
1605 254 2058 335 oissanrmo
2086 254 2565 328 AI’OLOGETICA

3601 260 3689 321 100

415 408 631 451 onmem
661 388 900 465 profecto
946 391 1062 464 ejus
1091 388 1249 449 dictis
1277 386 1434 445 ﬁdem
1467 402 1571 442 non
1604 386 1781 449 habet.
1812 382 2005 447 Nullibi
2034 383 2083 444 Α
2112 379 2222 434 cire
2269 386 2325 434 et
2375 374 2655 448 plausibile
2682 371 2953 432 efﬁcerem
3008 371 3290 445 potuisset.
3336 370 3508 433 Primo
3559 376 3689 433 enim

420 502 598 546 autem
623 499 841 544 sanctus
881 487 1205 558 Augustinus
1259 485 1311 543 in
1343 483 1764 538 controversiam
1815 488 2006 534 vocat:

414 582 921 651 fueritnePcrpetua
941 570 1417 642 Beelesimmulier,
1446 590 1512 630 an
1542 583 1700 631 sectae
1719 574 2010 635 ltlonlnttis-

416 677 561 741 tiere;
612 676 706 731 sed
757 674 1079 744 ubicumque
1123 671 1263 726 illius
1315 669 1579 733 meminit,
1626 667 1871 733 meminit
1908 681 2007 719 au-

414 778 523 822 tem
556 752 1015 836 frequentissime,
1070 772 1126 817 nt
1169 761 1561 821 sanctissimam
1595 768 1907 830 martyrem,
1956 763 2011 811 et

415 859 821 915 invictissimum
852 856 1107 915 celebrat.
1136 852 1289 915 Unde
1319 869 1382 908 ex
1414 852 1691 921 Augustini
1721 848 2002 913 sententia,

412 956 668 1013 Actorum
713 954 890 1026 potius
939 951 1108 1019 fides,
1139 965 1297 1022 quam
1348 957 1642 1019 martyrum
1694 943 2006 1005 orthodoxia

411 1048 462 1103 in
493 1048 711 1107 dubium
760 1043 1057 1103 revocanda
1108 1052 1273 1111 esset,
1322 1042 1365 1103 si
1399 1039 1612 1110 quidem
1646 1038 1698 1096 in
1739 1036 1887 1097 Actis
1920 1035 2009 1089 ali-

410 1143 536 1212 quid
600 1149 906 1203 occurreret
951 1138 1093 1205 aliud
1137 1146 1229 1192 aut
1275 1134 1533 1206 Spiritum
1582 1142 1865 1197 sanctum,
1914 1137 2008 1184 aut

410 1250 567 1293 veros
612 1234 807 1295 Christi
838 1243 1105 1307 martyres
1134 1230 1439 1293 dedecoret.

483 1332 547 1389 Et
571 1345 700 1385 sane
745 1338 896 1399 quot,
946 1327 1074 1385 licet
1103 1326 1341 1396 antiqua,
1370 1331 1676 1380 sanctorum
1708 1329 2001 1391 martyrum

405 1432 498 1477 aut
526 1420 890 1483 apostolorum
932 1428 1023 1477 aut
1049 1415 1415 1491 quorumlibet
1447 1414 1733 1485 insignium
1768 1412 2000 1466 virorum

405 1526 519 1571 aeta
568 1515 646 1568 vel
696 1512 955 1578 historiae,
1010 1510 1114 1565 hoc
1155 1508 1493 1580 potissimum
1540 1511 1879 1579 argumento,
1910 1510 2004 1556 aut

406 1610 456 1661 in
490 1606 707 1662 dubium
740 1615 1084 1668 revocantur,
1132 1610 1223 1656 aut
1259 1599 1469 1670 penitus
1519 1596 1899 1668 exploduntur,
1949 1600 2003 1648 et

403 1698 467 1753 ad
502 1696 707 1755 fabulas
742 1693 1129 1759 amandantur!
1173 1692 1315 1760 Quot
1356 1693 1516 1746 etiam
1548 1689 1762 1760 antiqua
1802 1701 1998 1747 monu-

2117 486 2221 525 non
2248 470 2348 523 sibi
2378 470 2656 541 quisquam
2689 466 2848 523 facile
2870 465 3238 538 persuaderet,
3270 464 3544 521 mulierem
3570 467 3687 522 afri-

2115 577 2303 616 canam
2349 561 2486 617 adeo
2536 560 2699 616 fuisse
2754 560 2947 632 graccis
2976 558 3170 613 litteris
3212 557 3508 625 addictam,
3546 567 3600 613 ut
3630 558 3690 613 ab

2116 657 2180 711 iis
2230 657 2280 710 in
2313 664 2420 710 tam
2474 655 2625 711 brevi
2663 653 2933 725 scriptura
2975 652 3172 731 saepius
3217 650 3549 720 usurpandis,
3594 651 3693 707 sibi

2124 748 2427 819 nequiverit
2494 756 2816 818 temperare.
2862 744 3012 802 Haud
3042 759 3128 800 me
3178 744 3307 799 latet
3364 757 3534 814 grzeca
3582 758 3691 799 esse

2112 840 2503 911 quamplurima
2546 839 2726 903 verba,
2760 853 2880 909 qua:
2918 839 2971 892 in
3006 838 3281 908 vulgarem
3313 828 3493 903 etiam,
3520 846 3571 890 et
3599 850 3688 906 po-

2111 933 2353 1005 pularem
2398 931 2546 986 latini
2599 931 2866 987 sermonis
2908 945 3062 999 usum
3118 929 3483 985 transierunt:
3514 938 3565 983 at
3594 945 3690 984 non

2110 1023 2390 1094 ejusmodi,
2419 1034 2543 1077 sunt
2567 1038 2690 1095 quae
2729 1038 2761 1076 a
2800 1022 3066 1094 Perpetua
3094 1022 3150 1078 in
3201 1022 3314 1077 suis
3341 1020 3693 1077 deserihendis

2110 1115 2410 1171 visionibus
2451 1122 2815 1187 usurpentur,
2868 1115 2977 1170 imo
3004 1116 3115 1169 fere
3163 1113 3449 1181 inusitata,
3498 1123 3547 1168 et
3585 1127 3694 1182 quae

2114 1209 2167 1263 in
2201 1209 2381 1267 latinis
2418 1208 2774 1281 scriptoribus
2803 1209 2911 1277 vix,
2945 1217 3035 1262 aut
3080 1222 3370 1280 numquam
3399 1216 3688 1261 occurrunt.

2107 1299 2183 1356 Ita
2212 1316 2329 1373 cap.
2356 1317 2392 1363 ι,
2421 1302 2476 1368 ‘5,
2507 1320 2527 1353 ι
2556 1299 2702 1356 Bene
2727 1300 2941 1368 venisti,
2975 1299 3249 1370 Tegnon.»
3280 1299 3377 1355 Ubi
3406 1298 3695 1361 lluinartius

2107 1393 2394 1462 admonet,
2435 1393 2577 1465 quod
2618 1402 2804 1459 τέκνον,
2853 1392 2955 1448 etsi
2986 1392 3179 1461 rarius,
3214 1389 3501 1462 aliquando
3531 1401 3692 1445 tamen

2106 1478 2270 1543 ﬁliam
2300 1488 2560 1559 designat.
2589 1488 2696 1544 Sed
2740 1487 2933 1543 vellem
2974 1486 3202 1543 latinum
3237 1485 3548 1555 scriptorem
3576 1499 3693 1557 pro-

2108 1583 2339 1650 tulisset,
2367 1583 2455 1654 qui
2486 1584 2766 1653 τξιινςνῖιιιο
2790 1582 2901 1652 filia
2921 1581 3213 1657 scripserit.
3232 1577 3363 1652 Cap.
3397 1596 3453 1643 ιι,
3475 1581 3526 1647 5,
3560 1599 3577 1632 ι
3600 1578 3694 1635 Os-

2107 1682 2315 1731 tensum
2364 1684 2447 1731 est
2491 1676 2620 1731 mihi
2676 1675 2777 1730 hoc
2819 1674 2874 1729 in
2924 1683 3186 1728 oromatc.
3221 1691 3238 1725 ι
3279 1672 3344 1726 Et
3385 1686 3505 1745 cap.
3538 1688 3613 1738 ιιι,
3638 1672 3691 1739 2,

404 1797 605 1855 menta,
665 1787 769 1842 hoc
819 1786 1009 1849 eodem
1060 1792 1399 1856 argumento,
1432 1782 1740 1838 auctoribus
1769 1793 1982 1850 quorum

2110 1784 2127 1817 ι
2160 1767 2316 1821 video
2344 1767 2395 1821 in
2426 1776 2689 1823 aromate.
2722 1786 2741 1821 ›
2798 1765 2855 1821 ιιι
2897 1781 3016 1836 qua:
3059 1768 3174 1819 loca
3220 1764 3335 1818 haec
3378 1771 3593 1825 annotat
3619 1762 3691 1816 vir

404 1884 617 1939 nomina
656 1880 967 1953 praeferunt,
1025 1878 1429 1948 abjudicantur!
1483 1876 1557 1931 lta
1606 1875 1694 1946 qui
1743 1874 1997 1955 Barnabas

400 1986 492 2031 aut
534 1972 848 2045 Clementis,
900 1980 991 2028 aut
1030 1971 1214 2043 [gnatii
1266 1968 1534 2039 Epistolas
1563 1967 1701 2023 inter
1745 1965 1995 2035 supposi-

403 2070 547 2125 titios
575 2069 738 2125 foetus
767 2074 1068 2133 recensent,
1102 2064 1202 2120 hac
1245 2062 1542 2135 prmserﬁm
1584 2060 1791 2117 ratione
1818 2059 1996 2113 nitun-

402 2171 502 2227 tur,
549 2160 691 2233 quod
744 2160 795 2215 in
843 2160 922 2217 eis
973 2156 1253 2229 apostolici
1309 2155 1409 2209 viri
1456 2153 1732 2221 doctrina,
1773 2151 1995 2221 Spiritus

401 2256 525 2311 item
572 2253 849 2325 apostolici
899 2252 981 2307 vis
1029 2261 1083 2305 et
1146 2250 1398 2319 majestas
1465 2245 1830 2302 desideretur.
1885 2241 1994 2296 llac

398 2350 557 2404 ctiam
591 2347 760 2403 ferme
802 2359 904 2402 una
951 2344 1161 2401 ratione
1207 2340 1495 2406 ducuntur,
1543 2339 1632 2410 qui
1667 2338 1879 2394 llernne
1912 2336 1994 2390 vi-

396 2444 596 2505 εἰοιιθε,
639 2438 881 2512 quamvis
922 2436 1156 2508 antiquis
1210 2434 1345 2493 adeo
1384 2432 1701 2499 celebratas,
1754 2439 1809 2497 ut
1854 2443 1994 2500 pene

397 2535 449 2589 in
479 2532 875 2602 Scripturarum
908 2512 1169 2585 canonein
1198 2528 1381 2583 relatae
1412 2526 1479 2583 ab
1523 2526 1601 2581 eis
1630 2522 1863 2591 fuerint,
1892 2537 1991 2577 ex-

393 2625 609 2679 sibilaut
635 2632 793 2692 atque
818 2619 1143 2691 CXplOduul;
1174 2617 1316 2687 quod
1346 2631 1537 2685 nempe
1562 2615 1728 2669 multa
1752 2614 1989 2684 ipsorum

390 2717 593 2789 judicio
642 2716 952 2772 contineant
998 2712 1378 2780 Apostolorum
1432 2708 1829 2778 discipulonon
1861 2706 1991 2761 satis

394 2809 576 2881 digna,
620 2817 671 2862 et
699 2806 765 2862 ab
788 2805 1171 2876 Apostolorum
1195 2801 1438 2863 doctrina
1473 2815 1727 2870 perquam
1779 2797 1985 2859 aliena;

394 2917 587 2971 neque,
646 2910 703 2954 ut
743 2899 918 2955 verbis
947 2908 1067 2955 utar
1094 2894 1363 2965 Basnagii,
1413 2892 1545 2957 satis
1573 2908 1694 2947 cum
1726 2890 1989 2962 gravitate

390 2991 743 3062 docendoque
781 2989 957 3044 oblata
991 2988 1201 3044 Hermae
1230 2985 1341 3040 visa
1371 2984 1785 3055 coniungantur.
1818 2980 1988 3035 Nemo

392 3093 572 3139 tamen
619 3083 927 3138 criticorum
981 3096 1046 3137 eo
1094 3080 1351 3135 hactenus
1401 3076 1641 3132 audaciae
1686 3073 1981 3151 processit,

2102 1859 2182 1913 Cl.
2244 1859 2415 1915 Lucas
2467 1860 2819 1915 llolstenius:
2860 1876 2878 1909 ι
2908 1857 3018 1917 Res
3062 1857 3229 1928 exigit
3272 1865 3329 1911 ut
3371 1856 3688 1911 rescribatur

2103 1955 2400 2021 lioramate,
2452 1953 2552 2009 nisi
2598 1953 2714 2011 huc
2757 1966 2856 2007 vox
2907 1952 2977 2006 ita
3026 1948 3325 2007 deformata
3374 1949 3427 2004 in
3458 1965 3555 2011 usu
3602 1962 3691 2019 po-

2112 2046 2279 2114 pulari
2322 2044 2571 2099 Afrorum
2608 2054 2739 2099 erat.
2791 2044 2888 2098 Est
2928 2050 3101 2097 autem
3151 2049 3312 2112 ὅραμα
3369 2056 3476 2095 vox
3534 2053 3691 2110 graeca

2100 2152 2303 2219 sonans
2331 2139 2524 2205 visum,
2557 2138 2668 2192 sive
2704 2136 2962 2191 visionem
3030 2133 3327 2203 Usurpatur
3353 2132 3537 2188 Actor.
3580 2145 3688 2201 cap.

2100 2245 2192 2295 xu,
2238 2229 2310 2296 9;
2354 2229 2506 2283 latini
2542 2229 2840 2296 scriptores
2877 2241 2941 2281 ea
2984 2226 3158 2282 rarius
3203 2225 3286 2279 usi
3329 2233 3476 2291 sunt,
3520 2233 3686 2278 tamen

2100 2322 2435 2389 Aldhehmis,
2462 2322 2558 2377 lib.
2588 2321 2657 2377 de
2684 2320 3023 2391 Virginitate,
3051 2334 3171 2388 cap.
3210 2320 3269 2384 ὖ,
3294 2317 3389 2373 ubi
3417 2317 3486 2372 de
3511 2324 3685 2371 sancto

2097 2416 2305 2477 Joanne
2344 2416 2668 2486 evangelista
2714 2413 2970 2484 loquitur,
3024 2413 3119 2479 ait,
3152 2425 3277 2467 eum
3316 2429 3335 2463 ι
3376 2411 3429 2465 in
3477 2408 3688 2467 Pathmo

2099 2518 2308 2580 raptum
2341 2509 2391 2563 in
2426 2509 2706 2571 lioromale,
2737 2526 2755 2558 )
2788 2506 2875 2560 ubi
2901 2505 3158 2559 Meursius
3176 2511 3319 2558 recte
3335 2501 3688 2557 orautatesub-

2097 2602 2271 2657 stituit
2295 2603 2348 2656 in
2377 2600 2629 2656 Mantissa
2652 2598 2839 2663 critica
2866 2597 3080 2671 (sicque
3104 2596 3158 2651 iu
3186 2595 3518 2657 Bibliotheca
3538 2608 3685 2651 sanc-

2093 2702 2275 2749 torum
2323 2693 2542 2749 Patrum
2597 2694 2799 2749 editum
2857 2690 3119 2760 reperio),
3160 2689 3362 2747 frustra
3408 2692 3685 2758 reprelien-

2095 2786 2257 2840 deute
2311 2785 2562 2840 Suvartio
2620 2784 3000 2839 Analectorum
3051 2782 3145 2837 lib.
3203 2797 3277 2847 ιιι,
3326 2795 3449 2850 cap.
3496 2782 3559 2846 9,
3601 2779 3684 2850 qui

2093 2876 2302 2941 clu'oma
2360 2876 2433 2931 ibi
2482 2875 2920 2942 rescribendum,
2968 2872 3295 2945 persuadere
3330 2856 3682 2944 nequidquam

2092 2978 2335 3025 conatur.
2379 2968 2611 3037 Reperio
2655 2967 2818 3029 etiam
2869 2956 3010 3037 apud
3053 2966 3368 3033 Alcuinum,
3408 2966 3504 3025 lib.
3558 2980 3577 3021 ι
3621 2963 3683 3019 de

2092 3060 2210 3114 Vita
2242 3058 2791 3124 sanctiWilleirrordi,
2808 3060 2981 3128 capite
3000 3057 3056 3122 2,
3088 3058 3202 3117 hinc
3224 3056 3425 3119 verba:
3461 3075 3481 3108 ι
3505 3055 3678 3124 Mater,

393 3184 449 3230 ut
483 3176 552 3231 ob
579 3189 761 3231 naevos
808 3174 1039 3242 aliquos,
1091 3179 1180 3225 aut
1226 3176 1425 3236 errata,
1473 3176 1566 3221 aut
1615 3148 1774 3221 etiam
1823 3163 1979 3219 noxia
2008 3173 2055 3238 ο
2093 3152 2425 3223 intempesta!
2477 3154 2652 3207 noctis
2695 3151 2898 3221 quinte.
2936 3151 3161 3211 caeleste
3202 3151 3255 3205 in
3301 3151 3511 3219 Samnis
3560 3148 3682 3206 vidit

389 3270 649 3331 doctrina:
703 3267 895 3338 capita,
948 3280 1067 3339 quae
1123 3264 1223 3321 sibi
1262 3263 1314 3325 in
1364 3261 1532 3328 hisce,
1578 3270 1669 3317 aut
1717 3258 1982 3330 ejusmodi

390 3362 751 3417 monumentis
812 3356 1220 3431 deprehendere
1275 3353 1584 3419 videbatur,
1645 3351 1711 3407 de
1770 3351 1981 3405 illorum

388 3472 516 3512 Sana
555 3455 660 3511 ﬁde
709 3463 869 3523 atque
910 3450 1237 3508 orthodoxia
1267 3443 1554 3513 dubitare’t,
1600 3445 1792 3519 quibus
1833 3445 1980 3513 ejus-

387 3547 530 3603 modi
567 3560 731 3617 opera
780 3544 969 3599 Patres
1025 3542 1186 3609 etiam
1231 3539 1583 3610 antiquissimi
1655 3538 1977 3601 tribuerunt.

388 3642 684 3698 Maluerunt
734 3638 940 3694 scilicet
996 3635 1228 3693 laudatis
1284 3633 1532 3690 Patribus
1576 3628 1787 3705 eripere
1861 3645 1980 3699 quae

385 3734 601 3788 illorum
647 3731 859 3801 indigna
882 3730 1070 3805 spiritu
1094 3727 1424 3799 judicarunt,
1455 3739 1615 3799 quam
1660 3724 1727 3778 de
1763 3722 1976 3779 illorum

384 3828 580 3898 pietate
625 3841 687 3884 ac
730 3824 990 3895 religione
1020 3822 1298 3893 indignum
1342 3819 1541 3891 aliquid
1589 3827 1863 3881 statuere,
1920 3825 1979 3883 et

381 3920 677 3979 secundum
715 3934 900 3977 eorum
924 3923 1285 3979 contestatam
1321 3914 1576 3971 virtutem
1606 3912 1672 3969 de
1708 3911 1860 3971 libris
1886 3920 1977 3965 aut

381 4017 595 4075 tributis
640 4014 769 4085 ipsis
814 4013 1108 4069 visionibus
1153 4010 1433 4066 arbitrium
1462 4008 1666 4076 facere,
1696 4023 1855 4078 quam
1905 4007 1975 4064 ob

381 4112 546 4167 libros
593 4116 684 4163 aut
734 4107 967 4163 visiones
1012 4119 1207 4161 eorum
1260 4102 1456 4163 famam
1509 4112 1561 4157 et
1616 4101 1873 4157 honorem
1920 4100 1971 4155 iu

377 4200 665 4259 discrimen
700 4198 1007 4257 adducere:
1036 4211 1211 4271 neque
1263 4195 1381 4253 ideo
1413 4210 1628 4267 pravam
1675 4193 1741 4249 de
1771 4192 1972 4249 sanctis

375 4294 693 4365 quibusdam
744 4292 872 4347 viris
899 4291 1205 4362 Opinionem
1238 4288 1423 4351 animo
1446 4287 1790 4355 imbiberunt,
1827 4283 1969 4357 quod

376 4403 535 4459 prava
558 4384 883 4457 iudicarent,
929 4399 1048 4455 qua:
1080 4382 1183 4438 illis
1213 4381 1410 4451 scripta
1442 4379 1842 4449 tribuebantur;
1871 4377 1967 4439 Sed

373 4498 491 4554 qua!
512 4496 673 4552 prava
699 4477 1015 4553 judicabant
1054 4476 1123 4532 iis
1151 4474 1310 4537 tribui
1344 4473 1652 4538 noluerunt,
1682 4470 1747 4524 de
1775 4468 1968 4540 quibus

372 4577 451 4631 fas
497 4590 601 4635 non
651 4581 768 4629 erat
825 4583 1043 4641 pravam
1083 4566 1265 4627 auium
1318 4564 1584 4621 imbibere
1632 4562 1960 4632 opinionem.
1990 4576 2045 4649 θ

372 4670 506 4726 Cum
548 4669 706 4739 igitur
756 4665 905 4723 nefas
956 4670 1101 4727 esset
1147 4668 1203 4714 et
1254 4672 1480 4720 summa:
1532 4655 1853 4725 temeritatis
1897 4655 1968 4727 de

369 4761 651 4832 Perpetuae
694 4768 749 4816 et
778 4757 1047 4814 sociorum
1074 4762 1374 4832 martyriun
1416 4750 1678 4820 religione
1721 4765 1783 4803 ac
1820 4759 1964 4807 recta

368 4830 490 4908 fidei
531 4866 627 4921 per
670 4857 749 4905 tot
777 4848 843 4905 ab
891 4858 1077 4903 eorum
1125 4830 1384 4914 martyrio
1408 4840 1630 4906 smcula,
1684 4840 1961 4895 universa-

369 4945 435 4999 lis
488 4943 743 4998 Ecclesia:
791 4939 996 5012 judicio
1042 4948 1100 4993 et
1154 4941 1396 5003 veterum
1451 4932 1673 4999 Patrum
1724 4930 1959 4987 unanimi

368 5034 722 5091 consensione
780 5031 1128 5104 comprobata
1156 5068 1170 5095 ,
1220 5026 1655 5093 controversiam
1715 5040 1956 5085 movere.

367 5128 426 5186 Si
461 5128 586 5200 quid
630 5127 682 5182 in
730 5140 916 5181 eorum
958 5125 1093 5179 actis
1120 5119 1344 5179 oll‘eudit
1372 5118 1684 5190 Basnagius,
1726 5104 1871 5189 quod
1905 5118 1957 5171 in

373 5219 670 5277 catholicos
719 5225 985 5287 martyres
1025 5213 1192 5287 ipsius
1214 5210 1421 5283 judicio
1458 5225 1567 5271 non
1600 5209 1847 5280 quadret,
1899 5206 1953 5265 id

366 5312 563 5383 potius,
588 5324 747 5365 omne
794 5306 981 5363 debuit
1008 5316 1066 5361 ut
1094 5304 1450 5363 adulterinum
1508 5301 1754 5371 rejieere,
1795 5315 1956 5370 quain

361 5404 431 5461 de
472 5402 672 5459 sanctis
702 5397 1025 5470 martyribus
1051 5396 1325 5468 indignum
1361 5394 1561 5465 aliquid
1602 5393 1995 5459 constituere.‘

430 5492 521 5548 lll.
564 5492 746 5563 Neque
774 5488 1038 5562 profecto,
1067 5486 1115 5542 si
1132 5487 1259 5543 huic
1284 5501 1441 5560 quam
1464 5485 1794 5556 Augustinus
1824 5498 1955 5556 ape-

360 5585 487 5651 ruit,
534 5583 783 5639 insistere
810 5579 1000 5635 orbitaa
1032 5578 1308 5645 voluisset,
1343 5594 1441 5650 pro
1480 5594 1539 5633 ea
1571 5593 1674 5648 qua
1717 5577 1954 5648 pollebat

354 5676 556 5745 ingenii
603 5675 654 5728 vi
705 5683 759 5729 et
800 5671 987 5728 critico
1035 5672 1293 5736 acumine,
1344 5671 1603 5742 Basnngio
1655 5670 1951 5727 defuissent

355 5776 670 5845 argumenta
708 5764 909 5842 quibus
948 5762 1095 5833 hanc
1134 5762 1458 5837 opinionem
1500 5774 1789 5836 utcumque
1835 5763 1939 5820 ful-

2088 3246 2319 3302 lioranta.
2354 3267 2376 3305 ι
2400 3246 2557 3315 Quod
2585 3246 2659 3302 ait
2678 3247 2759 3303 vir
2780 3244 3146 3311 doctissimus.
3169 3244 3368 3305 latinos
3397 3245 3679 3314 scriptores

2086 3336 2188 3393 hac
2212 3353 2343 3394 .voee
2367 3338 2543 3394 rarius
2568 3352 2691 3394 esse
2717 3352 2844 3401 usos
2864 3378 2879 3403 ,
2911 3336 3254 3406 perspicuum
3280 3344 3367 3393 est
3382 3352 3398 3403 ;
3425 3336 3518 3393 sed
3546 3334 3679 3407 quod

2086 3430 2324 3487 indicare
2350 3432 2559 3485 videtur
2585 3446 2702 3484 eam
2734 3430 2786 3484 in
2822 3444 2919 3485 usu
2947 3428 3187 3500 populari
3218 3427 3475 3484 Afrorum
3502 3428 3676 3493 fuisse,

2084 3523 2228 3581 haud
2266 3524 2424 3583 facile
2462 3525 2864 3589 concesserim;
2908 3538 3030 3579 cum
3059 3538 3233 3593 neque
3270 3524 3327 3591 in
3358 3522 3678 3579 Tertulliano

2082 3617 2321 3687 ejusdem
2363 3617 2461 3672 iuvi
2491 3617 2779 3686 scriptore,
2809 3629 3131 3686 quamquam
3168 3615 3398 3673 exoticis
3424 3611 3678 3684 ejusmodi

2081 3726 2145 3766 ac
2180 3711 2451 3782 prawipue
2480 3710 2673 3780 graecis
2705 3709 2928 3765 vocibus
2972 3706 3267 3763 admodum
3304 3706 3608 3777 delectetur
3628 3714 3678 3760 et

2080 3802 2519 3873 frequentissime
2546 3800 2614 3855 de
2645 3800 2963 3862 visionibus,
2992 3813 3055 3853 ac
3090 3798 3517 3857 revelatiouibus
3542 3805 3673 3868 agat,

2080 3904 2368 3959 occurrat;
2414 3907 2588 3962 neque
2644 3892 2697 3945 in
2753 3890 3083 3961 supparibus
3132 3890 3525 3959 scriptoribus,
3574 3887 3676 3958 Cy-

2081 3989 2268 4057 priane
2314 3994 2367 4041 et
2396 3985 2589 4043 Pontio
2631 3983 2880 4050 diacono,
2931 3995 3257 4053 quamquam
3292 3990 3348 4036 et
3380 3982 3481 4051 ipsi
3511 3979 3674 4036 varias

2077 4079 2303 4137 subinde
2336 4078 2570 4133 visiones
2600 4077 2869 4143 referant;
2914 4090 3090 4147 neque
3122 4075 3251 4130 item
3281 4076 3333 4131 in
3363 4076 3561 4149 Optato
3585 4073 3674 4127 Mi-

2076 4170 2328 4237 levitano,
2372 4170 2689 4240 Augustino,
2738 4167 3038 4238 Fulgentio,
3072 4181 3135 4222 ac
3166 4166 3387 4225 Victore
3442 4164 3659 4230 Vitensi,

2075 4263 2319 4334 quamvis
2369 4276 2472 4316 nou
2501 4260 2639 4321 adeo
2666 4261 2921 4330 castigata
2956 4260 3243 4325 locutione,
3280 4268 3331 4314 et
3361 4275 3391 4313 a
3429 4257 3669 4330 populari

2074 4370 2173 4408 usu
2202 4353 2581 4417 remotissima,
2630 4358 2865 4406 utantur.
2901 4350 3105 4405 Eodem
3163 4350 3337 4421 capite
3376 4365 3457 4418 ιιι,
3485 4353 3541 4417 2,
3572 4362 3668 4403 vox

2072 4445 2172 4501 alia
2223 4462 2413 4519 graecae
2458 4445 2865 4517 signiﬁcationis
2901 4444 3173 4509 occurrit:
3211 4461 3228 4494 ι
3254 4442 3566 4515 Egyptian]
3591 4441 3667 4495 vi-

2072 4536 2348 4608 deoinafa
2373 4538 2721 4597 volutantem.
2749 4556 2766 4588 ι
2803 4553 2821 4587 ‹
2853 4535 2973 4605 Ala,
2998 4554 3017 4587 ι
3048 4534 3222 4605 inquit
3246 4536 3301 4590 in
3331 4535 3477 4591 hunc
3498 4535 3667 4592 locum

2073 4630 2316 4687 laudatus
2339 4630 2665 4695 llolstenius,
2700 4648 2717 4681 ι
2753 4627 2924 4699 pulvis
2944 4637 3235 4698 est,gra:ea
3250 4626 3664 4699 significatione:

2073 4733 2154 4777 est
2198 4721 2340 4776 enim
2369 4736 2603 4793 grmcum
2648 4736 2866 4787 nomen,
2915 4724 3033 4790 ἁφή,
3066 4720 3228 4775 latine
3261 4720 3539 4790 scriptum.
3573 4719 3667 4774 So-

2066 4812 2247 4868 lebant
2300 4821 2477 4867 autem
2556 4812 2763 4884 pugiles
2829 4811 3086 4869 certaturi
3144 4811 3458 4883 inspergere
3510 4818 3663 4865 uncta

2062 4919 2291 4976 corpora
2318 4904 2559 4975 pulvere,
2595 4903 2679 4959 vel
2703 4904 2755 4959 iu
2781 4918 2846 4959 eo
2881 4903 3029 4957 humi
3064 4902 3281 4973 jacente
3311 4918 3372 4959 se
3398 4904 3660 4959 volutare.

2065 4998 2245 5066 0\'id.,
2276 4996 2759 5069 Metamorphos.9,
2790 4997 2857 5053 de
2886 4997 3093 5053 duobus
3125 4998 3416 5069 palestritis
3436 4999 3660 5069 invicem

2062 5090 2164 5147 sibi
2204 5089 2479 5173 pulverem
2510 5088 2576 5145 ad
2625 5091 2783 5144 istum
2827 5105 2982 5145 usum
3013 5076 3477 5148 ministrantibus:

2220 5200 2314 5266 ille
2332 5203 2463 5266 cavis
2487 5201 2663 5266 hausto
2674 5202 2862 5266 spargit
2886 5214 2967 5266 me
2989 5200 3199 5265 pulvere
3215 5201 3385 5265 palmis

2218 5264 2373 5328 inque
2401 5265 2557 5314 vicem
2577 5262 2721 5315 fulvae
2738 5262 2870 5327 juctu
2896 5262 3115 5315 ﬂavescit
3135 5262 3320 5315 arente.

2139 5389 2157 5422 ι
2185 5370 2357 5445 Quam
2382 5386 2621 5441 arenam,
2667 5371 2807 5428 unde
2844 5370 2877 5424 fl
2899 5372 3205 5428 n'eseebant
3251 5373 3340 5429 hic
3368 5373 3532 5431 modo
3557 5387 3654 5443 pus

2059 5461 2224 5536 gilum
2255 5478 2506 5534 corpora,
2536 5463 2791 5521 Martialis
2819 5463 2909 5519 lib.
2955 5480 3047 5532 vn,
3083 5464 3357 5538 Epigram.
3385 5464 3475 5536 66,
3506 5471 3657 5522 vocat

2058 5555 2279 5628 llapben
2306 5555 2412 5611 hoc
2439 5570 2628 5611 versu:
3128 5544 3133 5549 λ

2301 5668 2815 5734 EtilavescitHapbe.
2883 5704 2899 5719 .
2969 5705 2986 5724 .
3055 5711 3067 5723 .
3114 5686 3142 5724 )>

2125 5774 2316 5837 Nescio
2346 5784 2548 5847 tamen,
2578 5790 2648 5837 an
2670 5783 2868 5851 praeth
2890 5774 3188 5843 Menoeten
3215 5783 3358 5856 apud
3381 5782 3546 5845 alium
3566 5780 3648 5842 la-
