3950 6310
214 270 297 345 tot

1144 276 1278 337 PRO
1314 278 1410 343 SS,
1453 278 1842 347 PERPETUA,
1888 276 2294 339 FELICITATE
2333 273 2419 336 ET
2459 274 2692 338 SOCllS.

3372 275 3475 347 tos

215 403 364 457 tinum
388 398 699 470 scriptorem
730 398 1058 470 reperiatur;
1090 407 1144 454 et
1170 411 1325 468 poeta
1362 399 1583 455 forsitan
1616 400 1767 454 metri
1800 398 1847 457 Α
1877 398 2029 452 miles
2072 398 2313 468 phrases,
2368 398 2572 455 similes
2619 396 2916 454 locutiones
2957 409 3247 459 occurrunt
3284 418 3297 469 ;
3334 418 3472 459 unus

212 507 354 549 causa
396 491 529 546 hanc
577 502 765 548 vocem
821 493 1114 561 usurpavit.
1160 493 1343 561 Capite
1390 493 1518 548 item
1574 509 1643 560 tt,
1699 495 1766 560 ὅ,

208 602 416 659 grtecum
439 585 586 641 aliud
614 587 775 656 paulo
802 597 921 658 post
961 601 1155 643 nomen
1211 587 1439 658 legitur:
1480 606 1499 639 t
1539 587 1607 642 Et
1635 589 1772 644 inter

208 697 284 736 me
319 689 371 736 et
412 680 554 736 illum
582 680 787 749 grande
825 690 940 736 erat
984 681 1240 736 diadema.
1289 700 1308 733 ι
1360 682 1433 737 De
1481 682 1581 737 hac
1611 683 1769 736 etiam

207 786 324 828 voce
365 770 473 827 haec
517 770 682 826 habet
734 771 1040 827 Holstenius
1090 772 1141 826 in
1186 773 1366 828 notis:
1404 792 1423 824 ς
1456 772 1569 827 Non
1617 772 1769 827 dissi-

209 863 356 927 mulo,
396 863 438 916 si
479 863 776 932 suscipioni
809 873 951 919 esset
994 863 1401 934 indulgendum,
1451 864 1619 919 videri
1666 881 1769 918 non

207 957 307 1012 sine
329 954 667 1011 fundamento
686 956 875 1025 reponi
899 971 1057 1026 posse
1082 957 1332 1011 diastema
1380 972 1473 1025 pro
1513 957 1768 1012 diadema.

207 1045 320 1102 Nam
346 1047 662 1103 diastanatis
691 1062 877 1104 vocem
920 1048 1096 1102 latinis
1125 1064 1191 1103 eo
1237 1037 1435 1105 sa‘culo
1464 1049 1773 1119 frequenta-

207 1148 297 1195 tatn
340 1138 643 1209 intelligere
689 1138 817 1196 licet
853 1156 920 1194 ex
968 1139 1030 1194 L.
1079 1139 1335 1195 Frontino
1364 1142 1454 1195 lib.
1496 1141 1559 1196 de
1585 1141 1770 1213 Agror.

207 1229 400 1295 ρκοιιι..
430 1230 523 1287 ubi
549 1232 631 1287 sic
660 1232 849 1287 scribit
880 1251 894 1287 :
933 1233 988 1288 Si
1023 1242 1132 1288 tres
1156 1233 1342 1289 circuli
1369 1250 1526 1299 pares
1557 1236 1768 1300 fuerint,

205 1323 324 1379 inter
355 1337 416 1380 se
441 1323 635 1393 aquati
691 1324 986 1380 diastemata
1025 1326 1274 1380 connexi.
1310 1325 1377 1380 Et
1422 1327 1672 1397 llygenus
1711 1328 1776 1383 de

203 1413 354 1470 Uouit.
380 1416 612 1479 canuit.
648 1434 668 1467 ι
706 1415 843 1483 Quid
873 1416 1013 1485 quod
1037 1432 1134 1472 nec
1164 1418 1253 1473 illa
1276 1419 1387 1487 ipsa
1413 1420 1627 1487 regione
1649 1420 1777 1475 solis

203 1517 497 1576 conspectus
523 1515 672 1563 recte
694 1515 870 1575 potest
892 1508 1240 1578 deprehendi,
1267 1511 1369 1565 nisi
1397 1512 1689 1581 mquabbus
1709 1512 1777 1567 ab

203 1606 304 1654 ortu
324 1607 376 1655 et
406 1614 604 1655 occasu
625 1598 1026 1666 diastematibus,
1072 1602 1449 1657 ferramentum
1484 1615 1724 1672 ponatur.
1754 1624 1772 1658 ι

206 1689 316 1746 Item
340 1707 352 1745 :
383 1709 402 1741 ι
428 1701 627 1747 terram
648 1701 901 1761 punctum
922 1708 1043 1748 esse
1059 1694 1180 1749 coeli
1204 1690 1406 1749 etinfra
1418 1697 1585 1751 solem
1602 1699 1779 1765 amplo

1881 490 2128 560 idemque
2183 494 2357 562 stylus
2400 492 2450 545 iu
2498 493 2745 547 omnibus
2787 492 3225 563 deprehenditur.
3273 497 3472 552 Auctor

1879 581 2130 651 Epistola-
2182 584 2498 654 Biturigibus
2540 586 2749 651 ειϊίιιιςιι
2778 586 2841 639 ad
2892 585 3171 645 lieurieutn
3204 588 3470 645 Volusium

1878 675 1927 729 id
1956 691 2089 744 Opus
2109 676 2437 732 Tertulliauo
2461 678 2719 732 attribuit.
2776 678 2928 743 Quod
2975 689 3029 732 ut
3060 678 3328 747 probaret,
3362 680 3473 735 col-

1878 766 1997 821 latis
2028 768 2208 822 multis
2243 771 2495 823 Actorum
2528 769 2660 823 locis
2697 786 2817 823 cum
2850 770 2970 825 aliis
2998 770 3312 826 Tertulliani
3345 787 3473 841 ope-

1876 860 2025 913 ribns
2064 861 2299 914 Ostendit
2326 860 2573 915 eumdem
2620 861 2841 915 omnino
2873 862 3093 932 stylum,
3126 862 3343 917 easdem
3394 862 3473 917 lo-

1877 953 2071 1033 quendi
2119 954 2395 1011 formulas.
2441 968 2503 1007 ac
2542 954 2698 1007 etiam
2750 953 2945 1022 saepius
2983 954 3169 1009 eadem
3209 954 3373 1010 verba
3419 955 3473 1010 in

1880 1048 2118 1117 utriSque
2173 1048 2414 1114 reperiri.
2476 1045 2579 1101 Sed
2631 1046 2713 1101 he
2760 1046 3006 1117 loquendi
3063 1046 3330 1116 formulae,
3392 1048 3473 1102 ha:

1882 1141 2125 1210 phrases,
2171 1139 2283 1197 lucc
2306 1139 2490 1204 verba,
2524 1139 2608 1192 hic
2637 1140 2851 1194 deruunt
2882 1140 3203 1210 quicumque
3238 1141 3306 1196 sit
3343 1139 3475 1195 ΤΟΥ·-

1883 1231 2185 1286 tullianicus
2232 1231 2420 1302 stylus,
2481 1244 2585 1283 non
2629 1231 2677 1283 in
2734 1232 2797 1285 iis
2841 1240 3043 1286 tantum
3111 1248 3229 1303 qua:
3260 1231 3325 1286 de
3372 1246 3473 1286 suo

1881 1333 2068 1378 auctor
2113 1338 2168 1379 se
2201 1323 2463 1393 adjeci~sc
2495 1321 2711 1388 fatetur,
2756 1321 2849 1376 sed
2879 1323 2929 1377 in
2977 1323 3042 1378 iis
3085 1325 3245 1378 etiam
3275 1340 3392 1395 qum
3420 1332 3477 1379 ut

1883 1415 2161 1486 Perpetua.-
2203 1428 2256 1468 et
2298 1413 2471 1470 Saturi
2506 1413 2668 1471 verba
2735 1413 2955 1471 exhibet
3007 1414 3473 1469 animadvertitur.

1884 1511 2175 1581 Basnagius
2206 1494 2378 1564 tamen
2424 1508 2693 1563 laudatum
2744 1522 2880 1575 Opus
2915 1507 3244 1565 Tertulliano
3278 1507 3361 1563 his
3388 1523 3477 1562 ar-

1885 1602 2151 1670 gumentis
2201 1600 2462 1670 ahjudicat
2498 1618 2510 1653 :
2545 1600 2684 1668 quod
2732 1598 3059 1655 Tertulliano
3109 1600 3286 1661 nullus
3332 1608 3478 1656 vetc-

1895 1712 2012 1749 rum
2052 1710 2111 1749 ea
2165 1693 2367 1747 tribuit.
2421 1694 2550 1759 Quia
2604 1693 2762 1746 etiam
2812 1690 2983 1762 stylus
3029 1691 3119 1749 illo
3163 1689 3479 1746 Tertulliani

202 1788 478 1841 diastemata
515 1784 737 1854 spiritus
786 1784 1056 1863 sustineri.
1117 1804 1136 1837 ι
1193 1786 1267 1841 De
1307 1786 1407 1842 hac
1448 1797 1623 1843 tamen
1674 1791 1772 1845 viri
1805 1788 1850 1851 Β
1891 1788 2146 1842 huuilior
2191 1794 2274 1839 est
2325 1800 2423 1839 nec
2472 1784 2686 1853 paribus
2733 1782 2943 1853 ignibus
2994 1782 3174 1837 micat.
3240 1782 3479 1855 Denique

203 1877 477 1937 doctissimi
526 1876 927 1941 observatione,
972 1876 1084 1931 luet:
1113 1877 1384 1949 subjungit
1421 1879 1607 1936 Petrus
1642 1880 1774 1936 Pos-

201 1972 372 2029 sinus:
411 1987 430 2020 ι
472 1967 603 2035 Qua:
666 1976 817 2023 notat
865 1966 951 2022 hic
991 1968 1297 2024 Ilolstenius
1348 1969 1415 2025 de
1465 1972 1776 2041 conjectura

202 2076 289 2132 qua
330 2057 734 2117 rescribendum
782 2060 1085 2127 suspicatur
1120 2058 1364 2115 diastema
1414 2077 1511 2130 pro
1538 2063 1779 2119 diadema

202 2153 421 2209 videntur
452 2151 591 2207 hanc
630 2151 999 2219 exceptionem
1031 2151 1161 2220 pati,
1203 2153 1344 2221 quod
1389 2153 1504 2209 loca
1537 2155 1624 2208 illa
1654 2170 1777 2226 qua)

206 2245 316 2301 citat
338 2243 579 2301 Frontiui
606 2252 663 2298 et
706 2243 911 2314 Hygeni
944 2244 1365 2312 agrimensorum
1408 2262 1592 2315 parum
1628 2259 1777 2304 certo

205 2336 560 2408 persuadeant,
593 2347 832 2393 salictam
864 2336 1181 2406 Perpetuam
1210 2352 1359 2393 usam
1389 2338 1494 2396 hoc
1524 2340 1647 2397 loco
1677 2342 1778 2397 ista

206 2445 317 2487 voce
338 2445 453 2501 quae
485 2437 600 2485 erat
630 2429 844 2499 propria
885 2429 1016 2485 artis
1040 2429 1466 2498 agrimensorite,
1497 2447 1561 2488 ac
1588 2448 1781 2489 conse-

206 2532 402 2593 quenter
439 2521 620 2576 aliena
659 2519 728 2575 ab
755 2535 853 2579 usu
880 2520 1105 2591 vulgari,
1150 2523 1450 2589 praesertim
1491 2524 1777 2582 mulierum

208 2613 249 2668 in
271 2612 458 2668 Africa.
502 2596 736 2681 {Itaque
762 2627 831 2665 ex
872 2613 1137 2674 constanti
1182 2628 1245 2669 ac
1293 2614 1492 2675 diserta
1533 2631 1636 2675 ms.
1688 2634 1782 2675 eo-

207 2702 320 2760 dicis
345 2703 577 2759 lectione
617 2717 806 2763 vocem
837 2702 1074 2759 diadema
1115 2705 1335 2765 retineri
1382 2709 1517 2771 vult,
1550 2717 1606 2763 et
1637 2709 1777 2765 idem

207 2795 352 2853 ferme
378 2796 525 2868 quod
556 2793 726 2853 Limlu'
765 2809 959 2853 nomen
1004 2794 1106 2853 hoc
1155 2795 1274 2852 loco
1312 2797 1636 2867 signiﬁcare.
1673 2802 1779 2857 Sed

207 2906 307 2960 qua:
332 2891 379 2946 in
408 2891 555 2946 hanc
587 2899 825 2949 mentem
870 2889 1080 2947 erudite
1125 2898 1285 2960 atque
1312 2891 1577 2947 subtiliter
1604 2893 1779 2950 disse-

210 2983 283 3051 rit,
310 2998 406 3039 non
432 2980 737 3043 ostendunt
762 2980 899 3037 banc
926 2980 1093 3038 fuisse
1131 2996 1199 3037 eo
1229 2991 1469 3052 tempore
1500 2984 1658 3053 hujus
1687 3001 1780 3040 νος

211 3076 275 3131 eis
326 3076 577 3134 usitatam
631 3090 698 3131 ac
741 3074 1047 3145 pepulerem
1094 3076 1400 3138 notionem,
1448 3077 1584 3133 sicut
1624 3078 1783 3135 modo

1883 1884 2015 1935 Acta
2048 1880 2322 1948 Perpetua)
2348 1878 2519 1933 laudat
2547 1879 2659 1948 ipse
2686 1876 3046 1935 Tertullianus
3071 1892 3357 1948 suppresso
3382 1889 3479 1931 suo

1882 1972 2119 2037 nomine,
2149 1970 2290 2041 quod
2318 1969 2447 2035 edit,
2479 1970 2606 2024 dum
2633 1984 2854 2040 operum
2885 1984 3101 2025 suorum
3136 1968 3396 2029 meminit.
3422 1966 3478 2023 in

1887 2065 2056 2134 prima
2090 2063 2315 2116 istarum
2367 2061 2596 2125 ratirne,
2641 2072 2690 2117 et
2729 2061 2910 2119 ultima
2958 2076 3060 2113 non
3095 2061 3320 2117 multum
3365 2074 3481 2114 mo-

1886 2158 2050 2213 menti
2091 2157 2247 2210 inest.
2281 2155 2359 2210 Ad
2392 2156 2620 2224 primam
2651 2155 2789 2211 enim
2821 2154 3132 2223 responderi
3160 2154 3311 2210 facile
3351 2171 3478 2227 pos-

1882 2259 2003 2315 set;
2045 2250 2216 2318 Primo
2245 2260 2618 2317 argumentum
2659 2264 2776 2302 esse
2817 2249 3142 2318 negativum,
3170 2248 3310 2315 ίιυυά
3359 2264 3481 2319 1³³⁸0⁸

1887 2353 2065 2415 pterea
2093 2359 2196 2397 non
2227 2340 2513 2396 admodum
2544 2352 2716 2410 urget.
2747 2341 3012 2407 Secundo,
3043 2341 3163 2398 ideo
3187 2328 3480 2403 non'iuissc

1883 2437 1932 2491 id
1974 2435 2153 2506 operis
2196 2436 2332 2489 inter
2369 2432 2680 2489 Tertulliani
2737 2432 2904 2503 Opera
2951 2433 3291 2501 recensitum,
3337 2432 3481 2507 quod

1890 2530 2146 2586 Actorum
2208 2526 2381 2597 potius
2446 2525 2700 2583 collector
2746 2539 2898 2593 quam
2941 2535 3125 2583 auctor
3171 2525 3476 2583 haberetur.

1887 2623 2216 2677 Postremum
2244 2634 2456 2688 quoque
2481 2618 2744 2675 rationem
2773 2615 2932 2673 facile
2958 2626 3103 2673 esset
3131 2616 3371 2683 eludere,
3397 2617 3480 2672 di-

1885 2713 2057 2768 cendo
2106 2711 2365 2780 imprimis
2398 2708 2542 2779 quod
2583 2707 2950 2767 Tertullianus
2998 2710 3127 2771 Acta
3178 2724 3285 2769 non
3327 2710 3477 2775 citat,

1886 2804 1977 2860 sed
1999 2804 2275 2871 Perpetua:
2310 2801 2568 2861 visionem
2592 2809 2876 2866 memorat,
2903 2815 3061 2872 quam
3089 2800 3302 2857 aliunde
3326 2816 3482 2858 accc-

1886 2899 2028 2967 pisse
2064 2904 2292 2968 poterat,
2337 2910 2494 2960 quant
2542 2910 2606 2949 ex
2642 2894 2810 2948 Actis.
2865 2892 3063 2949 Deinde
3111 2908 3231 2948 cunt
3282 2893 3479 2950 librant

1887 2990 2097 3058 scripsit
2139 2988 2203 3041 de
2245 2986 2448 3053 Anima,
2482 2988 2611 3040 Arta
2667 2984 2887 3041 fot‘ritan
2929 2985 3163 3047 nondum
3209 2986 3473 3054 ediderat,

1888 3085 1980 3139 sed
2021 3099 2080 3139 ea
2128 3082 2264 3153 apud
2311 3097 2371 3139 se
2422 3080 2687 3135 retinebat
2726 3093 2824 3134 suo
2857 3089 3096 3150 tempore
3138 3079 3478 3151 publicanda.

208 3165 351 3223 Limbi
372 3168 612 3227 nominis
651 3168 793 3237 apud
834 3165 1204 3245 scholasricos,
1232 3168 1470 3238 adeoque
1498 3170 1688 3226 melius
1717 3177 1851 3239 acC
1889 3176 2016 3231 Plus
2062 3175 2239 3245 itaque
2283 3173 2540 3227 momenti
2585 3172 2639 3227 in
2685 3169 2919 3226 secunda
2965 3172 3169 3229 ratione
3216 3180 3318 3228 est.
3364 3170 3482 3228 Non

209 3259 426 3317 diastema
485 3260 538 3314 iu
591 3258 883 3314 afrieanam
944 3257 1218 3315 fmminam
1272 3261 1582 3316 convenire.
1634 3261 1781 3318 Licet

209 3355 330 3410 enim
359 3354 746 3421 Tertullinus.
772 3354 1051 3418 Perpetua:
1099 3369 1332 3421 eumvus,
1364 3364 1420 3409 et
1441 3353 1781 3425 Carthaginis

209 3445 378 3512 incola,
417 3456 481 3503 et
510 3454 699 3517 postea
728 3453 944 3501 sanctus
970 3443 1324 3516 Augustinus,
1373 3446 1569 3516 saepius
1602 3446 1782 3504 abdita

212 3538 310 3594 haec
336 3539 637 3597 aubmrum
668 3539 999 3609 receptacula
1027 3538 1372 3607 nominarunt,
1397 3554 1687 3609 numquam
1717 3557 1782 3598 ea

213 3640 364 3691 tamen
412 3632 716 3689 diademate
764 3639 1141 3702 nuncuparunt
1171 3649 1183 3684 :
1210 3647 1515 3704 quatiquam
1562 3633 1676 3698 ille.
1726 3643 1785 3690 ut

213 3724 387 3781 dictum
403 3735 513 3792 est,
545 3725 771 3780 exoticis
785 3733 838 3779 et
851 3725 1167 3795 peregrinis,
1184 3726 1268 3779 hic
1293 3742 1418 3780 vero
1438 3729 1784 3797 popularibus

212 3818 404 3874 vocibus
432 3815 729 3871 admodum
757 3816 1173 3879 delectarentur.
1211 3816 1327 3872 Jam
1370 3833 1497 3874 vero
1536 3822 1654 3890 quis
1686 3822 1783 3877 sibi

216 3907 343 3965 facile
355 3908 703 3980 persuadeat,
721 3910 995 3963 mulierem
1017 3908 1081 3963 ad
1098 3910 1408 3979 martyrium
1424 3909 1782 3977 festinantem,

213 4017 417 4072 gruum
468 4001 758 4065 affectasse
798 4000 1189 4067 eruditionem,
1229 4010 1322 4064 aut
1369 4003 1511 4058 inter
1550 4003 1785 4061 carceris

217 4094 405 4151 omlnes
425 4105 485 4152 et
512 4094 805 4171 angustias,
840 4095 893 4150 in
921 4093 1065 4150 brevi
1096 4092 1199 4150 hoc
1224 4096 1611 4151 conmentario
1642 4096 1785 4152 litte-

218 4187 278 4244 ris
302 4190 691 4265 consignando,
720 4189 789 4251 de
812 4190 1081 4249 inusitatis
1108 4191 1328 4249 vocibus
1352 4192 1704 4261 exsugitasse,
1734 4201 1789 4248 et

218 4294 309 4339 non
331 4284 502 4356 magis
523 4297 617 4343 cas
634 4298 756 4353 qua:
780 4282 834 4339 in
861 4298 957 4343 usu
982 4283 1226 4343 familiari
1252 4284 1607 4352 habebantur,
1633 4296 1790 4356 prout

218 4384 386 4442 sponte
422 4389 549 4435 sese
579 4389 643 4433 ac
691 4374 870 4437 statim
913 4374 979 4431 ad
1025 4385 1258 4435 mentem
1289 4376 1608 4445 offerebant,
1634 4394 1790 4437 usur-

221 4468 391 4534 passe?
418 4470 680 4525 Saturnus
704 4484 915 4539 quoque
935 4470 1360 4541 graecaslitteras
1384 4483 1550 4541 amat,
1574 4472 1710 4531 adeo
1734 4482 1792 4528 ut

221 4556 265 4617 in
287 4559 426 4619 brevi
466 4561 878 4632 scriptiuncula,
910 4577 1013 4633 qua
1043 4562 1302 4621 visionem
1355 4579 1505 4623 suam
1547 4566 1787 4636 exponit,
1816 4575 1869 4636 Β

221 4655 390 4722 graecis
425 4656 694 4726 nequierit
725 4654 945 4715 vocibus
969 4655 1244 4715 abstinere
1278 4674 1291 4709 :
1327 4676 1345 4710 ι
1380 4656 1451 4717 Et
1491 4658 1791 4715 audivimus

220 4759 385 4805 vocem
427 4748 632 4809 unitam
684 4747 1011 4816 dicentimn,
1054 4748 1241 4821 Agios,
1272 4751 1445 4822 agios,
1470 4752 1644 4823 agios,
1670 4754 1793 4808 sine

222 4840 518 4901 cesmtione.
544 4858 569 4901 ι

285 4930 364 4987 ιν.
406 4932 659 4993 Secundo
682 4932 731 4993 si
762 4934 1018 4993 Actorum
1042 4932 1237 4990 editori
1258 4934 1419 4992 ﬁdem
1448 4935 1790 5006 adhibemus,

230 5020 338 5079 Acta
366 5040 470 5087 non
508 5040 615 5087 uno
640 5035 864 5089 auctore
903 5034 1171 5095 constant,
1195 5027 1290 5089 sed
1311 5042 1343 5083 e
1372 5028 1528 5085 trium
1566 5030 1795 5099 scripto-

226 5130 328 5172 rum
368 5120 732 5179 monumentis
771 5121 1084 5179 concinnata
1129 5129 1274 5189 sunt,
1319 5121 1595 5192 Perpetua:
1641 5122 1801 5178 nimi-

226 5222 352 5276 rum,
378 5210 577 5281 Saturi,
618 5221 673 5271 et
719 5211 1035 5273 earumdem
1062 5212 1316 5273 Actorum
1353 5212 1676 5279 eolleetoris,
1708 5214 1799 5284 qui

226 5309 272 5353 et
311 5304 669 5371 praefationem
714 5303 979 5374 adjunxit,
1028 5313 1082 5358 et
1123 5320 1241 5374 quae
1285 5289 1517 5375 ipso-die
1562 5308 1799 5363 muneris

224 5404 356 5464 gesta
383 5408 525 5463 sunt,
566 5399 619 5457 in
646 5398 850 5459 litteras
877 5398 1041 5459 misit.
1071 5397 1265 5459 Verum
1294 5399 1338 5455 si
1360 5400 1545 5457 oculos
1582 5401 1799 5471 propius

226 5488 606 5559 admoveamns,
634 5508 809 5564 eaque
838 5509 944 5553 non
968 5497 1260 5553 oscitamer
1284 5512 1315 5551 ει
1345 5496 1505 5559 nobis
1539 5506 1625 5553 aut
1654 5511 1799 5553 som-

226 5580 453 5640 niculose
482 5585 742 5658 legantur,
770 5586 869 5649 sed
908 5589 1161 5658 praesenti
1189 5591 1369 5649 auium
1391 5598 1443 5643 et
1467 5605 1529 5646 ea
1567 5606 1668 5660 qua
1702 5607 1798 5660 par

224 5682 300 5728 est
340 5678 646 5746 attentione,
691 5694 856 5733 unum
902 5680 1080 5734 statim
1128 5681 1481 5750 cnmdcmque
1521 5695 1793 5739 auctorem

220 5781 585 5843 repraesentare
614 5772 881 5831 videntur.
913 5774 1119 5837 Similia
1153 5775 1205 5833 in
1228 5776 1476 5839 omnibus
1500 5778 1680 5851 verba,
1708 5779 1789 5839 si-

1887 3268 2030 3322 enim
2067 3266 2251 3337 negari
2297 3273 2489 3335 potest,
2524 3265 2777 3319 Actorum
2829 3263 3079 3321 humilius
3110 3279 3230 3318 esse
3269 3264 3481 3320 diccmli

1885 3376 2056 3431 genus
2105 3374 2278 3429 neque
2318 3355 2636 3413 Tertulliani
2676 3354 2941 3413 cothurno
2971 3354 3239 3413 incedere.
3273 3356 3341 3412 At
3374 3372 3482 3412 non

1887 3453 2146 3524 Perpetua
2189 3450 2361 3506 solum
2411 3458 2466 3505 et
2510 3448 2757 3513 Saturus,
2789 3446 2885 3503 sed
2926 3448 3039 3517 ipse
3076 3463 3286 3521 quoque
3317 3451 3482 3505 Acto-

1887 3562 2007 3604 rum
2064 3545 2241 3603 editor
2299 3542 2554 3601 humilius
2609 3541 2766 3613 repit.
2832 3540 2982 3599 Unde
3028 3542 3481 3612 quemadmodum

1890 3639 2113 3710 phrases
2142 3637 2349 3709 aliquas
2392 3645 2445 3695 et
2481 3635 2642 3691 verba
2684 3634 2995 3690 Tertulliani
3027 3636 3208 3691 verbis
3233 3651 3295 3692 ac
3322 3636 3486 3709 phra-

1889 3732 2037 3789 sibus
2075 3728 2292 3797 similia,
2340 3742 2444 3787 non
2479 3726 2658 3785 minus
2688 3727 2911 3783 Saturus
2938 3737 2993 3783 et
3019 3728 3276 3803 Perpetua
3323 3743 3482 3801 quam

1892 3822 2162 3891 passionis
2194 3836 2382 3877 eorum
2408 3819 2602 3888 editor,
2637 3818 2836 3875 habent
2868 3838 2880 3873 :
2912 3818 2985 3877 ita
3029 3834 3134 3875 non
3177 3821 3352 3877 minus
3384 3821 3485 3877 iste

1892 3916 2146 3971 humilius
2184 3913 2395 3971 dicendi
2427 3927 2618 3984 genus,
2654 3928 2812 3981 quam
2856 3913 3117 3983 Perpetua
3160 3924 3213 3969 et
3260 3914 3483 3971 Saturus

1852 4040 1858 4047 ο
1889 4017 2247 4064 consectatur.
2285 4006 2349 4060 Et
2378 4004 2637 4076 siquidem
2661 4014 2846 4060 auctor
2873 4006 3113 4075 epistolae
3143 4015 3360 4077 propter
3383 4007 3484 4062 ali-

1890 4113 2048 4171 quam
2079 4097 2487 4154 similitudinem
2514 4097 2814 4165 suspicatus
2841 4105 2944 4161 est,
2980 4112 3045 4159 an
3076 4098 3331 4153 Actorum
3371 4098 3484 4155 cdi—

1895 4201 1979 4247 tor
2030 4191 2145 4261 ipse
2193 4188 2355 4244 fuerit
2406 4187 2814 4243 Tertullianus:
2860 4188 3024 4244 multo
3064 4191 3229 4262 magis
3269 4199 3488 4262 propter

1892 4298 2056 4340 unum
2138 4281 2306 4337 ferme
2364 4278 2718 4350 eumdemque
2773 4282 3031 4338 orationis
3086 4282 3483 4353 characterem,

1893 4371 2129 4443 suspicio
2160 4387 2280 4427 esse
2310 4374 2523 4441 poterit,
2561 4386 2739 4426 annon
2775 4372 2906 4427 Acta
2935 4388 2998 4429 ex
3032 4373 3184 4429 unius
3224 4373 3489 4445 ejusdem-

1893 4482 1997 4537 que
2024 4466 2253 4520 auctoris
2277 4480 2435 4518 tnanu
2462 4462 2698 4537 profecta
2731 4466 2856 4521 sint.

1970 4557 2094 4613 llmc
2126 4571 2230 4611 non
2260 4570 2325 4612 eo
2352 4555 2492 4611 dicta
2524 4555 2706 4625 velim,
2744 4556 2884 4629 quod
2912 4560 3174 4629 ejusmodi
3212 4561 3488 4633 conjectu-

1899 4651 1973 4706 ris
2000 4649 2286 4706 admodum
2314 4647 2553 4705 deferam
2578 4691 2594 4716 ,
2627 4660 2718 4706 aut
2744 4654 2882 4723 quod
2910 4657 3163 4709 Actorum
3204 4661 3491 4723 γνήσιὸτητοι

1899 4743 1952 4798 in
2027 4743 2386 4812 suspicionem
2458 4743 2727 4803 adducere
2791 4744 2849 4801 iu
2916 4747 3095 4807 animo
3150 4765 3336 4825 reapse
3390 4752 3489 4810 ha-

1898 4834 2052 4891 beam
2086 4833 2219 4889 :sed
2267 4842 2325 4888 ut
2361 4836 2723 4904 ostenderem,
2768 4837 2961 4908 quibus
3005 4844 3333 4908 argumentis
3363 4860 3494 4901 con-

1901 4925 2101 4981 firmari
2136 4934 2313 4995 posset
2336 4926 2516 4995 opinio
2541 4926 2677 4999 ejus,
2706 4928 2794 4997 qui
2818 4927 2918 4984 sibi
2943 4931 2995 4985 in
3021 4929 3299 5001 Perpetua:
3328 4936 3490 4994 visio-

1905 5020 2059 5076 nibus
2084 5034 2147 5074 ac
2198 5019 2615 5076 revelationibus
2658 5020 2857 5091 aliquid
2900 5023 3490 5097 videretnroﬂ'endere,

1904 5113 2045 5185 quod
2073 5123 2163 5168 aut
2187 5113 2445 5183 Spiritum
2476 5122 2714 5169 sanctum
2740 5112 2835 5175 alit
2862 5116 3139 5175 catholicae
3160 5124 3494 5181 cumimmin-

1905 5208 1988 5263 nis
2039 5218 2330 5279 martyrem
2385 5206 2710 5274 dedecoret;
2755 5223 2817 5264 ac
2852 5220 3133 5282 propterea
3197 5230 3260 5270 ea
3311 5218 3491 5274 omnia

1904 5300 2083 5363 vellet,
2129 5309 2189 5354 ut
2233 5298 2673 5363 Montanistarum
2742 5313 3080 5370 commenta,
3129 5314 3185 5362 et
3239 5308 3494 5367 conﬁctas

1904 5394 1971 5449 ab
2004 5393 2191 5447 otiosis
2217 5407 2280 5447 ac
2309 5393 2696 5462 superstitiosis
2747 5394 3049 5457 hominibus
3077 5396 3285 5461 fabulas
3328 5416 3492 5471 repu-

1907 5485 2076 5542 diare.
2109 5485 2263 5553 Quod
2290 5495 2435 5543 certe
2477 5487 2699 5549 minoris
2724 5486 2961 5549 audaciae
2994 5489 3151 5556 foret,
3178 5509 3339 5563 quam
3366 5508 3494 5550 sane

1904 5586 2019 5641 ctos
2061 5578 2206 5649 ipsos
2238 5588 2500 5649 martyres
2545 5577 2941 5643 Catholicornm
2986 5580 3250 5655 diptychis
3290 5600 3496 5663 expun-

1902 5685 2029 5742 gcrc
2058 5680 2110 5727 et
2138 5671 2190 5726 in
2218 5670 2662 5735 Montanistarum
2694 5687 2913 5737 censum
2944 5673 3166 5733 referre.

1978 5784 2040 5841 V.
2080 5784 2264 5858 Neque
2289 5800 2419 5845 vero
2438 5795 2536 5844 aut
2559 5786 2870 5857 Tertullidii
2896 5793 3236 5865 auctoritate,
3266 5804 3359 5861 aut
