3988 6310
485 252 590 310 105

1704 248 2154 338 otsstaurarto
2193 249 2669 309 APOLOGETICA
3397 219 3399 222 ⁴
3648 263 3730 321 tot

483 368 739 423 Actorum
783 374 1048 423 vetustate
1074 366 1140 421 ab
1168 367 1420 437 incoepta,
1466 368 1509 422 si
1540 381 1673 436 opus
1700 377 1863 431 esset,
1897 381 2081 435 prase-
2112 368 2160 426 Α
2189 365 2358 420 editas
2403 366 2585 428 fuisse,
2635 381 2738 419 uou
2784 364 3088 432 admittunt,
3125 367 3267 437 quod
3317 367 3479 422 multa
3529 370 3729 440 ipsorum

485 462 802 533 queudaque
842 463 943 517 hac
972 462 1053 516 via
1081 461 1403 518 deterrerer.
1438 461 1551 515 Non
1585 460 1831 530 equidem
1864 459 2077 514 Tertul-

489 555 693 610 tulliani
721 554 1070 612 auctoritate;
1109 554 1347 624 quamvis
1377 553 1520 607 enim
1549 569 1609 607 ea
1641 553 1705 606 ad
1753 567 1941 606 manus
1981 551 2078 605 Ita-

486 646 669 703 buissc
696 647 963 715 credatur,
992 660 1044 702 et
1077 662 1172 716 pro
1217 645 1462 716 genuinis
1502 654 1661 714 atque
1692 643 1920 698 indubiae
1958 643 2079 696 lidei

487 741 852 796 monumentis
897 739 1140 794 laudasse
1176 780 1190 805 ,
1221 738 1287 793 de
1319 739 1419 792 hoc
1461 748 1658 800 tamen,
1700 746 1756 790 ut
1792 735 1922 800 dixi,
1975 751 2079 789 non

487 842 728 894 constat,
773 847 895 886 cum
941 831 1038 899 ipsi
1080 840 1557 892 commemoratam
1607 829 1883 898 Perpetua:
1913 827 2077 881 visio-

486 941 608 981 nem
636 925 847 980 aliunde
876 924 1107 994 potuerit
1147 925 1413 994 accipere.
1450 923 1671 989 Deinde,
1706 939 1809 976 non
1855 923 2076 992 multum

488 1018 539 1073 in
599 1020 761 1073 haece
812 1018 1178 1073 controversia
1231 1018 1509 1087 scripturis
1562 1017 1718 1087 lnijtts
1761 1018 2079 1073 auctoritate

485 1112 941 1175 deferendutnest
967 1155 982 1180 ,
1011 1129 1130 1167 cum
1180 1112 1378 1168 nullius
1419 1113 1564 1168 hisce
1596 1112 1648 1166 in
1677 1113 1840 1168 rebus
1875 1113 2078 1168 criterii

483 1206 746 1275 ctjudicii
778 1205 958 1270 luerit,
1007 1207 1179 1276 utqui
1229 1206 1327 1260 sibi
1369 1204 1437 1259 ab
1466 1206 1686 1269 insanis,
1731 1206 2079 1275 fanaticisque

483 1297 816 1353 mulierculis
859 1298 1166 1367 turpissime
1203 1298 1401 1367 itnponi
1437 1313 1624 1367 passus
1655 1299 1834 1364 fuerit,
1881 1309 1935 1354 et
1963 1299 2080 1352 ani-

482 1404 622 1444 tuam
647 1391 780 1444 aerei
819 1390 1002 1444 coloris
1031 1405 1153 1446 esse
1182 1389 1487 1452 crediderit,
1513 1399 1557 1442 el
1589 1392 1766 1461 fot‘ttta?
1793 1408 1882 1460 per
1908 1393 2078 1446 omnia

481 1483 735 1549 humanm,
777 1482 921 1553 quod
961 1497 1078 1537 eam
1124 1482 1223 1537 sibi
1271 1483 1512 1552 qumdam
1560 1497 1590 1537 e
1635 1482 2074 1539 hlonzatiistarum

479 1585 623 1630 secta
651 1565 1194 1644 pseudo-prephetes,
1226 1573 1488 1644 ejusmodi
1515 1574 1806 1640 coloribus,
1838 1585 1888 1630 et
1911 1575 2074 1631 linea-

479 1668 676 1724 mentis
715 1668 992 1737 przeditam
1027 1666 1433 1724 renuntiaverit.

2179 459 2381 528 judicio
2407 461 2743 526 contineant,
2774 477 2892 530 qum
2924 459 3038 515 ﬁeri
3086 477 3190 514 tton
3236 471 3410 532 potest
3448 474 3502 518 ut
3527 466 3731 534 cpistolre

2183 567 2308 606 vere
2339 553 2407 606 ab
2438 553 2638 623 lguatio
2668 554 2880 620 scripta:
2929 553 3234 610 habuerint.
3268 555 3379 609 liae:
3420 561 3730 626 responsione

2187 645 2413 701 Dalla‘us
2445 645 2520 716 (Ι)
2567 645 2935 716 Polyearpiani
2966 648 3258 702 testimonii
3290 648 3394 702 vim
3437 649 3630 706 elevare
3654 667 3733 708 co-

2184 747 2358 800 natur,
2409 739 2496 808 qui
2547 740 2706 792 etiam
2762 738 2830 792 ab
2877 740 3168 808 impostore
3220 742 3492 804 conﬁctas,
3525 743 3734 811 genuinis

2186 827 2371 900 lgnatii
2414 839 2466 884 et
2494 845 2520 882 a
2557 831 2847 900 Polycarpo
2907 831 3131 886 laudatis
3176 833 3418 901 epistolis
3447 834 3632 889 similes
3651 836 3733 890 ali-

2182 939 2284 990 qua
2316 940 2372 977 re
2404 924 2567 979 fuisse
2597 925 2836 994 largitur.
2873 925 3182 994 Basuagius,
3212 928 3302 996 qui
3333 937 3516 982 sancto
3543 926 3732 998 lgnatio,

2183 1031 2301 1082 qua:
2335 1015 2492 1068 modo
2523 1017 2621 1070 sub
2648 1019 2763 1085 ejus
2795 1018 3010 1072 nomine
3051 1019 3517 1085 circumferuntur,
3545 1037 3638 1075 non
3666 1036 3735 1076 se-

2183 1121 2277 1161 cus
2315 1123 2377 1161 ac
2426 1108 2674 1174 Dallmus,
2719 1109 3010 1178 ahjudicat,
3079 1111 3218 1180 quod
3263 1112 3426 1166 multa
3471 1115 3740 1170 contineant

2183 1217 2301 1269 qua!
2345 1202 2455 1256 ﬁeri
2515 1218 2619 1256 non
2667 1213 2860 1273 potest,
2911 1215 2966 1258 ut
3010 1205 3248 1274 epistolm
3295 1221 3418 1261 vere
3466 1207 3530 1260 ab
3569 1206 3738 1277 lgnatio

2184 1296 2396 1362 Scripta:
2425 1295 2710 1350 habuerint
2738 1316 2750 1350 :
2783 1312 2879 1350 cur
2909 1313 3013 1350 non
3041 1297 3236 1362 eidem,
3273 1298 3358 1352 ubi
3389 1299 3455 1353 de
3495 1299 3738 1368 Perpetute

2181 1389 2600 1444 revelationibus
2626 1391 2902 1460 agebatur,
2937 1392 3123 1446 orbita:
3156 1371 3394 1447 institit?
3433 1397 3510 1447 Att
3541 1410 3634 1448 non
3659 1395 3741 1448 nti-

2182 1482 2327 1535 uoris
2378 1485 2696 1539 temeritatis
2753 1483 2959 1548 fuisset,
3011 1486 3293 1540 admittere
3345 1487 3554 1554 quidem
3605 1488 3742 1544 fuisse

2182 1572 2498 1642 Perpetuam
2541 1576 2851 1631 coelestibus
2900 1578 2951 1631 itt
2991 1593 3207 1633 carcere
3235 1579 3526 1635 visionibus
3561 1597 3739 1637 recrea-

2183 1671 2312 1730 tam,
2356 1666 2448 1719 sed
2488 1666 2704 1722 easdem
2744 1682 2867 1723 esse
2907 1685 3220 1740 pernegare,
3250 1685 3382 1740 quas
3409 1672 3579 1726 editor
3611 1689 3740 1728 mon-

554 1761 778 1817 Fuerint
805 1762 966 1818 etiam
997 1761 1064 1816 ab
1091 1769 1311 1816 auctore
1337 1775 1542 1828 οοωνο,
1580 1771 1638 1816 ιιι
1665 1761 1852 1828 fertur,
1885 1770 1934 1815 ct
1966 1762 2080 1829 ipse
2112 1759 2158 1818 B
2191 1759 2383 1813 lanista
2408 1761 2660 1830 vulgavit,
2690 1761 2831 1832 quod
2856 1763 3018 1816 multa
3050 1764 3356 1819 contineant
3383 1781 3500 1835 qum
3524 1767 3625 1821 ﬁeri
3654 1781 3741 1821 non

479 1855 529 1910 in
560 1854 874 1924 praefatione
905 1862 1153 1922 testatur,
1182 1861 1491 1909 sanctorum
1535 1862 1827 1925 martyrum
1859 1857 1988 1909 Acta
2017 1854 2070 1908 in

478 1949 684 2005 litteras
709 1949 894 2017 missa,
924 1957 976 2004 et
1009 1963 1144 2003 serae
1174 1948 1469 2018 posteritati
1504 1948 1872 2002 commendata
1907 1964 1918 2000 :
1965 1964 2067 2003 non

478 2042 603 2098 inde
643 2051 822 2098 tamen
875 2055 1214 2112 consequens
1255 2051 1417 2105 esset,
1467 2056 1528 2095 ea
1572 2056 1690 2112 quae
1738 2041 1804 2095 ad
1835 2040 2068 2096 visiones

477 2137 765 2207 pertinent,
796 2135 972 2190 omnia
1013 2149 1134 2190 esse
1161 2134 1330 2189 avidis
1358 2135 1594 2198 auribus,
1629 2135 1881 2204 nulloque
1910 2134 2066 2188 adhi-

474 2227 586 2284 bito
609 2229 826 2284 criterio
847 2227 1180 2298 excipienda.
1200 2228 1368 2294 Quam
1390 2226 1545 2282 facile
1571 2235 1652 2281 est
1669 2227 1811 2280 enim
1839 2236 1894 2280 ut
1921 2225 2067 2281 hich

474 2320 527 2375 in
559 2319 720 2377 rebus
761 2328 816 2375 et
839 2319 963 2375 boui
994 2320 1092 2375 viri
1124 2319 1393 2384 fallantur,
1427 2328 1481 2374 et
1514 2319 1654 2374 male
1685 2318 1855 2373 feriati
1890 2317 2063 2373 homi-

473 2429 569 2470 nes
597 2428 718 2468 cum
748 2413 858 2468 otio
889 2427 1008 2478 suo,
1059 2421 1170 2466 tum
1210 2412 1436 2467 aliorum
1482 2411 1800 2466 credulitate
1838 2411 2063 2465 abutan-

471 2507 587 2560 tur!
621 2507 841 2572 Auctor,
874 2513 933 2559 ut
960 2503 1211 2568 vidimus,
1241 2503 1584 2567 moutanista,
1627 2514 1744 2572 qua:
1770 2503 1836 2557 de
1865 2503 2063 2572 Perpe-

472 2607 578 2653 tua:
615 2607 669 2652 et
696 2597 872 2653 Saturi
902 2596 1198 2650 visionibus
1236 2595 1416 2659 habet,
1462 2595 1640 2649 omnia
1673 2595 1737 2648 ad
1783 2594 2062 2650 arbitrium

471 2688 779 2758 conﬁngere
824 2687 1108 2757 potuisset.
1143 2685 1250 2742 Res
1293 2687 1345 2740 in
1397 2685 1516 2740 imis
1545 2686 1779 2741 carceris
1823 2687 2059 2753 latebris,

473 2789 526 2836 et
555 2780 858 2837 recessibus
885 2789 1048 2850 gesta:
1075 2787 1379 2834 narrantur.
1403 2778 1542 2848 Quid
1577 2779 1684 2834 Deo
1711 2795 1832 2835 cum
1860 2790 2060 2852 marty-

470 2875 620 2931 ribus
649 2883 824 2931 actum
855 2874 1034 2941 fuerit,
1061 2875 1176 2944 ipse
1205 2873 1470 2928 duntaxat
1498 2873 1635 2928 Deus
1667 2874 1811 2928 novit
1833 2886 1885 2928 et
1921 2890 2062 2929 mar-

471 2979 638 3040 tyres,
671 2970 759 3039 qui
783 2969 892 3039 jam
922 2977 1281 3025 excesserant.
1331 2966 1460 3035 Quis
1505 2983 1634 3038 ergo
1666 2976 1963 3038 prmstaret,
1997 2983 2058 3022 ea

470 3079 589 3134 quae
633 3062 896 3130 Basnagio
945 3060 1388 3115 Montanistarum
1455 3060 1697 3115 redolent
1752 3061 2056 3123 ofﬁcinam,

2186 1862 2360 1920 potest
2388 1864 2443 1908 ut
2476 1855 2728 1910 immissm
2751 1856 3030 1911 catholicis
3061 1859 3384 1929 martyribus
3411 1859 3738 1916 revelationes

2177 1942 2500 2000 habuerint?
2534 1946 2611 2012 ld,
2664 1947 2901 2017 inquam,
2954 1964 3132 2004 annon
3183 1951 3403 2006 minoris
3458 1951 3740 2007 temeritatis

2179 2037 2382 2097 fuisset.
2419 2054 2576 2108 quam
2624 2041 2966 2096 moutanismi
3015 2043 3307 2098 catholicos
3345 2054 3603 2116 martyres
3640 2060 3741 2101 reos

2177 2132 2371 2200 agere?
2402 2130 2605 2202 Largiri
2647 2133 2808 2188 etiam
2837 2132 2990 2188 facile
3018 2135 3295 2203 potuisset,
3340 2152 3475 2207 quas
3501 2137 3564 2192 ab
3593 2139 3736 2208 impo-

2171 2230 2317 2276 store
2350 2223 2608 2278 conﬁctas
2641 2225 2974 2281 existimaret
3005 2225 3282 2297 Perpetua:
3309 2238 3362 2284 et
3389 2228 3564 2284 Saturi
3594 2229 3734 2283 visio-

2172 2329 2288 2381 nes,
2336 2315 2506 2384 iisque
2553 2317 2602 2371 iu
2633 2333 2729 2374 ore
2776 2317 2934 2374 fama;
2987 2329 3114 2376 tunc
3149 2322 3518 2391 versabantur,
3564 2324 3739 2379 similes

2185 2407 2361 2474 aliqua
2403 2423 2461 2463 re
2491 2407 2676 2476 fuisse,
2724 2410 2820 2466 sed
2849 2426 2956 2466 nou
2982 2413 3197 2469 easdem
3229 2415 3452 2469 omnino
3475 2414 3608 2485 quod
3633 2414 3730 2484 ejus

2172 2501 2592 2557 emunctissimis
2637 2503 2856 2558 naribus
2885 2521 3004 2575 qua:
3033 2508 3195 2562 modo
3223 2517 3477 2576 exstant,
3509 2506 3738 2562 Montani-

2168 2598 2370 2646 starum
2396 2592 2673 2648 redoleant
2695 2594 2984 2650 ofﬁcinam.

2242 2681 2480 2752 Denique
2520 2683 2670 2753 juxta
2715 2685 3072 2756 hypotltesim,
3126 2704 3283 2760 quam
3335 2691 3385 2745 in
3443 2691 3542 2746 hoc
3581 2690 3729 2760 capite

2170 2790 2482 2846 persequor,
2513 2779 2655 2849 quod
2695 2783 3109 2837 montanismum
3154 2800 3342 2854 reapse
3380 2784 3650 2856 Perpetua:
3685 2792 3728 2839 et

2169 2866 2463 2923 Felicitatis
2517 2871 2648 2924 Acta
2700 2871 2998 2941 redoleant,
3035 2875 3162 2930 illud
3207 2877 3365 2931 etiam
3412 2877 3589 2948 largiri
3634 2876 3734 2947 quis

2165 2956 2320 3012 facile
2351 2970 2552 3029 posset,
2587 2961 2902 3032 Perpetuam
2935 2976 2988 3020 et
3021 2964 3271 3022 Saturum
3303 2983 3431 3025 suas
3458 2971 3509 3024 iu
3538 2984 3730 3024 carcere

2165 3051 2444 3119 Scripsisse
2473 3054 2860 3121 revelationes;
2908 3059 3002 3112 sed
3046 3074 3167 3114 cum
3211 3075 3338 3116 casu
3369 3061 3621 3130 quodam,
3657 3077 3736 3114 an-

471 3170 611 3220 esse,
644 3154 968 3225 martyribus
991 3168 1180 3224 reapse
1211 3153 1512 3219 tribuenda,
1543 3164 1596 3208 ct
1628 3169 1730 3207 neu
1765 3160 1934 3223 magis
1965 3171 2056 3208 ex-
2087 3153 2132 3215 ς,
2169 3151 2378 3213 tequam
2409 3147 2772 3217 vulgarentur,
2814 3152 2864 3204 iu
2909 3168 3097 3206 manus
3127 3153 3360 3209 hominis
3400 3155 3630 3211 Montani
3659 3168 3736 3207 su-

471 3245 735 3318 plodenda
788 3255 845 3300 ut
883 3247 1040 3303 otiosi
1069 3245 1318 3312 hominis,
1350 3245 1757 3316 vanissimteque
1783 3257 1940 3302 sectm
1968 3246 2060 3300 ad.

469 3340 596 3396 dicti
626 3339 1018 3395 deliramenta?
1044 3340 1160 3408 Quo
1183 3339 1233 3395 id
1261 3339 1548 3410 proclivius
1577 3339 1644 3395 de
1665 3339 1881 3396 homine
1909 3355 2052 3418 mou;

470 3434 664 3489 tauista
706 3434 758 3488 in
793 3433 1031 3487 animum
1079 3431 1470 3498 induceremus,
1519 3431 1720 3487 faceret
1753 3433 2056 3502 exemplum

469 3527 703 3582 auctoris
749 3526 1032 3581 donatista:
1088 3525 1178 3595 qui
1249 3524 1468 3580 MarCuli
1526 3523 1745 3594 perditae
1794 3523 1953 3594 hujus
2005 3533 2061 3580 et

469 3619 823 3676 schismaticaa
847 3619 1092 3674 factionis
1123 3617 1578 3688 pseudomartyris
1605 3617 1736 3673 Acta
1761 3617 2056 3673 litterarum

469 3717 833 3773 monumentis
852 3712 1265 3770 commendavit.
1293 3711 1549 3778 Quamvis
1569 3711 1712 3766 enim
1751 3712 1982 3780 scriptor
2004 3722 2061 3770 et

470 3807 589 3880 ipse
615 3822 828 3864 coaevus
868 3806 1050 3874 fuerit,
1083 3815 1276 3876 quanta
1319 3813 1442 3858 sunt
1472 3811 1647 3859 tamen
1673 3819 1794 3875 quae
1831 3805 1964 3860 mira
1998 3805 2060 3860 lio

467 3900 642 3956 centia
673 3907 1010 3955 commentus
1039 3905 1241 3971 est,_ct
1286 3895 1452 3951 multo
1485 3896 1690 3965 majore
1730 3896 2056 3968 impudentia

467 3989 757 4048 lectoribus
794 3992 845 4045 in
875 3990 979 4045 illis
1027 3990 1176 4044 Actis
1221 3988 1488 4044 obtrudit!
1519 3988 1662 4056 Quas
1709 3989 1850 4044 enim
1898 3990 2058 4046 refert

469 4082 627 4155 hujus
643 4083 936 4156 hypocritae
961 4084 1340 4150 revelationes,
1371 4082 1636 4139 catholico
1661 4092 1895 4157 martyre
1919 4085 2058 4140 haud

470 4193 690 4249 prorsus
742 4176 1006 4248 indignas,
1057 4178 1178 4248 quis
1235 4192 1342 4232 non
1386 4187 1442 4232 ut
1486 4177 1826 4233 audacissimi
1867 4180 2059 4249 capitis

465 4281 766 4329 commenta
799 4269 1086 4342 repudiet?
1128 4271 1242 4338 Qua
1271 4285 1399 4341 ergo
1444 4269 1690 4326 libertate
1715 4275 1917 4327 auctori
1965 4272 2060 4328 do-

466 4364 675 4420 natisue
706 4363 758 4418 in
792 4362 874 4417 his
923 4377 1041 4431 quae
1067 4361 1135 4417 de
1165 4361 1385 4416 Marculi
1422 4361 1719 4416 visionibus
1746 4371 1949 4429 narrat,
1989 4363 2052 4417 li-

463 4458 586 4514 dem
615 4457 956 4526 abrogamus,
987 4453 1128 4525 quod
1169 4453 1424 4509 haeretico
1462 4452 1668 4508 homini
1713 4469 1819 4508 non
1856 4469 2055 4510 conve-

2167 3237 2564 3303 pcrstitionibus
2596 3239 2849 3310 implicati
2884 3244 3172 3308 venissent,
3203 3261 3294 3300 eas
3325 3247 3477 3304 illum
3523 3247 3587 3303 ad
3613 3245 3735 3301 arbi-

2163 3325 2323 3380 trium
2353 3329 2725 3398 intcrpolasse,
2775 3341 2830 3386 et
2859 3335 3176 3403 quibusdam
3208 3339 3258 3392 in
3297 3339 3453 3405 locis,
3505 3349 3564 3394 ut
3594 3337 3736 3408 magis

2163 3417 2332 3484 libuit,
2360 3421 2627 3491 ﬁgmentis
2655 3422 2923 3481 htereticis
2952 3429 3283 3498 inquiuasse.
3309 3430 3365 3485 In
3401 3431 3733 3502 interpolato~

2162 3524 2272 3563 rem
2303 3513 2545 3581 proinde,
2590 3530 2695 3570 non
2739 3525 2916 3572 autem
2963 3519 3016 3574 in
3056 3530 3271 3576 sanctos
3305 3533 3592 3595 martyres,
3636 3535 3737 3577 esse

2167 3603 2497 3660 refundenda
2538 3622 2658 3678 qua:
2696 3609 3114 3668 montanismum
3153 3613 3356 3670 criticis
3418 3614 3739 3686 peritioribus

2161 3707 2428 3765 saperent.

2782 3833 3010 3894 CAPUT
3049 3835 3138 3893 IV.

2162 3983 2239 4039 De
2257 3986 2505 4040 visionum
2537 3987 2853 4059 aliorumque
2879 3991 3157 4048 caelestium
3185 3997 3436 4052 donorum
3459 4016 3550 4071 per
3579 3999 3736 4070 priora

2237 4077 2481 4134 Ecclesia:
2525 4083 2733 4150 stucula,
2766 4085 2914 4154 copia
2956 4097 3003 4141 et
3030 4088 3256 4144 ubertate
3285 4091 3572 4148 disseritur.
3609 4093 3734 4148 Vete-

2230 4187 2310 4226 res
2337 4171 2672 4241 Christianos,
2706 4185 2752 4229 et
2782 4177 3010 4231 omnium
3049 4181 3306 4250 Opinione,
3333 4187 3582 4254 genuinos
3604 4183 3738 4241 Chri-

2229 4264 2296 4318 sti
2326 4274 2578 4336 martyres
2621 4283 2723 4320 non
2757 4269 2961 4334 minori,
3007 4288 3159 4340 quam
3206 4272 3539 4344 Perpetuam,
3569 4276 3738 4346 ﬁducia

2232 4358 2415 4413 diuinis
2468 4360 2605 4415 hisce
2652 4361 2878 4433 Spiritus
2931 4364 3113 4420 Sancti
3152 4368 3579 4440 charisntatibus,
3635 4385 3738 4424 usos

2233 4449 2258 4517 f
2261 4452 2394 4504 uisse
2418 4450 2811 4508 demonstratur.

466 4551 652 4617 niant;
681 4548 869 4606 eadem
897 4563 1022 4619 erga
1053 4545 1372 4617 scriptorem
1395 4545 1796 4609 montanistam,
1832 4546 1903 4601 uti
1931 4562 2058 4617 pos-
2082 4547 2138 4607 D
2233 4543 2271 4597 Ι.
2318 4543 2469 4599 Nihil
2491 4547 2546 4600 in
2576 4558 2865 4604 nostrorum
2892 4562 3174 4624 martyrum
3200 4555 3338 4611 Actis
3365 4572 3546 4630 reapse
3576 4571 3737 4613 occur-

464 4655 667 4711 semus,
696 4643 741 4699 si
768 4656 902 4714 quas
929 4639 1093 4695 refert
1121 4637 1404 4709 Perpetuae
1452 4645 1506 4693 et
1533 4635 1710 4693 Saturi
1739 4637 1972 4694 visiones
2002 4641 2054 4696 in

462 4736 757 4792 catholicos
785 4743 1047 4804 martyres
1073 4746 1176 4786 non
1206 4730 1545 4801 quadrarent.

533 4827 738 4882 Nollem
778 4824 1026 4897 equidem
1077 4837 1298 4894 negare,
1350 4822 1601 4878 Saturum
1642 4831 1695 4878 et
1734 4823 2049 4894 Perpetuam

461 4918 773 4977 coelestibus
817 4915 1131 4971 inclaruisse
1179 4913 1595 4970 revelationibus
1627 4931 1640 4968 :
1669 4914 1765 4971 sed
1816 4931 1883 4972 an
1946 4918 2050 4974 illa:

461 5013 593 5085 ipsa:
614 5012 742 5078 sint,
762 5026 893 5082 quas
914 5009 1146 5078 scriptor
1165 5008 1487 5064 moutanista
1515 5009 1714 5078 publici
1740 5010 1878 5079 juris
1901 5010 2048 5081 fecit,

459 5105 656 5162 merito
686 5103 972 5175 quispiam,
997 5102 1040 5157 si
1066 5115 1202 5171 opus
1227 5110 1389 5168 esset,
1419 5101 1472 5155 in
1502 5103 1923 5158 controversiam
1955 5120 2049 5159 vo-

463 5207 632 5254 caret.
660 5196 886 5264 Quidam
916 5209 1102 5250 eorum
1124 5194 1216 5265 qui
1235 5193 1493 5250 adversus
1520 5195 1820 5265 lgnatianas
1852 5199 2050 5267 episto-

457 5291 540 5348 las
581 5289 843 5346 calamum
892 5294 1235 5354 exeruerunt,
1264 5285 1470 5358 aliquas
1509 5301 1539 5341 a
1585 5297 1772 5343 sancto
1814 5300 2050 5361 martyre

457 5383 789 5454 conscriptas
807 5380 975 5436 fuisse
993 5381 1199 5436 litteras
1231 5395 1338 5435 non
1366 5381 1686 5436 iuliciantur.
1716 5381 1854 5447 Quin
1885 5391 1940 5438 et
1965 5383 2049 5438 ul-

452 5483 538 5532 tro
577 5474 896 5538 admittunt,
943 5486 1035 5527 eas
1063 5486 1094 5526 a
1137 5471 1433 5543 Polycarpo
1460 5470 1626 5527 fuisse
1650 5473 1926 5539 collectas,
1956 5490 2048 5529 ea-

452 5583 680 5639 rumque
719 5582 986 5633 συναγωγὴν
1026 5579 1140 5620 sua:
1175 5574 1419 5620 sanctum
1448 5564 1758 5636 episcopum
1803 5564 1872 5620 ad
1918 5565 2046 5621 Phi-

452 5664 727 5736 lippenses
753 5659 998 5734 epistola:
1040 5657 1384 5730 subjunxisse
1410 5676 1421 5712 :
1452 5657 1548 5715 sed
1590 5673 1723 5730 quas
1755 5659 1915 5716 modo
1944 5659 2041 5714 ha-

453 5756 643 5818 bemus
693 5757 779 5816 vel
826 5755 895 5813 ab
949 5753 1154 5830 lgnatio
1201 5751 1465 5825 scriptas,
1524 5752 1610 5809 vel
1666 5768 1694 5809 a
1743 5753 2042 5829 Polycarpo

2165 4652 2274 4691 rere
2300 4638 2436 4708 quod
2465 4639 2700 4696 Montani
2737 4643 2960 4700 redoleat
2991 4648 3264 4718 oﬂicinam.

2233 4731 2298 4786 ll.
2339 4731 2568 4788 Sanctus
2587 4733 2824 4792 Justinus
2857 4738 2933 4792 Μ.
2961 4742 3053 4794 sui'
3073 4745 3310 4815 temporis
3339 4748 3612 4818 prephetas
3637 4759 3736 4800 cum

2158 4826 2402 4881 ueteribus
2427 4839 2709 4898 comparat.
2744 4829 2891 4886 Unde
2929 4835 3196 4905 conﬁcitur
3231 4856 3332 4895 non
3363 4842 3550 4897 minori
3599 4857 3735 4912 quam

2155 4916 2274 4971 illos
2304 4919 2493 4986 ﬁducia
2522 4923 2868 4992 prephcticum
2909 4928 3143 4996 spiritum
3173 4947 3466 5001 usurpasse.
3715 4917 3719 4922 λ

2226 5009 2314 5066 ΙΙΙ.
2354 5007 2436 5066 De
2474 5012 2905 5070 Montanistarum
2936 5020 3114 5075 initiis.
3159 5021 3354 5079 Nullus
3379 5026 3731 5082 vetustissimo-

2152 5121 2265 5159 rum
2305 5107 2610 5176 scriptorum
2648 5111 2980 5167 montanistas
3020 5114 3133 5170 ideo
3164 5133 3256 5187 pro
3289 5118 3435 5188 falsis
3487 5117 3734 5190 prophetis

2156 5197 2354 5264 habuit,
2390 5201 2526 5267 quod
2551 5201 2704 5255 veluti
2744 5204 2812 5256 ad
2836 5205 3101 5261 arbitrium
3144 5208 3372 5279 Spiritus
3401 5211 3585 5268 Sancti
3610 5227 3732 5267 reve-

2152 5287 2424 5344 lationibus
2443 5299 2723 5347 uterentur.

2222 5381 2312 5435 IV.
2355 5380 2434 5436 De
2468 5383 2835 5441 charismatum
2885 5405 2974 5459 per
3013 5391 3120 5446 hwc
3161 5401 3389 5464 tempora
3416 5397 3659 5451 varietate
3692 5403 3732 5448 ct

2150 5474 2298 5543 copia
2335 5475 2533 5547 insigne
2559 5479 2724 5532 sancti
2753 5478 2943 5536 Irena’i
2985 5487 3345 5542 testimonium.

2222 5565 2288 5620 ν.
2334 5566 2499 5635 Quam
2551 5580 2733 5641 prtesto
2783 5575 2935 5644 fuerit
2988 5580 3239 5637 veteribus
3287 5581 3624 5654 Christianis,
3667 5584 3728 5638 ad

2216 5762 2294 5836 (l)
2323 5763 2475 5837 Apud
2498 5766 2751 5828 Pearsou.
2798 5771 3076 5832 Vindiciar.
3106 5797 3156 5853 p.
3190 5783 3240 5849 1,
3267 5799 3383 5857 cap.
3417 5785 3472 5841 ὅ.

3905 3873 3909 4103 1
