3988 6310
241 302 364 361 105

1186 297 1321 356 pno
1359 299 1458 359 ss.
1487 293 1878 365 pauperes,
1922 276 2336 354 FELICITATE
2360 291 2452 353 ur
2476 293 2704 355 sucus.

3458 298 3571 359 106

247 421 560 480 coercendos
625 420 1000 494 abigendosque
1061 420 1344 485 dwmones,
1413 420 1572 475 virtus
1625 417 1854 490 Spiritus
1883 418 1935 480 Λ
1964 416 2186 472 Domina
2218 432 2396 481 soror.
2450 416 2563 487 jam
2606 416 2660 472 in
2691 429 2883 490 magna
2909 414 3170 490 dignitate
3198 431 3280 486 es,
3330 427 3386 476 et
3418 426 3567 475 tanta

247 515 439 572 sancti.

322 608 414 664 Ἣ.
457 605 812 676 Potomitentt’,
836 623 937 662 non
965 606 1133 662 minus
1160 621 1314 678 quam
1349 604 1637 677 Perpetuos,
1669 619 1859 660 memo-

254 699 420 756 rabile
447 701 758 771 exemplum.

320 793 432 848 VII.
480 795 740 861 Quantum
778 791 1024 866 Cypriani
1053 794 1155 849 vita
1186 793 1461 849 visionibus
1490 809 1550 848 ac
1580 792 1851 848 revelatio.

245 887 396 943 nibus
421 886 780 956 abundaverit,
829 902 891 942 ex
917 889 1027 959 ejus
1055 887 1300 959 epistolis,
1347 896 1395 942 et
1419 883 1608 942 Pontio
1638 885 1854 940 diatono

245 983 550 1040 ostenditur.

319 1097 459 1155 VIII.
501 1097 738 1154 Aliorum
763 1109 1046 1171 martyrum
1071 1097 1200 1152 Acta
1223 1096 1402 1152 iisdem
1429 1095 1655 1172 Spiritus
1689 1095 1854 1152 sancti

257 1191 401 1248 donis
424 1195 633 1265 referta.

252 1339 258 1362 .~
320 1306 413 1361 IX.
458 1305 735 1377 Perpetua:
757 1315 805 1362 et
826 1305 1078 1362 sociorum
1102 1315 1387 1377 martyrum
1423 1320 1530 1360 tcuo
1564 1304 1852 1359 charisma-

251 1409 358 1452 tum
400 1403 616 1471 fontem,
661 1399 827 1471 magis
861 1415 1017 1471 quam
1056 1397 1302 1471 Cypriani
1338 1397 1649 1470 temporibus
1690 1413 1854 1453 exun-

243 1492 412 1548 desse.

324 1647 368 1704 Ι.
408 1649 608 1717 Quum,
642 1657 701 1705 ut
722 1649 918 1720 saepius
943 1647 1076 1718 dixi,
1109 1664 1226 1721 qua:
1256 1649 1430 1720 capite
1458 1648 1774 1721 praecedenti
1797 1647 1850 1704 in

247 1742 486 1800 medium
521 1743 769 1814 produxi,
800 1759 904 1799 non
936 1743 991 1800 in
1019 1759 1136 1800 eam
1183 1757 1420 1800 mentem
1462 1744 1632 1814 accipi
1662 1743 1846 1810 velim,

1972 517 2030 564 ut
2056 509 2295 580 posmles
2322 509 2608 576 visionem,
2643 519 2694 564 et
2710 510 3030 566 ostendatur
3050 511 3145 568 tibi
3169 527 3236 568 an
3267 512 3447 582 passio
3473 512 3568 578 sit,

1965 615 2033 656 an
2064 611 2420 658 commeatus.
2452 601 2522 657 Et
2547 617 2646 674 ego
2671 617 2790 673 qua:
2813 618 2900 659 me
2924 604 3156 659 sciebam
3191 605 3412 660 tabulari
3445 619 3568 660 cum

1965 697 2222 763 Domino,
2251 697 2403 768 cujus
2435 695 2693 752 beneﬁcia
2726 706 2869 752 tanta
2893 707 3117 768 experta
3143 713 3312 766 erant,
3342 697 3570 754 ﬁdenter

1959 789 2241 860 repromisi
2287 790 2334 844 ei
2367 788 2553 844 dicens
2582 805 2596 842 :
2637 787 2882 845 Crastina
2922 789 3011 846 die
3040 789 3133 846 tibi
3164 789 3506 847 renuntiabo.
3541 807 3563 840 ι

1958 881 2061 950 Eo,
2096 883 2268 954 inquit
2297 881 2622 953 Basnagius,
2653 895 2714 937 se
2739 882 2901 938 modo
2928 881 3194 953 Perpetua
3223 884 3390 955 gerit;
3415 880 3570 952 quasi

1959 977 2221 1048 Spiritum
2262 986 2504 1032 sanctum
2553 976 2719 1032 veluti
2771 976 2972 1032 monile
3027 977 3296 1049 quoddam
3342 979 3396 1032 in
3443 991 3568 1034 arca

1958 1073 2223 1130 inclusum
2247 1089 2345 1129 sua
2372 1073 2598 1129 haberet
2626 1072 2692 1128 ad
2718 1082 2930 1140 nutum,
2955 1074 3074 1146 ejus
3095 1075 3564 1145 illustrationibus,

1957 1168 2172 1242 quando
2191 1169 2370 1237 vellet,
2400 1183 2559 1225 usura
2586 1167 2653 1223 ad
2683 1168 2996 1236 arbitrium;
3028 1169 3374 1242 recitatisque
3399 1185 3566 1241 supe-

1957 1269 2190 1326 rioribus
2231 1267 2431 1334 verbis,
2465 1267 2679 1336 miram,
2723 1266 3021 1340 subiungit,
3069 1267 3317 1325 ﬁduciam
3359 1277 3413 1324 et
3449 1267 3566 1324 sola

1955 1363 2399 1421 Montanistarum
2428 1361 2627 1419 familia
2661 1362 2910 1435 dignam!

2030 1459 2146 1516 Hoc
2174 1466 2494 1531 argumento
2529 1457 2682 1515 facile
2709 1472 2798 1514 me
2825 1457 3173 1529 expedirem;
3207 1458 3251 1515 si
3284 1457 3564 1515 innumera

1956 1553 2063 1610 huc
2104 1553 2354 1610 afferrem
2392 1552 2600 1619 similis,
2647 1551 2693 1607 si
2741 1567 2845 1607 non
2890 1552 3049 1607 etiam
3101 1552 3318 1622 majoris
3355 1551 3565 1608 ﬁducia:

1959 1649 2232 1720 exempla,
2263 1663 2373 1704 non
2400 1646 2562 1703 modo
2585 1662 2651 1704 ex
2673 1647 3034 1704 recentiorum
3059 1655 3364 1702 sanctorum
3394 1647 3566 1703 histo-

1955 1744 2081 1810 riis;
2129 1743 2226 1800 sed
2264 1759 2294 1799 e
2336 1741 2647 1799 Theodoriti
2685 1757 2901 1814 quoque
2947 1741 3170 1796 historia
3214 1741 3484 1812 religiosa,
3533 1757 3565 1799 e

235 1835 388 1908 quasi
434 1836 687 1890 Actorum
734 1839 1024 1907 ψησιότητι
1061 1837 1113 1890 in
1161 1835 1582 1892 controversiam
1623 1851 1818 1890 vocare
1837 1877 1852 1903 ,
1883 1829 1934 1892 B
1961 1836 2207 1909 Gregorii
2235 1837 2488 1907 Dialogis,
2519 1853 2586 1893 ex
2609 1836 2832 1893 Joannis
2857 1835 3056 1891 Moschi
3083 1836 3245 1892 Prato
3273 1835 3561 1907 spirituali,

241 1942 337 1987 aut
361 1931 675 1988 eorumdem
702 1934 986 2000 editorem,
1017 1941 1116 1988 etSt
1139 1931 1540 1996 montanistam,
1571 1929 1624 1984 in
1648 1929 1848 1986 fraudis

240 2025 605 2096 suspicionem
651 2024 941 2093 adducere,
979 2024 1032 2080 in
1068 2025 1250 2080 animo
1275 2024 1498 2080 habeam
1526 2043 1539 2079 :
1569 2025 1673 2080 alia
1704 2040 1848 2081 nunc

240 2118 398 2174 vobis
427 2118 533 2185 via,
558 2118 856 2187 Augustino
884 2118 1045 2174 etiam
1071 2116 1228 2184 duce,
1281 2117 1610 2188 capessenda
1645 2117 1845 2173 danda-

233 2227 344 2283 que
389 2226 550 2283 opera
611 2221 694 2267 est
748 2219 808 2267 ut
855 2226 1070 2268 omnem
1125 2227 1154 2265 a
1212 2210 1492 2281 Perpetua:
1520 2210 1843 2278 visionibus,

247 2307 420 2361 etiam
451 2314 600 2376 prout
627 2307 677 2360 in
727 2307 878 2362 Actis
916 2306 1245 2372 referuntur,
1280 2305 1627 2361 montanismi
1667 2305 1844 2375 suspi-

244 2397 457 2453 cionem
487 2396 818 2453 amoliamur.
845 2396 917 2454 Ut
943 2399 1087 2454 enim
1137 2399 1268 2453 Acta
1297 2398 1457 2453 nullis
1491 2398 1844 2454 Montanista-

243 2506 365 2546 rum
391 2492 713 2547 commentis
745 2492 1014 2562 inquinata
1037 2507 1156 2548 esse
1178 2505 1456 2561 negemus,
1488 2501 1538 2546 et
1563 2491 1846 2562 Perpetua)

241 2583 611 2640 revelationes
637 2583 839 2654 aliquid
887 2585 1106 2650 habere,
1144 2583 1286 2655 quod
1324 2583 1560 2638 Montani
1598 2584 1844 2640 scholam

243 2673 627 2748 ofﬁcinamque
655 2674 916 2741 redoleat,
949 2675 1202 2730 Ecclesia:
1229 2674 1522 2730 auctoritas
1549 2674 1699 2744 facit,
1724 2692 1846 2748 qua:

240 2782 348 2822 non
380 2767 520 2836 heri,
565 2777 658 2823 aut
684 2768 1092 2832 nudiustertius.
1125 2767 1219 2823 sed
1250 2769 1318 2824 ab
1359 2769 1599 2841 antiquis
1632 2781 1843 2841 tempo-

236 2859 407 2926 ribus,
443 2869 505 2916 ut
535 2877 600 2916 ex
628 2861 925 2933 Augustino
959 2870 1171 2917 conStat
1192 2859 1296 2933 (1),
1343 2861 1614 2932 publicam
1651 2877 1840 2919 eorum

235 2951 532 3008 lectionem
553 2952 894 3026 approbavit.
920 2952 1070 3008 Facit
1089 2953 1250 3008 etiam
1279 2955 1572 3010 auctoritas
1598 2953 1842 3021 Patrum,

234 3047 330 3121 qui
357 3049 490 3105 nihil
519 3066 547 3104 a
571 3049 674 3104 ﬁde
704 3049 959 3117 alienum,
991 3048 1124 3104 nihil
1155 3048 1492 3117 indecorum,
1525 3049 1658 3104 nihil
1686 3049 1842 3106 deni-

227 3157 358 3213 que,
401 3143 546 3212 quod
585 3142 1027 3199 Montanistarum
1076 3143 1318 3200 redoleat
1365 3143 1656 3212 ofﬁcinam,
1690 3145 1744 3201 in
1775 3146 1840 3202 iis

1951 1943 2007 1988 et
2033 1931 2150 1988 aliis
2179 1930 2486 2002 hujusmodi
2540 1931 2732 2002 quinti,
2766 1933 2901 1986 sexti
2931 1946 2994 1984 ac
3020 1931 3358 2002 sequentium
3391 1945 3565 1986 sarcu-

1957 2025 2132 2081 lorum
2153 2024 2516 2080 voluminibus
2543 2033 2878 2080 coacervata.
2911 2028 2979 2079 At
3000 2022 3253 2095 quoniam
3281 2022 3410 2078 mihi
3439 2038 3563 2079 cum

1953 2119 2224 2190 ejusmodi
2267 2119 2576 2176 hominibus
2604 2121 2828 2190 qumstio
2870 2129 2973 2184 est,
3006 2118 3094 2188 qui
3127 2117 3179 2174 id
3207 2118 3419 2189 generis
3446 2134 3567 2174 mo-

1951 2215 2221 2269 numentis
2261 2229 2475 2270 omnem
2529 2222 2732 2269 temere
2778 2213 2936 2268 ﬁdem
2993 2211 3292 2284 abrogant,
3340 2211 3456 2267 hrec
3508 2212 3562 2268 in

1951 2308 2357 2380 prmsentiarum
2405 2308 2568 2362 missa
2601 2304 2814 2372 faciam,
2845 2313 2898 2360 et
2928 2303 2993 2358 ad
3037 2304 3140 2358 alia
3187 2320 3274 2360 me
3312 2305 3562 2372 exetnpla

1953 2403 2370 2475 testimoniaque
2401 2411 2736 2468 convertam,
2769 2400 2966 2471 quibus
2994 2400 3027 2454 ii
3064 2409 3268 2455 tantum
3302 2400 3563 2469 refragari

1951 2496 2216 2563 audeant,
2270 2497 2360 2567 qui
2419 2505 2512 2552 aut
2565 2493 2914 2551 christianam
2963 2494 3277 2563 religionem
3327 2493 3559 2550 ludibrio

1951 2589 2171 2654 habent.
2211 2598 2305 2645 aut
2351 2589 2550 2646 nullam
2583 2590 2794 2661 penitus
2831 2587 3144 2660 religionem
3188 2587 3392 2644 colunt.
3439 2586 3559 2643 Non

1950 2693 2034 2740 est
2057 2692 2234 2740 tamen
2263 2698 2364 2739 cur
2395 2700 2425 2739 a
2468 2699 2555 2738 me
2595 2681 2788 2754 aliquis
2833 2687 3111 2752 exspectet
3145 2687 3204 2733 ut
3246 2678 3424 2734 omnia
3455 2679 3562 2734 huc

1951 2774 2221 2830 conferam
2272 2774 2571 2831 caelestium
2623 2773 2932 2838 visionum,
2985 2770 3417 2842 propheticarum
3467 2784 3557 2825 rc-

1950 2867 2325 2935 velationum,
2396 2866 2732 2936 aliorumque
2795 2863 3100 2920 divinorum
3174 2861 3560 2917 charismatum

1951 2961 2197 3032 exempla
2225 2958 2420 3031 quibus
2450 2957 2690 3014 Ecclesia
2724 2957 3012 3028 plurimum
3041 2955 3137 3010 fuit
3165 2955 3333 3009 tribus
3359 2953 3558 3023 priori-

1951 3053 2050 3111 bus
2078 3055 2288 3111 szeculis
2320 3039 2952 3122 illustrata.Quamquam
2980 3049 3121 3106 enim
3145 3048 3196 3103 id
3223 3049 3444 3102 multum
3465 3049 3559 3117 ju-

1951 3157 2103 3206 varet
2127 3159 2184 3205 ut
2206 3147 2650 3219 intelligeremus,
2675 3144 2816 3202 unde
2838 3145 3121 3215 Perpetua:
3149 3142 3383 3196 animum
3410 3149 3558 3195 tanta

239 3234 379 3305 ipsis
404 3235 686 3300 Perpetua:
717 3235 1132 3292 revelationibus
1158 3235 1469 3293 subodorati
1500 3246 1626 3293 sunt
1648 3239 1843 3309 quibus
1869 3231 1915 3295 C
1952 3241 2145 3297 ﬁducia
2187 3240 2470 3296 incesserit
2510 3238 2600 3312 (ex
2644 3253 2850 3294 summa
2897 3235 3147 3292 videlicet
3177 3251 3272 3306 per
3308 3249 3369 3289 ea
3420 3242 3558 3290 tem-

225 3327 395 3384 modo
422 3330 658 3400 suspicio
679 3330 1172 3401 imprudentissime
1197 3333 1522 3404 aspergitur.
1550 3331 1666 3388 Non
1689 3343 1845 3391 erant

228 3420 426 3480 Patres
461 3423 515 3478 in
551 3422 710 3479 rebus
750 3422 869 3480 ﬁdei
909 3423 1275 3480 sultodorandi
1321 3426 1457 3481 adeo
1484 3426 1664 3484 obesis
1693 3429 1841 3484 nari-

229 3514 359 3584 bus,
391 3524 452 3572 ut
479 3531 586 3572 non
618 3517 798 3572 statim
831 3516 1032 3573 bonum
1070 3516 1268 3575 Christi
1298 3517 1542 3586 odorem,
1591 3529 1646 3576 et
1681 3521 1846 3577 easie-

229 3611 398 3667 stium
423 3610 808 3666 charismatum
832 3609 1176 3682 fragrantiam
1200 3611 1270 3668 ab
1296 3612 1667 3669 hzereticarum
1690 3612 1843 3671 fabu-

230 3701 434 3769 larum,
460 3703 890 3774 ineptiarumque
913 3701 1108 3759 foetore
1128 3703 1519 3762 discernerent.
1546 3705 1664 3762 Non
1682 3707 1844 3764 modo

229 3797 417 3852 nullus
463 3796 675 3853 ostendi
720 3804 896 3868 potest
937 3795 1225 3854 hzereticus
1268 3807 1494 3872 martyr,
1536 3815 1696 3871 quem
1747 3815 1845 3872 pro

241 3892 513 3947 catholico
538 3893 728 3950 Patres
754 3893 1060 3960 coluerint,
1101 3893 1196 3949 sed
1224 3909 1401 3966 neque
1425 3894 1588 3950 etiam
1621 3895 1724 3951 ulla
1753 3911 1846 3952 ca-

241 3983 571 4043 tholicorum
619 3969 942 4061 martyrum."
960 3999 1080 4048 acta
1132 3989 1398 4044 haereticis
1429 3987 1623 4045 fabulis
1668 3989 1846 4062 inqui-

241 4091 367 4136 nata
391 4123 406 4147 ,
430 4097 664 4154 quorum
687 4083 754 4138 ad
785 4083 1020 4140 ﬁdelium
1041 4081 1450 4138 aediﬁcationem
1480 4082 1751 4152 publicam
1784 4083 1838 4139 in

229 4171 478 4230 Ecclesia
523 4174 810 4231 lectionem
841 4191 963 4233 esse
987 4175 1274 4232 voluerint.
1327 4172 1398 4230 Ut
1439 4173 1564 4229 boni
1601 4184 1844 4244 pastores

227 4265 454 4321 solliciti
479 4266 765 4324 admodum
797 4278 977 4334 erant,
1012 4277 1126 4323 uta
1165 4265 1338 4322 noxiis
1369 4275 1533 4338 atque
1562 4267 1843 4323 inutilibus

233 4353 432 4412 herbis
473 4371 595 4413 oves
631 4368 942 4415 averterent
983 4374 1108 4415 suas
1142 4375 1154 4410 :
1190 4373 1364 4428 neque
1394 4358 1668 4416 credimus
1699 4359 1844 4415 frau-

227 4447 366 4504 dem
410 4450 539 4505 nulli
569 4467 662 4522 per
688 4461 767 4507 tot
803 4451 999 4509 saecula
1045 4451 1502 4518 animadversam,
1553 4469 1695 4509 nunc
1726 4463 1844 4509 tan-

224 4541 357 4596 dem
403 4541 666 4616 Basnagio
696 4544 1017 4600 suboluisse.
1069 4543 1398 4600 Enitendum
1445 4553 1530 4600 est
1573 4545 1756 4618 igitur,
1786 4553 1845 4603 ut

1950 3349 2082 3405 pora
2125 3332 2430 3390 coalestium
2475 3331 2741 3388 donorum
2789 3329 3052 3394 ubertate,
3103 3337 3157 3384 et
3202 3342 3338 3398 pene
3380 3326 3559 3397 quoti-

1947 3427 2111 3483 diano
2140 3434 2193 3482 et
2231 3427 2525 3492 communi,
2573 3440 2636 3480 ac
2664 3423 2940 3496 quibusvis
2961 3423 3122 3493 justis
3149 3418 3393 3491 exposito
3419 3419 3557 3475 divi-

1951 3533 2144 3574 norum
2175 3517 2556 3573 charismatum
2589 3515 2732 3586 usu),
2763 3523 2999 3570 attamen
3024 3513 3145 3585 quia
3175 3512 3310 3568 bene
3341 3512 3556 3584 longam

1949 3611 2322 3682 eruditamque
2361 3610 2423 3665 de
2452 3607 2742 3663 Visionibus
2773 3607 2839 3663 ad
2863 3607 3154 3678 Epistolam
3183 3623 3272 3662 vttt
3301 3606 3557 3679 Cypriani

1947 3705 2381 3762 dissertationem
2425 3703 2592 3760 texuit
2621 3701 2886 3758 lIenricus
2918 3702 3224 3757 Dodwellus
3255 3702 3396 3756 inter
3425 3700 3557 3756 Pro-

1951 3807 2208 3855 testantes
2235 3814 2340 3853 non
2393 3797 2559 3852 inﬁmi
2590 3795 2829 3851 subsellii
2859 3794 3156 3864 theologus,
3189 3796 3239 3848 in
3271 3810 3373 3866 qua
3407 3804 3557 3850 vele-

1949 3908 2067 3947 rum
2121 3891 2369 3956 Patrum,
2413 3890 2566 3946 initio
2617 3899 2831 3959 sumpto
2871 3889 2939 3943 ab
2990 3887 3298 3958 apostolicis
3339 3888 3404 3941 ad
3451 3889 3554 3960 Cy-

1949 3984 2196 4055 prianum
2246 3997 2414 4054 usque
2446 3983 2561 4038 loca
2611 3981 2788 4038 omnia
2837 3981 2888 4035 in
2920 3979 3111 4050 quibus
3154 3979 3222 4035 de
3259 3979 3554 4036 visionibus

1947 4086 2131 4148 agunt,
2163 4076 2426 4132 adversus
2453 4090 2544 4130 cos
2569 4074 2801 4132 asseruit
2818 4088 2879 4128 ac
2903 4071 3190 4128 vindicavit
3210 4090 3230 4124 ι
3255 4074 3363 4144 qui,
3383 4083 3439 4128 ut
3459 4073 3556 4142 ait,

1948 4187 2069 4242 quae
2122 4170 2304 4241 legunt
2357 4169 2407 4224 in
2456 4167 2595 4223 illius
2648 4165 2831 4222 swculi
2874 4163 3182 4221 auctoribus
3226 4163 3293 4220 de
3335 4165 3556 4221 visioni-

1948 4263 2068 4330 bus,
2097 4278 2158 4319 ea
2199 4263 2264 4317 ad
2298 4262 2606 4317 Montanum
2651 4258 2872 4315 trahunt
2913 4267 3072 4328 atque
3111 4256 3490 4325 Montanistas;
3531 4277 3550 4311 ι

1951 4355 2072 4412 ideo
2095 4355 2198 4410 hoc
2225 4370 2324 4426 ego
2347 4355 2532 4410 labore
2554 4353 2606 4408 in
2633 4351 2916 4422 praesentia
2946 4348 3330 4418 supersedebo,
3364 4349 3456 4404 sed
3488 4364 3552 4404 ca

1949 4451 2228 4508 dumtaxat
2246 4466 2369 4507 cum
2398 4465 2464 4506 ex
2493 4448 2830 4519 antiquorum
2855 4445 3070 4501 Patrum
3097 4445 3310 4514 scriptis
3331 4443 3552 4514 seligam

1951 4545 2280 4607 testimonia,
2314 4552 2426 4598 tum
2471 4557 2539 4599 ex
2575 4551 2871 4612 martyrum
2921 4538 3149 4595 sinceris
3175 4536 3325 4592 Actis
3361 4534 3557 4604 proba-

225 4633 462 4705 injectas
491 4637 725 4708 antiquis
772 4637 921 4694 hisce
976 4647 1031 4693 et
1069 4637 1312 4708 probatis
1341 4645 1586 4694 veterum
1617 4638 1836 4696 Patrum
1866 4642 1922 4704 D
1952 4640 2125 4711 lisque
2170 4637 2410 4693 historiis
2457 4635 2700 4706 exempla
2741 4650 2860 4706 qua:
2903 4633 2971 4688 ad
3020 4647 3197 4688 meum
3248 4629 3551 4684 institutum

224 4726 444 4783 calculo
471 4730 836 4786 monumentis
869 4730 1136 4786 htereticze
1166 4731 1442 4800 pravitatis
1472 4734 1711 4790 maculas
1737 4735 1835 4792 de—

223 4827 530 4890 tergamus,
553 4833 606 4876 et
629 4820 754 4878 inde
777 4823 940 4878 etiam
965 4822 1253 4878 conflatam
1281 4823 1482 4880 sanctis
1505 4827 1834 4896 martyribus

223 4912 457 4968 sceleris
505 4913 663 4983 hujus
708 4914 960 4970 invidiam
1017 4915 1376 4986 depellamus.
1424 4915 1581 4985 Quod
1631 4933 1716 4974 me
1761 4917 1840 4974 fa-

224 5002 340 5059 cile
363 5017 785 5060 consecuturum
824 5021 945 5063 esse
989 5007 1226 5072 conﬁdo,
1274 5009 1482 5080 singula
1513 5026 1740 5082 quaeque
1771 5012 1838 5067 ad

225 5110 462 5152 examen
491 5098 814 5167 revocando,
858 5109 912 5156 et
945 5099 1012 5155 ad
1039 5100 1348 5159 severiores
1377 5103 1594 5161 critices
1624 5105 1841 5177 regulas

223 5187 614 5258 expendendo,
669 5205 790 5260 qua:
844 5190 1167 5264 Basnagium
1219 5194 1274 5249 in
1316 5209 1535 5265 pravam
1585 5195 1724 5251 hanc
1775 5196 1844 5253 de

222 5285 440 5337 sanctis
487 5283 810 5356 martyribus
836 5285 1142 5356 Opinionem
1191 5286 1548 5343 adduxerunt.
1580 5288 1842 5357 Primum,

225 5384 296 5430 ut
331 5375 584 5443 vidimus,
617 5378 756 5434 inter
785 5379 942 5435 insita
971 5389 1027 5436 et
1070 5396 1134 5437 ex
1164 5381 1296 5452 ipsis
1349 5383 1496 5438 Actis
1536 5391 1591 5438 et
1639 5383 1843 5456 Perpe-

222 5478 342 5525 tua:
371 5469 552 5526 verbis
597 5470 845 5536 collecta,
884 5471 1140 5530 adversus
1179 5473 1441 5546 Martyres
1469 5485 1842 5546 argumentum

220 5563 435 5632 repetit
487 5578 551 5618 ex
606 5579 674 5619 eo
721 5565 862 5634 quod
916 5566 1068 5622 initio
1109 5567 1298 5639 capitis
1354 5569 1528 5639 quarti
1583 5568 1846 5642 Perpetua

220 5666 423 5717 narrat
451 5659 505 5713 in
536 5656 654 5714 haec
676 5659 837 5714 verba
870 5677 884 5712 :
913 5678 933 5712 ‹
966 5660 1114 5718 Tunc
1137 5661 1272 5718 dixit
1301 5660 1432 5718 mihi
1465 5660 1632 5719 frater
1661 5678 1844 5723 meus:

337 5853 422 5929 (I)
453 5853 644 5913 Euarr.
677 5859 729 5912 in
756 5855 850 5912 Ps.
879 5873 1038 5914 XLVII.

511 5948 789 6012 Pauor”
835 5949 948 6014 III.

1948 4733 2167 4804 propius
2192 4729 2450 4786 accedere
2478 4727 2819 4795 videbuntur,
2848 4733 2901 4782 et
2929 4742 2991 4781 ex
3024 4724 3216 4796 quibus
3246 4721 3398 4779 facile
3421 4737 3554 4793 pos-

1946 4828 2018 4882 sit
2065 4827 2314 4898 intelligi,
2365 4824 2810 4880 Montanistarum
2857 4821 3073 4877 familia:
3118 4819 3388 4892 propriam
3440 4833 3553 4875 non

1946 4921 2111 4978 fuisse
2158 4922 2350 4977 miram
2393 4919 2537 4974 illam
2587 4917 2867 4988 Perpetua:
2920 4913 3191 4980 ﬁduciam,
3226 4928 3330 4984 qua
3379 4911 3545 4969 futuri

1947 5024 2172 5072 eventus
2200 5011 2590 5070 revelationem
2619 5010 2771 5066 fratri
2805 5005 3114 5080 spopondit.

2020 5109 2084 5165 II.
2126 5106 2366 5164 Notanda
2398 5115 2523 5162 sunt
2558 5114 2736 5160 autem
2781 5101 3046 5172 imprimis
3075 5099 3321 5171 quaedam
3356 5099 3556 5156 JuStini

1947 5203 2202 5276 martyris
2232 5202 2350 5257 loca
2377 5215 2444 5258 ex
2479 5200 2702 5269 Dialogo
2731 5211 2855 5252 cum
2890 5194 3214 5267 Tryphone,
3247 5194 3299 5250 in
3331 5208 3460 5266 quo,
3493 5183 3559 5248 Aut

1950 5297 2215 5354 Eusebius
2252 5292 2482 5349 advertit
2502 5289 2579 5363 (I)
2611 5309 2624 5346 :
2662 5310 2681 5343 ι
2729 5287 3031 5358 Prophetize
3069 5287 3206 5344 dona
3238 5287 3417 5343 adhuc
3458 5301 3558 5342 sua

1951 5403 2108 5450 aetate
2150 5392 2207 5448 in
2236 5390 2479 5447 Ecclesia
2523 5388 2792 5459 viguisse,
2835 5387 3041 5442 scribit.
3078 5404 3096 5438 ι
3131 5385 3237 5442 Sed
3283 5381 3557 5455 quomodo

1950 5485 2215 5559 viguerint
2236 5526 2254 5553 ,
2280 5482 2555 5556 productis
2577 5481 2748 5537 sancti
2779 5481 3030 5553 martyris
3057 5477 3380 5535 testimoniis
3407 5490 3560 5532 com-

1957 5587 2165 5651 pertum
2221 5575 2394 5648 magis
2468 5572 2786 5629 habebimus
2850 5582 3011 5644 atque
3060 5571 3422 5642 exploratum.
3480 5566 3560 5622 Ita

2033 5710 2111 5786 (I)
2151 5717 2324 5784 Γρᾶφιι
2372 5714 2421 5764 δὲ
2465 5713 2548 5764 xui
2594 5715 2653 5786 ὡς
2693 5714 2769 5764 ὅτι
2809 5716 2955 5786 μέχρι
2981 5718 3067 5762 ιιι
3104 5711 3564 5786 ςεῆςοῦρςειρίςβιτα

1960 5776 2526 5857 πρδφῆτιέάἶιέλοιμπεν
2563 5784 2642 5838 ἰπὶ
2683 5796 2765 5846 τῆς
2804 5776 3076 5845 inductae.
3108 5779 3227 5834 Lib.
3267 5776 3362 5847 IV,
3393 5776 3558 5846 Hist.,

1965 5856 2085 5929 cap.
2118 5856 2203 5913 18.

3074 5940 3110 6004 lt
