3950 6310
175 332 290 392 113

1033 333 1168 391 PRO
1208 335 1304 392 SS.
1349 335 1738 401 PERPETUA,
1783 333 2194 393 FELICITATE
2235 337 2322 393 ΕΤ
2361 337 2594 396 SOCIIS.

3383 341 3484 399 1M

183 453 347 508 tertio
373 451 616 522 ineunte,
664 451 908 508 ubertate
953 453 1070 508 lucc
1115 453 1338 524 spiritus
1367 452 1553 508 Sancti
1585 453 1790 508 charis-
1819 455 1965 514 Atia
2000 453 2330 516 danmatam,
2378 453 2642 510 Basilides
2675 469 2812 511 unus
2861 471 2928 512 ex
2974 456 3370 530 apparitoribus
3422 456 3488 510 ad

175 554 320 601 mata
367 543 734 601 redundarent
773 545 897 618 (l):
933 563 951 597 ι
989 545 1114 601 Haec
1144 556 1323 602 autem
1370 562 1492 616 qua:
1530 545 1781 614 dicimus,

175 656 284 696 non
315 641 368 696 in
393 641 524 696 solis
564 641 744 698 verbis
769 641 1090 708 consistunt,
1131 641 1225 697 sed
1275 642 1388 714 ipsa
1408 642 1568 696 etiam
1618 655 1784 713 expc-

171 736 368 791 rieutia
404 736 718 805 prteclarum
760 737 968 792 veritati
997 736 1086 791 dat
1128 737 1526 793 testimonium.
1551 737 1787 793 Accedat

174 830 353 900 itaque
375 829 620 900 quisquis
643 829 891 893 voluerit,
929 845 991 884 ac
1011 829 1226 885 virtutis
1251 830 1480 899 insignia
1507 830 1558 885 in
1582 828 1783 885 Christi

172 922 491 993 virginibus,
539 937 774 978 necnon
819 923 871 977 iu
913 921 1369 988 adolescentibus,
1403 923 1493 993 qui
1528 923 1784 978 castimo-

175 1017 313 1072 niam
371 1014 694 1086 profiteutur
739 1016 1268 1086 immortalitatisque
1312 1014 1473 1071 fidem
1530 1015 1582 1069 iu
1637 1024 1784 1071 tanto

175 1107 372 1164 Christi
419 1120 723 1182 martyrum
771 1107 941 1166 choro
993 1109 1416 1179 contempletur.
1487 1107 1698 1174 Veniat,
1728 1115 1784 1162 et

183 1200 414 1271 quisquis
435 1216 501 1256 ea
531 1216 654 1272 qua:
680 1199 917 1257 diximus
947 1201 1188 1272 experiri
1219 1201 1387 1270 cupit,
1415 1198 1642 1270 atquein
1670 1214 1784 1254 me-

187 1291 275 1348 diis
295 1293 429 1362 ipsis
445 1291 756 1348 daemonum
786 1294 1091 1364 praestigiis,
1113 1303 1169 1349 et
1191 1295 1531 1348 oraculorum
1561 1291 1782 1347 fallaciis

180 1400 235 1441 ac
259 1387 453 1458 magia
482 1386 759 1458 prodigiis,
790 1387 943 1458 signo
972 1387 1150 1442 crucis
1200 1401 1320 1456 qua:
1361 1381 1503 1456 apud
1527 1385 1673 1456 ipsos
1701 1383 1783 1440 lu-

178 1479 344 1536 dibrio
404 1490 523 1546 est,
598 1490 778 1536 utatur
824 1481 1104 1552 solumque
1157 1479 1430 1536 Christum
1495 1480 1778 1538 nominet:

177 1589 293 1629 mox
319 1573 532 1631 videbit
559 1590 720 1645 quam
748 1575 856 1630 cito
885 1590 980 1645 per
1009 1575 1182 1646 ipsum
1209 1575 1456 1646 fugentur
1481 1574 1778 1643 daemones,

178 1679 388 1727 cessent
414 1669 660 1733 oracula,
681 1685 769 1726 ars
796 1671 974 1725 omnis
1006 1671 1210 1740 magica
1249 1668 1611 1738 veneficiaque
1650 1683 1780 1722 cva-

177 1773 417 1820 nescant.
459 1782 481 1816 ι
520 1763 574 1819 Si
597 1779 705 1818 non
738 1771 821 1819 est
848 1761 1164 1818 incredibile
1197 1770 1412 1818 veteres
1438 1760 1780 1815 Christianos

1891 545 2215 616 supplicium
2247 545 2483 602 adducit.
2517 547 2756 618 Cumque
2789 549 2976 621 vulgus
3015 565 3134 606 eam
3188 563 3401 616 vexare,
3439 559 3498 603 et

1889 637 2160 696 obscaenis
2189 639 2371 695 verbis
2396 638 2620 696 illudere
2660 640 2710 695 ei
2748 653 3054 709 conaretur,
3079 642 3336 698 Basilides
3383 641 3504 713 qui-

1889 729 2011 786 dem
2047 745 2141 786 eos
2183 731 2275 802 qui
2305 731 2684 788 contumeliam
2740 734 2930 805 virgini
2979 734 3246 790 faciebant
3287 735 3498 789 abster-

1889 839 2016 880 reus
2040 824 2394 896 propellebat,
2422 826 2698 896 multaque
2718 828 3104 883 misericordiae
3141 837 3196 882 et
3241 827 3495 882 huuiani-

1889 917 2013 971 tatis
2038 931 2165 988 erga
2194 916 2340 972 illam
2385 918 2664 989 prmbebat
2705 919 2921 974 indicia.
2955 918 3055 975 Illa
3089 935 3219 974 vero
3249 919 3494 991 benigni-

1889 1017 2052 1063 tatem
2109 1009 2342 1064 hominis
2386 1024 2512 1081 erga
2561 1024 2621 1066 se
2661 1011 2891 1067 libenter
2941 1013 3295 1083 amplectens,
3348 1013 3493 1068 bono

1886 1103 2068 1158 animo
2093 1118 2216 1159 eum
2254 1119 2375 1159 esse
2407 1103 2566 1174 jussit
2606 1125 2620 1160 :
2651 1120 2710 1160 se
2741 1119 2970 1176 namque
2999 1113 3120 1176 post
3153 1106 3356 1161 obitum
3408 1120 3494 1158 sa-

1885 1195 2051 1251 lutem
2074 1196 2242 1265 ipsius
2269 1211 2298 1251 a
2327 1197 2553 1252 Domino
2571 1198 2998 1268 impetraturam,
3035 1209 3090 1255 et
3121 1199 3312 1254 collata
3335 1199 3387 1253 in
3433 1213 3495 1254 se

1887 1287 2148 1344 beneficia
2180 1289 2329 1344 brevi
2379 1298 2844 1345 remuneraturum
2874 1306 3164 1348 esse.......
3200 1292 3266 1347 Et
3307 1291 3496 1362 hujus-

1887 1384 2032 1440 modi
2064 1383 2280 1455 quidem
2311 1393 2585 1440 certamen
2625 1384 2952 1441 nobilissima
2981 1387 3133 1458 virgo
3172 1388 3490 1446 decertavit.

1888 1478 2046 1533 Brevi
2101 1490 2280 1533 autem
2330 1490 2514 1549 postea
2560 1479 2965 1536 Basilides......
2998 1481 3360 1537 Christianum
3430 1499 3492 1538 se

1885 1587 2031 1639 esse,
2065 1573 2226 1644 idque
2258 1572 2432 1643 palam
2467 1574 2852 1644 profiteri......
2885 1573 3130 1646 Cumque
3169 1574 3386 1646 quidam
3435 1576 3488 1632 in

1887 1667 2113 1723 Domino
2140 1670 2334 1724 fratres
2363 1684 2485 1724 eum
2503 1669 2783 1736 adiissent,
2808 1679 2864 1726 et
2883 1686 3100 1727 causam
3128 1673 3316 1727 subita:
3344 1671 3486 1727 illius

1885 1771 2047 1832 atque
2098 1763 2384 1830 inSperatze
2427 1761 2799 1818 conversionis
2829 1764 3244 1836 interrogarent,
3287 1764 3494 1820 dixisse

179 1866 374 1912 tantam
401 1855 714 1912 exercuisse
757 1854 1016 1910 adversus
1047 1855 1320 1910 demones
1350 1861 1692 1923 potestatein,
1727 1862 1780 1907 et
1809 1863 1858 1922 Β
1887 1851 2079 1920 fertur,
2107 1853 2492 1909 Potamiaenam
2524 1855 2682 1910 tertio
2700 1865 2820 1926 post
2841 1857 3156 1929 martyrium
3195 1857 3303 1924 die,
3334 1868 3494 1912 noctu

175 1951 236 2006 ad
260 1951 531 2022 malignos
551 1949 772 2019 spiritus
809 1947 1159 2014 coercendos,
1193 1946 1426 2018 Spiritus
1454 1945 1633 2001 Sancti
1669 1945 1776 2001 vir-

171 2050 352 2110 tutem,
389 2041 555 2096 veluti
583 2039 819 2108 gladium
842 2055 870 2093 a
912 2038 1117 2095 femore
1155 2038 1479 2108 pendentem
1523 2037 1776 2092 habuisse

169 2134 228 2189 ad
254 2145 473 2200 nutum,
511 2149 631 2189 eum
681 2133 895 2204 quando
943 2133 1161 2198 vellent,
1205 2142 1488 2188 exerturos
1526 2129 1594 2185 ad
1631 2130 1776 2185 arbi-

170 2230 327 2284 trium
364 2245 381 2282 :
411 2241 508 2282 cur
552 2226 866 2282 incredibile
903 2225 1115 2281 videtur
1160 2225 1413 2281 feminam
1451 2223 1634 2278 divino
1667 2223 1778 2293 spi-

166 2324 273 2378 ritu
314 2322 533 2394 plenam
574 2322 645 2377 ita
701 2337 760 2376 se
780 2321 1038 2392 gessisse,
1064 2321 1215 2392 quasi
1245 2319 1418 2391 ipsum
1470 2317 1633 2374 veluti
1661 2332 1776 2373 mo-

181 2416 279 2470 nile
326 2414 603 2486 quoddam
634 2415 687 2469 in
741 2423 958 2484 pectore
1013 2428 1112 2469 suo
1152 2423 1208 2468 ut
1258 2411 1312 2467 in
1341 2427 1462 2466 arca
1509 2411 1773 2466 inclusum

180 2508 441 2565 habuisset
487 2507 555 2564 ad
604 2518 812 2573 nutum,
883 2508 1000 2578 ejus
1045 2504 1494 2562 illustrationibus
1559 2503 1774 2575 quando

179 2604 326 2658 vellet
349 2618 512 2658 usura
538 2601 607 2657 ad
636 2602 957 2657 arbitrium?
996 2600 1114 2656 Non
1142 2600 1300 2655 video
1327 2599 1455 2672 quid
1508 2598 1632 2654 huic
1686 2614 1775 2654 ar-

180 2706 414 2766 gumento
440 2695 636 2765 reponi
666 2695 853 2765 possit.
891 2693 1008 2748 Non
1053 2692 1242 2747 nititur
1273 2693 1493 2747 incertis
1540 2700 1631 2745 aut
1678 2691 1773 2746 ob-

177 2786 334 2842 scuris
362 2786 656 2857 exemplis,
686 2801 793 2842 non
843 2780 1144 2841 dubiis‘aut
1170 2784 1307 2840 forte
1333 2783 1582 2840 confictis
1622 2799 1774 2840 reve-

175 2879 471 2946 lationibus,
542 2895 648 2933 non
717 2879 872 2950 vagis
912 2877 1055 2949 vulgi
1098 2877 1425 2943 rumoribus,
1472 2884 1567 2932 aut
1605 2876 1767 2932 tradi-

176 2973 420 3039 tionibus,
500 2973 594 3028 sed
663 2973 836 3043 palam
891 2981 947 3028 et
980 2973 1032 3027 in
1077 2971 1316 3026 omnium
1371 2969 1541 3026 oculis
1594 2985 1772 3025 rerum

173 3078 431 3139 gestarum
486 3067 608 3133 fide,
674 3065 992 3122 clarissimis
1036 3065 1396 3120 monumentis
1474 3071 1771 3120 contestata

173 3163 607 3234 consignataque.
640 3161 871 3232 Spiritus
895 3160 1077 3216 Sancti
1106 3160 1302 3215 virtute
1322 3157 1388 3214 ad
1417 3157 1772 3229 comprimen-

1884 1945 1987 2000 sibi
2058 1947 2404 2002 assisteutem
2462 1963 2718 2004 coronam
2775 1950 2937 2021 capiti
2989 1965 3089 2006 suo
3135 1953 3480 2023 imposuisse,

1880 2035 2188 2109 dixisseque
2209 2054 2268 2094 se
2295 2039 2462 2110 ipsius
2490 2055 2652 2096 causa
2684 2041 2968 2097 Dominum
2994 2058 3204 2112 orasse,
3237 2056 3399 2116 atque
3433 2046 3483 2099 id

1879 2131 2021 2201 quod
2064 2135 2290 2203 petierat
2324 2133 2641 2204 impetrasse
2673 2153 2686 2190 :
2713 2152 2814 2193 nec
2853 2136 2943 2193 diu
2977 2150 3163 2209 postea
3219 2140 3391 2211 ipsum
3421 2139 3488 2194 ad

1883 2238 2111 2294 superos
2168 2227 2542 2296 migraturum.
2591 2227 2839 2284 Posthmc
2887 2229 3164 2302 signaculo
3211 2231 3418 2287 Domini
3462 2248 3490 2286 a

1880 2317 2140 2373 fratribus
2185 2328 2429 2390 accepto,
2480 2319 2743 2391 postridie
2771 2323 3042 2378 Christum
3087 2324 3321 2394 gloriose
3365 2340 3496 2378 con-

1879 2409 2074 2480 fessus,
2131 2412 2309 2482 capite
2361 2421 2638 2468 truncatus
2687 2423 2790 2470 est.
2827 2434 2845 2467 ›
2892 2415 2974 2470 Au
3029 2417 3222 2471 minori
3297 2417 3488 2472 fiducia

1878 2502 2095 2559 Basilidt
2127 2505 2378 2568 salutem,
2406 2513 2459 2560 et
2512 2504 2900 2561 beneficiorum
2927 2517 3129 2562 certam
3177 2523 3491 2562 remunera-

1879 2594 2081 2650 tionem
2107 2594 2436 2651 Potamizena
2458 2597 2766 2668 spopondit,
2801 2614 2960 2669 quam
2991 2598 3254 2670 Perpetua
3297 2600 3493 2655 Saturo

1877 2686 2044 2744 futuri
2072 2699 2299 2745 eventus
2329 2689 2736 2759 praedictionem
2765 2691 2790 2744 ?
2818 2692 3012 2746 Annon
3043 2693 3112 2746 ita
3143 2708 3358 2764 quoque
3384 2694 3488 2749 Po-

1879 2781 2128 2837 tamizena
2158 2798 2217 2838 se
2242 2784 2402 2854 gerit,
2423 2785 2572 2855 quasi
2605 2768 2801 2840 divina:
2819 2785 3306 2856 praedestinatiouis
3345 2787 3492 2842 ordi-

1877 2876 2125 2932 nationes
2149 2876 2200 2931 in
2223 2886 2503 2932 numerato
2545 2876 2786 2945 haberet,
2820 2887 2912 2933 aut
2938 2889 3058 2949 post
3096 2889 3323 2935 mortem
3352 2880 3494 2935 divi-

1877 2986 2068 3026 norum
2093 2973 2444 3028 consiliorum
2475 2973 2674 3028 arbitra
2726 2973 2904 3030 futura
2953 2984 3118 3040 esset,
3161 2977 3349 3047 gratia:
3394 2993 3491 3047 per

1882 3077 1943 3119 se
1998 3064 2232 3119 victricis
2281 3064 2493 3120 auxiliis
2546 3081 2706 3121 usura
2759 3066 2824 3121 ad
2874 3067 3181 3132 arbitrium,
3231 3084 3328 3138 per
3371 3085 3492 3140 qua:

1876 3159 2095 3216 Basilidi
2147 3160 2398 3217 Christus
2425 3161 2667 3227 donaret,
2710 3180 2728 3214 ι
2764 3178 2871 3219 non
2900 3164 3075 3218 solum
3127 3173 3187 3220 ut
3237 3165 3489 3221 crederet

180 3258 279 3312 dos
323 3256 593 3312 dwmoues
624 3268 836 3312 veteres
881 3254 1171 3310 Christiani
1220 3253 1286 3309 ad
1315 3255 1594 3310 arbitrium
1651 3262 1768 3310 ute-
1797 3265 1842 3328 ρ
1875 3252 1927 3308 in
1975 3268 2064 3320 eo,
2107 3254 2202 3309 sed
2245 3253 2405 3309 etiam
2454 3266 2511 3310 ut
2550 3265 2823 3326 pateretur
2873 3271 2970 3326 pro
3016 3257 3123 3311 eo?
3152 3276 3172 3310 ι
3231 3257 3286 3313 Si
3337 3257 3486 3313 brevi

173 3349 379 3406 bantur.
426 3371 446 3404 ι
485 3349 624 3419 Quid
669 3350 771 3405 hoc
810 3365 974 3420 Opere
1005 3347 1375 3404 manifestius?
1413 3367 1432 3400 ι
1476 3346 1586 3403 Cur
1613 3347 1774 3418 igitur

175 3444 444 3499 caudidata
476 3443 723 3515 martyrii
763 3443 996 3514 Spiritus
1037 3442 1217 3498 Sancti
1278 3440 1665 3496 illustrationes
1705 3440 1772 3496 ad

178 3537 444 3593 arbitrium
492 3537 783 3607 impetrare
833 3551 938 3592 non
985 3536 1209 3608 potuit?
1241 3553 1258 3586 ι
1290 3535 1417 3606 quid
1445 3535 1545 3591 hac
1581 3534 1775 3604 proba-

182 3631 306 3686 tione
351 3629 613 3686 fidelius?
663 3629 980 3698 simplicitas
1022 3629 1265 3684 veritatis
1304 3628 1357 3683 in
1413 3628 1593 3684 medio
1652 3637 1770 3684 est:

180 3722 330 3778 virtus
361 3723 441 3778 illi
475 3737 574 3776 sua
605 3722 844 3787 assiStit;
874 3720 1007 3776 nihil
1045 3721 1307 3791 suspicari
1336 3720 1558 3788 licebit,
1597 3741 1616 3774 ι
1665 3735 1772 3776 non

182 3817 590 3872 moutanismnm
631 3822 724 3868 aut
779 3813 1146 3881 fauatismum,
1197 3822 1290 3868 aut
1337 3811 1541 3883 aliquid
1589 3813 1773 3882 hujus-

184 3908 331 3963 modi.

242 4003 321 4060 Vl.
372 4001 587 4060 Eadem
613 4003 734 4073 'qua
782 4001 1066 4072 Perpetua,
1123 3998 1310 4056 Severi
1366 3999 1770 4069 persecutione,

188 4105 342 4152 sancta
373 4094 708 4152 Potamiama
741 4094 879 4150 inter
899 4093 1294 4148 Alexandrinos
1325 4091 1483 4162 hujus
1519 4094 1775 4162 temporis

179 4201 427 4263 martyres
468 4189 847 4253 celeberrima,
878 4187 1095 4242 sublata
1122 4197 1225 4251 est,
1263 4185 1417 4257 cujus
1443 4201 1549 4240 non
1597 4186 1771 4241 solum

181 4296 348 4340 exstat
386 4284 528 4356 apud
554 4283 846 4340 Eusebium
869 4278 1091 4339 illustris
1115 4281 1398 4352 apparitio,
1430 4279 1524 4335 sed
1553 4281 1775 4351 insignis

186 4375 238 4431 in
267 4376 425 4432 Deum
451 4378 660 4434 fiducia:
691 4375 1018 4446 exemplum,
1079 4388 1184 4428 non
1230 4372 1407 4426 minus
1437 4387 1594 4443 quam
1644 4370 1774 4426 illud

181 4467 451 4539 Perpennae
498 4469 858 4524 admiratione
910 4467 1151 4536 dignum.
1188 4463 1406 4521 Eusebii
1456 4464 1618 4519 verba
1673 4479 1774 4535 pro

177 4577 323 4620 more
343 4565 626 4636 subjiciam
655 4562 735 4636 (2)
766 4584 779 4619 :
819 4581 838 4614 ι
870 4560 1125 4617 Protinus
1152 4556 1526 4632 igiturjudicis
1556 4566 1774 4614 senten-

1805 4673 1860 4734 D

243 4751 321 4824 (1)
362 4758 539 4807 Ταῦτα
593 4755 641 4803 δὲ
683 4755 744 4804 τά
785 4751 1005 4820 λεγόμενοι
1044 4771 1144 4819 παρ
1165 4745 1315 4814 ’ἡμῶν
1356 4749 1434 4800 οὒκ
1479 4749 1603 4824 ἄχρι
1642 4751 1783 4813 λόγων

177 4820 316 4888 iniu,
345 4826 476 4877 ἀλλὰ
500 4826 581 4878 καὶ
610 4827 661 4887 ἐξ
685 4825 832 4884 αὐτῆς
873 4836 956 4883 τῆς
1004 4828 1164 4890 πείρας
1210 4826 1308 4886 ἔχει
1333 4829 1420 4878 τὴν
1443 4833 1530 4878 τῆς
1558 4820 1785 4879 ἀληθείας

176 4906 461 4967 [upupa-ﬁ
496 4905 683 4963 παρίτω
707 4899 792 4960 γὰρ
832 4895 873 4942 δ’
894 4894 1174 4963 βουλεμενος
1209 4895 1288 4944 καὶ
1320 4897 1553 4967 ροωρτιτω
1591 4905 1677 4952 τῆς
1700 4899 1786 4958 μὲν

177 4965 341 5036 ἀρετῇ
384 4977 441 5021 τὸ
482 4976 725 5036 γνώρισμα
756 4972 802 5020 ἐν
831 4970 948 5024 ταῖς
969 4968 1182 5035 Χριστοῦ
1212 4965 1458 5031 παρθένοις
1500 4971 1580 5014 καὶ
1611 4968 1656 5016 ἰν
1690 4977 1786 5023 τοῖς

179 5035 469 5109 unguitur;
490 5035 735 5103 ἁγνεύουσι
761 5045 1018 5106 νεωτέροις,
1047 5050 1132 5094 τῖς
1160 5037 1207 5086 δὲ
1235 5035 1495 5092 ἀθανασίας
1519 5043 1606 5087 τῦν
1633 5042 1791 5088 πίστιν

177 5118 221 5166 ὸ
335 5116 542 5178 τος-τοὺτῳ
570 5127 660 5164 τῶν
691 5113 942 5179 μαρτῦρων
960 5112 1104 5164 αὖτυῧ
1136 5117 1280 5180 χορῷ·
1315 5111 1464 5162 ἡκξτω
1497 5108 1543 5156 δὲ
1569 5110 1593 5157 ὁ
1623 5108 1790 5174 πεῖραν

179 5177 527 5252 προῖνχθξντων
550 5177 832 5252 βουλᾶμινος
851 5177 1041 5250 inﬁda,
1075 5185 1154 5230 καὶ
1185 5177 1790 5244 ἒπάὖτῆςτηὲςβαντασίας

180 5272 264 5309 τῶν
304 5257 573 5320 δαιμόνων,
602 5255 685 5304 καὶ
713 5267 797 5312 τίς
824 5263 918 5306 τῶν
945 5260 1179 5317 μαντειῶν
1215 5253 1435 5314 ἀπάτης,
1467 5252 1551 5301 καὶ
1588 5263 1677 5303 τῶν
1707 5263 1796 5320 τῆς

180 5338 376 5393 μαγείας
394 5319 661 5392 θαυμάτων
679 5367 690 5386 ,
716 5327 966 5393 χρησάσθω
996 5332 1060 5388 τῷ
1085 5330 1265 5390 σημείῳ
1279 5326 1360 5376 τοῦ
1393 5325 1652 5385 ’κιλωμξνολυ
1683 5319 1796 5390 παρ’

183 5402 339 5458 αὺτοῖς
364 5403 598 5467 σταυροῦ,
629 5406 706 5449 τὸν
726 5402 934 5465 Χριστὸν
959 5398 1191 5461 ὀνομάσας
1212 5395 1369 5459 μόνον,
1402 5394 1482 5444 καὶ
1505 5397 1670 5457 ὄψεται
1700 5407 1796 5452 πῶς

185 5469 409 5524 διάὖτοῧ
438 5474 652 5537 δαίμονας
678 5478 762 5534 μὲν
781 5472 1018 5536 φεύ-γουσι,
1050 5467 1331 5537 μαντιίοι-δέ
1355 5471 1586 5537 traderet},
1621 5467 1800 5527 μαγείοι

184 5545 230 5593 δι
265 5551 407 5595 πειτα
446 5531 526 5596 καί
567 5531 842 5608 ραρριικίὶσι
867 5531 1208 5608 titur-immo“.
1250 5531 1370 5589 Lib.
1425 5533 1496 5589 de
1531 5533 1797 5589 lncarnat.

183 5614 333 5666 verbi
366 5613 460 5665 liei
491 5629 545 5667 η.
573 5611 668 5675 48,
699 5625 850 5664 novae
880 5609 1010 5664 edit.

257 5683 340 5754 (2)
386 5675 499 5750 Ᾰμα
533 5689 580 5737 δὲ
608 5687 724 5750 λόγω
748 5692 827 5736 τὸν
855 5697 939 5742 τῆς
969 5686 1248 5755 ἀποφάσεως
1268 5687 1372 5751 ὅρον
1397 5682 1803 5747 καταδεξαμένην,

186 5761 210 5808 ὁ
243 5760 531 5818 Βασιλείδης
584 5755 650 5816 εἷς
692 5766 764 5813 τις
799 5759 857 5807 ὢν
895 5766 986 5806 τῶν
1026 5761 1069 5808 ἓν
1108 5763 1374 5823 στρατείαις
1422 5758 1805 5824 ἀναφερομένων,

190 5832 372 5893 ἀπάγει
402 5835 696 5897 παραλαβὼν
726 5836 812 5881 τὶν
840 5830 916 5879 ἰπὶ
945 5830 1130 5880 οανάτω
1147 5840 1160 5852 ⁸
1178 5831 1236 5887 ὡς
1262 5828 1310 5877 δε
1335 5829 1390 5877 τὸ
1413 5831 1592 5885 πλῆθος
1612 5831 1811 5893 ἐνοχλεῖν

192 5901 312 5969 αὖτῇ
346 5901 435 5952 καὶ
482 5902 764 5958 ἀκολάστοις
806 5901 1064 5968 ἐνυβρίζειν
1103 5903 1311 5968 ῥήμασιν
1353 5900 1597 5966 incipi-ro,
1647 5901 1673 5950 ὁ
1724 5901 1813 5963 μιν

1878 3346 2204 3401 Potamiama
2237 3348 2348 3403 fore
2381 3349 2616 3418 speravit
2646 3358 2703 3402 ut
2741 3363 2854 3404 suae
2883 3363 2982 3420 pro
3015 3348 3252 3405 Basilide
3294 3364 3484 3420 preces
3533 3370 3539 3376 ·

1877 3441 2301 3508 exaudirentur,
2355 3459 2452 3497 cur
2499 3443 2686 3498 nonin
2729 3443 2973 3498 eamdem
3014 3457 3166 3514 spem
3223 3443 3494 3514 Perpetua

1878 3551 2090 3608 quoque
2130 3537 2300 3607 potuit
2351 3537 2581 3593 adduci?
2620 3538 2674 3594 Si
2722 3537 2863 3592 laudi
2910 3537 3252 3593 Potamiaanae
3299 3538 3484 3599 datur.

1877 3631 2023 3702 quod
2046 3643 2248 3686 certam
2281 3629 2468 3687 fecerit
2490 3631 2711 3687 Basilidi
2737 3632 2926 3686 futurae
2949 3631 3139 3688 salutis
3166 3646 3316 3702 spem
3345 3649 3358 3685 :
3393 3649 3491 3688 cur

1878 3723 2315 3798 vitiojPerpetuze
2339 3725 2587 3792 vertitur,
2620 3724 2761 3795 quod
2793 3734 2995 3779 certam
3026 3725 3222 3781 Saturo
3239 3740 3390 3796 spent
3411 3726 3492 3779 in-

1873 3817 2065 3889 jecerit
2082 3818 2277 3873 futurae
2308 3818 2678 3874 revelatiouis?
2704 3818 2758 3875 Si
2783 3819 3126 3874 Pntamitenze
3151 3819 3487 3891 prophetiam

1879 3925 2039 3967 nemo
2062 3926 2313 3983 umquam
2352 3911 2404 3966 in
2438 3911 2782 3967 montanismi
2813 3912 3176 3981 suSpiciouem
3215 3912 3434 3968 adduxit
3466 3955 3481 3979 ,

1877 4021 1974 4061 cur
2000 4006 2231 4062 similem
2254 4005 2531 4076 Perpetuae
2563 4005 2966 4076 prOphetiamin
2999 4003 3256 4061 invidiam
3279 4019 3494 4061 monta-

1879 4097 2037 4152 nismi
2061 4097 2354 4152 trahemus.
2401 4095 2538 4165 Quid
2557 4098 2700 4152 enim
2723 4095 2974 4152 differunt
3004 4097 3027 4151 ?
3061 4116 3078 4148 t
3119 4095 3269 4152 Bono
3307 4098 3493 4153 animo

1877 4197 2016 4254 esto,
2035 4189 2366 4259 postobitunt
2388 4190 2686 4260 impetrabo
2709 4190 2800 4245 tibi
2823 4190 3085 4256 salutem;
3121 4209 3141 4243 ι
3171 4201 3226 4246 et
3250 4208 3261 4244 :
3285 4209 3303 4242 ι
3333 4190 3494 4244 Cras-

1881 4287 1986 4342 tina
2008 4285 2095 4340 die
2115 4285 2213 4340 tibi
2241 4285 2609 4342 renuntiabo?
2643 4305 2662 4338 ι

1950 4377 2194 4433 Extincto
2242 4378 2424 4434 Severi
2479 4379 2879 4450 persecutione,
2913 4395 3014 4452 pax
3065 4379 3317 4436 diuturna
3365 4397 3488 4437 suc-

1877 4474 2061 4539 cessit,
2094 4471 2160 4527 ad
2191 4471 2410 4530 Decium
2452 4487 2656 4545 usque,
2689 4474 2790 4530 nisi
2828 4474 3043 4530 Maximi
3093 4477 3486 4547 persecutione,

1879 4581 1999 4638 qua:
2027 4573 2206 4623 tamen
2234 4567 2410 4622 brevis
2440 4575 2495 4623 ct
2519 4566 2705 4624 locatis
2731 4566 2849 4636 fuit,
2878 4584 2984 4625 non
3024 4569 3344 4642 interrupta.
3377 4571 3490 4628 lloc

1888 4751 2095 4825 ἀνεῖργον
2109 4751 2365 4825 ἀποσοβῶν
2377 4753 2731 4820 ἐνυβρίζοντας,
2757 4757 2972 4809 πλεῖστον
2997 4761 3119 4809 ἔλεον
3129 4758 3211 4808 καὶ
3231 4763 3499 4825 ptius/0:6»-

1890 4830 2008 4872 «tu
2031 4823 2093 4878 εὶς
2121 4823 2272 4881 αὖτῆν
2297 4823 2652 4888 δνδειιινὺμενομ
2676 4831 2704 4882 ἡ
2721 4827 2767 4875 δὲ
2794 4838 2878 4885 τῆς
2907 4829 3015 4895 περὶ
3035 4831 3185 4881 αὖτ’ὶν
3201 4823 3496 4895 συμπαθείας

1891 4895 2222 4958 ἀποδεξαμένη
2249 4901 2326 4946 τὸν
2347 4895 2495 4963 ἄνδρα.
2522 4897 2708 4963 Οαρῥεῖν
2732 4904 3132 4964 παρακελεύεται·
3171 4906 3500 4964 δξαιττοεσθαι

1889 4966 1980 5031 γὰρ
2005 4967 2145 5018 αὗτόν
2169 4964 2464 5018 ἀπιλθοῦσαν
2481 5004 2494 5026 ,
2529 4973 2663 5036 παρά
2688 4973 2771 5021 τοῦ
2791 4973 2966 5029 ἑαυτῆς
2997 4967 3197 5040 Κυρίου,
3230 4976 3312 5024 καὶ
3338 4976 3418 5026 οὖι
3437 4976 3504 5034 εἷς

1891 5045 2073 5112 μακρὸν
2106 5045 2200 5088 τῶν
2241 5038 2308 5112 εἰς
2345 5039 2494 5097 αὗτῆν
2523 5050 2857 5108 πεπραγμένων
2891 5053 2977 5100 τὴν
3000 5038 3225 5112 ἀμοιβὴν
3256 5045 3502 5098 ἀποτίσειν

1892 5109 2209 5181 etin-6.3.1:...”
2231 5110 2314 5159 καὶ
2343 5113 2368 5160 ὁ
2387 5117 2472 5174 μὲν
2501 5122 2585 5169 τῆς
2611 5113 2832 5174 ἀοιδίμου
2861 5115 3017 5180 διὸρης,
3048 5109 3262 5173 τοιοῦτος
3289 5124 3502 5181 Mign-[5,-

1893 5199 2022 5231 vino
2051 5175 2213 5238 ἆθλος’
2245 5183 2296 5234 οὗ
2319 5188 2498 5249 μακρὸν
2526 5181 2574 5232 δὲ
2599 5183 2758 5251 χρόνον
2785 5175 3016 5236 διαλιπὼν
3043 5187 3069 5236 ὁ
3095 5175 3446 5247 Βασιλείδης...
3464 5227 3501 5242 ..

1896 5256 2190 5318 Χριστιανὸν
2213 5255 2472 5322 ὑπάρχειν,
2497 5254 2578 5305 καὶ
2606 5258 2744 5306 τοῦτο
2771 5259 2985 5322 ἐμφανῶς
3012 5259 3370 5322 ὁμολονιίνυη.
3399 5263 3506 5311 Τῶν

1902 5327 1951 5373 δὲ
1963 5327 2092 5374 κατά
2103 5327 2216 5374 Θεὸν
2236 5325 2446 5394 ἀδελφῶν
2463 5327 2523 5382 ὡς
2547 5325 2694 5376 αὐτὸν
2715 5328 3020 5394 ἀφικομένων.
3036 5329 3120 5380 καὶ
3133 5337 3221 5384 τὶν
3234 5332 3402 5382 αἰτίαν
3423 5345 3510 5392 τῆς

1901 5398 2076 5471 agapen;
2103 5395 2187 5471 ausi
2224 5396 2495 5464 παραδόξου
2529 5399 2706 5456 ταύτης
2738 5401 2888 5466 ὁρμῆς
2925 5404 3288 5466 πυνθανομένων,
3318 5401 3506 5471 λέγεται

1901 5468 2133 5525 siqui-2,6»;
2143 5468 2240 5536 ἄρα
2255 5473 2560 5532 Ποταμίαινα
2570 5471 2722 5538 τρισὶν
2737 5471 3131 5540 ὖστερονὴμέρειις
3149 5477 3233 5526 τοῦ
3248 5468 3513 5540 μαρτυρίου

1903 5543 2082 5606 νύκτωρ
2093 5542 2349 5601 iuratiita,
2367 5545 2586 5605 στέφανον
2597 5541 2746 5592 αὐτοῦ
2759 5555 2815 5610 τῇ
2830 5552 3004 5613 κεφαλῇ
3022 5550 3262 5606 περιθεῖσα.
3276 5550 3350 5605 εἴη
3361 5587 3372 5605 ,
3391 5555 3511 5615 ᾳαίη

1909 5631 1960 5662 τε
1979 5616 2221 5678 «apag-at}
2233 5613 2398 5668 ηκξνιιι
2425 5615 2565 5678 γᾶριν
2586 5613 2734 5666 αὐτοῦ
2757 5623 2833 5666 τὸν
2848 5618 3043 5683 Κύριον,
3068 5625 3150 5668 διιί
3170 5632 3256 5676 τῆς
3276 5613 3515 5680 ἀξιώσεως

1909 5687 2244 5748 τετυχηκέναι.
2270 5684 2347 5734 οὔκ
2363 5684 2428 5740 εὶς
2455 5692 2636 5751 μικρὸν
2659 5707 2707 5737 τε
2723 5685 2866 5738 Αὐτὸν
2886 5691 3270 5756 παρειλνψοσθαυ
3293 5692 3372 5740 ἐπὶ
3402 5692 3517 5742 τοὺ·

1911 5776 2010 5813 τοις
2037 5767 2131 5807 τῶν
2160 5754 2370 5822 ἀδελφῶν
2389 5767 2473 5814 τῆς
2499 5757 2547 5806 ἕν
2567 5760 2726 5828 Κυρίῳ
2762 5754 3012 5828 σφραγῖδος
3035 5761 3332 5825 μεταδόντων
3361 5763 3512 5824 αὖτῶ,

1909 5839 1974 5894 τῇ
2002 5831 2264 5902 peditem:
2288 5831 2448 5902 ἡμέρᾳ
2472 5836 2542 5902 τιξε
2563 5836 2648 5902 ⁴τοῦ
2861 5832 3122 5898 διαπρέψας
3148 5841 3414 5902 μαρτυρίῳ,
3431 5843 3516 5890 τήν

1913 5897 2121 5963 apud?»
2145 5896 2487 5963 ἀποτέμνεται.
2525 5895 2638 5951 Lib.
2671 5895 2902 5955 ἮΗὶει.
2935 5895 3157 5970 πάθας
3179 5895 3375 5972 οὰρξόέ
