3988 6310
471 298 580 366 115

1618 303 2070 369 DlSSERTATlO
2108 307 2591 373 APOLOGETICA
3635 325 3720 391 116

465 420 730 492 temporis
755 420 1038 479 intervallo
1058 394 1295 479 visiones
1321 430 1377 478 et
1402 419 1768 479 revelationes
1793 424 1848 480 in
1878 424 2069 482 Eccle-
2097 426 2150 488 Α
2177 425 2329 482 Alius
2350 442 2479 483 vero
2505 427 2558 483 in
2588 428 2806 487 sinistra
2837 441 2988 502 parte
3008 435 3310 494 consistens
3327 481 3340 507 ,
3358 447 3467 497 rete
3489 445 3717 518 portabat,

468 517 550 573 sia
595 533 703 573 non
729 516 1057 587 defuerunt,
1087 529 1144 574 ut
1189 518 1456 589 aliquibus
1501 520 1770 591 exemplis
1818 533 2070 589 constat,

470 625 595 682 quae
627 610 701 666 uti
731 612 1046 683 insigniora,
1078 623 1131 667 et
1161 611 1227 667 ad
1251 613 1523 683 publicum
1555 612 1816 670 Ecclesia:
1849 626 2070 684 statum,

472 713 532 760 et
559 703 626 760 ad
669 705 910 774 publicas
951 704 1078 760 item
1120 720 1379 774 personas
1407 715 1569 781 atque
1617 707 1882 778 imprimis
1925 709 2073 765 cele-

472 797 606 854 bres
649 799 1000 868 pertinentia,
1054 799 1296 853 historia:
1340 814 1453 854 suae
1506 799 1774 858 Eusebius
1822 803 2070 860 inseruit.

472 887 788 958 Cujusmodi
821 887 1036 944 fuerunt
1075 889 1181 945 illa
1224 891 1421 961 quibus
1459 892 1770 948 Alexander
1799 894 1852 948 in
1880 893 2074 949 Hiero-

476 981 808 1053 solymorum
835 981 1129 1037 antistitem
1158 983 1366 1039 electus
1395 994 1478 1039 est
1507 984 1609 1057 (i),
1639 995 1694 1040 et
1718 984 1821 1056 qua
1854 998 2076 1045 sanctus

483 1073 754 1129 Fabianus
785 1074 1039 1130 Ecclesia:
1059 1074 1315 1130 Romana:
1345 1076 1580 1145 pontifex
1611 1079 1946 1135 renuntiatus
1971 1079 2071 1152 (2);

471 1167 569 1223 sed
605 1182 695 1222 eas
723 1177 986 1238 praetereo
1007 1208 1022 1234 ,
1055 1168 1200 1239 quod
1242 1168 1374 1224 nihil
1406 1169 1575 1226 ferme
1614 1186 1736 1226 cum
1771 1184 1957 1228 nostro
1981 1189 2075 1229 ar-

472 1269 728 1330 gumento
751 1273 1039 1314 commune
1070 1259 1343 1328 habeant,
1376 1270 1434 1316 ut
1465 1261 1582 1317 illas
1624 1265 1790 1319 etiam
1833 1265 2077 1338 Dionysii

395 1361 400 1369 ‘
469 1350 858 1416 Alexandrini,
902 1367 1037 1423 quas
1072 1350 1214 1407 ide
1243 1352 1508 1408 Eusebius
1533 1353 1698 1410 refert
1719 1354 1834 1428 (5),
1880 1355 1933 1411 in
1959 1358 2077 1428 qui-

468 1443 574 1499 bus
648 1443 904 1513 praesenti
969 1457 1148 1500 causae
1215 1459 1321 1500 non
1381 1444 1610 1502 multum
1668 1446 1880 1503 videtur
1953 1463 2078 1506 esse

473 1536 738 1610 prtesidii.

545 1629 660 1685 Vil.
719 1627 802 1684 Ad
850 1626 1174 1701 Cyprianum
1230 1631 1409 1702 itaque
1466 1631 1716 1701 veniam,
1759 1649 1868 1704 quo
1919 1650 2080 1692 nemo

473 1723 647 1793 magis
673 1722 742 1776 ita
773 1735 832 1777 se
860 1723 1064 1794 gessit,
1108 1725 1260 1794 quasi
1306 1724 1566 1795 Spiritum
1611 1736 1862 1794 anetum,
1912 1729 2078 1786 veluti

2181 519 2321 591 quod
2353 535 2413 577 se
2440 522 2678 591 mittere,
2708 533 2766 580 ut
2785 525 3224 587 circnmstantem
3253 533 3496 604 populum
3520 551 3720 610 caperet,

2177 613 2518 681 minabatur;
2565 624 2621 671 et
2659 631 2780 673 cum
2826 620 3114 677 miraretur
3149 623 3276 695 quid
3313 625 3410 682 hoc
3434 637 3594 693 esset,
3620 632 3720 703 ille,

2177 706 2270 778 qui
2315 707 2468 775 vidit,
2520 708 2654 765 dixit
2694 711 3060 771 ei:Juvenem
3118 717 3208 788 qui
3256 718 3323 773 ad
3369 719 3620 778 dexteram
3663 726 3725 782 sic

2179 799 2392 856 sederet
2417 843 2433 868 ,
2458 803 2770 860 contristari
2797 815 2850 860 et
2869 807 3056 864 dolere
3079 810 3221 880 quod
3249 823 3502 884 praecepta
3526 829 3611 870 sua
3639 831 3723 874 non

2178 891 2596 950 observarentur
2649 913 2663 949 :
2713 897 2864 952 illum
2911 914 3041 955 vero
3085 900 3139 956 in
3209 903 3420 959 sinistra
3487 905 3724 977 exultare,

2178 988 2321 1056 quod
2353 989 2454 1044 sibi
2479 989 2695 1046 daretur
2721 994 2957 1061 occasio,
2987 1005 3042 1050 ut
3067 1011 3096 1049 a
3129 997 3500 1067 patrcfamilias
3523 1011 3726 1072 potesta-

2181 1091 2289 1135 teut
2338 1094 2580 1140 sumeret
2609 1086 2888 1142 saeviendi.
2943 1088 3055 1145 Hoc
3101 1090 3247 1160 prius
3294 1091 3448 1164 longe
3490 1107 3726 1153 ostensum

2180 1185 2283 1240 est,
2317 1193 2474 1247 quam
2505 1188 2796 1250 tempestas
2839 1183 3102 1238 vastitatis
3147 1183 3307 1256 hujus
3335 1187 3544 1243 orietur.
3587 1189 3731 1246 12111-

2183 1267 2360 1323 dimus
2383 1269 2662 1340 impletum
2683 1273 2825 1343 quod
2849 1273 3023 1330 fuerat
3047 1286 3345 1333 ostensum.
3383 1295 3404 1331 1
3438 1280 3592 1336 Sicuti
3613 1283 3732 1352 pacis

2183 1368 2426 1432 tempore
2451 1357 2682 1420 futuram
2721 1368 3180 1438 persecutionem,
3210 1370 3280 1425 ita
3305 1373 3547 1428 saviente
3581 1385 3732 1444 perse-

2183 1454 2433 1521 cutione,
2481 1455 2630 1511 brevi
2666 1458 2896 1514 futuram
2926 1474 3110 1531 pacem
3154 1462 3208 1517 in
3244 1462 3446 1520 visione
3475 1467 3655 1536 pariter
3674 1470 3735 1522 in-

2185 1545 2388 1600 tellexit
2411 1589 2427 1615 ,
2456 1546 2524 1603 de
2564 1563 2668 1619 qua
2696 1548 2750 1605 in
2778 1551 2965 1607 eadem
3006 1554 3233 1624 epistola
3261 1555 3330 1611 ita
3365 1555 3559 1613 scribit.
3597 1577 3615 1612 1
3653 1561 3735 1616 De-

2183 1637 2344 1708 nique
2373 1638 2440 1694 ad
2463 1641 2741 1696 minimum
2767 1643 3024 1699 famulum
3052 1661 3228 1716 suum,
3261 1656 3318 1704 et
3344 1647 3396 1704 in
3422 1649 3618 1707 delictis
3636 1653 3739 1708 licet

2185 1729 2434 1800 plurimis
2459 1734 2807 1790 constitutum
2848 1747 2902 1792 et
2943 1737 3253 1810 dignatione
3301 1741 3416 1811 ejus
3463 1742 3735 1814 indignum,

472 1815 679 1872 monile
708 1815 975 1884 quoddam
1023 1817 1075 1872 in
1125 1832 1251 1872 arca
1301 1817 1567 1875 inclusum
1618 1833 1750 1887 sua,
1801 1820 2080 1881 habuisset
2109 1832 2158 1894 Β
2189 1837 2370 1885 tamen
2415 1830 2526 1886 illic
2575 1848 2672 1903 pro
2719 1850 2813 1890 sua
2858 1836 3002 1892 circa
3057 1851 3157 1894 nos
3204 1840 3469 1906 bonitate,
3523 1841 3743 1898 mandare

473 1909 546 1964 ad
575 1917 786 1974 nutum,
816 1909 933 1979 ejus
959 1910 1432 1978 illustrationibus,
1456 1912 1674 1982 quando
1699 1913 1903 1982 vellet,
1961 1931 2084 1972 usu-

477 2015 574 2057 rus
614 2001 680 2055 ad
707 2000 1011 2058 arbitrium.
1047 2001 1161 2058 Duo
1190 2012 1371 2058 autem
1403 2004 1456 2059 in
1500 2004 1618 2074 ejus
1661 2006 2083 2064 revelationibus

480 2107 548 2149 ac
579 2093 869 2148 visionibus
899 2094 1192 2164 spectanda
1232 2105 1399 2150 sunt:
1425 2109 1618 2152 earum
1657 2099 1864 2155 scilicet
1902 2101 2082 2156 varie-

482 2198 569 2244 tas
596 2197 754 2260 atque
783 2189 1080 2260 frequentia
1105 2229 1122 2258 ,
1151 2198 1206 2244 et
1231 2204 1392 2261 quam
1421 2191 1547 2248 inde
1572 2194 1821 2263 concepit
1849 2195 2082 2250 sanctis.

485 2280 654 2336 simus
679 2281 829 2351 jurua
857 2321 872 2347 ,
912 2295 977 2334 ac
1005 2280 1451 2352 prudentissimus
1480 2283 1562 2339 vir
1589 2284 1658 2340 de
1681 2284 1862 2342 divina
1891 2285 2084 2358 digna-

485 2374 635 2429 tione
659 2384 714 2431 et
741 2373 1109 2430 iatniliaritate
1144 2373 1428 2432 fiduciam.
1458 2374 1529 2432 Ut
1576 2387 1755 2432 autem
1803 2378 1919 2434 hmc
1959 2377 2085 2435 dili-

484 2469 696 2538 gentius
737 2468 907 2524 lector
927 2478 1088 2540 atque
1136 2469 1475 2526 commodius
1517 2471 1946 2540 animadvertat,
1992 2489 2088 2532 eas

483 2559 576 2616 hic
629 2562 800 2616 sancti
851 2561 1103 2634 Martyris
1147 2562 1385 2618 visiones
1436 2579 1708 2634 exponere
1757 2566 1930 2622 visum
1971 2579 2085 2636 est,

482 2651 676 2708 iisdem
719 2653 897 2707 verbis
933 2652 1129 2723 quibus
1165 2663 1234 2708 ab
1270 2656 1388 2724 ipso
1425 2655 1535 2710 suis
1573 2655 1628 2710 in
1663 2658 1905 2727 epistolis
1945 2659 2088 2716 refe-

485 2754 703 2802 runtur.
726 2744 972 2816 Episwla
999 2745 1319 2814 undecima,
1361 2747 1495 2802 alias
1519 2748 1670 2816 juxta
1699 2749 1925 2807 Patuelii
1971 2753 2088 2808 edi-

485 2841 693 2897 tionem
741 2852 960 2912 octava,
1005 2842 1140 2898 nihil
1182 2841 1352 2900 ferme
1403 2843 1564 2901 habet
1612 2859 1811 2917 praeter
1851 2849 2091 2907 visiones

491 2944 654 3006 atque
682 2935 1059 2992 revelationes.
1087 2935 1296 3008 Scripta
1327 2947 1412 2992 est
1446 2954 1478 2994 e
1513 2954 1729 2997 secessu
1760 2945 2090 3017 presbyteris

491 3038 548 3084 et
587 3028 901 3086 diaconibus
926 3072 943 3098 ,
987 3030 1342 3103 hortaturque
1377 3032 1500 3090 illos
1536 3033 1604 3088 ad
1648 3050 1836 3106 preces
1873 3037 2090 3094 assidue

486 3124 825 3191 fundendas;
876 3124 1019 3181 unde
1054 3127 1388 3196 Augustinus
1415 3129 1535 3198 ejus
1569 3127 1621 3182 in
1653 3128 1746 3184 lib.
1777 3144 1829 3183 iv
1859 3130 1924 3186 de
1951 3131 2092 3202 Bap-

2185 1921 2435 1993 dignatus
2460 1934 2544 1979 est
2577 1942 2592 1980 :
2627 1924 2722 1981 Dic
2748 1927 2823 1982 illi
2841 1969 2856 1996 ,
2904 1927 3106 2000 inquit,
3152 1946 3379 1988 securus
3401 1935 3505 2004 sit,
3529 1935 3639 2006 quis
3663 1945 3744 2005 pax

2186 2026 2410 2072 ventura
2433 2027 2536 2074 est.
2568 2019 2674 2076 Sed
2707 2023 2849 2094 quod
2878 2024 3091 2080 interim
3122 2027 3331 2083 morula
3361 2037 3475 2097 est,
3500 2037 3746 2099 supersunt

2186 2107 2362 2165 adhuc
2383 2111 2543 2182 aliqui
2575 2114 2662 2184 qui
2715 2116 3026 2186 probentur.
3073 2137 3092 2171 1
3128 2117 3312 2190 Neque
3353 2129 3528 2177 tamen
3555 2121 3618 2177 de
3652 2121 3747 2176 fun-

2189 2201 2382 2259 dendis
2407 2205 2623 2262 assidue
2649 2208 2929 2278 precibus,
2959 2211 3053 2267 sed
3081 2211 3150 2268 de
3179 2213 3302 2268 aliis
3328 2227 3535 2286 quoque
3573 2213 3747 2287 pietatis

2189 2295 2477 2366 operibus,
2503 2307 2560 2354 et
2585 2299 2863 2371 religionis
2889 2301 3084 2360 officiis
3101 2345 3115 2370 ,
3159 2307 3414 2376 supernis
3441 2307 3746 2364 revelationi-

2191 2386 2292 2443 bus
2331 2388 2662 2445 admonitum
2712 2408 2773 2448 se
2813 2392 2979 2451 fuisse
3033 2405 3314 2453 testatur:
3371 2413 3391 2450 t
3437 2399 3540 2456 Sed
3595 2409 3642 2456 et
3695 2399 3750 2456 de

2189 2478 2335 2535 victu
2380 2495 2544 2550 parco
2571 2523 2586 2549 ,
2647 2493 2704 2539 et
2757 2486 2937 2542 sobrio
2987 2498 3113 2558 potu
3155 2488 3355 2546 divinis
3399 2490 3748 2562 dignationibus

2191 2574 2580 2644 admonemur,
2617 2586 2724 2632 etc.
2764 2597 2785 2631 1
2819 2578 2970 2635 Adeo
3001 2595 3130 2636 vero
3157 2581 3226 2637 de
3250 2584 3615 2640 vaticiniorum
3649 2595 3753 2638 suo-

2192 2681 2310 2721 rum
2361 2667 2553 2722 futuris
2599 2669 2882 2726 eventibus
2921 2675 3296 2730 sanctissimus
3335 2677 3528 2748 prtesul
3568 2689 3753 2732 securus

2193 2773 2309 2818 erat
2330 2805 2344 2831 ,
2378 2774 2438 2820 ut
2469 2768 2713 2836 quamvis
2742 2768 2921 2824 nullus
2949 2770 3124 2826 adhuc
3165 2781 3365 2842 optata:
3399 2770 3753 2845 tranquillitatis

2192 2857 2375 2912 radius
2398 2867 2695 2930 appeteret,
2714 2861 2874 2932 jussit
2898 2871 3074 2919 tamen
3095 2864 3189 2920 has
3217 2864 3428 2922 litteras
3452 2863 3750 2937 promulgari,

2193 2961 2248 3008 et
2277 2969 2370 3023 per
2389 2954 2596 3010 clerum
2628 2956 2694 3011 ad
2726 2971 2882 3028 quem
2910 2959 3124 3028 scripta:
3151 2957 3388 3028 fuerant,
3418 2961 3552 3032 plebi
3579 2972 3754 3032 quoque

2193 3051 2581 3106 communicari
2614 3070 2628 3108 :
2673 3069 2691 3105 1
2732 3053 3079 3113 Dissimulare
3114 3057 3229 3114 haec
3262 3061 3473 3132 singula
3496 3103 3510 3126 ,
3558 3069 3606 3114 et
3643 3053 3754 3128 apud

2193 3143 2576 3200 conscientiam
2631 3163 2804 3204 meam
2836 3151 2982 3205 solus
3019 3152 3295 3210 occultare
3325 3170 3431 3210 non
3469 3151 3753 3209 debui.......

482 3220 648 3276 tismo
691 3225 1019 3282 mentionem
1060 3225 1292 3293 faciens,
1334 3224 1476 3282 hunc
1514 3226 1590 3282 illi
1641 3227 1851 3282 titulum
1900 3228 2084 3284 dedit:
2114 3231 2162 3297 C
2192 3233 2304 3290 Nec
2349 3236 2449 3307 ipsi
2495 3239 2678 3310 utique
2713 3241 2852 3311 apud
2905 3257 3000 3298 vos
3051 3243 3188 3300 hanc
3233 3247 3516 3316 epistolam
3567 3242 3756 3301 teneatis

493 3349 515 3383 ‹
548 3328 632 3389 Ad
661 3329 926 3397 Clericos,
948 3328 1019 3385 de
1044 3327 1316 3398 precando
1336 3327 1466 3381 Deo.
1494 3347 1513 3380 1
1538 3328 1762 3383 Deciana
1785 3325 2090 3394 persecutio

487 3423 786 3481 stevissimc
825 3423 878 3478 id
932 3422 1191 3493 temporis
1233 3419 1617 3493 grassabatur:
1659 3424 1947 3494 impulsum
1989 3441 2087 3479 au-

489 3529 599 3575 tem
647 3531 705 3573 se
755 3517 920 3573 fuisse
955 3515 1085 3572 dicit
1111 3515 1308 3571 divinis
1335 3516 1630 3586 prmsertim
1671 3518 2089 3575 revelatirmibus

489 3617 558 3673 ad
587 3613 927 3671 scribendum
964 3631 978 3667 :
1015 3629 1034 3664 ‹
1073 3609 1205 3666 Nam
1245 3609 1422 3681 quod,
1466 3609 1666 3682 inquit,
1711 3613 1881 3683 magis
1920 3613 2091 3669 suasit

492 3719 550 3766 et
577 3706 868 3779 compulit,
895 3713 952 3760 ut
990 3703 1086 3760 has
1123 3703 1188 3758 ad
1218 3718 1314 3760 vos
1348 3704 1554 3760 litteras
1578 3705 1906 3774 scriberem,
1949 3707 2091 3764 scire

491 3800 702 3857 debetis
737 3796 910 3872 (sicut
944 3796 1204 3852 Dominus
1234 3795 1519 3852 ostendere
1543 3805 1599 3851 et
1633 3797 1874 3853 revelare
1899 3797 2088 3869 digna-

488 3895 617 3967 tur)
647 3894 848 3949 dictum
896 3907 1020 3947 esse
1059 3893 1112 3944 in
1141 3889 1350 3944 visione
1392 3906 1405 3942 :
1444 3889 1617 3946 Petite
1663 3901 1718 3946 et
1765 3890 2085 3962 impetratis.

489 3992 643 4046 Tunc
693 3985 888 4042 deinde
945 3991 1268 4056 pneceptum
1331 3984 1469 4054 plebi
1519 3984 1829 4051 assistenti,
1891 3995 1947 4039 ut
1992 4000 2091 4056 pro

491 4079 814 4153 quibusdam
855 4077 1099 4147 personis
1129 4075 1422 4146 designatis
1461 4075 1561 4130 sibi
1593 4083 1858 4146 peterent.
1897 4062 1954 4130 lu
1996 4093 2088 4147 peo

493 4172 660 4230 tendo
689 4181 869 4227 autem
909 4169 1074 4225 fuisse
1110 4168 1354 4224 dissonas
1395 4183 1584 4234 voces,
1625 4178 1680 4224 et
1716 4168 1959 4239 dispares
1999 4185 2090 4225 vo-

491 4270 729 4326 luntates
773 4285 785 4319 :
841 4273 896 4319 et
944 4264 1046 4320 hoc
1099 4262 1446 4319 vehementer
1488 4262 1828 4334 displicuisse
1879 4263 1951 4318 illl
2002 4265 2092 4334 qui

500 4363 713 4419 dixerat
745 4377 758 4413 1
789 4358 960 4413 Petite
1001 4366 1056 4412 et
1098 4357 1414 4428 impetratis,
1458 4355 1602 4427 quod
1647 4357 1820 4427 plebis
1860 4357 2092 4428 inmqna-

505 4455 627 4511 litas
651 4455 1013 4522 discreparet,
1057 4463 1157 4506 nec
1187 4459 1334 4506 esset
1371 4451 1598 4505 fratrum
1637 4435 1921 4505 consensio
1952 4465 2055 4507 una
2076 4492 2090 4518 ,

494 4560 552 4606 et
569 4547 793 4618 simplex
822 4554 878 4600 et
901 4544 1082 4616 juncta
1122 4543 1430 4599 concordia.
1472 4562 1490 4596 1
1524 4542 1908 4599 Unanimitatis
1934 4543 2095 4614 hujus

2205 3333 2499 3402 oceuitam,
2550 3336 2644 3392 sed
2677 3337 2958 3408 legendam
2983 3341 3230 3396 fratribus
3271 3341 3586 3414 suggeratis.
3621 3358 3637 3392 1
3672 3334 3754 3392 Sed

2205 3427 2274 3483 ab
2311 3430 2455 3482 omni
2487 3431 2632 3500 pacis
2676 3446 2772 3501 spe
2821 3443 2924 3485 tam
2956 3433 3112 3505 longe
3150 3435 3339 3490 aberat
3385 3435 3593 3490 afflicta:
3622 3429 3757 3502 plebis

2196 3523 2444 3590 animus,
2517 3531 2575 3579 ut
2629 3525 2827 3579 nullam
2891 3527 3132 3597 plerique
3201 3529 3507 3600 gravissimi
3567 3521 3756 3597 pastoris

2197 3613 2427 3685 litteris,
2463 3627 2526 3671 ac
2588 3618 3005 3675 revelatiouibus
3063 3618 3220 3677 fidem
3293 3617 3757 3678 accommodarint:

2195 3717 2354 3777 quam
2405 3721 2590 3764 eorum
2640 3711 3064 3769 incredulitatem
3116 3717 3166 3769 in
3229 3717 3500 3787 principio
3555 3711 3659 3768 libri
3709 3707 3760 3760 de

2198 3797 2388 3868 Lapsis
2436 3799 2812 3872 reprehendit,
2859 3805 2926 3859 ab
2955 3821 3020 3861 eu
3049 3809 3340 3878 conscripti
3378 3815 3498 3878 post
3536 3798 3759 3861 redditam

2194 3893 2450 3949 Ecclesia:
2511 3897 2580 3951 ob
2626 3897 2954 3967 insperatum
3008 3916 3069 3954 ac
3123 3903 3464 3971 repentinum
3514 3897 3759 3954 Deciorum

2200 3984 2487 4043 interitum
2541 3991 2980 4060 tranquillitatem
3009 4007 3022 4047 :
3056 4009 3074 4045 t
3110 3993 3216 4049 Pax
3263 4009 3430 4062 ecce,
3465 3984 3761 4046 dilectissimi

2200 4078 2427 4149 fratres,
2465 4083 2713 4139 Ecclesia:
2733 4085 2938 4140 reddita
2971 4096 3073 4155 est,
3105 4096 3173 4152 et,
3210 4087 3356 4158 quod
3387 4085 3600 4143 difficile
3627 4091 3766 4149 nuper

2197 4175 2493 4231 incredulis
2562 4191 2624 4231 ac
2674 4177 2890 4247 perfidis
2951 4179 3285 4249 impossibile
3340 4179 3636 4238 videbatur,
3684 4185 3768 4241 ore

2198 4279 2357 4342 atque
2385 4271 2586 4327 ultione
2615 4272 2795 4327 divina
2829 4275 3087 4329 securitas
3117 4283 3300 4330 nostra
3344 4283 3588 4346 reparata
3626 4277 3713 4326 est.
3748 4288 3763 4317 1

2271 4383 2390 4441 Non
2436 4387 2612 4441 minus
2638 4385 2932 4443 visionibus
2959 4387 3194 4443 abundat
3221 4387 3452 4458 epistola
3498 4385 3769 4442 nevissimm

2199 4476 2452 4533 editionis
2472 4477 2676 4535 decima
2700 4491 2848 4536 sexta
2872 4523 2887 4549 ,
2921 4481 2984 4537 ad
3018 4481 3236 4538 Pamelii
3265 4496 3526 4538 numeros
3554 4479 3767 4538 decima.

2200 4573 2328 4643 quin
2354 4571 2531 4644 plures
2553 4584 2607 4628 et
2629 4574 2825 4642 varias,
2851 4574 3194 4645 paucioribus
3221 4586 3401 4632 tamen
3427 4574 3621 4636 verbis,
3644 4584 3771 4626 com-

498 4645 753 4714 pacisque
781 4643 920 4698 inter
946 4642 1160 4707 fratres,
1187 4651 1242 4697 et
1265 4641 1574 4696 concordiae
1613 4640 1852 4696 defectus
1873 4657 2088 4697 causam
2113 4638 2169 4704 D
2198 4638 2452 4736 ῥιρριίηη.
2483 4684 2496 4722 ε
2533 4687 2552 4720 ί
2585 4638 2869 4740 οεδιίεηίέ
2902 4685 3000 4724 nos
3052 4674 3233 4740 “aque
3295 4671 3481 4727 divina
3532 4678 3766 4724 censum,

503 4735 669 4791 fuisse
697 4735 972 4808 subiungit
1009 4736 1303 4807 grassantis
1345 4735 1732 4804 persecutionis
1752 4779 1767 4803 ,
1797 4748 1956 4807 quam
1987 4737 2089 4794 sibi

502 4829 661 4900 longe
691 4836 978 4900 antequam
1030 4827 1415 4883 decerneretur
1463 4829 1704 4898 sequenti
1753 4825 1959 4885 visione
2005 4846 2089 4885 os-

498 4931 708 4979 tensam
736 4917 917 4991 fuisse,
973 4930 1239 4977 testatur:
1278 4939 1298 4974 1
1337 4920 1449 4976 imo
1493 4935 1623 4977 vero
1668 4937 1768 4978 nec
1819 4923 2093 4979 venissent

490 5016 746 5073 fratribus
795 5017 910 5072 inec
938 5025 1120 5083 mata,
1164 5015 1208 5068 si
1253 5015 1304 5070 in
1353 5031 1518 5069 unum
1557 5014 1862 5072 fraternitas
1907 5017 2093 5073 fuisset

490 5115 748 5170 animata.
781 5113 914 5169 Nam
937 5154 951 5179 ,
984 5119 1039 5167 et
1065 5109 1192 5166 illud
1223 5120 1496 5167 ostensum
1541 5118 1650 5178 est,
1681 5111 1820 5183 quod
1875 5112 2088 5168 sederet

484 5207 874 5280 paterfamilias
902 5204 1124 5261 sedente
1161 5203 1262 5260 sibi
1306 5203 1374 5260 ad
1405 5203 1686 5259 dexteram
1714 5203 1946 5274 juvene,
1997 5207 2086 5276 qui

479 5301 698 5372 juvenis
725 5298 954 5365 anxius,
987 5307 1188 5353 etcum
1217 5297 1444 5367 quadam
1477 5298 1842 5368 indignatione
1882 5298 2083 5353 subtri-

480 5395 606 5462 stis,
638 5391 910 5448 maxillam
939 5403 1099 5449 manu
1120 5391 1412 5460 suatinens,
1440 5401 1633 5449 moesto
1663 5392 1810 5449 vultu
1841 5391 2080 5449 sedebat.

556 5590 636 5662 (l)
667 5589 790 5662 Viti.
819 5590 1017 5647 Euseb.
1053 5590 1128 5646 lib
1150 5607 1223 5659 vr,
1253 5607 1373 5662 cap.
1410 5593 1499 5648 ii.

557 5661 639 5732 (2)
675 5661 794 5732 Yid.
823 5662 1020 5718 Euseb.
1049 5663 1200 5717 ibid..
1230 5661 1350 5730 cap.
1379 5663 1471 5718 29.

557 5731 638 5806 (5)
656 5731 778 5806 Yid.
802 5734 972 5806 ipsius
992 5736 1151 5806 epist.
1176 5736 1241 5789 ad
1260 5735 1541 5801 German.,
1569 5734 1706 5806 apud
1732 5733 1930 5790 Euseb.
1953 5735 2083 5791 ibid.

483 5803 609 5878 cap.
631 5803 730 5934 ἑο,
749 5815 804 5864 et
824 5803 1006 5878 'epist.
1032 5803 1099 5865 ad
1117 5805 1446 5874 Philemon.,
1469 5803 1832 5879 apud'eumd.,
1869 5806 1959 5865 lib.
1991 5823 2082 5879 vn,

483 5892 599 5934 can.
671 5917 684 5933 .

2200 4774 2302 4816 nec
2345 4757 2592 4816 noctibus
2630 4762 2856 4829 desunt,
2890 4779 2988 4818 nec
3025 4761 3249 4819 diebus:
3282 4775 3485 4835 pralter
3515 4769 3775 4816 nocturnas

2203 4851 2348 4908 enim
2380 4854 2650 4922 visiones,
2705 4871 2798 4925 per
2836 4856 2955 4910 dies
2991 4871 3204 4926 quoque
3248 4857 3506 4927 impletur
3539 4850 3672 4924 apud
3692 4860 3773 4904 nos

2199 4942 2400 5013 Spiritu
2430 4943 2630 5000 Sancto
2658 4959 2941 5016 puerorum
2969 4945 3226 5001 innocens
3253 4956 3388 5001 tetas
3413 4989 3428 5013 ,
3472 4962 3592 5018 qua:
3622 4945 3670 4998 in
3694 4955 3774 4997 et-

2203 5033 2332 5090 Stasl
2384 5036 2529 5091 videt
2562 5037 2766 5104 oculis,
2811 5038 2955 5092 audit
2983 5046 3036 5093 et
3077 5037 3308 5111 loquitur
3353 5054 3419 5094 ea
3464 5038 3652 5111 quibus
3696 5045 3776 5086 nos

2201 5129 2461 5186 Dominus
2499 5146 2722 5188 monere
2751 5141 2804 5188 et
2847 5133 3114 5188 instruere
3156 5133 3432 5203 dignatur.
3468 5132 3535 5188 Et
3574 5124 3776 5186 audietis

2193 5225 2375 5279 omnia
2393 5265 2409 5291 ,
2447 5225 2662 5294 quando
2681 5224 2748 5280 ad
2771 5239 2867 5279 vos
2892 5227 3143 5281 reducem
3172 5240 3258 5280 me
3287 5226 3551 5280 Dnntinus
3576 5219 3744 5278 fecerit
3761 5255 3774 5282 1

2192 5318 2282 5388 qui
2329 5325 2386 5372 ut
2439 5317 2746 5374 secederem
2781 5318 2961 5390 jussit.
3009 5318 3230 5375 interim
3294 5319 3574 5374 temerarii
3617 5325 3668 5371 et
3706 5313 3776 5366 in-

2191 5410 2332 5466 cauti
2364 5421 2418 5467 et
2446 5411 2633 5466 tumidi
2660 5410 2875 5483 quidam
2917 5411 3055 5468 inter
3086 5427 3180 5468 vos
3203 5455 3219 5479 ,
3253 5411 3347 5483 qui
3379 5411 3656 5467 hominem
3687 5418 3774 5460 nun

2191 5505 2461 5574 cogitent,
2505 5503 2588 5558 vel
2632 5505 2800 5559 Deum
2850 5505 3105 5572 timeant;
3158 5505 3397 5560 scientes
3449 5502 3694 5576 quoniam
3739 5495 3778 5554 si

2189 5597 2326 5652 ultra
2357 5599 2408 5651 in
2439 5596 2626 5652 iisdem
2658 5598 3090 5666 perseverarint,
3153 5607 3272 5652 utar
3314 5613 3380 5651 ea
3431 5595 3779 5653 admonitione

2188 5706 2292 5762 qua
2324 5704 2408 5745 me
2440 5690 2513 5744 uti
2549 5690 2803 5745 Dominus
2826 5689 3015 5761 jubet,
3055 5699 3115 5746 ut
3157 5689 3373 5747 interim
3409 5686 3778 5762 prohibeantur

2189 5782 2402 5840 ollerre.
2442 5802 2461 5836 1
2491 5783 2624 5852 Quis
2645 5784 2760 5839 haec
2779 5783 2963 5856 legens
2983 5786 3248 5857 Cypriane
3261 5795 3453 5840 nostro
3477 5784 3775 5855 praeclarum

2189 5875 2324 5936 illud
2374 5892 2478 5937 non
2507 5876 2777 5937 adscribet
2804 5879 3070 5951 elogium,
3102 5878 3244 5952 quod
3290 5892 3320 5933 a
3360 5878 3646 5952 Polycrate
3685 5871 3777 5930 bie-
