3988 6310
247 305 352 374 117

1103 310 1240 372 PRO
1278 314 1378 372 SS.
1423 309 1808 382 PERPETUA,
1853 311 2260 372 FELICITATE
2303 315 2390 372 ET
2425 315 2693 374 SOCIIS.‘

3443 315 3547 379 iis

246 426 399 487 litoni
453 427 710 487 Sardensi
764 429 924 501 longe
973 439 1128 488 antea
1183 433 1440 488 tributum
1501 433 1669 488 fuerat
1717 429 1795 507 (i)
1831 449 1844 486 :
1877 435 1926 493 Λ
1954 434 2350 489 sanctissimum
2392 435 2565 490 virum
2613 434 2794 490 turbas
2822 436 3160 503 concitarint,
3206 435 3549 509 ssepiusipsc

246 529 344 580 Τὸν
368 531 416 579 ἔν
453 531 574 596 ἁγίῳ
599 531 838 595 Πννὺματι
881 531 1041 581 πᾶντα
1076 532 1500 594 πολιτευσάμενον,
1542 545 1560 577 ί
1597 527 1686 596 qui
1725 525 1848 596 Spi-

243 617 350 674 ritu
369 617 567 674 Sancto
596 615 808 674 afflatus
828 629 1017 676 cuncta
1039 620 1222 690 gessit.
1255 638 1274 671 ‹
1303 617 1454 676 Unde
1476 638 1497 674 ι
1526 634 1648 675 eum
1673 633 1702 674 a
1735 620 1849 692 ple-

246 713 430 785 risque
475 722 783 770 nostrorum
831 713 1148 785 prophetam
1202 713 1371 770 fuisse
1408 735 1426 767 ι
1463 714 1736 781 habitum,
1782 731 1849 770 ex

245 806 581 863 Tertulliano
615 829 631 860 ι
669 807 722 862 in
745 817 950 878 septem
986 807 1136 863 libris
1166 822 1302 878 quos
1343 808 1558 879 scripsit
1592 809 1851 866 adversus

246 900 550 959 Ecclesiam
599 917 697 974 pro
745 901 1032 967 Montano,
1075 923 1093 954 ›
1130 904 1294 958 refert
1343 903 1702 976 Hieronymus
1744 903 1846 976 (9.).

247 995 320 1051 At
363 994 481 1050 haec
511 994 691 1050 omnia
741 995 791 1049 in
823 993 1153 1065 Cyprianum
1209 1005 1455 1051 nostrum
1514 1011 1618 1051 non
1673 997 1851 1054 minus

249 1087 515 1160 quadrent
552 1105 564 1135 :
599 1085 727 1156 quid
769 1088 911 1142 enim
953 1086 1343 1157 persecutionis
1391 1097 1632 1158 tempore
1675 1089 1743 1142 ab
1786 1104 1852 1143 eo

253 1184 488 1248 gestum’,
520 1174 664 1246 quod
694 1189 797 1229 non
820 1172 1021 1245 Spiritu
1051 1175 1250 1232 Sancto
1281 1174 1494 1231 afflatus
1521 1175 1853 1248 perfecerit?

257 1273 329 1332 Ut
354 1273 560 1342 plebem
593 1289 748 1329 suam
776 1272 842 1330 ad
888 1270 1122 1328 futurum
1149 1272 1351 1329 bellum
1391 1273 1666 1344 expediret
1695 1273 1852 1344 longe

251 1376 539 1437 antequam
562 1365 964 1430 exardesceret,
993 1365 1172 1420 divina
1195 1365 1326 1422 illud
1356 1366 1688 1422 revelatione
1717 1381 1854 1437 pra:-

247 1461 440 1517 sensit.
482 1459 690 1516 lndicto
712 1461 853 1516 bello
884 1503 898 1526 ,
945 1467 1001 1516 ut
1031 1460 1266 1516 latebras
1289 1472 1556 1532 quaereret
1578 1501 1592 1525 ,
1640 1472 1693 1517 et
1741 1475 1857 1531 per-

249 1552 586 1611 secutionem
639 1553 976 1623 declinaret,
1042 1553 1210 1610 Deum
1284 1565 1562 1610 auctorem
1627 1555 1850 1621 habuit;

249 1663 429 1718 neque
467 1657 524 1703 ut
573 1647 803 1720 ipsemet
833 1657 887 1704 et
918 1648 1138 1705 Pontius
1185 1647 1444 1706 diaconus
1494 1651 1547 1705 in
1594 1651 1710 1720 ejus
1733 1650 1854 1707 Vita

250 1750 538 1810 testantur,
571 1743 689 1800 sine
717 1741 896 1798 divina
925 1743 1257 1800 revelatione
1285 1745 1529 1802 secessit.
1554 1743 1685 1803 Orta
1715 1757 1852 1802 tem-

1955 527 2007 582 in
2027 529 2138 583 suis
2163 529 2402 598 epistolis
2433 539 2635 585 narrat.
2658 525 2767 587 [lac
2795 529 2862 586 de
2891 547 2950 588 re
2977 540 3030 588 ct
3059 532 3127 588 de
3155 531 3548 602 persecutione,

1955 636 2075 692 qua:
2125 621 2248 677 inde
2299 622 2650 690 imminebat,
2705 624 2959 681 divinitus
3003 623 3203 697 aliquid
3256 627 3550 697 accepisse,

1956 733 2055 773 nec
2094 717 2368 773 caelestem
2407 717 2643 774 defuisse
2689 719 3094 786 revelationem,
3143 738 3207 776 ex
3251 721 3334 776 his
3381 722 3554 776 sancti

1955 814 2208 887 martyris
2239 813 2418 868 verbis
2453 812 2712 885 colligunt
2753 813 2949 870 eruditi
2996 833 3009 870 :
3060 834 3078 868 ‹
3129 815 3435 871 Pcrsecutio
3475 824 3559 870 est

1955 904 2072 959 haec
2102 903 2223 970 alia,
2267 912 2322 959 et
2349 905 2455 959 alia
2496 905 2744 974 tentatio,
2785 913 2840 962 et
2873 907 3108 978 quinque
3139 905 3215 962 illi
3257 909 3554 980 presbyteri

1958 996 2089 1052 nihil
2134 995 2278 1052 aliud
2326 1005 2471 1063 sunt,
2523 1013 2684 1068 quam
2730 999 2965 1069 quinque
3020 998 3285 1069 primores
3334 995 3410 1053 illi
3467 999 3556 1068 qui

1957 1087 2134 1144 edicto
2161 1105 2334 1161 nuper
2362 1089 2761 1161 magistratibus
2791 1089 3001 1147 fuerant
3029 1089 3284 1162 cupulati,
3314 1101 3368 1147 ut
3395 1091 3554 1149 fidem

1957 1196 2196 1239 nostram
2242 1184 2638 1248 subverterent,
2684 1193 2741 1258 ut
2778 1184 2996 1257 gracilia
3028 1183 3250 1241 fratrum
3283 1183 3442 1240 corda
3487 1189 3556 1242 ad

1958 1275 2184 1331 lethales
2235 1276 2455 1346 laqueos
2485 1277 2925 1345 praevaricatione
2957 1278 3198 1332 veritatis
3228 1288 3556 1334 averterent.

1960 1367 2161 1423 Eadem
2199 1385 2338 1424 nunc
2379 1370 2537 1433 ratio,
2577 1369 2764 1424 eadem
2803 1384 2988 1424 rursus
3014 1370 3244 1435 eversio,
3278 1385 3372 1440 per
3406 1371 3562 1442 quin-

1959 1475 2063 1530 que
2093 1458 2433 1531 presbyteros
2456 1459 2787 1515 Felicissimo
2815 1459 3112 1531 copulatus,
3139 1459 3204 1515 ad
3234 1461 3440 1516 ruinam
3473 1475 3561 1515 sa-

1961 1549 2090 1606 lutis
2133 1550 2420 1607 inducitur.
2465 1571 2482 1606 »
2517 1551 2764 1620 Videtur,
2799 1552 2968 1624 inquit
2999 1549 3289 1620 Pamelins,
3321 1553 3560 1609 alludere

1960 1643 2028 1702 ad
2059 1646 2318 1701 visionem
2351 1647 2679 1716 quampiam,
2725 1637 2777 1701 in
2815 1661 2917 1717 qua
2958 1643 3271 1716 apparuisse
3310 1645 3562 1700 vitientur

1961 1755 2083 1794 cum
2126 1738 2526 1810 magistratibus
2572 1739 2806 1810 quinque
2855 1739 3139 1808 primores,
3191 1739 3278 1808 qui
3326 1735 3558 1793 edictum

248 1845 492 1909 pestate,
536 1835 731 1904 quibus
770 1848 860 1894 aut
888 1838 1146 1893 virtutum
1178 1840 1652 1897 exercitationibus
1693 1855 1853 1913 supe—
1883 1839 1931 1900 B
1959 1841 2146 1888 εοηῑτθ
2187 1831 2471 1902 eillscoims
2500 1847 2600 1885 ""3
2637 1831 2988 1900 ι’ωὺιῑοίιτοιιιο
3022 1828 3210 1901 Νορυὸ
3237 1827 3361 1884 hmo
3389 1830 3560 1884 ίιιιοτο

247 1928 418 1985 randa
463 1939 644 1997 esset,
698 1938 790 1985 aut
822 1931 1035 2001 pietatis
1067 1930 1263 1988 officiis
1296 1934 1654 2006 tranquillitas
1681 1935 1853 2008 impe-

247 2021 438 2079 tranda
462 2065 477 2087 ,
511 2021 692 2080 divina
737 2023 866 2079 item
915 2024 1247 2082 revelatione
1286 2029 1556 2098 cognovit.
1595 2025 1854 2085 Futuram

248 2130 441 2188 pacem
483 2131 593 2171 non
637 2115 816 2172 minus
845 2133 1004 2188 quam
1051 2117 1357 2195 proximum
1388 2119 1625 2184 bellum,
1676 2120 1854 2176 divina

248 2208 456 2280 pariter
482 2207 808 2264 revelatione
840 2210 1122 2280 praeno'vit.
1169 2209 1283 2278 Qua
1313 2225 1439 2282 erga
1467 2211 1646 2280 lapsos
1692 2211 1858 2268 disci-

251 2300 409 2373 plina
449 2301 522 2356 uti
563 2302 826 2368 deberet,
868 2311 922 2358 et
989 2303 1267 2360 nocturnis
1293 2305 1410 2376 ipse
1449 2306 1748 2362 visionibus
1805 2313 1860 2362 et

262 2391 491 2459 diurnis,
527 2391 866 2450 innocentum
893 2407 1182 2464 puerorum
1215 2395 1457 2466 raptibus
1474 2407 1528 2452 et
1549 2397 1859 2455 excessibus

255 2482 546 2570 intellexit.
596 2484 714 2553 Qua
745 2485 872 2540 item
919 2486 971 2540 in
1001 2486 1248 2542 incautos
1275 2488 1537 2559 quosdam
1585 2503 1651 2544 ac
1693 2499 1859 2546 teme-

251 2576 428 2632 rarios
465 2577 812 2650 presbyteros
837 2593 1065 2634 censura
1112 2579 1338 2636 deberet
1385 2582 1856 2649 animadvertere,

257 2683 287 2724 a
315 2669 427 2726 Deo
469 2670 724 2727 similiter
768 2686 866 2742 per
888 2680 1129 2743 apertam
1162 2684 1216 2728 et
1243 2673 1584 2730 manifestam
1615 2676 1862 2732 admoni-

255 2761 459 2818 tionem
497 2765 726 2834 accepit.
759 2763 1002 2820 Assiduis
1040 2764 1191 2822 bisce
1227 2765 1464 2839 Spiritus
1503 2771 1672 2825 sancti
1703 2770 1860 2829 donis

262 2868 329 2910 ac
352 2855 674 2910 muneribus
702 2853 908 2924 fretus,
942 2856 1008 2910 ad
1058 2856 1292 2913 reditum
1335 2873 1549 2930 quoque
1577 2877 1732 2916 suum
1765 2877 1859 2918 su-

255 2963 478 3020 pernam
521 2949 907 3007 revelationem
948 2951 1357 3020 praestolabatur
1410 2969 1425 3006 :
1473 2971 1494 3007 ι
1531 2953 1600 3009 Et
1630 2953 1862 3012 audietis

255 3042 438 3097 omnia
458 3083 475 3110 ,
505 3041 722 3113 quando
741 3042 808 3099 ad
836 3055 933 3099 vos
957 3043 1210 3100 reducem
1239 3059 1328 3102 me
1354 3039 1608 3103 Dominus
1639 3047 1857 3113 fecerit,

255 3134 349 3204 qui
381 3142 440 3189 ut
475 3134 788 3191 secederem
837 3135 1040 3206 jussit:
1079 3155 1098 3190 ι
1145 3151 1307 3208 quam
1354 3135 1428 3194 illi
1475 3153 1581 3195 non
1625 3139 1862 3198 defuisse

255 3237 448 3298 postea
471 3227 732 3285 dicemus.

253 3335 266 3380 ε
328 3318 578 3387 interim,
609 3329 897 3391 antequam
929 3335 960 3378 e
986 3333 1206 3378 secessu
1235 3321 1615 3396 Carthaginem
1656 3339 1865 3382 remea-

254 3424 362 3480 ret,
397 3413 673 3469 Aurelium
711 3422 766 3468 et
799 3413 1104 3470 Cclerinum
1143 3415 1312 3487 gloria
1342 3416 1698 3472 confessionis
1728 3417 1862 3473 insi-

255 3521 392 3578 gnes
420 3507 472 3563 in
505 3507 706 3564 clerum
736 3508 1028 3579 cooptavit.
1057 3507 1115 3564 id
1145 3523 1275 3566 vero
1302 3524 1407 3566 non
1447 3510 1562 3566 sine
1592 3515 1866 3568 consuetis

255 3600 558 3656 visionibus
587 3615 651 3656 ac
683 3599 880 3656 divinis
915 3602 1333 3658 revelationibus
1362 3602 1558 3659 factum
1584 3614 1685 3660 est.
1729 3604 1863 3660 Nam

255 3707 380 3749 cum
408 3693 623 3748 illorum
655 3702 960 3764 temporum
989 3709 1119 3750 usus
1141 3692 1384 3761 haberet,
1413 3705 1472 3752 ut
1500 3697 1866 3754 ordinationes

256 3789 474 3845 clericus
502 3804 607 3843 non
632 3789 752 3846 sine
777 3789 948 3859 plebis
975 3790 1306 3856 testimonio,
1332 3799 1384 3845 et
1417 3792 1579 3846 totius
1602 3791 1731 3847 cieri
1753 3793 1864 3846 suf-

259 3879 434 3951 fragio
458 3879 904 3948 celebrarentur;
936 3891 1032 3936 cur
1058 3882 1180 3937 illos
1206 3881 1403 3937 absens
1434 3883 1484 3936 in
1515 3883 1716 3938 clerum
1750 3898 1868 3954 pro-

258 3975 490 4039 vexerit,
538 3975 699 4041 hanc,
745 3975 812 4032 de
857 3977 1072 4032 Aurelio
1111 3976 1360 4046 loquens,
1395 3976 1548 4032 aifcrt
1578 3979 1859 4045 rationem,

261 4068 400 4139 quod
442 4069 680 4124 humano
721 4069 1031 4124 testimonio
1071 4085 1178 4124 non
1211 4069 1495 4140 indigeret,
1545 4072 1636 4141 qni
1684 4071 1865 4127 divino

257 4162 522 4233 probatus
561 4161 736 4218 fuerat
777 4163 1032 4232 suifragio
1078 4161 1156 4234 (3)
1202 4180 1217 4218 :
1266 4181 1285 4215 ι
1337 4164 1391 4217 ln
1437 4163 1867 4220 ordinationibus

257 4255 498 4320 clericis,
516 4256 706 4310 fratres
721 4255 1047 4320 cbarissimi,
1063 4256 1303 4312 solemus
1323 4269 1418 4309 vos
1437 4263 1562 4312 ante
1581 4257 1868 4312 consulere

264 4360 529 4403 clmores
579 4364 641 4404 ac
706 4350 896 4404 merita
943 4348 1274 4418 singulorum
1318 4349 1592 4402 communi
1639 4350 1867 4404 consilio

261 4439 608 4512 ponderare;
663 4443 757 4498 sed
810 4443 1170 4514 exspectanda
1223 4457 1331 4497 non
1389 4452 1514 4498 sunt
1561 4443 1868 4501 testimonia

258 4534 521 4600 humana,
553 4547 675 4590 enini
718 4537 1028 4605 praesumit
1073 4536 1250 4590 divina
1297 4535 1570 4607 suffragia.
1618 4537 1869 4594 Aurelius

1959 1925 2248 1996 pretationi
2311 1923 2606 1996 refragatur
2649 1923 2934 1996 Rigaltius,
2985 1923 3337 1994 eamdemque
3379 1925 3565 1978 mani-

1963 2017 2097 2074 feste
2145 2017 2487 2088 amplectitur
2531 2015 2842 2073 Dodwellns
2887 2014 2992 2089 (l).
3040 2016 3238 2072 Eadem
3286 2009 3562 2088 Epistula,

1961 2112 2124 2169 modo
2157 2128 2342 2181 vam,
2376 2113 2445 2168 al.
2470 2129 2558 2181 XL,
2601 2129 2720 2184 qua:
2765 2112 2952 2168 ultima
2991 2121 3074 2168 est
3113 2125 3297 2170 earum
3338 2128 3471 2184 quas
3510 2111 3564 2168 in

1962 2220 2178 2262 secessu
2223 2206 2574 2275 conscripsit,
2602 2219 2783 2276 quam,
2823 2215 2881 2261 ut
2918 2221 3078 2278 supra
3113 2207 3367 2274 diximus,
3401 2215 3566 2277 pra-s-

1963 2297 2232 2354 tolabatnr
2269 2298 2337 2354 de
2378 2298 2553 2354 reditu
2595 2298 3002 2364 revelationem,
3045 2313 3103 2356 se
3129 2299 3237 2370 jam
3266 2301 3560 2370 accepisse,

1964 2389 2271 2459 perspicue,
2307 2397 2366 2446 ut
2404 2388 2535 2444 mihi
2572 2389 2799 2458 videtur,
2840 2389 3244 2463 luculenterque
3278 2389 3564 2463 significat.

1964 2479 2146 2536 Primo
2181 2482 2325 2536 enim
2356 2481 2598 2553 queritur
2635 2500 2648 2536 :
2689 2501 2707 2535 ι
2741 2482 2884 2553 quod
2909 2481 3263 2554 quorumdam
3288 2483 3565 2558 presbyte-

1963 2585 2150 2630 rorum
2198 2571 2502 2644 malignitas
2544 2584 2597 2630 et
2629 2574 2849 2644 perfidia
2895 2573 3206 2646 perfecisset
3249 2591 3318 2632 ne
3358 2573 3460 2632 sibi
3497 2577 3566 2632 ad

1964 2682 2093 2723 suos
2119 2675 2244 2722 ante
2275 2667 2416 2722 diem
2448 2666 2668 2724 Paschze
2690 2665 3161 2725 venire'iicuis‘set.
3192 2669 3427 2726 Cavebat
3455 2671 3565 2726 Sci-

1965 2762 2095 2818 licet
2133 2777 2198 2818 ne
2236 2775 2334 2834 per
2371 2761 2544 2817 minas
2573 2770 2628 2817 et
2657 2777 2752 2833 per
2781 2758 3002 2816 insidias
3031 2760 3355 2832 perfidorum
3392 2763 3570 2832 major

1965 2871 2030 2912 ex
2056 2869 2156 2910 suo
2181 2855 2411 2911 adventu
2437 2854 2760 2926 Carthagine
2785 2853 3044 2910 tumultus
3066 2855 3322 2920 oriretur,
3345 2864 3419 2921 et,
3443 2869 3566 2910 cum

1965 2949 2084 3020 paci
2123 2959 2177 3004 et
2205 2949 2575 3019 tranquillitati
2604 2947 2890 3020 episcdpus
2927 2948 3209 3020 providere
3241 2949 3293 3003 in
3319 2949 3570 3003 omnibus

1965 3042 2179 3108 debeat,
2216 3043 2329 3112 ipse
2359 3042 2637 3097 materiam
2670 3042 2920 3097 seditioni
2956 3041 3192 3108 dedisse,
3227 3049 3282 3096 et
3318 3053 3571 3112 perseeu-

1965 3136 2168 3191 tionem
2191 3134 2365 3189 denuo
2382 3133 2738 3189 exacerbassc
2757 3133 3048 3190 videretur.
3078 3152 3097 3186 ι
3129 3133 3324 3189 Postea
3341 3131 3568 3202 subjun-

1889 3239 1934 3303 ο
1967 3230 2064 3300 git,
2107 3229 2248 3283 banc
2288 3242 2411 3284 esse
2452 3227 2880 3299 persecutionem
2911 3228 3256 3284 novissimam
3289 3237 3343 3284 et
3385 3236 3568 3284 extre-

1969 3336 2111 3377 mam
2142 3322 2512 3387 tentationem,
2544 3336 2663 3392 quae
2690 3331 2743 3376 et
2769 3321 2904 3390 ipsa,
2939 3321 3130 3392 inquit,
3165 3339 3184 3374 ‹
3209 3321 3318 3377 cito
3348 3321 3574 3375 Domino

1968 3424 2286 3488 protegente
2314 3413 2582 3479 transibit,
2613 3424 2670 3470 trt
2704 3422 3062 3484 repraascnter
3089 3413 3243 3470 vobis
3284 3423 3406 3486 post
3441 3413 3574 3468 Pas-

1969 3509 2086 3568 cha:
2103 3510 2243 3566 diem
2262 3524 2383 3566 cum
2402 3509 2622 3581 collegis
2645 3509 2799 3565 meis.
2835 3527 2856 3562 ι
2882 3511 3075 3564 Annon
3095 3509 3380 3565 manifesta
3409 3510 3570 3565 habe-

1968 3617 2090 3660 mus
2125 3611 2181 3657 et
2209 3602 2355 3658 clara
2398 3602 2724 3672 prephetieae
2770 3600 3115 3657 revelationis
3152 3600 3387 3657 indicia?
3431 3602 3573 3659 Ante

1967 3697 2172 3753 Pascha
2195 3711 2294 3752 suo
2321 3711 2380 3752 se
2404 3709 2620 3752 secessu
2645 3696 2928 3763 continuit,
2957 3705 3204 3753 metuens
3236 3711 3306 3752 ne
3339 3694 3572 3753 adventu

1967 3803 2067 3844 suo
2108 3789 2390 3844 materiam
2428 3788 2678 3844 seditioni
2718 3787 2893 3854 daret,
2939 3797 2995 3844 et
3038 3803 3108 3845 ne
3144 3787 3574 3859 persecutionem

1969 3883 2150 3938 denuo
2195 3883 2553 3939 cxacerbasse
2595 3881 2867 3937 videretur
2907 3898 2922 3935 :
2968 3891 3088 3952 post
3134 3881 3339 3937 Pascha
3392 3890 3572 3938 tamen

1970 3984 2120 4032 certo
2148 3991 2208 4030 se
2233 3976 2531 4032 rediturum
2562 3976 2844 4046 promittit.
2875 3973 2984 4030 Sed
3014 3987 3190 4031 annon
3218 3985 3426 4048 poterat
3455 3988 3576 4047 post

1970 4067 2178 4124 Pascha
2215 4067 2354 4124 idem
2386 4067 2680 4138 periculum
2710 4066 3026 4124 imminere?
3054 4066 3400 4139 Nequaquam
3430 4085 3443 4124 :
3479 4083 3578 4123 nn-

1969 4167 2123 4215 verat
2161 4159 2303 4215 enim
2341 4158 2450 4214 cito
2482 4159 2828 4214 transiturum
2859 4159 3248 4229 persecutionis
3280 4158 3438 4231 hujus
3478 4175 3576 4215 no-

1972 4251 2250 4307 vissimam
2284 4251 2655 4307 tentationem.
2689 4247 2797 4306 Sed
2826 4250 2968 4307 unde
2993 4251 3046 4307 id
3085 4262 3328 4320 noverat,
3359 4259 3420 4309 ut
3442 4252 3582 4309 adeo

1973 4353 2182 4400 certum
2235 4342 2606 4413 promitteret?
2633 4341 2756 4399 Non
2795 4342 3016 4400 aliunde
3059 4343 3322 4416 profecto,
3364 4345 3469 4401 nisi
3512 4361 3577 4401 ea

1975 4437 2157 4494 divina
2188 4435 2539 4493 revelatione.

2050 4531 2288 4588 Sublatis
2313 4531 2506 4598 Deciis,
2531 4529 2822 4587 secundam
2847 4530 3102 4601 Cypriani
3131 4531 3460 4602 temporibus
3481 4533 3584 4589 Ec-

256 4629 428 4684 frater
454 4639 656 4696 noster,
684 4631 906 4684 illustris
927 4629 1266 4697 adolescens,
1292 4644 1321 4684 a
1348 4629 1572 4684 Domino
1597 4631 1708 4700 jam
1741 4645 1865 4701 pro-
1892 4647 1944 4707 D
1976 4625 2154 4680 clesise
2177 4625 2605 4695 persecutionem
2626 4623 2815 4679 Gallus
2835 4632 2889 4679 et
2914 4622 3242 4679 Volusianus
3264 4624 3580 4681 intulerunt.

256 4721 440 4785 batus,
472 4731 582 4779 etc.
625 4741 644 4775 ι
682 4721 747 4776 Et
785 4721 1016 4792 epistola
1061 4722 1304 4792 sequenti
1334 4720 1402 4776 de
1440 4721 1675 4776 Celerini
1716 4721 1864 4778 ordi-

258 4817 484 4870 natione
510 4815 756 4886 loquens,
779 4828 900 4870 eam
924 4829 1136 4884 quoque
1160 4830 1256 4884 per
1278 4814 1523 4884 spiritum
1549 4817 1867 4885 proplietiar,

260 4922 366 4963 nec
397 4909 516 4962 sine
539 4907 836 4962 visionibus
869 4922 931 4960 ac
961 4905 1384 4962 revelatiouibus
1407 4917 1676 4976 peractam
1706 4908 1872 4964 fuisse

263 5014 512 5059 testatur.
552 5023 570 5055 ‹
617 5003 753 5057 Cum
783 5003 952 5068 enim,
1001 5002 1193 5072 inquit,
1232 5001 1542 5056 consentire
1581 5001 1870 5068 dubitaret,

263 5096 526 5153 Ecclesiae
579 5097 745 5164 ipsius
785 5096 1060 5150 admonitu
1107 5102 1161 5148 et
1203 5091 1417 5148 hortatu
1459 5093 1510 5148 in
1546 5094 1748 5150 visione
1781 5109 1875 5164 per

263 5201 483 5247 noctem
507 5191 817 5260 compulsus
844 5198 948 5256 est,
977 5205 1041 5244 ne
1067 5195 1290 5260 negaret
1322 5188 1475 5246 nobis
1502 5188 1872 5258 suadentibus,

260 5286 348 5340 cui
389 5283 507 5353 plus
539 5283 709 5351 licuit,
741 5295 863 5356 quae
893 5291 949 5340 et
973 5285 1170 5354 coegit.
1207 5302 1227 5336 ι

338 5377 710 5434 Felicissimus
734 5377 1037 5433 schismatis
1063 5375 1389 5448 Carthagine
1408 5388 1616 5447 auctor,
1645 5388 1701 5434 et
1721 5379 1873 5451 quiu-

264 5489 373 5547 que
443 5471 743 5546 presbyteri
792 5473 1017 5545 perditae
1064 5471 1312 5529 factionis
1365 5473 1600 5542 fomites,
1645 5488 1778 5545 quas
1819 5475 1872 5531 in

345 5629 652 5756 (1)2‘Epist.
695 5628 763 5684 ad
811 5626 1081 5684 Victorem
1109 5626 1192 5696 P.,
1233 5627 1374 5700 apud
1405 5627 1629 5703 Euseb.,
1677 5630 1767 5690 lib.
1817 5648 1868 5699 v,

345 5718 400 5756 ι).
511 5745 523 5756 .
1787 5723 1789 5726 ⁴

343 5718 704 5846 ieram...
736 5772 788 5827 in
820 5770 1090 5846 Melito_ne.

351 5775 412 5846 (2
466 5775 704 5846 Catalog.
736 5775 788 5827 in
820 5775 1090 5827 Melitene.

267 5856 282 5921 '_
352 5775 440 5919 (ὃ)
470 5845 636 5918 Epist.
667 5859 867 5903 xaxvm
893 5843 959 5900 ad
988 5842 1162 5916 Pam.,
1188 5858 1339 5903 num.
1365 5842 1490 5928 33.”

272 5718 336 5761 Ca

979 6114 1013 6136 ο

1976 4717 2127 4774 lianc
2167 4731 2380 4788 quoque
2418 4724 2636 4772 sanctus
2663 4716 2987 4788 Cyprianus,
3022 4724 3308 4787 antequam
3345 4719 3582 4790 serviret,

1979 4811 2092 4866 imo
2135 4820 2191 4867 et
2223 4819 2510 4880 antequam
2541 4809 2946 4877 decerneretur,
2981 4823 3086 4864 non
3118 4823 3223 4865 una
3255 4819 3349 4865 aut
3378 4811 3580 4867 altera.

1977 4902 2072 4958 sed
2112 4901 2295 4957 multis
2339 4913 2393 4958 ct
2438 4901 2644 4958 crebris
2669 4911 2725 4958 et
2760 4901 3056 4958 manifestis
3091 4904 3491 4961 ostensionibus
3519 4920 3584 4962 ac

1987 4996 2289 5052 visionibus
2308 4994 2538 5050 futuram
2561 4995 2847 5063 intellexit,
2862 5003 2916 5052 et
2937 5007 3033 5067 per
3051 4997 3338 5068 synodicae
3361 4998 3584 5056 secundi

1984 5089 2202 5146 concilii
2240 5088 2682 5160 Carthaginiensis
2734 5089 2803 5144 ad
2841 5087 3150 5146 Cornelium
3195 5091 3419 5158 litteras,
3477 5105 3587 5150 non

1982 5200 2095 5242 suae
2137 5195 2363 5253 tantum,
2407 5183 2504 5240 scd
2546 5185 2706 5240 etiam
2750 5185 3006 5240 [initiante
3033 5184 3289 5242 Ecclesiae
3313 5185 3586 5258 significa-

1979 5281 2050 5336 vit
2081 5280 2160 5352 (2)
2196 5299 2210 5337 :
2243 5299 2262 5333 ‹
2297 5280 2404 5337 Sed
2425 5281 2570 5337 enim
2595 5295 2715 5336 cum
2745 5280 3022 5337 videamus
3056 5281 3202 5338 diem
3228 5298 3412 5339 rursus
3440 5283 3577 5340 aite-

1978 5376 2090 5432 rius
2121 5373 2478 5430 infestationis
2515 5373 2948 5445 appropinquare
2990 5376 3243 5446 coepisse,
3284 5383 3338 5432 et
3372 5376 3582 5432 crebris

1979 5477 2141 5540 atque
2165 5467 2398 5524 assiduis
2423 5466 2823 5523 ostensionibus
2850 5465 3256 5535 admoneamur,
3288 5476 3346 5522 ut
3373 5467 3440 5523 ad
3464 5481 3584 5524 cer-

1980 5573 2159 5620 tamen
2201 5559 2346 5632 quod
2402 5557 2557 5616 nobis
2601 5559 2774 5616 hostis
2817 5557 3022 5630 indicit,
3071 5560 3265 5616 armati
3307 5568 3363 5618 et
3405 5563 3581 5632 parati

2051 5767 2130 5843 (Α)
2163 5766 2388 5843 russea.
2429 5780 2480 5820 ιν
2524 5763 2844 5843 Cyprianica
2869 5765 2934 5824 de
2970 5766 3286 5843 Viaiom’bus,
3313 5773 3418 5828 etc.
3444 5765 3473 5838 ς
3497 5725 3605 5824 is.

1981 5890 2006 5923 ξ
2063 5839 2146 5919 (2)
2177 5838 2355 5914 Epist.
2387 5853 2516 5916 ι-νυ,
2543 5838 2619 5899 ai.
2641 5854 2762 5925 uv.
