3988 6310
451 263 558 323 119

1575 247 2018 308 lilSSERTATlO
2055 245 2536 305 APOLOGETICA

3635 243 3723 301 120

452 381 657 447 simus,
684 375 898 450 plebem
922 373 1084 430 etiam
1110 372 1264 428 nobis
1284 371 1354 427 de
1375 370 1554 426 divina
1575 369 1886 440 dignatione
1909 381 2058 423 com-
2082 365 2138 427 A
2161 381 2325 438 gnum
2366 374 2450 424 est
2490 365 2754 422 securitas
2781 365 2894 430 illa,
2921 377 3081 435 quam
3107 351 3444 434 praeferebat,
3471 377 3569 418 non
3590 361 3722 420 defu-

449 475 674 530 missam
691 468 1156 527 exhortationibus
1175 465 1372 521 nostris
1393 478 1666 536 paremus,
1689 471 1793 519 etc.
1818 462 2008 518 Postea
2031 478 2045 514 :

455 584 479 619 ‹
502 563 993 636 Obtemperandum
1016 569 1100 616 est
1120 573 1349 630 namque
1363 556 1761 613 ostensionibus
1776 563 1937 625 atque
1951 551 2048 607 ad-

453 655 1096 726 monitionibusjustis,ut
1109 669 1138 707 a
1159 651 1464 724 pastoribus
1477 664 1604 705 oves
1620 649 1670 703 in
1688 646 1926 718 periculo
1943 659 2049 700 non

451 752 793 812 deserantur,
835 757 939 802 etc.
976 763 996 797 »
1034 745 1280 798 Rursus:
1320 761 1339 794 ‹
1375 739 1582 796 Placuit
1621 737 1778 794 nobis
1804 779 1820 804 ,
1849 735 2052 808 Spiritu

448 843 650 902 Sancto
698 845 1039 912 suggerente,
1089 844 1144 890 et
1188 833 1418 890 Domino
1444 848 1541 902 per
1580 831 1816 888 visiones
1855 827 2053 884 multas

450 947 507 993 et
533 933 850 991 manifestas
887 929 1231 993 admonente,
1277 925 1402 997 quia
1448 923 1621 980 hostis
1666 922 1822 978 nobis
1874 921 2047 977 immi-

447 1045 583 1086 nere
601 1025 987 1099 przennntiatur
1018 1030 1075 1077 et
1098 1019 1422 1084 ostenditur,
1446 1017 1700 1090 colligere
1721 1018 1857 1071 intra
1877 1023 2054 1070 castra

448 1123 655 1179 milites
692 1118 910 1184 Christi,
952 1127 1060 1170 etc.
1111 1134 1131 1168 ›
1167 1113 1263 1169 His
1293 1111 1543 1184 Cypriani
1572 1111 1748 1166 verbis
1781 1109 1897 1164 haec
1925 1109 2054 1164 sub-

454 1216 631 1289 jungit
665 1213 745 1267 Cl.
789 1208 1100 1266 Dodwellus
1136 1208 1218 1281 (1)
1245 1226 1257 1262 :
1286 1206 1403 1263 Non
1434 1205 1658 1261 credent
1689 1205 1803 1259 lucc
1830 1204 2056 1258 fortasse

449 1309 618 1364 atbei.
645 1305 754 1363 Sed
787 1304 913 1374 quid
938 1302 1140 1359 habent
1173 1300 1459 1373 quominus
1485 1299 1591 1355 fide
1610 1299 1768 1370 digna
1790 1312 1910 1354 esse
1931 1312 2057 1353 cen-

447 1401 630 1459 seant?
646 1399 895 1454 Visiones
917 1396 1004 1452 hic
1032 1396 1292 1452 habemus
1316 1410 1423 1450 non
1455 1394 1649 1449 multas
1675 1391 1856 1458 modo,
1880 1389 1976 1445 sed
2003 1398 2058 1444 et

446 1491 782 1557 manifestas,
827 1500 1134 1560 eventuque
1164 1489 1573 1559 comprobatas;
1617 1500 1716 1541 nec
1752 1484 1802 1539 id
1830 1483 2058 1539 obscura

446 1587 645 1660 privati
674 1584 976 1656 cujuspiam
1005 1581 1132 1648 ﬁde,
1157 1581 1252 1638 sed
1280 1579 1470 1654 synodi
1497 1580 1660 1635 totius
1687 1575 2061 1634 consentiente

453 1681 736 1751 suffragio,
761 1676 1160 1746 mansurisque,
1188 1675 1231 1730 si
1256 1673 1404 1730 falsa:
1434 1673 1680 1739 fuissent,
1705 1671 1758 1727 in
1774 1671 1850 1727 rei
1867 1685 2062 1726 memo-

2151 467 2327 514 turam
2378 458 2478 514 sibi
2523 459 2800 515 cmlostem
2849 458 3254 526 revelationem,
3293 471 3411 528 qua:
3453 464 3644 527 tempus
3667 458 3723 514 ad

2152 552 2386 608 reditum
2431 562 2792 624 Opportunum
2833 551 3251 618 demonstraret,
3294 549 3437 622 quod
3457 550 3562 621 jam
3591 561 3723 608 antea

2152 655 2236 702 est
2253 646 2408 702 nobis
2421 647 2634 701 animad
2645 662 2856 702 versum
2867 687 2880 700 .
2900 646 3054 703 Nunc
3068 646 3212 702 aliud
3234 660 3341 701 non
3366 645 3538 700 minus
3552 648 3726 717 perspi-

2153 753 2314 794 cuum
2358 738 2628 809 proferam
2658 741 2710 794 in
2742 740 2986 796 eamdem
3028 755 3142 795 rem
3194 748 3578 810 argumentum.
3614 737 3728 795 Cra.

2156 831 2373 887 vissima
2414 831 2504 887 illa
2529 832 2758 902 epistola
2784 847 2885 904 qua
2907 831 3233 888 Florentium
3249 831 3558 902 Pnpianum,
3579 831 3727 886 virum

2156 925 2473 982 seditiosum
2507 941 2571 981 ac
2596 925 2986 990 turbulentum,
3011 925 3477 982 vehementissime
3497 923 3728 995 objurgat,

2160 1021 2210 1076 ei
2239 1020 2453 1075 tandem
2487 1019 2719 1087 veniam,
2751 1021 2795 1075 si
2827 1018 3126 1091 resipiscat,
3161 1017 3262 1074 hac
3296 1017 3596 1073 conditione
3626 1031 3731 1086 pro-

2160 1115 2323 1171 mittit
2355 1135 2368 1170 :
2395 1118 2439 1172 si
2468 1117 2610 1172 Deus
2639 1115 2692 1171 id
2729 1116 3020 1187 permittat,
3052 1125 3107 1170 et
3142 1114 3324 1184 aliquo
3350 1111 3580 1168 sensibili
3600 1109 3729 1181 signo

2159 1230 2309 1272 suam
2329 1215 2428 1272 hac
2439 1217 2508 1272 de
2524 1231 2583 1273 re
2594 1216 2914 1274 sententiam
2930 1215 3370 1284 voluntatemque
3384 1210 3684 1282 significet(l
3696 1211 3728 1283 ):

2165 1325 2184 1358 ι
2234 1307 2292 1364 Si
2341 1309 2662 1365 temeritatis
2687 1318 2738 1364 et
2776 1307 3045 1378 superbia:
3091 1317 3249 1378 atque
3297 1304 3590 1362 insolentia:
3641 1314 3730 1358 tute

2160 1419 2322 1476 agere
2344 1407 2429 1463 vel
2456 1421 2580 1462 sero
2601 1407 2971 1478 paenitentiam
3003 1407 3358 1477 cmperis.....
3395 1403 3732 1461 communica-

2163 1498 2322 1554 tionis
2349 1509 2453 1554 tuae
2478 1501 2771 1570 poterimus
2796 1499 2997 1557 habere
3030 1500 3293 1556 rationem
3324 1516 3339 1566 ;
3392 1507 3630 1555 manente
3670 1507 3733 1552 ta-

2162 1607 2284 1648 men
2309 1593 2450 1663 apud
2473 1609 2572 1650 nos
2601 1594 2796 1652 divina:
2815 1609 3058 1651 censurae
3089 1603 3341 1665 respectu
3383 1602 3436 1650 et
3472 1601 3644 1658 metu;
3685 1601 3733 1646 ut

2165 1686 2312 1756 prius
2344 1685 2629 1743 Dominum
2660 1703 2838 1744 meum
2875 1687 3175 1753 consulam,
3201 1701 3270 1741 an
3301 1685 3398 1741 tibi
3445 1700 3618 1756 pacem
3645 1684 3724 1738 da-

446 1778 588 1832 riam
638 1771 857 1827 aeternis
906 1775 1290 1832 monumentis,
1337 1767 1657 1838 scriptisque
1691 1765 2053 1836 consignatas,

2167 1779 2229 1842 ri,
2259 1789 2382 1836 ette
2407 1781 2473 1836 ad
2497 1781 3040 1838 communicationem
3071 1780 3328 1837 Ecclesiae
3357 1794 3469 1835 sua:
3493 1777 3684 1833 admitti
3713 1817 3725 1841 ,

453 1883 478 1919 ι
497 1865 634 1932 sole,
662 1873 720 1918 ut
737 1863 1198 1934 Hieronymusait,
1227 1860 1596 1925 clarioribusp
1615 1874 1723 1915 non
1750 1858 1906 1914 video
1931 1857 2059 1928 quid

450 1966 717 2030 praeterea
745 1957 880 2012 velle
908 1964 1131 2027 possent
1169 1953 1236 2010 ad
1276 1969 1391 2010 rem
1420 1953 1544 2009 facti
1579 1951 2056 2024 comprobandam,

451 2049 502 2106 si
529 2047 693 2104 modo
719 2063 784 2104 ex
813 2063 969 2120 aequo
988 2047 1232 2119 judicare
1261 2047 1479 2113 vellent,
1513 2060 1616 2102 nec
1646 2045 1805 2101 [idem
1839 2057 2060 2115 prorsus

452 2161 672 2202 omnem
705 2144 1014 2201 hominibus
1041 2143 1323 2214 derogare.
1363 2143 1571 2198 Rursus
1606 2141 1674 2197 de
1712 2139 1903 2196 eadem
1930 2153 2059 2209 per-

451 2239 735 2296 secutione
777 2239 848 2294 ita
889 2237 1075 2294 scribit
1115 2236 1182 2293 ad
1232 2236 1441 2309 plebem
1482 2234 1884 2292 Thibaritanam
1928 2227 2008 2304 (2)
2042 2249 2056 2286 :

460 2355 484 2388 ι
520 2335 654 2392 Nam
675 2351 797 2392 cum
826 2334 1035 2390 Domini
1061 2333 1374 2389 instruentis
1403 2330 1714 2401 dignatione
1743 2327 2060 2398 instigemur

453 2432 675 2504 saepius,
701 2431 934 2502 amplius
961 2437 1018 2485 et
1044 2428 1460 2492 admoneamur;
1491 2425 1556 2480 ad
1589 2433 1822 2479 vestram
1846 2435 2061 2492 quoque

455 2523 846 2583 conscientiam
869 2521 1253 2578 admonitionis
1274 2530 1476 2576 nostra:
1501 2515 1916 2574 sollicitudinem
1941 2528 2063 2584 per-

451 2621 601 2680 ferre
622 2619 903 2675 debemus.
937 2616 1088 2673 Scire
1122 2615 1267 2671 enim
1298 2614 1529 2678 debetis,
1567 2621 1619 2667 et
1649 2625 1746 2681 pro
1774 2616 1922 2665 certo
1945 2622 2063 2664 cre-

456 2716 590 2772 dere
618 2728 681 2770 ac
711 2723 915 2780 tenere,
943 2724 1211 2781 pressurae
1241 2709 1385 2766 diem
1422 2722 1584 2778 super
1611 2715 1773 2778 caput
1801 2719 1922 2760 esse
1946 2717 2061 2758 cte-

456 2811 726 2884 pisse.....
754 2807 864 2862 Nec
893 2815 1144 2876 putamus
1163 2804 1290 2858 talia
1313 2817 1435 2859 esse
1459 2817 1577 2873 quae
1607 2800 1849 2866 veniunt,
1885 2798 2061 2870 qualia

458 2909 679 2964 fuerunt
704 2903 789 2958 illa
813 2916 933 2973 quae
957 2899 1288 2956 transierunt
1316 2915 1329 2952 :
1357 2899 1570 2971 gravior
1591 2912 1732 2952 nunc
1758 2905 1813 2952 et
1832 2895 2063 2952 ferocior

457 3015 636 3075 pugna
665 2999 929 3054 imminet.
967 3015 987 3049 ι
1019 2994 1137 3050 Non
1163 2993 1434 3049 immerito
1471 2991 1764 3055 dubitatur,
1791 2987 2062 3061 quomodo

460 3095 700 3154 Deciana
726 3091 943 3164 gravior
969 3099 1026 3145 et
1055 3087 1288 3144 ferocior
1316 3086 1491 3142 futura
1520 3096 1666 3142 esset
1701 3085 1840 3144 Galli
1879 3103 2062 3158 perse-

2163 1886 2260 1926 sua
2313 1874 2628 1930 ostensione
2676 1884 2732 1930 et
2781 1874 3151 1930 admonitione
3206 1871 3502 1944 permittat.
3541 1869 3730 1925 Memini

2165 1964 2334 2032 enim,
2364 1965 2490 2035 quid
2509 1965 2620 2037 jam
2645 1967 2774 2022 mihi
2797 1967 2867 2023 sit
2890 1977 3191 2031 ostensum,
3220 1964 3331 2020 imo
3357 1962 3483 2032 quid
3502 1976 3643 2017 servo
3659 1959 3736 2014 ob-

2162 2064 2409 2134 sequenti
2444 2073 2499 2120 et
2529 2064 2761 2130 timenti,
2789 2063 2858 2120 de
2907 2062 3176 2120 dominica
3201 2069 3256 2117 et
3289 2060 3467 2116 divina
3523 2057 3731 2114 anetori-

2162 2168 2274 2216 tate
2304 2169 2647 2231 praeceptum,
2681 2160 2770 2232 qui
2809 2159 2948 2214 inter
2991 2166 3187 2214 caetera
3224 2171 3346 2227 quae
3387 2151 3658 2212 ostendere
3699 2156 3741 2204 et

2162 2253 2401 2310 revelare
2445 2253 2695 2325 dignatus
2749 2261 2853 2318 est,
2906 2261 2962 2309 et
2999 2251 3103 2306 hoc
3147 2247 3393 2304 addidit:
3431 2265 3450 2300 ι
3481 2245 3648 2315 Itaque
3673 2243 3745 2312 qui

2161 2345 2381 2402 Christo
2410 2361 2516 2402 non
2553 2344 2724 2403 credit
2752 2343 3089 2400 sacerdotem
3120 2342 3358 2410 facienti,
3413 2349 3591 2410 postea
3647 2349 3742 2390 cre-

2163 2438 2297 2495 dere
2326 2438 2546 2510 incipiet
2600 2435 3272 2502 sacerdotemﬁvindicanti.
3313 2452 3332 2486 ι
3376 2431 3577 2501 Quibus
3595 2425 3734 2484 sancti

2166 2531 2418 2605 Martyris
2445 2532 2630 2588 verbis
2651 2531 2767 2588 luec
2796 2530 3012 2602 subjicit
3041 2527 3455 2598 Dodwellus(2)
3491 2547 3501 2578 :

2244 2643 2264 2677 ‹
2288 2623 2363 2679 lta
2388 2633 2544 2680 erant
2570 2624 2876 2693 frequentes
2900 2639 2964 2679 ea
2986 2631 3145 2678 aetate
3165 2620 3365 2677 divinae
3399 2616 3739 2679 revelationes,

2167 2725 2310 2771 utne
2335 2716 2401 2772 de
2428 2717 2777 2787 resipiscente
2801 2715 3014 2788 quidem
3048 2715 3288 2786 Pupiano
3316 2711 3550 2784 polliceri
3565 2709 3749 2766 auderet

2164 2808 2291 2879 quid
2316 2818 2464 2865 esset
2489 2819 2806 2877 statuturus,
2841 2825 2909 2866 ne
2934 2808 3081 2864 aliud
3109 2808 3343 2864 fortasse
3363 2823 3394 2864 a
3417 2808 3532 2864 Deo
3553 2805 3744 2876 jubere-

2165 2912 2273 2969 tur;
2296 2911 2355 2959 ut
2384 2904 2525 2960 Deus
2552 2903 2777 2975 proinde
2800 2904 3028 2974 primum
3050 2901 3304 2960 innueret
3331 2917 3454 2959 esse
3486 2898 3738 2958 consulen-

2165 2995 2292 3050 dum
2326 3013 2342 3062 ;
2370 3005 2426 3050 ut
2451 2995 2664 3052 tandem
2681 2996 2772 3052 Dei
2802 2997 2853 3052 in
2894 2996 3150 3053 rebellem
3178 3010 3396 3068 poenam
3430 2997 3746 3064 exspectaret,

2169 3090 2327 3146 talem
2351 3090 2511 3160 plane
2539 3089 2751 3160 qualem
2794 3089 3206 3159 apostolicarum
3234 3103 3580 3145 censurarum
3604 3083 3744 3141 comi-

461 3192 644 3256 cutio,
675 3204 800 3245 cum
827 3199 1021 3258 reapse
1060 3183 1278 3240 brevior
1315 3181 1494 3248 fuerit,
1545 3191 1601 3238 et
1643 3182 1801 3253 longe
1847 3183 2066 3240 mitior?
2093 3177 2137 3239 C
2173 3192 2281 3241 tem
2306 3186 2491 3253 fuisse,
2521 3186 2660 3256 apud
2699 3184 2887 3241 doctos
2919 3185 2973 3240 in
3014 3185 3266 3242 confesso
3316 3195 3420 3244 est.
3472 3185 3652 3242 lterum
3697 3181 3748 3237 de

463 3285 622 3340 Hunc
662 3282 859 3338 nodum
903 3281 973 3336 ita
1005 3277 1138 3335 solvi
1184 3277 1236 3332 in
1280 3277 1501 3332 Dissert.
1557 3275 1627 3332 de
1659 3276 1855 3333 Pmnit.
1885 3293 1980 3332 seu
2006 3277 2076 3336 de

462 3374 639 3446 Capit.
661 3370 1152 3444 absolut.(3).1Non
1175 3368 1405 3424 futuram
1427 3368 1589 3424 modo
1619 3368 2068 3440 persecutionem,

462 3468 562 3524 sed
588 3476 643 3524 et
666 3467 844 3524 omnia
871 3467 1073 3538 pariter
1102 3464 1237 3519 mala
1276 3478 1395 3532 qtae
1430 3477 1537 3518 non
1573 3461 1754 3517 minus
1791 3461 2072 3530 Ecclesiae,

467 3577 628 3634 quam
676 3560 989 3631 reipublicae
1031 3557 1431 3629 impendebant,
1476 3556 1639 3612 fuisse
1679 3556 1950 3629 Cypriano
1992 3555 2074 3610 bis

466 3655 770 3713 visionibus
796 3655 1185 3720 demonstrata,
1217 3651 1544 3721 irruptiones
1579 3651 1788 3706 scilicet
1818 3650 2074 3705 barbaro-

463 3765 610 3815 rum,
639 3747 870 3818 indeque
901 3753 1113 3803 secutas
1141 3743 1568 3800 Christianorum
1596 3757 1748 3814 aeque
1785 3759 1851 3799 ac
1889 3741 2075 3799 Genti-

469 3843 602 3899 lium
646 3841 980 3911 captivitates
1017 3861 1030 3894 :
1069 3849 1124 3895 et
1151 3837 1573 3895 funestissimam
1615 3836 1758 3893 luem
1800 3853 1920 3908 quze
1965 3837 2072 3895 late

467 3953 568 4009 per
615 3935 897 4007 imperium
940 3934 1240 3989 Romanum
1283 3940 1524 4003 grassata
1575 3940 1688 3998 est;
1741 3931 1896 4004 cujus
1943 3933 2071 3988 mali

466 4029 816 4087 acerbitatem
856 4035 912 4084 et
946 4023 1368 4082 innumerabiles
1413 4035 1640 4096 strages,
1689 4040 1811 4080 cum
1853 4035 2070 4082 sanctus

465 4122 585 4194 ipse
610 4121 946 4193 Cyprianus,
988 4128 1098 4173 tum
1137 4118 1362 4174 Pontius
1401 4117 1662 4173 diaconus
1689 4119 1740 4172 in
1782 4118 1899 4187 ejus
1940 4119 2068 4187 vita,

465 4224 582 4272 tum
607 4214 696 4269 alii
724 4221 973 4268 auctores
1003 4211 1303 4282 deplorant.
1332 4211 1458 4266 Haec
1485 4211 1646 4282 igitur
1670 4211 1896 4282 alimqne
1923 4212 2069 4266 cala-

464 4308 678 4363 mitates
721 4320 844 4360 cum
891 4303 1266 4374 persecutione
1307 4303 1612 4372 conjuncta:
1651 4301 1786 4359 Galli
1815 4313 1870 4357 et
1900 4303 2067 4358 Volu-

464 4403 600 4458 siani
627 4401 912 4472 imperium
937 4398 1170 4454 Deciano
1191 4397 1348 4468 longe
1367 4398 1583 4467 gravius
1604 4396 1923 4453 Christianis
1948 4397 2071 4455 effe-

461 4503 673 4552 cerunt.
697 4493 942 4563 Cumque
973 4506 1081 4547 non
1122 4504 1311 4545 omnes
1347 4491 1612 4544 malorum
1643 4504 1820 4545 causa:
1845 4492 1990 4547 clare
2015 4502 2070 4548 et

2179 3278 2508 3351 presbyteris
2532 3279 2701 3350 quise
2725 3277 3026 3334 inconsulto
3049 3278 3216 3350 lapsis
3245 3280 3743 3337 communicaverunt

2186 3391 2204 3426 ι
2254 3372 2406 3440 Utar,
2438 3373 2634 3444 inquit,
2660 3371 2742 3446 (3)
2774 3387 2838 3428 ea
2859 3372 3224 3428 admonitione
3253 3389 3360 3444 qua
3397 3391 3484 3430 me
3525 3372 3746 3428 Dominus

2173 3467 2347 3538 jubet,
2381 3476 2438 3522 ut
2495 3467 2710 3522 interim
2752 3467 3138 3537 prohibeantur
3170 3465 3385 3531 offerri,
3441 3475 3545 3522 etc.
3585 3485 3602 3518 ι
3647 3463 3741 3518 Non

2177 3561 2454 3633 ignorabat
2479 3561 2778 3634 Cyprianus
2798 3560 3060 3628 ejusmodi
3083 3561 3325 3616 visiones
3347 3561 3477 3616 viris
3513 3559 3675 3630 impiis
3695 3570 3745 3610 ac

2182 3655 2483 3711 temerariis
2510 3654 2696 3725 quales
2717 3652 2879 3708 modo
2907 3667 3014 3708 non
3040 3667 3240 3722 paucos
3287 3653 3608 3724 experimur,
3634 3646 3747 3703 ludi-

2176 3748 2296 3804 brio
2309 3758 2363 3806 et
2379 3749 2708 3820 contemptui
2726 3747 2931 3814 haberi;
2951 3748 3044 3803 sed
3058 3747 3194 3803 adeo
3213 3755 3392 3804 tamen
3411 3763 3508 3820 pro
3521 3753 3656 3802 certo
3669 3743 3743 3796 lia-

2176 3842 2358 3906 bebat,
2387 3857 2511 3896 suas
2538 3856 2602 3896 ex
2633 3841 2742 3896 Deo
2757 3855 2879 3896 esse
2906 3840 3283 3907 revelationes,
3310 3851 3370 3896 ut
3393 3840 3522 3896 nihil
3545 3839 3608 3895 de
3627 3836 3746 3892 futu-

2175 3937 2251 3992 ris
2277 3937 2486 3993 eventis
2511 3935 2778 3992 dubitaret
2808 3953 2822 3990 :
2846 3944 2902 3991 et
2928 3951 3032 3992 non
3059 3937 3231 3992 solum
3262 3939 3460 4009 quibus
3475 3939 3578 4008 jam
3604 3935 3746 3990 fuerat

2174 4029 2404 4086 donatus
2424 4029 2719 4102 publicare,
2749 4027 2843 4084 sed
2858 4043 3022 4083 novas
3042 4029 3203 4084 etiam
3232 4029 3408 4099 palam
3431 4029 3531 4085 sibi
3554 4025 3744 4100 promit-

2173 4132 2308 4190 tere,
2343 4123 2562 4177 minime
2588 4131 2896 4186 vereretur;
2924 4121 3064 4178 unde
3097 4121 3152 4176 in
3181 4122 3373 4178 eadem
3410 4123 3622 4194 epistola
3655 4128 3740 4173 sta-

2176 4215 2269 4271 tim
2301 4216 2574 4286 subjungit
2610 4233 2623 4270 :
2662 4234 2680 4267 ‹
2715 4215 3049 4285 Quamquam
3086 4214 3254 4271 sciam
3287 4217 3497 4272 somnia
3552 4209 3741 4270 ridicula

2174 4317 2231 4363 et
2269 4308 2503 4363 visiones
2535 4308 2742 4376 ineptas
2770 4307 3088 4377 quibusdam
3111 4307 3300 4373 videri,
3330 4309 3424 4364 sed
3443 4309 3617 4379 utique
3660 4303 3743 4358 illis

2175 4401 2266 4471 qui
2301 4400 2505 4458 malunt
2544 4408 2731 4456 contra
2773 4399 3108 4456 sacerdotem
3136 4399 3360 4457 credere
3385 4416 3543 4472 quam
3591 4409 3743 4452 sacer-

2173 4492 2306 4548 doti.
2329 4492 2433 4548 Sed
2459 4491 2591 4547 nihil
2637 4493 2851 4556 mirum,
2892 4491 3105 4562 quando
3129 4491 3197 4548 de
3225 4490 3429 4562 Joseph
3473 4490 3654 4546 fratres
3677 4483 3742 4540 sui

459 4587 710 4646 distincte
757 4585 989 4642 fuissent
1029 4581 1202 4638 sancti
1244 4583 1466 4655 martyri
1508 4583 1780 4648 revelatze,
1830 4593 1909 4640 tot
1934 4601 2066 4657 quas
2091 4579 2146 4640 D
2171 4585 2458 4640 dixerunt:
2486 4584 2625 4640 Ecce
2645 4583 2940 4638 somniatur
2983 4583 3071 4637 ille
3100 4584 3281 4652 venit,
3316 4599 3459 4638 nunc
3510 4595 3630 4651 ergo
3666 4591 3742 4630 vc-

458 4680 783 4752 praaviderat
812 4677 1170 4741 calamitates,
1207 4683 1264 4731 et
1281 4674 1712 4732 Christianorum
1744 4676 1954 4741 funera,
1995 4695 2062 4735 ex

454 4779 570 4834 sola
601 4777 802 4832 oritura
832 4787 954 4830 esse
983 4771 1359 4843 persecutione
1387 4772 1486 4827 sibi
1515 4772 1669 4828 facile
1700 4775 1986 4843 persuasit.

526 4867 775 4924 Vidimus
819 4865 1082 4921 hactenus
1120 4877 1278 4932 quam
1320 4861 1633 4934 frequenter
1674 4875 1728 4921 et
1766 4865 2057 4922 familiares

450 4962 724 5036 Cypriano
771 4959 973 5015 fuerint
1009 4957 1261 5014 caelestes
1309 4959 1666 5015 revelationes
1722 4979 1735 5014 :
1780 4961 2059 5018 videamus

450 5052 616 5110 modo
645 5052 699 5108 in
720 5065 880 5122 quam
901 5059 1122 5106 sanctus
1144 5048 1345 5120 Martyr
1368 5048 1616 5106 ﬁduciam
1637 5065 1704 5106 ex
1733 5066 1919 5108 earum
1949 5052 2058 5109 fre-

448 5144 669 5216 quentia
695 5143 861 5200 fuerit
884 5143 1149 5200 adductus
1177 5160 1192 5199 :
1225 5153 1276 5198 et
1306 5158 1486 5200 annon
1527 5143 1644 5214 ipse
1687 5146 1870 5214 etiam,
1917 5147 2055 5203 haud

446 5251 608 5295 secus
645 5252 709 5293 ac
732 5237 998 5308 Perpetua
1031 5252 1095 5293 co
1134 5252 1194 5292 se
1220 5237 1382 5292 modo
1414 5237 1666 5308 gesserit,
1705 5238 1857 5309 quasi
1888 5238 2056 5309 Spiri-

445 5344 560 5391 tum
592 5339 860 5398 sanctum,
899 5331 1063 5388 veluti
1094 5330 1292 5387 monile
1335 5330 1603 5404 quoddam
1652 5332 1704 5387 in
1730 5348 1852 5388 arca
1893 5333 2056 5388 inclu-

441 5443 564 5484 sum
595 5441 713 5494 sua,
751 5425 1028 5482 habuisset
1067 5426 1136 5481 ad
1175 5433 1384 5491 nutum,
1424 5425 1542 5495 ejus
1581 5424 2051 5495 illustrationibus,

437 5520 656 5593 quando
686 5520 848 5577 vellet
874 5533 1071 5575 usurus
1091 5519 1157 5574 ad
1200 5519 1507 5576 arbitrium.
1537 5518 1681 5575 Talis
1720 5519 1930 5576 fiduciae
1975 5521 2050 5577 si-

533 5637 587 5710 1)
617 5638 822 5695 Dissert
845 5640 906 5694 de
962 5637 1233 5708 Visionib.,
1262 5647 1370 5696 etc.
1405 5639 1435 5710 §
1467 5637 1556 5696 l9.

533 5640 559 5696 l
617 5638 822 5695 Dissert
845 5640 906 5694 de
962 5637 1196 5694 Visionib.

503 5637 587 5856 g2;
612 5710 782 5782 Epist.
807 5727 953 5780 Lvm,
985 5711 1056 5768 al.
1089 5728 1196 5770 LVI.

532 5784 566 5839 3
613 5783 759 5843 Scel.
788 5785 839 5842 5.

532 5783 586 5843 3i
613 5783 759 5843 Scel.
788 5785 839 5842 5.

2170 4679 2301 4745 nite,
2329 4676 2637 4733 occidamus
2655 4676 2829 4737 illum;
2861 4684 2916 4730 et
2931 4675 3228 4730 somniator
3251 4689 3436 4745 pOSlea
3459 4671 3595 4745 quod
3615 4682 3740 4725 som-

2167 4773 2409 4827 niaverat
2427 4780 2748 4826 consecutus
2793 4770 2863 4824 sit
2889 4810 2904 4836 ,
2941 4778 2996 4824 et
3025 4769 3297 4826 occisores
3353 4785 3418 4825 ac
3460 4765 3739 4823 venditores

2163 4865 2372 4922 confusi
2393 4865 2520 4926 sint,
2566 4863 2740 4934 utqui
2792 4861 2974 4918 verbis
3026 4861 3178 4932 prius
3225 4877 3333 4918 non
3388 4859 3736 4918 credidissent,

2165 4957 2323 5013 factis
2345 4955 2685 5025 postmodum
2707 4954 3011 5011 crederent.
3054 4974 3073 5008 ι

2235 5049 2493 5119 Superest
2539 5049 2644 5104 alia
2692 5047 2942 5120 Cypriani
2991 5047 3126 5104 visio
3179 5047 3488 5120 prophetica
3519 5045 3583 5102 ad
3611 5056 3736 5099 mar-

2163 5141 2358 5214 tyrium
2407 5140 2524 5211 ejus
2585 5141 2900 5212 pertinens;
2950 5140 3044 5197 sed
3095 5155 3215 5196 eam
3292 5143 3464 5212 capite
3519 5133 3734 5209 sequenti

2161 5233 2473 5290 reservabo.
2536 5233 2793 5300 Interim,
2850 5247 3012 5303 rogo,
3069 5247 3248 5288 annon
3300 5232 3537 5290 videatur
3584 5224 3734 5298 Spiri-

2158 5336 2271 5383 tum
2326 5327 2582 5383 Sanetum
2630 5328 2681 5382 in
2737 5335 2952 5397 pectore
2999 5325 3097 5379 suo
3142 5327 3294 5395 quasi
3322 5327 3375 5381 in
3419 5339 3538 5380 arca
3586 5318 3732 5376 inclu-

2161 5443 2282 5483 sum
2314 5427 2590 5494 habuisse,
2621 5425 2710 5496 qui
2738 5425 2790 5479 in
2836 5422 3134 5494 disciplinae
3166 5423 3331 5479 etiam
3379 5415 3732 5478 ecclesiastica:

2158 5523 2417 5580 exercitio
2442 5521 2677 5577 visiones
2702 5516 3067 5591 exspectabat,
3098 5526 3155 5572 et
3198 5517 3329 5574 nihil
3386 5526 3612 5574 statuere
3647 5523 3729 5565 au-

2258 5638 2282 5691 l
2339 5635 2511 5706 Epist.
2539 5651 2646 5702 Lvi,
2680 5635 2752 5690 al.
2782 5649 2934 5690 Lm.

2249 5708 2284 5762 2
2339 5709 2562 5764 Dissert.
2595 5722 2650 5762 tv
2675 5704 2934 5778 Cypriani:

2224 5636 2309 5856 £5;
2331 5779 2502 5850 Epist.
2530 5794 2642 5848 xvi,
2674 5780 2744 5835 al.
2776 5793 2829 5836 ι.
2887 5841 2896 5854 ,

2249 5704 2307 5781 2)
2333 5704 2562 5781 Dissert.
2595 5722 2650 5762 iv
2675 5704 3014 5781 Cyprianica,
3050 5707 3078 5781 §
3109 5707 3201 5765 20.

2249 5779 2304 5851 5)
2331 5779 2502 5850 Epist.
2530 5794 2642 5848 xvi,
2674 5780 2744 5835 al.
2776 5793 2829 5836 ι.
2887 5841 2896 5854 ,
