3950 6310
207 271 304 329 I2!

1084 271 1218 328 PRO
1257 271 1353 330 SS.
1403 270 1796 338 PERPETUA,
1827 271 2237 330 FELICITATE
2277 273 2368 330 ET
2404 271 2637 332 SOCIIS.

3405 272 3512 333 ηε

204 395 385 458 debat,
411 393 508 448 nisi
535 392 816 448 Dominum
844 401 999 448 antea
1028 392 1410 459 consuluisset,
1441 404 1494 448 et
1513 393 1612 448 nisi
1632 391 1800 448 mani-
1828 392 1876 453 A
1913 411 1932 446 ‹
1969 408 2093 450 cum
2120 409 2188 450 ex
2210 393 2393 450 multis
2421 393 2561 462 aliis,
2591 402 2704 450 tum
2742 408 2807 450 ex
2838 409 2906 451 eo
2934 393 3075 467 quod
3107 396 3331 469 vestigia
3363 413 3513 468 qua!-

205 489 345 547 festo
363 488 540 559 aliquo
571 488 771 544 indicio
792 487 1080 544 voluntatis
1110 489 1225 559 ejus
1255 488 1454 544 certior
1477 490 1646 544 factus
1671 487 1802 543 fuis—

204 595 323 650 set;
357 593 409 639 et
439 598 504 638 an
536 583 797 654 Perpetua
831 583 1174 638 montanismi
1209 590 1491 654 pr0pterea
1516 581 1676 637 fuerit
1719 581 1801 636 in-

203 677 525 743 simulanda,
554 677 697 748 quod
721 677 835 748 ipsa
854 679 1015 734 etiam
1043 677 1236 733 divinis
1257 675 1676 734 revelationibus
1709 690 1799 731 as-

202 780 380 835 sueta,
399 769 586 826 eadem
612 768 802 826 fiducia
826 785 887 827 se
905 769 1177 842 gesserit?

271 881 411 937 VIII.
440 882 614 952 Quam
637 881 947 954 frequentes
977 882 1029 938 id
1055 883 1314 955 temporis
1352 883 1607 939 exhibitas
1656 898 1796 939 mar.

205 975 407 1048 tyrihus
422 974 624 1032 fuerint
652 977 896 1032 cmlestes
911 976 1142 1032 visiones
1163 991 1225 1032 ac
1239 976 1569 1047 prophetica:
1586 976 1798 1032 revela-

205 1069 394 1131 tiones,
416 1067 582 1124 (idem
607 1069 994 1140 amplissimam
1024 1071 1222 1126 faciunt
1242 1071 1454 1126 sincera
1483 1086 1546 1127 ac
1563 1070 1796 1142 genuina

211 1178 318 1219 cum
337 1161 531 1217 Jacobi
557 1171 611 1217 et
641 1162 886 1229 Mariani,
911 1175 1046 1227 etc.,
1077 1175 1186 1220 tum
1215 1165 1448 1221 Montani
1471 1174 1526 1221 et
1566 1165 1712 1220 Lucii
1737 1179 1802 1220 ac

219 1255 472 1314 sociorum
512 1266 812 1329 martyrum
843 1256 1002 1324 Acta,
1041 1257 1124 1312 his
1153 1260 1348 1314 referta
1381 1259 1692 1316 coelestibus
1721 1259 1800 1314 vi-

214 1350 444 1408 sionibus
473 1366 540 1406 ac
562 1351 890 1424 propheticis
914 1352 1198 1408 vaticiniis.
1223 1351 1338 1408 Non
1379 1361 1464 1408 est
1511 1351 1642 1406 mihi
1680 1351 1800 1406 ani-

208 1462 318 1506 mus
377 1462 477 1504 eas
527 1448 618 1504 hic
664 1447 984 1520 singillatim
1035 1445 1285 1503 referre:
1333 1454 1611 1517 oporteret
1655 1445 1798 1499 enim

209 1543 420 1614 integra
449 1542 624 1598 ferme
651 1544 782 1598 Acta
811 1541 1192 1607 transcribere,
1224 1555 1346 1612 qua:
1369 1537 1511 1609 apud
1547 1536 1800 1593 doctissi-

207 1651 346 1692 mum
377 1635 720 1691 Ruinartium
760 1634 928 1691 videri
978 1632 1262 1690 commode
1314 1643 1554 1704 possunt.
1616 1629 1799 1688 Unum

208 1729 481 1785 dumtaxat
522 1744 594 1786 ex
621 1728 755 1785 actis
779 1729 1015 1784 Montani
1043 1728 1348 1799 esemplum
1379 1727 1623 1797 aderam,
1655 1725 1800 1797 quod

1905 486 2027 542 dam
2047 503 2230 544 eorum
2261 499 2550 559 supersunt
2576 488 2717 560 apud
2748 504 2864 556 eos,
2889 490 2978 562 qui
3021 491 3315 548 secundum
3348 491 3512 549 Verbi

1909 579 2240 635 voluntatem
2258 581 2461 637 vivunt.
2487 600 2504 633 ι
2527 581 2596 636 Et
2610 581 2660 636 in
2676 581 2781 636 alio
2795 582 3034 650 ejusdem
3049 585 3228 654 operis
3243 585 3376 639 libro
3392 585 3470 657 (1)
3495 604 3508 642 :

1912 691 1931 724 ι
1965 669 2126 741 Signa
2179 681 2358 727 autem
2412 673 2646 743 Spiritus
2681 675 2852 730 sancti
2923 675 3076 731 initio
3114 676 3331 747 quidem
3377 677 3510 732 doe-

1907 764 2061 820 trinte
2082 763 2232 830 Jesu,
2255 776 2308 820 et
2332 775 2451 836 post
2472 766 2588 836 ejus
2611 768 3036 838 assumptionem
3065 769 3297 838 plurima
3327 782 3512 826 osten-

1906 869 1966 910 sa
1995 863 2138 921 sunt,
2164 854 2361 911 deinde
2390 870 2521 911 vero
2551 857 2824 925 pauciora.
2853 857 2960 914 Sed
2991 874 3048 915 et
3077 875 3220 914 nunc
3255 860 3421 930 ipsius
3441 859 3508 916 ad

1906 961 1993 1002 me
2037 946 2175 1016 apud
2204 961 2401 1018 paucos
2444 955 2659 1002 exstant
2693 948 2938 1020 vestigia,
2967 951 3058 1020 qui
3081 950 3290 1006 animas
3308 960 3361 1005 et
3389 965 3513 1005 ver-

1906 1041 1974 1096 bo
2001 1047 2056 1095 et
2097 1039 2515 1111 congruentibus
2546 1041 2848 1097 actionibus
2898 1051 3282 1113 expurgarunt.
3316 1061 3336 1095 ι
3380 1042 3512 1098 Ves-

1905 1133 2032 1205 tigia
2059 1149 2189 1190 vero
2212 1150 2331 1205 qua:
2361 1144 2566 1201 essent,
2593 1134 2676 1189 his
2709 1136 3034 1192 luculentius
3056 1137 3237 1191 verbis
3267 1135 3510 1192 declarat

1907 1224 1986 1299 (Ξ)
2022 1244 2035 1279 :
2071 1245 2089 1277 ι
2129 1225 2436 1282 Etiamnum
2473 1228 2695 1298 vestigia
2722 1229 2893 1282 sancti
2923 1227 3068 1283 illius
3100 1227 3338 1298 Spiritus
3365 1228 3508 1298 apud

1902 1321 2235 1377 Christianos
2259 1332 2570 1394 supersunt.
2622 1323 2919 1378 Excantant
2955 1323 3232 1380 dzemones
3259 1365 3274 1389 ,
3313 1323 3508 1380 multas

1904 1415 2210 1470 curationes
2230 1413 2535 1486 perficiunt,
2589 1426 2642 1470 et
2689 1416 2875 1471 vident
2915 1416 3160 1488 quiedam
3206 1417 3506 1473 secundum

1905 1508 2235 1564 voluntatem
2269 1507 2464 1578 Verbi,
2512 1508 2581 1565 de
2632 1509 2849 1566 futuris:
2877 1529 2897 1563 ι
2953 1510 3034 1566 Ex
3087 1510 3284 1582 quibus
3328 1511 3509 1567 verbis

1903 1611 2116 1659 constat
2163 1602 2490 1659 uberrimum
2523 1604 2672 1659 illum
2720 1615 2775 1660 et
2822 1605 2876 1659 in
2926 1619 3135 1670 omnes,
3178 1613 3237 1660 ut
3283 1604 3352 1660 de
3395 1605 3509 1661 suis

1904 1700 2240 1770 temporibus
2260 1709 2487 1757 testatur
2512 1700 2769 1766 Irenaeus,
2805 1697 2896 1770 qui
2931 1699 3048 1756 veri
3069 1708 3254 1756 essent
3307 1699 3510 1755 Christi

206 1826 264 1879 ad
295 1837 539 1896 pmgens
566 1833 936 1894 argumentum
968 1822 1188 1892 propius
1205 1793 1445 1876 'accedil.
1487 1819 1581 1875 “is
1610 1793 1798 1874 ’au'jem
1834 1799 1880 1861 Β
1909 1796 2154 1867 discipuli
2182 1795 2434 1852 diﬂusum
2491 1795 2790 1852 caalestium
2837 1793 3224 1850 charismatum
3281 1793 3505 1896 fontem,

207 1917 378 1973 verbis
421 1917 474 1971 in
529 1915 665 1972 actis
706 1915 1070 1972 describitur:
1102 1933 1121 1967 ι
1155 1913 1286 1970 Cum
1332 1921 1510 1969 autem
1551 1914 1660 1984 jam
1686 1928 1806 1968 car-

207 2009 343 2066 nifex
366 2009 696 2075 immineret,
727 2019 782 2064 et
806 2007 1012 2079 gladius
1038 2022 1201 2079 super
1228 2007 1469 2064 cervices
1495 2006 1614 2075 ejus
1642 2006 1800 2061 libra-

205 2112 286 2158 tus
311 2101 596 2173 penderet,
629 2102 882 2172 expansis
911 2102 999 2157 ille
1026 2100 1101 2174 (id
1149 2110 1234 2156 est
1257 2099 1563 2170 Montanus)
1593 2101 1660 2155 ad
1685 2114 1801 2154 cm-

204 2193 310 2248 lum
335 2193 600 2260 manibus,-
625 2209 758 2250 voce
782 2194 925 2250 clara
945 2235 959 2258 ,
1001 2195 1073 2249 ita
1099 2204 1156 2249 ut
1182 2209 1288 2250 non
1318 2203 1525 2250 tantum
1554 2193 1619 2249 ad
1641 2207 1802 2248 aures

202 2288 403 2358 plebis,
426 2287 520 2342 sed
548 2295 600 2341 et
612 2286 840 2358 gentiles
864 2301 1080 2358 quoque
1107 2288 1252 2357 ipsos
1291 2301 1458 2341 sonus
1483 2286 1631 2342 vocis
1673 2285 1802 2341 feri-

204 2392 304 2449 ret,
364 2383 538 2437 oravit
565 2396 756 2454 rogans
785 2392 840 2438 et
865 2382 1164 2453 deprecans
1189 2390 1248 2437 ut
1275 2381 1563 2437 Flavianus
1589 2380 1676 2450 qui
1705 2395 1800 2451 per

209 2478 513 2550 suifragium
544 2477 724 2549 populi
753 2478 821 2535 de
842 2479 1098 2534 comitatu
1126 2493 1314 2534 eorum
1335 2487 1694 2543 remanserat,
1713 2491 1800 2532 se-

215 2580 454 2643 queretur
483 2571 575 2627 die
603 2571 780 2628 tertia.
807 2571 875 2627 Et
896 2587 1002 2641 quo
1026 2571 1204 2643 precis
1227 2586 1340 2626 suae
1364 2570 1522 2626 fidem
1548 2569 1749 2626 faceret
1780 2610 1796 2637 ,

219 2671 501 2726 manualem
526 2685 635 2741 quo
655 2670 841 2728 oculos
857 2669 1027 2726 fuerat
1055 2669 1249 2742 ligatus
1265 2671 1313 2724 in
1343 2678 1519 2740 partes
1539 2668 1672 2724 duas
1689 2667 1800 2726 dis-

212 2762 342 2828 tidit,
371 2773 425 2819 et
450 2765 616 2833 jussit
647 2761 869 2818 alteram
901 2763 1187 2830 reservari,
1221 2777 1324 2832 qua
1352 2761 1609 2816 Flaviano
1653 2761 1796 2816 oculi

210 2867 319 2927 post
334 2859 630 2913 crastinum
660 2857 972 2930 Iigarentur.
1007 2857 1112 2916 Sed
1143 2869 1197 2914 et
1225 2859 1278 2914 in
1313 2857 1492 2914 medio
1519 2873 1707 2914 eorum
1742 2858 1795 2912 in

207 2963 317 3003 area
347 2949 522 3004 solum
546 2952 752 3005 servari
781 2950 941 3020 jussit
975 2991 992 3018 ,
1028 2959 1086 3006 ut
1123 2965 1222 3007 nec
1246 2950 1535 3022 sepultura:
1570 2965 1795 3007 consor-

208 3041 274 3095 tio
300 3043 658 3110 privarentur.
690 3042 758 3098 Et
787 3043 1078 3114 perfectum
1106 3053 1190 3101 est
1237 3046 1337 3100 sub
1369 3047 1543 3102 oculis
1596 3046 1796 3103 nostris

208 3137 346 3208 quod
369 3138 631 3194 Dominus
660 3140 711 3195 in
745 3139 1044 3213 Evangelio
1067 3141 1375 3212 repromisit
1405 3184 1419 3208 ,
1453 3149 1513 3196 ut
1560 3142 1650 3213 qui
1682 3150 1792 3197 tota

1907 1891 2008 1947 etsi
2036 1905 2139 1946 non
2163 1890 2377 1960 penitus
2412 1890 2693 1944 exaruisse
2717 1930 2731 1956 ,
2767 1903 2871 1944 non
2926 1902 2987 1942 ea
3021 1895 3200 1942 tamen
3251 1884 3508 1955 amplitu-

1907 1986 2032 2042 dine
2064 1995 2117 2041 et
2146 1985 2305 2058 c0pia
2335 1996 2455 2055 post
2481 1984 2698 2040 modum
2731 1985 3078 2040 exuberasse.
3104 1983 3275 2050 Quam
3322 1979 3510 2052 proxio

1908 2095 1994 2135 me
2019 2089 2198 2134 autem
2222 2077 2288 2133 ad
2317 2077 2507 2134 Iremei
2535 2087 2776 2148 tempora
2798 2076 3066 2147 Perpetua
3095 2086 3150 2131 et
3169 2075 3396 2131 Saturus
3420 2088 3511 2128 ac-

1905 2171 2208 2237 cedebant;
2255 2181 2360 2226 tam
2388 2171 2546 2242 longe
2573 2170 2640 2224 ab
2670 2171 2734 2225 iis
2755 2169 3088 2239 temporibus
3136 2168 3328 2240 quibus
3379 2183 3508 2222 suos

1904 2271 2165 2340 Origenes
2209 2269 2472 2324 adversus
2516 2267 2732 2323 Celsum
2766 2267 2932 2323 libros
2975 2267 3310 2323 elucubravit
3355 2268 3374 2337 (
3407 2266 3508 2324 sub

1904 2363 2160 2421 Gordiani
2181 2362 2431 2418 nimirum
2452 2371 2542 2420 aut
2564 2360 2930 2433 Philipporum
2963 2361 3211 2432 imperio,
3245 2369 3366 2430 post
3389 2360 3506 2415 Ion-

1903 2473 2022 2530 gam
2055 2467 2107 2512 et
2145 2455 2451 2511 diuturnam
2495 2455 2750 2510 Ecclesia:
2789 2468 2975 2525 pacem
3025 2461 3264 2508 extrema
3311 2453 3503 2508 saltem

1903 2550 2152 2622 Cypriani
2183 2541 2424 2619 tempora
2453 2559 2507 2602 et
2535 2547 2820 2603 Montanus
2847 2547 3087 2617 sociique
3109 2556 3369 2618 martyres
3393 2546 3504 2601 dis-

1903 2643 2108 2699 tabant.
2167 2640 2322 2697 Unde
2373 2642 2416 2695 si
2471 2640 2606 2696 adeo
2649 2639 2852 2711 Spiritu
2906 2647 3095 2694 sancto
3151 2639 3340 2708 repleti
3380 2649 3506 2693 sunt

1901 2736 2071 2792 sancti
2101 2735 2380 2807 Martyres,
2408 2751 2530 2790 cum
2582 2733 2760 2804 aliqua
2789 2732 3358 2802 dumtaxatsignorum
3386 2729 3504 2801 ejus

1903 2828 2123 2899 vestigia
2147 2839 2517 2898 superessent,
2550 2839 2608 2884 ut
2659 2827 2778 2898 ejus
2830 2825 3284 2882 illustrationibus
3307 2825 3381 2878 uti
3435 2825 3503 2882 ad

1899 2925 2182 2982 arbitrium
2214 2925 2546 2990 viderentur,
2571 2923 2695 2994 quid
2720 2923 2997 2988 miramur,
3031 2922 3074 2976 si
3096 2919 3340 2976 eamdem
3369 2919 3502 2975 Per-

1902 3031 2076 3092 petum
2106 3021 2186 3076 sui
2215 3019 2424 3090 copiam
2460 3019 2645 3074 fecerit
2677 3017 2914 3088 Spiritus
2951 3025 3190 3082 sanctus,
3231 3032 3337 3086 quo
3367 3024 3502 3070 tem-

1900 3131 2031 3187 pore
2065 3134 2083 3166 ‹
2118 3130 2374 3171 numerus
2406 3129 2510 3169 non
2543 3122 2754 3184 poterat
2777 3113 2897 3168 iniri
2925 3110 3340 3178 charismatum,
3383 3125 3501 3181 qua:

212 3201 312 3286 fide
337 3241 552 3301 peteret,
583 3233 840 3305 quidquid
871 3201 1079 3305 peteret
1107 3201 1438 3306 impetrarei.
1489 3201 1620 3290 Nam
1675 3246 1796 3307 ροει
1823 3201 1868 3265 C
1905 3227 1998 3283 per
2025 3219 2190 3267 totum
2223 3211 2480 3268 mundum
2508 3209 2747 3266 Ecclesia
2770 3224 2798 3263 a
2831 3207 2944 3264 Deo
2975 3206 3268 3278 recipiebat
3293 3204 3314 3258 ?
3351 3223 3369 3258 ι

206 3325 412 3381 biduum
441 3327 731 3384 Flavianus
759 3345 972 3402 quoque
1002 3331 1314 3402 productus,
1376 3332 1605 3403 gloriam
1639 3347 1790 3388 suam

205 3422 440 3490 passione
472 3420 702 3492 perlicit.
743 3443 762 3476 ι
795 3421 912 3478 Non
943 3424 1114 3495 magis
1143 3424 1446 3480 mirandum
1469 3425 1794 3497 est,Perpe-

205 3523 331 3568 tuam
361 3515 601 3570 futuram
633 3527 758 3573 ante
789 3518 930 3573 diem
976 3519 1268 3574 crastinum
1301 3522 1547 3593 martyrii
1578 3521 1658 3577 sui
1701 3537 1791 3578 re-

205 3607 516 3664 velationem
544 3609 938 3678 praanuntiasse
969 3654 982 3677 ,
1022 3628 1182 3683 quam
1214 3612 1523 3669 Montanum
1553 3614 1790 3670 futurum

205 3711 308 3769 post
333 3703 598 3771 triduum,
645 3703 890 3760 Flaviani
921 3705 1235 3778 martyrium
1268 3720 1388 3762 esse
1416 3706 1788 3762 vaticinatum.

200 3797 300 3866 Quo
323 3801 472 3856 enim
507 3800 826 3872 prophetico
867 3803 1055 3872 spiritu
1093 3810 1244 3857 actus
1289 3802 1574 3858 Montanus
1613 3803 1788 3874 petiit,

216 3910 231 3942 ι
263 3902 311 3947 ut
335 3893 632 3951 Flavianus
653 3905 968 3966 sequeretur
993 3896 1080 3952 die
1107 3897 1283 3964 tertia,
1318 3916 1338 3950 ι
1363 3896 1556 3953 eodem
1589 3897 1792 3968 Perpe-

200 3994 273 4038 tua
315 3989 545 4059 rogavit,
579 3997 639 4043 ut
667 3989 764 4042 sibi
819 4001 945 4046 ante
987 3991 1286 4060 proximum
1343 3990 1484 4046 diem
1539 3991 1792 4047 ostende-

203 4093 348 4151 retur,
407 4084 660 4155 passione
699 4083 873 4140 futura
925 4093 1088 4152 esset,
1135 4101 1204 4140 an
1251 4094 1600 4141 commeatus.
1656 4085 1788 4142 Nam

200 4185 499 4247 utrumque,
527 4186 585 4232 ut
614 4178 797 4234 multis
829 4180 1225 4249 Scripturarum
1254 4180 1523 4250 exemplis
1543 4195 1791 4249 comper-

199 4275 302 4320 tum
341 4279 440 4337 est,
469 4270 535 4325 ad
560 4272 807 4340 spiritum
840 4273 1071 4343 pertinet
1107 4272 1424 4344 prophetiae,
1479 4283 1533 4329 et
1583 4273 1788 4331 futuros

203 4370 414 4419 eventus
454 4365 748 4435 prmvidere
781 4410 794 4434 ,
829 4377 883 4422 et
910 4377 1084 4423 certas
1123 4377 1440 4442 exspectare
1483 4368 1786 4426 futurorum

195 4469 472 4516 eventuum
499 4462 880 4519 revelationes.
1603 4465 1612 4474 “

2534 3325 2761 3384 CAPUT
2796 3324 2857 3380 V.

1896 3465 2042 3505 NIHIL
2088 3465 2142 3504 IN
2188 3462 2486 3504 PERI‘ETUE
2545 3460 2998 3501 REVELATIONIBUS
3025 3458 3329 3509 CONTINEBI,
3362 3457 3498 3508 QUOD

1969 3559 2020 3598 IN
2038 3556 2374 3599 CATIIOLICAI
2401 3555 2690 3596 IABTYREM
2719 3555 2820 3596 NON
2849 3554 3079 3594 APPRIIE
3106 3553 3424 3594 CONVENIAT.

1971 3661 2010 3717 I.
2047 3659 2168 3715 Non
2215 3660 2417 3714 dedecet
2465 3657 2726 3714 Christum
2781 3654 3059 3711 Dominum
3114 3655 3336 3726 pastoris
3382 3671 3498 3713 ovrs

1895 3755 2165 3826 nia/gentis
2184 3755 2376 3826 ﬁgura.

1966 3848 2029 3904 Il.
2060 3847 2174 3914 Qua
2203 3849 2397 3904 ratione
2425 3864 2488 3902 ea:
2539 3847 2706 3916 prima
2740 3861 2835 3901 sua
2881 3841 3189 3900 reuelatione
3239 3841 3498 3913 Perpetua

1896 3953 2105 3996 mortem
2135 3941 2231 3996 sibi
2251 3942 2514 3996 imminere
2540 3939 2862 3995 intellexerit.

1965 4034 2054 4090 III.
2088 4035 2237 4090 Nihil
2257 4036 2465 4090 absurdi
2491 4036 2542 4088 in
2563 4036 2653 4089 illa
2682 4034 2987 4088 reuelatione
3013 4031 3257 4086 contineri
3277 4046 3376 4100 qua
3401 4029 3496 4084 sibi

1895 4125 2152 4198 Perpetua
2176 4127 2284 4184 visa
2320 4135 2392 4181 est
2419 4143 2535 4181 cum
2560 4124 2778 4180 Diabolo
2820 4125 2875 4178 in
2927 4123 3213 4177 masculum
3254 4137 3494 4176 conversa

1893 4220 2094 4276 luctari.

1964 4314 2053 4369 IV.
2084 4313 2270 4385 Inepta
2296 4313 2565 4385 Perpetua:
2604 4291 2966 4367 revelationum
2993 4325 3107 4363 cum
3146 4307 3488 4361 Montanista—

1889 4427 2003 4466 rum
2024 4410 2416 4466 revelationibus
2443 4409 2776 4482 comparatio.

1961 4503 2024 4558 V.
2100 4502 2235 4558 Vitio
2281 4502 2554 4574 Perpetua:
2597 4503 2662 4556 de
2709 4499 2985 4556 Dinocrate
3031 4501 3085 4555 in
3134 4501 3297 4573 poenis
3343 4515 3490 4554 cons-

257 4575 344 4631 IX.
395 4577 491 4633 Est
529 4586 707 4634 autem
759 4577 888 4633 illud
934 4579 1073 4634 circa
1116 4580 1482 4650 praecedentes
1511 4597 1634 4637 cum
1680 4582 1783 4656 Cy-
1812 4599 2062 4669 Βιξιιιιο,

189 4669 352 4736 priani
381 4711 400 4735 ,
429 4681 535 4725 tum
563 4685 870 4726 comvorum
902 4681 1195 4744 martyrum
1222 4673 1459 4728 visiones
1483 4673 1782 4746 etprophe-

150 4744 161 4756 ’
189 4763 284 4818 tica
317 4765 572 4818 vaticinia
591 4764 779 4818 sedulo
807 4764 1346 4820 animadvertendum
1375 4784 1388 4820 :
1417 4777 1667 4823 constare
1700 4769 1779 4824 in-

185 4866 259 4911 ter
285 4873 480 4912 omnes
511 4899 526 4922 ,
573 4855 956 4912 charismatum
1001 4857 1210 4928 copiam
1251 4858 1573 4928 ampliorem
1618 4861 1777 4933 longe

181 4947 343 5006 fuisse
373 4949 531 5003 initio
578 4948 854 5014 Ecclesiaa,
883 4963 1042 5018 quam
1085 4948 1472 5019 posterioribus
1517 4951 1774 5007 szeculis:

179 5040 308 5097 adeo
331 5053 396 5095 ut.
422 5039 680 5112 Origenes
705 5041 794 5112 qui
828 5041 1029 5111 aliquot
1050 5041 1206 5096 anuis
1245 5052 1370 5098 ante
1401 5039 1544 5099 Decii
1592 5061 1780 5115 perse-

177 5137 448 5187 cutionem
479 5133 646 5188 libros
674 5132 890 5202 scripsit
917 5132 1174 5189 adversus
1205 5135 1443 5201 Celsum,
1485 5146 1673 5192 auctor
1690 5138 1779 5203 sit,

180 5227 453 5295 signorum
477 5225 710 5298 Spiritus
740 5227 910 5282 sancti
940 5228 1163 5298 vestigia
1184 5227 1461 5284 dumtaxat
1486 5230 1626 5300 apud
1655 5247 1783 5301 pau-

179 5338 270 5377 eos
303 5339 517 5378 morum
549 5321 786 5377 candore
818 5321 1211 5392 prazcellentes,
1243 5333 1298 5379 et
1322 5327 1412 5396 qui
1446 5341 1626 5381 mores
1656 5341 1785 5382 suos

182 5417 242 5469 ad
272 5415 550 5487 Evangelii
582 5429 826 5469 normam
847 5414 1125 5485 exigerent
1152 5414 1219 5469 ad
1239 5416 1380 5471 .lnrc
1411 5423 1651 5486 tempora
1684 5433 1778 5472 su—

176 5508 442 5579 peririis-se
472 5528 483 5562 :
516 5517 796 5579 postquam
839 5507 981 5562 enim
1013 5506 1147 5562 dixit
1179 5551 1195 5576 ,
1248 5508 1521 5565 miraculis
1565 5512 1778 5581 probari

178 5602 455 5656 veritatem
481 5599 778 5671 Evangelii,
815 5599 889 5654 ait
931 5613 996 5655 ea
1036 5613 1193 5671 posse
1246 5599 1645 5672 demonstrari,
1697 5605 1774 5678 (i)

246 5823 327 5898 Η)
370 5805 435 5880 ἐι
460 5836 639 5884 πολλῶν
665 5835 748 5895 μὲν
781 5834 968 5890 ἄλλων,
1001 5831 1082 5882 καὶ
1105 5833 1151 5882 ἐκ
1171 5834 1255 5883 τοῦ
1303 5832 1409 5897 ἵκνή
1437 5832 1486 5882 δὲ
1526 5826 1546 5898 (
1569 5827 1606 5884 Γ.
1635 5828 1778 5901 τινὰ)

1961 4690 2046 4746 V'I.
2101 4689 2350 4762 Basnagii
2397 4690 2642 4746 adversus
2707 4688 3008 4762 praedictam
3059 4689 3301 4744 visionem
3354 4687 3488 4758 difﬁ-

1885 4785 2120 4841 cultam.

1959 4878 2069 4934 VII.
2088 4877 2283 4932 Locum
2306 4877 2481 4944 illum,
2513 4878 2566 4932 in
2590 4894 2690 4948 quo
2717 4878 3039 4934 Dinocratem
3072 4877 3327 4949 Perpetua
3363 4878 3488 4932 vidit

1894 4972 2058 5044 fuisse
2077 4974 2451 5044 purgatorinm.
2479 4971 2725 5044 Barnagii
2747 4972 3092 5028 cavillationes
3124 4971 3485 5026 retundantur.

1887 5115 2041 5167 αὖτῶν
2071 5120 2144 5167 ἔτι
2172 5115 2409 5177 σώζεσθαι
2437 5120 2568 5184 παρὰ
2605 5118 2703 5176 τοῖς
2732 5116 2857 5167 κατὰ
2886 5116 2939 5184 τὸ
2969 5117 3200 5183 βοὺὶημει
3225 5118 3307 5166 τοῦ
3334 5120 3486 5182 Λὸὶςυ

1888 5191 2072 5254 βιοῦσι.
2099 5184 2216 5241 Lib.
2237 5202 2274 5249 ι,
2307 5201 2440 5255 page
2468 5183 2521 5249 5,
2557 5185 2698 5239 Edit.
2723 5183 2946 5238 Cantab.

1963 5255 2041 5327 (I)
2082 5261 2266 5324 Σημεῖα.
2297 5261 2346 5311 δὲ
2375 5265 2458 5312 τοῦ
2482 5262 2622 5323 ἁγίου
2650 5261 2919 5322 Ilaec/Mra
2965 5255 3070 5309 κατ’
3103 5259 3256 5326 ἀρχὰς
3288 5264 3372 5324 μὲν
3399 5270 3486 5318 τῆς

1887 5327 2048 5388 Ἰησοῦ
2083 5333 2406 5392 διδασκαὶιας.
2444 5335 2572 5397 μετὰ.
2612 5333 2659 5382 δὲ
2701 5339 2786 5388 τήν
2833 5328 3066 5394 ἀνάληψιν
3116 5331 3262 5382 αὑτοῦ
3294 5335 3485 5380 πλείῃ-,σει

1889 5404 2138 5464 idsi/muro,
2177 5405 2367 5472 ὖσηερθν
2395 5405 2443 5454 δὲ
2468 5408 2725 5462 ἐλάττονα.
2767 5408 2888 5458 πλὴν
2917 5404 2999 5452 χαί
3030 5405 3107 5453 νῦν
3136 5407 3206 5456 ἔτι
3229 5407 3482 5472 ῖκθηρέστιν

1885 5477 2035 5527 αὐτοῦ
2059 5474 2169 5543 παρ’
2189 5471 2377 5544 ὀλίγοις,
2411 5479 2496 5533 τὰς
2518 5477 2778 5544 ψυχᾶε-Ῐῷ
2812 5477 2946 5542 Λόγῳ
2968 5480 3050 5525 καὶ
3075 5478 3178 5537 ταῖς
3213 5471 3482 5526 κιτάὗτέν

1888 5551 2085 5614 πράξεσι
2107 5541 2474 5616 δέεκσιοάρμένοις
2527 5544 2640 5598 LII).
2662 5541 2770 5610 VII,
2801 5559 2852 5613 p.
2882 5541 3006 5599 337.

1958 5617 2042 5684 (2)
2080 5621 2179 5670 Καὶ
2200 5625 2276 5670 ἔτι
2301 5623 2409 5683 ἴχνη
2432 5623 2514 5672 τοῦ
2536 5620 2675 5686 ἁγίου
2703 5621 2875 5670 ἐκείνου
2905 5622 3188 5684 ﬂatu/uiroc.
3206 5653 3315 5671 ...η
3344 5623 3480 5684 παρά

1886 5694 2176 5758 χριστιανοῖς
2191 5698 2415 5754 σώζεται·
2439 5692 2715 5758 ἓξεπᾲδουσι
2738 5692 2982 5758 δαίμονας,
3015 5700 3099 5742 καὶ
3129 5692 3305 5750 πολλὰς
3330 5693 3478 5747 ἰάσεις

1883 5766 2172 5827 ἱππεὶοῦσι,
2196 5766 2280 5834 rati
2307 5761 2446 5834 δρῶσί
2472 5783 2581 5814 τινα
2606 5769 2732 5816 κατὰ
2751 5771 2806 5818 τὸ
2835 5767 3064 5834 βούλημά.
3086 5767 3169 5818 τοῦ
3197 5770 3349 5832 Λάγου
3371 5764 3476 5830 περὶ

1885 5834 2168 5898 μελλόντων.
2197 5831 2314 5888 Lib.
2343 5830 2384 5899 Ι,
2409 5846 2532 5904 pag.
2559 5832 2649 5888 51.
2682 5878 2692 5903 ε
2729 5867 2744 5907 ε
