3950 6310
429 280 537 348 123

1597 278 2049 345 blSSEBTA'l’lO
2085 280 2567 347 APOLOGE'l’lCA

3629 271 3730 340 lu

503 401 639 464 Vill.
672 400 1101 461 Montaniuarum
1121 402 1185 461 de
1215 406 1546 477 receptandis
1573 406 1859 462 animarum
1907 420 2025 464 δεη-
2053 408 2101 468 Α
2130 416 2344 479 pastore
2389 406 2531 465 uella
2581 406 2752 463 tat'ola
2787 406 2811 463 l
2857 403 2943 464 del
2981 400 3217 463 secundo
3270 398 3521 462 cubiculo
3547 399 3733 461 delci-

429 500 587 556 tentiu
608 517 707 555 non
733 508 865 554 recte
883 516 915 553 a
942 497 1202 571 Basnagio
1228 501 1475 569 exposita.
1529 497 1650 554 Non
1680 516 1838 556 unam
1866 501 2026 574 fuisse

431 595 527 650 Imc
557 594 620 648 de
640 611 697 651 re
719 594 1010 648 earumdem
1037 592 1385 647 hcereticorum
1413 593 1703 666 Opinionem
1725 635 1738 649 .

502 732 545 788 l.
579 731 823 788 Alterum
852 731 1110 787 adversus
1133 729 1391 803 ‘Jartyres
1414 740 1786 801 argumentum
1821 730 2026 789 Busae-

432 830 553 900 gius
592 828 823 885 instituit
857 844 921 883 ex
969 825 1126 883 modo
1166 825 1283 895 ipso
1331 835 1389 882 et
1426 827 1687 897 qualitate
1724 826 2027 885 oblatarum

430 920 717 989 Perpetuus
737 920 1003 976 visionum
1032 933 1151 984 quas
1176 918 1275 982 ipsi
1314 934 1423 977 non
1451 918 1701 975 videntur
1730 920 1863 977 satis
1903 936 2025 974 cum

430 1015 691 1085 gravitate
719 1016 1069 1091 ducentisque
1116 1017 1371 1090 ακῲιθαὶ
1402 1034 1415 1073 :
1452 1033 1473 1068 ι
1517 1015 1692 1071 Homo
1733 1014 1787 1069 in
1845 1014 2027 1070 habitu

431 1108 665 1177 pastoris
705 1106 774 1164 de
811 1123 971 1165 caseo
1020 1112 1162 1180 quod
1206 1110 1483 1181 mulgebet
1511 1152 1528 1176 ,
1567 1109 1717 1166 dedit
1746 1108 2029 1178 Perpetua:

428 1200 579 1270 quasi
597 1199 911 1258 buecellam.
932 1201 1067 1259 illnc
1085 1203 1290 1274 colligit
1315 1203 1414 1259 sibi
1436 1213 1666 1260 mortem
1685 1202 1986 1258 imminere.
2000 1220 2021 1255 ι

431 1293 548 1348 Duo
589 1294 795 1352 scilicet
840 1296 894 1353 iu
939 1296 1041 1353 huc
1092 1297 1371 1370 Perpetua:
1408 1297 1616 1355 visione
1642 1297 1891 1354 censoria
1928 1313 2024 1352 att-

427 1387 675 1445 etoritate
714 1398 908 1447 notare
935 1389 1229 1461 Basoagius
1259 1390 1469 1447 videtur
1504 1409 1520 1446 :
1554 1390 1737 1447 Primo
1768 1390 2025 1447 humilem

425 1476 626 1538 Christi
674 1483 896 1553 ﬁguram
941 1485 999 1540 in
1054 1484 1238 1542 habitu
1282 1487 1514 1556 pastoris
1556 1499 1689 1543 oves
1714 1485 2024 1557 mulgentis;

431 1573 702 1641 Secunde,
718 1577 861 1647 quod
890 1576 1125 1633 oblutaut
1145 1577 1429 1648 Perpetua
1451 1577 1749 1637 humilem
1765 1578 2027 1649 Perpetua

428 1680 484 1725 et
510 1667 740 1727 Saturus
767 1669 818 1725 iu
839 1671 1050 1741 signum
1077 1673 1387 1740 acceperint
1414 1672 1608 1728 futurae
1636 1673 1847 1729 mortis.

499 1758 606 1816 Sed
635 1759 781 1817 nulla
811 1762 948 1817 ratio
971 1770 1088 1819 erat
1141 1778 1237 1819 cur
1269 1764 1465 1820 iturum
1507 1765 1689 1835 aliquo
1714 1763 2024 1821 oﬂ'eudere-

427 1860 536 1906 tur.
568 1850 634 1907 Et
663 1851 731 1909 de
774 1853 948 1924 primo
990 1854 1207 1925 quidem
1260 1856 1559 1913 audiendus
1597 1855 1682 1913 Cl.
1715 1856 2024 1914 llolstenius

428 1945 483 2001 in
516 1945 702 2002 Notis:
735 1966 756 2003 ι
793 1947 1230 2018 Βθιιιιωεεηιειιιε
1262 1961 1347 2007 est
1381 1949 1666 2022 Perpetua:
1689 1950 1935 2007 Christus
1962 1966 2025 2006 ea

428 2039 621 2107 ferula,
650 2056 750 2112 qua
782 2041 957 2113 pictus
979 2043 1300 2101 cet-uehatur
1329 2044 1384 2100 in
1410 2043 1662 2101 oratoriis
1684 2055 1742 2100 et
1767 2045 1908 2100 vasis
1933 2059 2024 2099 sa-

429 2135 539 2190 cris
567 2135 780 2193 illorum
811 2146 1137 2209 temporum.
1168 2137 1301 2195 Nam
1329 2153 1453 2193 cum
1496 2139 1784 2210 Evangelia
1814 2139 2027 2195 titulum

428 2239 482 2285 et
512 2244 796 2299 personam
830 2233 1063 2303 pastoris
1111 2234 1381 2305 prmeipue
1434 2230 1654 2289 Christo
1705 2235 2022 2303 attribuant,

426 2320 723 2392 gaudebant
755 2324 1050 2394 primorum
1077 2334 1381 2395 temporum
1405 2326 1697 2384 Christiani
1740 2326 1879 2383 hanc
1906 2329 2024 2396 ejus

427 2413 865 2471 amabilissimum
897 2417 1135 2487 speciem
1160 2417 1416 2483 ﬁdelium,
1449 2420 1665 2477 nomine
1691 2421 1873 2477 ovium
1903 2437 2026 2491 pas—

427 2507 529 2562 sim
579 2509 980 2580 designatorum
1005 2552 1022 2580 ,
1055 2512 1491 2583 frequentissime
1542 2513 1714 2569 oculis
1765 2513 2021 2585 objicere.

424 2598 609 2657 Habes
636 2600 688 2656 in
726 2601 899 2659 Roma
923 2604 1275 2661 subterranea
1303 2605 1446 2661 Βοεῆ
1470 2645 1486 2673 ,
1521 2621 1640 2678 pag.
1673 2606 1767 2674 59,
1796 2615 1851 2661 et
1874 2606 2027 2661 dein-

427 2706 559 2762 ceps
590 2693 788 2750 multas
829 2694 1095 2766 imagines
1124 2710 1154 2750 e
1181 2697 1619 2753 cauneteriorum
1665 2697 2026 2755 monumentis

429 2797 740 2854 expressas,
774 2784 826 2841 in
855 2785 1052 2859 quibus
1095 2786 1267 2845 ferme
1294 2791 1545 2846 Omnibus
1571 2790 1818 2848 Christus
1848 2800 2027 2863 pasto.

434 2874 510 2930 tis
539 2876 719 2947 specie
758 2891 883 2933 cum
912 2879 1101 2935 ovibus
1144 2882 1399 2954 pingitur.
1441 2883 1500 2947 lu
1528 2883 1694 2953 prima
1725 2883 1887 2940 etiam
1926 2884 2027 2940 hac

427 2968 545 3040 ipsa
564 2971 734 3028 forma
755 2971 844 3029 hic
866 2989 1153 3046 expressa,
1174 2975 1404 3048 pastoris
1419 2990 1556 3033 oves
1570 2977 1879 3050 mulgeutis.
1909 2976 2024 3033 Non

423 3080 550 3121 raro
586 3067 749 3123 etiam
798 3068 1121 3142 pingebatur
1169 3069 1351 3127 ferens
1383 3071 1434 3125 in
1464 3070 1707 3127 humeris
1752 3080 2021 3143 repertam

422 3173 601 3225 ovem,
632 3175 752 3228 qua:
791 3161 1025 3232 perierat
1054 3206 1070 3231 ,
1097 3162 1249 3230 juxta
1282 3162 1588 3233 parabolam
1635 3163 2020 3235 evangelicatn,

420 3250 582 3321 idque
615 3253 883 3322 pra‘ciptte
914 3253 965 3308 iu
992 3253 1430 3326 calicibus,quod
1452 3253 2024 3311 indicat'l‘ertulliatrus

420 3346 472 3400 in
490 3345 627 3402 libro
639 3346 707 3402 de
721 3346 978 3402 Pudicitia
993 3358 1176 3403 contra
1195 3346 1500 3403 Catholicos
1520 3350 1927 3419 scriptu,cap.7,
1946 3350 2027 3404 his

419 3439 601 3495 verbis
628 3456 640 3490 :
668 3440 713 3497 Α
740 3442 1008 3510 parabolis
1038 3442 1219 3497 licebit
1256 3443 1503 3513 incipias,
1540 3442 1629 3497 ubi
1648 3453 1731 3498 est
1761 3446 1879 3497 ovis
1907 3458 2029 3512 per-

423 3531 552 3597 dita,
600 3547 631 3586 a
684 3533 797 3588 Deo
853 3534 1108 3605 requisita
1173 3544 1229 3590 et
1284 3533 1524 3589 humeris
1583 3535 1702 3600 ejus
1773 3545 2022 3599 revecta;

421 3625 716 3696 procedant
757 3628 890 3697 ipsa}
938 3629 1161 3698 pictum
1202 3630 1427 3686 calicum
1472 3639 1806 3695 vestrorum,
1849 3632 1892 3689 si
1943 3630 2024 3685 vel

424 3718 478 3773 in
511 3719 617 3773 illis
648 3719 940 3789 perlucehit
979 3723 1346 3792 interpretatio
1376 3724 1596 3793 pecudis
1637 3723 1779 3783 illius
1812 3762 1825 3794 ,
1859 3740 1960 3782 etc.
2002 3745 2021 3778 ›

498 3809 701 3879 Quibus
724 3811 887 3878 addo,
918 3814 970 3871 in
996 3830 1162 3885 opere
1210 3815 1388 3872 italico
1416 3816 1686 3873 illustriss.
1738 3826 1795 3875 et
1829 3816 1911 3875 Cl.
1942 3834 2027 3875 se-

424 3905 629 3960 naturis
658 3905 884 3978 Philippi
915 3908 1251 3976 Buunarotti,
1306 3909 1459 3981 cujus
1511 3910 1695 3967 titulus
1720 3928 1733 3965 :
1763 3910 2025 3967 Osserva-

423 4001 563 4056 zioni
586 4016 744 4072 supra
765 4002 945 4059 alcuni
966 4002 1365 4061 Frammeutidi
1410 4002 1535 4061 Vasi
1561 4003 1762 4063 anticlti
1792 4005 1846 4061 di
1874 4016 2027 4063 vetro

423 4094 598 4148 ornati
634 4094 687 4150 di
718 4094 918 4166 ﬁgure,
954 4098 1145 4153 trovati
1176 4097 1260 4154 ne‘
1289 4097 1521 4168 cimiterj
1558 4097 1612 4157 di
1642 4097 1848 4165 Roma;
1876 4098 2026 4169 plura

424 4200 649 4241 cernere
683 4201 805 4244 esse
834 4198 1074 4244 veterum
1098 4190 1325 4245 calicum
1369 4200 1559 4263 ectypa
1612 4190 1714 4247 hac
1741 4190 1940 4247 Christi
1969 4192 2030 4247 li-

425 4295 579 4350 ειη-ει,
609 4278 711 4336 sub
733 4280 859 4337 boni
880 4281 1111 4351 pastoris
1162 4281 1368 4349 habitu,
1398 4283 1647 4355 insignita
1676 4324 1692 4353 ,
1725 4284 1804 4341 uti
1832 4284 1941 4340 tab.
1971 4285 2023 4349 ὅ,

427 4371 518 4443 (ig.
540 4373 563 4428 l
583 4372 703 4444 ειξὲ,
720 4383 775 4429 et
807 4376 915 4430 tab.
940 4375 1091 4446 6,iig.
1115 4375 1170 4431 2.
1188 4375 1313 4435 Vid.
1339 4378 1643 4441 etiant'l‘ab.
1678 4379 1728 4449 l,
1753 4377 1870 4451 Fig.
1901 4379 1951 4446 l,
1977 4387 2033 4435 et

427 4464 623 4523 Tabui.
642 4467 695 4532 4,
720 4482 998 4524 nummum
1025 4484 1228 4527 aereum
1258 4470 1480 4540 majoris
1493 4471 1657 4537 modi,
1675 4472 1830 4543 vulgo
1850 4469 2029 4527 Medu-

426 4559 633 4629 glione,
664 4575 728 4613 ex
759 4571 984 4630 utraque
1014 4571 1167 4630 parte
1192 4561 1372 4630 Specie
1415 4563 1540 4617 boni
1572 4565 1799 4634 pastoris
1831 4563 2028 4621 inscul-

428 4660 599 4723 ptmn,
632 4669 753 4722 qua:
779 4653 959 4708 omnia
980 4652 1311 4713 doctissimis
1337 4657 1806 4715 observationibus
1824 4656 1904 4713 Cl.
1930 4673 2025 4714 au-

429 4753 545 4800 ctor
564 4744 813 4801 illustrat.
841 4744 945 4801 Sed
970 4747 1153 4801 iurem
1178 4758 1417 4804 nostram
1444 4751 1676 4807 maxime
1691 4751 2044 4824 faciuntqttze.

429 4838 500 4896 de
522 4839 687 4910 ﬁgura
721 4840 780 4906 2,
812 4841 920 4897 tab.
947 4841 1001 4910 6,
1031 4841 1319 4901 disseritin
1346 4843 1463 4901 haec
1482 4846 1639 4905 verba
1665 4864 1680 4900 :
1710 4865 1729 4901 t
1758 4846 1813 4905 lu
1836 4859 2028 4918 queato

430 4930 776 4989 Frammentu
804 4936 849 4989 si
874 4934 1060 4991 vedeil
1093 4944 1275 5006 pastor
1315 4935 1494 4993 huunu
1516 4939 1595 4994 ira
1627 4938 1732 4997 due
1755 4956 1965 5011 pecore,
1994 4958 2029 4999 ο

429 5025 599 5081 Aricti
628 5027 709 5081 co‘
728 5027 867 5082 soliti
890 5028 1054 5083 calcei
1099 5026 1154 5081 di
1184 5026 1331 5084 fasce
1356 5019 1709 5088 attraversate
1733 5048 1762 5086 a
1797 5035 1948 5105 spina
1976 5035 2029 5091 di

433 5132 617 5190 pesce.
650 5118 707 5173 Si
735 5119 831 5173 dec
855 5134 1142 5176 osservare
1172 5132 1202 5177 a
1254 5135 1417 5183 canto
1444 5126 1495 5182 al
1527 5127 1820 5184 medesltuo
1850 5128 2026 5201 quella

429 5210 775 5279 secchiulina,
802 5230 837 5271 o
860 5227 986 5271 vaso
1024 5216 1076 5274 di
1125 5218 1275 5286 latte,
1306 5214 1355 5274 la
1397 5219 1553 5291 quale
1580 5222 1625 5277 si
1670 5222 1806 5280 vede
1833 5238 2028 5280 ancora

428 5305 576 5363 uelle
624 5309 825 5378 pitture
853 5311 937 5369 de‘
964 5315 1200 5384 cimiterj
1247 5314 1347 5385 (l),
1380 5329 1414 5369 e
1458 5314 1843 5385 speciahuente
1889 5319 2030 5375 uella

430 5397 604 5454 tavula
638 5399 777 5456 adet
822 5413 966 5459 sesto
994 5406 1268 5474 cubiculo,
1301 5406 1387 5462 del
1430 5406 1696 5464 cimiterio
1722 5409 1773 5466 di
1804 5408 2025 5480 Caiisto,

425 5506 614 5564 presso
642 5493 988 5567 l‘Arriughio,
1012 5497 1114 5555 ulla
1147 5500 1192 5555 si
1224 5499 1358 5555 vede
1379 5508 1640 5556 attaccata
1673 5499 1739 5558 ad
1766 5520 1834 5559 un
1869 5505 2024 5575 pcdo,

424 5606 461 5642 υ
491 5589 757 5656 pastorale
798 5600 982 5647 teuuto
1010 5591 1078 5648 da
1106 5595 1195 5651 uu’
1216 5596 1427 5666 eguello
1452 5612 1481 5652 a
1510 5599 1741 5669 giacere.
1771 5615 1865 5670 per
1894 5602 2026 5656 sint-

433 5681 561 5739 bolu
606 5681 695 5738 dcl
745 5684 885 5739 huou
938 5696 1194 5755 pastore;
1223 5689 1271 5744 a’
1297 5690 1434 5760 piedi
1486 5691 1573 5765 pol
1616 5690 1702 5748 del
1738 5694 2031 5754 medesimo

512 5841 593 5918 (-l)
626 5840 875 5916 Arringh.
911 5843 1017 5903 tab.
1048 5843 1103 5914 6,
1129 5845 1243 5905 cub.
1273 5849 1326 5917 5,
1354 5847 1526 5909 Οαιω.
1553 5847 1780 5910 Callisti.

2130 501 2343 556 miterio
2385 500 2438 555 di
2457 509 2609 555 santa
2632 503 2859 572 Agnesa,
2878 500 2922 556 si
2952 499 3142 557 vedeil
3164 499 3315 555 Pedo
3341 510 3444 555 eun
3475 513 3548 554 tut
3577 512 3729 568 vaso,

2132 602 2216 648 tua
2246 592 2297 647 di
2348 591 2515 664 figura
2561 592 2793 657 divam,
2840 606 3001 649 econ
3034 608 3106 647 nn
3163 593 3376 649 mimico
3422 592 3490 647 da
3543 600 3717 663 parte.

2129 684 2313 753 Questi
2357 685 2470 739 vasi
2513 686 2600 740 de'
2638 686 2837 757 pastori
2862 684 2906 742 si
2931 686 3191 742 dicenno
3226 704 3247 740 ι
3274 686 3734 753 υκαι-πωπω-

2130 776 2331 832 lctralia
2352 775 2464 851 (l):
2493 796 2511 830 ι
2532 776 2578 832 la
2604 777 2723 849 qual
2744 786 2885 834 sorte
2900 779 2949 833 di
2969 792 3099 835 vaso
3120 777 3174 833 in
3195 777 3733 835 Grreeosichiamava

2132 880 2314 940 πξλλα,
2366 873 2435 928 ed
2482 886 2574 929 ora
2630 875 2811 930 simile
2862 875 2968 931 alio
3015 875 3185 942 scilo,
3231 890 3317 931 me
3365 876 3419 930 di
3464 875 3631 933 inde
3656 877 3734 932 al—

2130 976 2332 1035 quanto
2356 966 2445 1036 piu
2486 967 2658 1038 largo.
2690 983 2723 1025 e
2772 984 2903 1038 pero
2948 982 3054 1025 non
3082 969 3513 1042 dissumigliattte
3542 985 3735 1042 troppo

2130 1058 2216 1115 dsl
2268 1069 2479 1123 nostro.
2521 1070 2576 1116 et
2618 1063 2830 1118 servin
2859 1063 3247 1131 speciahuentu
3276 1079 3375 1134 per
3411 1070 3673 1136 mu‘gnere
3698 1067 3736 1123 il

2128 1152 2257 1210 latte
2273 1151 2371 1226 (ἲ).
2393 1153 2495 1211 Un‘
2519 1154 2660 1211 ultro
2673 1171 2805 1212 vaso
2832 1157 2885 1212 di
2910 1157 3037 1214 latte
3058 1174 3148 1214 era
3164 1161 3445 1216 nominato
3471 1159 3605 1217 Sino
3622 1160 3734 1233 (ὃ),

2138 1248 2174 1303 il
2207 1248 2364 1318 quale
2419 1248 2661 1304 secundo
2688 1251 2738 1304 la
2792 1250 2933 1306 luna
2970 1250 3054 1308 del
3105 1268 3267 1309 tione
3316 1268 3436 1309 sura
3465 1254 3611 1310 statu
3640 1255 3737 1325 pie

2129 1339 2335 1411 grande
2385 1340 2474 1397 del
2521 1353 2707 1397 nostro
2738 1343 2945 1412 pieculo
2969 1357 3122 1409 vaso,
3163 1354 3251 1400 etc
3281 1386 3295 1407 .
3323 1355 3430 1401 etc.
3457 1344 3528 1402 Et
3548 1344 3688 1401 iatn
3718 1364 3736 1402 :

2131 1430 2235 1487 Per
2258 1441 2477 1489 ter-are
2505 1434 2557 1489 al
2604 1443 2792 1490 uestro
2820 1435 3030 1506 piceolo
3053 1448 3185 1493 vaso
3199 1435 3255 1492 di
3280 1437 3411 1495 latte
3436 1447 3662 1495 acuente
3683 1438 3736 1495 al

2130 1526 2275 1581 buon
2305 1538 2537 1598 pastore,
2579 1527 2635 1584 io
2661 1527 2901 1585 locredu
2942 1528 3073 1586 (atto
3113 1546 3220 1589 non
3266 1532 3386 1589 solo
3434 1544 3532 1603 per
3557 1534 3738 1591 eunti-

2132 1622 2396 1677 uuazione
2416 1621 2540 1677 dell‘
2560 1622 2816 1694 allegoria
2836 1622 2943 1680 alie
2967 1636 3095 1680 coeo
3117 1625 3391 1694 pastorali,
3407 1637 3494 1681 na
3513 1625 3568 1681 in
3596 1626 3740 1684 uitro

2132 1713 2187 1770 lo
2204 1714 2423 1786 giutlieo
2448 1715 2600 1786 quasi
2626 1730 2719 1787 per
2743 1731 2846 1772 una
2864 1717 3050 1788 ligare,
3072 1717 3159 1774 del
3189 1717 3529 1777 divinissimo
3550 1735 3743 1777 sacra-

2057 1808 2103 1875 Β
2133 1814 2314 1862 mento
2352 1805 2478 1863 dell‘
2498 1807 2688 1876 altare,
2714 1805 2747 1864 ὁ
2775 1808 2861 1865 cio
2887 1824 3035 1879 pare,
3059 1810 3163 1867 cite
3199 1810 3243 1867 si
3277 1811 3439 1871 riuavi
3468 1809 3618 1882 dagli
3640 1812 3738 1869 alti

2128 1897 2485 1955 auticbissimi
2507 1899 2651 1956 delle
2690 1911 2847 1956 ssute
2894 1901 3159 1972 Perpetua
3187 1920 3219 1960 θ
3249 1903 3497 1970 Feiieita,
3529 1904 3741 1963 (Ιοηεὶ

2127 1988 2251 2045 dice
2269 1990 2371 2045 che
2412 2000 2565 2046 santa
2594 1991 2860 2059 Perpetua
2893 1994 3076 2050 riceve
3120 1995 3170 2049 in
3205 1996 3413 2053 visione
3437 1996 3528 2052 dul
3552 1996 3743 2055 divino

2128 2090 2345 2151 pastore
2362 2082 2451 2138 del
2480 2082 2608 2138 iatte
2627 2100 2641 2137 :
2661 2103 2683 2138 ι
2713 2083 2782 2141 Et
2804 2085 2872 2141 de
2898 2100 3062 2142 caseo
3089 2087 3230 2157 quod
3255 2089 3530 2159 mulgehat
3548 2130 3567 2157 ,
3587 2089 3744 2149 dedit

2129 2175 2263 2231 mihi
2284 2178 2433 2246 quasi
2464 2177 2789 2245 buetaallum,
2818 2191 2872 2237 et
2902 2194 3003 2252 ego
3031 2184 3217 2252 accepi
3241 2184 3446 2254 junctis
3484 2187 3741 2245 uta-illus

2127 2279 2184 2324 et
2211 2267 2571 2336 manducavi,
2619 2280 2674 2326 et
2723 2272 2959 2333 universi
2996 2273 3410 2333 circumstantes
3446 2278 3736 2347 dixerunt,

2128 2359 2325 2417 Amen.
2360 2380 2378 2413 ι
2405 2360 2788 2429 Funziuui,ed
2837 2366 3119 2423 sttidivoti
3146 2368 3297 2425 soliti
3340 2370 3625 2440 pretiosi-si
3667 2372 3737 2428 de

2128 2451 2381 2509 Crisliani
2440 2455 2641 2511 antiehi
2717 2459 2802 2515 uel
2854 2462 3099 2517 riccvere
3146 2463 3197 2519 la
3267 2472 3423 2519 senta
3488 2479 3731 2521 conamu-

2128 2546 2290 2602 uiune
2320 2547 2403 2621 (l)
2434 2564 2465 2604 e
2491 2552 2669 2620 quelle
2696 2553 2878 2621 parule
2895 2554 3034 2611 delia
3064 2556 3274 2613 cantica
3300 2558 3385 2627 (5)
3416 2574 3429 2614 :
3454 2577 3473 2612 ς
3507 2558 3619 2615 Bibi
3646 2559 3729 2614 vi-

2130 2654 2256 2693 nutu
2301 2655 2478 2697 meum
2506 2658 2629 2702 cum
2654 2644 2791 2701 laete
2820 2661 2942 2702 meo
2968 2667 3012 2714 ι,
3046 2663 3182 2706 sono
3210 2650 3480 2720 applicato
3500 2652 3571 2707 da
3596 2656 3732 2709 saut'

2128 2730 2419 2803 Ambrogio
2434 2731 2516 2806 (6)
2531 2735 2581 2789 al
2612 2748 2950 2795 sacramento
2964 2738 3087 2797 dell‘
3100 2741 3738 2803 EucuistiaNedendosi

2127 2838 2388 2896 appresso
2412 2826 2737 2901 l’Arringbiu
2763 2831 2905 2887 uelle
2928 2833 3129 2904 pitturc
3151 2834 3290 2895 delia
3310 2836 3450 2891 vulta
3475 2837 3566 2894 del
3590 2854 3742 2896 nono

2126 2916 2370 2975 cubiculo
2421 2918 2511 2977 del
2544 2921 2811 2978 cimiterio
2851 2923 2937 2981 de’
2970 2927 3108 2982 sauti
3140 2926 3469 2997 Marcellino,
3495 2945 3530 2986 e
3556 2929 3741 2988 Pietro

2128 3012 2216 3069 uu’
2242 3012 2456 3085 agnelio
2483 3015 2620 3070 colla
2652 3016 2850 3086 palma,
2880 3019 2981 3074 cite
3008 3018 3075 3074 ita
3105 3020 3245 3078 suile
3266 3021 3440 3093 spalle
3470 3039 3544 3079 un
3595 3025 3736 3081 simil

2129 3115 2359 3174 vasettu,
2393 3106 2706 3164 circundato
2763 3109 2848 3165 col
2896 3110 3099 3177 nimbo,
3150 3127 3186 3168 u
3230 3112 3311 3169 sia
3366 3113 3644 3182 diadema.
3673 3117 3738 3174 ed

2051 3214 2095 3278 ρ
2129 3200 2360 3257 esseudo
2382 3204 2523 3273 quivi
2548 3202 2774 3260 loslesso
2790 3206 3003 3275 agnello
3018 3206 3157 3276 negli
3187 3207 3362 3278 anguli
3391 3208 3536 3265 delia
3557 3209 3739 3268 mede~

2130 3292 2265 3349 sima
2288 3294 2429 3349 vulta
2447 3293 2547 3349 ben
2565 3302 2776 3364 quattro
2798 3296 3178 3369 voltedipinto,
3199 3298 3547 3368 ltudubitato,
3566 3318 3628 3358 se
3645 3319 3741 3375 per

2127 3384 2344 3443 fortuna
2367 3402 2436 3443 ne
2462 3388 2625 3459 tempi
2650 3388 2739 3461 pit‘t
2764 3389 2962 3446 antichi
2989 3406 3402 3448 conservassem
3420 3395 3472 3449 in
3501 3410 3578 3451 un
3608 3410 3738 3451 vaso

2129 3476 2304 3537 simile
2340 3490 2494 3553 posto
2530 3496 2687 3554 supra
2720 3499 2812 3549 un,
2870 3484 3082 3555 aguello
3125 3483 3172 3539 la
3209 3496 3362 3541 santa
3409 3486 3736 3556 Eucaristia,

2129 3572 2365 3630 siccome
2415 3572 2461 3630 si
2503 3574 2787 3631 servirono
2834 3577 2921 3649 poi
2976 3577 3061 3647 pel
3101 3577 3397 3635 medesimo
3434 3580 3738 3638 ministerio

2129 3665 2181 3722 di
2211 3667 2348 3733 vasi,
2378 3666 2483 3724 che
2511 3682 2678 3724 avean
2717 3669 2763 3723 Ia
2795 3668 2968 3726 lor.na
2994 3671 3141 3729 delia
3163 3672 3431 3729 columba.
3462 3672 3520 3728 lu
3550 3685 3738 3749 questu

2129 3775 2258 3817 cose
2286 3760 2466 3835 perae
2494 3763 2632 3821 bene
2657 3763 3003 3830 l’osservare.
3038 3782 3120 3821 nia
3158 3766 3382 3840 bisogna
3412 3778 3603 3827 tenere
3624 3787 3741 3827 sos-

2131 3869 2262 3925 pesu
2288 3855 2324 3910 ii
2368 3855 2625 3926 giudizio,
2660 3857 2779 3912 sino
2809 3858 2912 3915 cite
2933 3859 2976 3914 si
3008 3859 3239 3915 abbiauo
3279 3860 3399 3916 altri
3425 3862 3731 3927 riseontria
3803 3881 3813 3887 -

2131 3949 2257 4006 Haec
2295 3950 2687 4011 illustrissimus
2732 3964 2971 4016 senator,
2995 3954 3084 4025 qui
3112 3954 3276 4010 etiam
3309 3956 3566 4012 observat
3588 3957 3736 4029 ejus-

2130 4042 2254 4100 dem
2285 4045 2516 4115 pastoris
2559 4046 2795 4105 tunicam
2826 4047 2876 4100 iu
2920 4044 3158 4102 inferiori
3201 4055 3353 4117 parte
3379 4047 3595 4104 duobus
3616 4065 3738 4107 esse

2132 4136 2372 4203 orbibus,
2406 4152 2498 4191 seu
2530 4136 2692 4192 bullis
2717 4147 2982 4205 ornatam,
3010 4153 3181 4209 eaque
3195 4149 3506 4197 ornamenta
3525 4141 3734 4199 inhisce

2132 4227 2413 4297 Perpetua:
2438 4238 2492 4285 et
2523 4228 2816 4284 Felicitatis
2841 4232 2977 4286 aclis
3003 4245 3033 4284 a
3060 4245 3236 4303 grzeca
3262 4246 3395 4289 voce
3419 4240 3593 4297 κάλλος
3619 4234 3731 4289 cal-

2133 4321 2320 4377 licuias
2350 4322 2644 4394 appellari:
2700 4322 2969 4394 fuisseque
3005 4337 3062 4378 ttt
3115 4325 3406 4395 pluriutum
3457 4343 3625 4385 aurea
3654 4328 3738 4384 vel

2132 4423 2406 4485 argentea,
2440 4425 2496 4469 ut
2523 4431 2589 4469 ex
2618 4415 2820 4470 eisdem
2849 4415 3001 4471 Actis
3032 4426 3370 4489 compertum
3394 4432 3500 4488 est,
3533 4432 3590 4476 et
3618 4422 3741 4479 aliis

2131 4508 2369 4578 antiquis
2424 4508 2609 4579 ﬁguris
2653 4509 2790 4578 apud
2838 4508 3185 4565 Lambecium
3233 4511 3317 4581 (⁸7)
3347 4554 3361 4575 ,
3406 4523 3462 4568 et
3514 4512 3739 4569 Petrum

2053 4610 2113 4676 ι)
2135 4600 2387 4657 Sanctem
2421 4599 2694 4657 Bartolum
2724 4600 2841 4675 (8),
2874 4613 2927 4658 et
2980 4602 3120 4674 apud
3169 4596 3485 4660 Vaticanum
3531 4604 3741 4677 Virgilii

2133 4692 2410 4765 exemplar
2457 4701 2698 4765 tempore
2728 4692 3066 4751 Constantini
3109 4695 3288 4769 magni
3315 4707 3602 4754 exaratum
3637 4698 3740 4772 (9).

2234 4984 2284 5056 l)
2304 4984 2490 5041 Servio
2516 4999 2672 5056 supra
2701 4983 2934 5057 l‘Eglnga
2959 4986 3012 5043 3.

2234 5002 2256 5040 ι
2269 5002 2284 5056 )
2304 5002 2490 5041 nemo
2516 5002 2672 5056 supra
2701 5002 2860 5113 [be0

2230 5057 2287 5120 2)
2314 5059 2517 5113 Ateuco
2538 5072 2645 5118 th.
2668 5058 2738 5113 cl.
2806 5058 2860 5112 4.

2233 5131 2266 5184 5
2322 5128 2512 5185 Servio
2535 5144 2691 5198 supra
2723 5128 2854 5200 I’Egl

2233 5127 2545 5275 alTertull.
2576 5202 2639 5275 de
2664 5201 2854 5274 Specta.

2207 5203 2288 5276 (4)
2316 5203 2540 5257 Tertull.
2576 5203 2639 5255 de
2664 5203 2898 5274 Spectuc.
2932 5216 3053 5271 cap.
3086 5203 3180 5267 25.
3209 5203 3461 5260 Cornelio
3477 5220 3604 5277 app.
3636 5203 3740 5259 Eu-

2133 5276 2248 5330 seh.
2278 5273 2500 5346 Hister},
2529 5273 2619 5346 lib.
2651 5288 2840 5344 γηδίῳ
2863 5272 2954 5346 d3.
2988 5273 3206 5346 Dionys.
3231 5293 3355 5345 app.
3384 5275 3615 5340 Euseb.,
3645 5276 3740 5329 lih.

2133 5362 2227 5413 vn,
2277 5361 2396 5416 cap.
2428 5344 2481 5401 9.
2513 5345 2567 5401 S.
2617 5348 2802 5417 Agost.
2851 5345 3019 5400 Serm.
3075 5344 3141 5399 ad
3178 5344 3364 5431 infant.
3396 5349 3461 5402 de
3496 5347 3739 5431 Sacrum.

2135 5417 2194 5474 S.
2229 5420 2480 5472 Ambros.
2506 5417 2544 5472 l.
2579 5431 2630 5470 tv
2669 5418 2733 5469 de
2763 5416 3026 5476 Summe.
3055 5430 3175 5476 cap.
3218 5420 3272 5473 5,
3306 5420 3365 5475 S.
3395 5420 3589 5476 Cvrtll.
3634 5418 3739 5473 (.a-

2135 5421 2194 5474 S.
2229 5421 2480 5472 Ambros.
2507 5421 2544 5472 l.
2579 5431 2630 5470 tv
2669 5421 2733 5469 de
2763 5421 3026 5483 Sacrant.,
3055 5430 3175 5487 cap.
3218 5421 3272 5473 5.
3306 5421 3365 5475 S.
3395 5421 3589 5494 Cyrill.
3634 5421 3711 5473 Ca

2135 5490 2269 5549 terit.
2304 5489 2356 5545 5.
2390 5489 2424 5543 il
2455 5487 2662 5543 Concil.
2694 5490 2748 5543 in
2769 5488 2975 5545 Trulla.
2998 5502 3119 5545 can.
3167 5490 3293 5548 102.

2209 5562 2290 5634 (δ)
2332 5559 2393 5634 (3.
2425 5560 2485 5616 ι..
2532 5559 2597 5617 v.
2633 5561 2697 5634 _t.

2230 5636 2287 5702 6)
2331 5633 2403 5687 De
2427 5634 2601 5695 Suet,
2632 5632 2665 5685 l.
2699 5648 2749 5697 ν,
2782 5645 2899 5701 cap.
2922 5631 2974 5684 5.

2230 5636 2287 5702 6)
2331 5636 2403 5687 De
2427 5636 2601 5695 δαείη,
2632 5636 2665 5685 l.
2699 5648 2749 5697 ν,
2782 5645 2899 5701 cap.
2922 5636 2974 5684 5.

2207 5636 2286 5781 i7)
2316 5703 2452 5781 Bibl.
2476 5702 2779 5781 Caes.,_t:th.
2808 5702 3158 5781 i,_glpp_end.,
3186 5708 3394 5781 p.501.

2232 5773 2288 5854 8)
2316 5775 2521 5854 Pittur_c
2558 5773 2774 5854 auticlre
2801 5775 2941 5854 delle
2975 5773 3164 5839 (ἐι-οιαὶ
3188 5773 3254 5839 ’όὶ
3295 5782 3486 5854 Roma,
3521 5789 3635 5839 tav.
3678 5778 3736 5836 4.

2232 5784 2288 5851 8)
2319 5784 2521 5831 Pitturc
2558 5784 2774 5830 antiche
2801 5784 2941 5831 delle
2975 5784 3018 5833 C

2209 5784 2291 5927 i9)
2317 5852 2453 5905 Ante
2478 5846 2533 5903 2.
2559 5845 2774 5904 Eueid.
2805 5848 3018 5906 librum.

2860 5145 2956 5200 oga
2988 5130 3041 5194 7,
3074 5127 3265 5196 Nonio,
3296 5146 3347 5187 c.
3373 5132 3462 5187 15.

2316 5200 2639 5277 _'l_‘ertuII._de
2664 5201 3053 5277 Spectac_._ca_p.
3086 5200 3180 5267 25.
3209 5202 3461 5277 Cornelio
3477 5220 3604 5277 app.
3636 5203 3746 5277 Eu-
