3988 6310
235 354 346 424 125

1100 365 1239 428 rso
1272 366 1372 429 ss.
1413 364 1805 438 euasurus,
1845 348 2252 428 maturare
2292 367 2382 429 ur
2419 368 2656 430 secus.

3438 372 3546 434 1‘26

309 483 413 541 Sed
442 490 500 541 ut
525 491 644 559 πρδς
669 493 724 545 τὸ
752 488 1010 561 «palum
1051 488 1340 545 redeamus
1365 530 1380 553 ,
1416 488 1482 544 iis
1505 502 1627 558 qua:
1658 502 1689 542 a
1717 485 1844 542 viris
1868 484 1924 547 Α
1948 484 2066 552 dos,
2108 484 2202 542 sed
2247 486 2706 545 consummandos
2757 489 3037 563 martyrio.
3084 484 3211 547 "mc
3254 489 3403 547 enim
3427 497 3549 563 post

233 574 572 635 doctissimis
613 589 868 636 annotata
917 589 1047 637 sunt
1090 580 1224 638 illud
1272 581 1435 637 etiam
1482 579 1741 655 adiungo,
1790 578 1842 635 id

232 687 412 747 gemis
433 673 727 745 ituaginum
751 670 1098 732 Montanistis
1110 688 1218 731 non
1237 674 1530 731 admodum
1550 672 1838 746 placuisse,

232 772 332 821 aut
357 766 414 820 in
435 777 537 820 usu
565 765 751 823 Nisae.
782 762 939 836 Quod
966 778 1035 824 ex
1080 767 1287 825 eisdem
1328 768 1641 825 Tertulliani
1664 768 1843 824 verbis

230 858 684 917 manifestissime
707 862 942 934 colligo:
979 881 998 916 ι
1035 862 1355 927 Procedunt,
1380 863 1575 935 inquit,
1606 864 1737 935 ipsa!
1758 862 1843 935 pi-

232 963 412 1009 cturae
438 954 668 1009 calicum
697 963 1001 1012 vestrorum
1037 973 1056 1008 ι
1088 969 1101 1012 :
1133 970 1238 1012 non
1268 957 1344 1012 ait
1386 968 1707 1024 nostrorum,
1747 954 1842 1012 sed

231 1056 539 1111 vestrm,
569 1046 627 1103 id
653 1055 757 1111 est.
784 1060 906 1119 quae
922 1048 1094 1119 vobis,
1127 1064 1233 1106 non
1259 1060 1437 1108 autem
1469 1049 1715 1117 nobis,in
1742 1064 1842 1105 usu

238 1148 385 1196 sunt.
417 1138 485 1194 Et
510 1139 757 1212 ejusdem
805 1141 927 1197 libri
975 1143 1153 1212 capite
1187 1141 1438 1198 decimo:
1477 1159 1498 1195 ο
1532 1142 1631 1199 Cui
1676 1138 1767 1198 ille
1798 1142 1842 1199 si

244 1233 384 1288 forte
433 1235 863 1303 patrocinabitur
886 1243 1076 1307 pastor
1096 1250 1257 1305 quem
1286 1232 1337 1291 in
1364 1234 1534 1292 calice
1573 1232 1840 1308 depingis,

243 1328 653 1399 prostitutorem
684 1334 741 1385 et
763 1328 937 1392 ipsum
964 1329 1243 1385 christiani
1272 1330 1618 1397 sacramenti,
1649 1330 1844 1385 merito

237 1428 294 1477 et
315 1420 599 1477 ebrietatis
625 1419 850 1490 idolum,
875 1428 931 1479 et
956 1422 1205 1479 mmchize
1230 1422 1439 1496 asylum
1468 1431 1589 1495 post
1618 1422 1841 1479 calicem

238 1515 636 1583 subsecutum,
665 1515 855 1587 dequo
876 1516 1006 1572 nihil
1029 1516 1284 1574 libentius
1306 1516 1479 1584 bibas,
1498 1532 1657 1590 quam
1684 1532 1841 1576 ovem

238 1607 579 1675 pmnitentim
608 1607 879 1664 secundat.
925 1607 994 1664 At
1030 1623 1132 1681 ego
1181 1609 1302 1681 ejus
1330 1611 1567 1681 pastoris
1613 1608 1843 1682 scriptu-

238 1713 357 1755 ram
395 1699 613 1766 baurio,
639 1702 729 1772 qui
754 1712 861 1756 non
886 1706 1066 1771 potest
1092 1701 1281 1774 frangi.
1322 1723 1341 1756 ι
1372 1700 1606 1759 Rursum
1640 1719 1744 1759 non
1765 1702 1844 1758 ait

243 1812 265 1846 ι
293 1806 456 1863 quem
499 1794 553 1848 in
583 1793 750 1850 calice
777 1793 1151 1867 depingimus,
1178 1808 1198 1848 δ
1226 1795 1321 1852 sed
1354 1812 1374 1849 ι
1401 1810 1559 1868 quem
1594 1795 1646 1851 in
1675 1797 1843 1853 calice

1946 578 2194 649 superius
2233 577 2499 650 descripta
2550 579 2734 650 verba,
2760 581 2830 637 ibi
2860 582 3201 639 subduntur:
3238 601 3256 637 ι
3291 582 3359 640 Et
3382 582 3537 639 retuli

1946 672 2126 727 statim
2161 668 2311 728 fratri
2344 673 2455 745 (qui
2485 689 2680 745 nempe
2711 672 2856 731 illam
2886 688 3201 748 rogaverat,
3233 684 3292 734 ut
3329 678 3542 734 ostendi

1946 764 2052 820 sibi
2108 763 2365 822 divinitus
2421 778 2635 824 curaret
2660 812 2674 833 ,
2707 768 3028 826 ntoriturine
3067 778 3270 836 essent,
3311 786 3380 826 an
3408 771 3543 826 salvi

1945 856 2279 930 emittendi),
2311 869 2363 915 et
2390 861 2755 917 intelleximus
2782 863 3087 933 passionem
3112 878 3235 921 esse
3282 860 3541 930 futuram,

1946 958 2003 1009 et
2031 954 2297 1024 coepimus
2316 952 2517 1009 nullam
2541 955 2648 1024 jam
2673 969 2821 1027 spem
2855 953 2906 1010 in
2938 954 3137 1011 smculo
3156 957 3373 1013 habere.
3394 952 3545 1014 Unde

1946 1054 2128 1102 autem
2186 1045 2237 1101 id
2281 1045 2689 1116 intellexerint,
2744 1044 2939 1104 merito
2986 1048 3264 1121 Quaeritur.
3292 1044 3405 1121 Ego
3431 1050 3546 1105 exi—

1946 1136 2129 1205 stimo,
2161 1138 2288 1193 inde
2331 1139 2473 1211 quod
2523 1141 2574 1193 in
2622 1140 2832 1197 visione
2871 1138 3219 1197 adumbratos
3261 1154 3386 1213 erga
3417 1142 3546 1198 Per-

1946 1242 2169 1304 petuam
2197 1232 2331 1287 ritus
2384 1229 2556 1287 fuerat
2585 1231 2938 1288 Eucharistiae
2986 1230 3388 1293 ministrandm:
3423 1248 3544 1306 qum

1947 1339 2070 1381 cum
2104 1323 2389 1381 notissimo
2445 1332 2572 1382 tunc
2631 1340 2729 1383 usu
2759 1324 2877 1383 dari
2917 1327 3116 1383 soleret
3158 1329 3225 1384 iis
3256 1318 3389 1399 quos
3419 1339 3542 1384 cert-

1948 1429 2060 1475 tum
2120 1427 2237 1475 erat
2286 1418 2435 1476 brevi
2490 1420 2822 1490 morituros,
2877 1430 3025 1478 recte
3072 1418 3125 1477 id
3175 1423 3439 1494 Perpetua
3491 1430 3546 1478 et

1948 1515 2115 1585 ipsius
2164 1512 2331 1570 frater
2371 1514 2707 1587 interpretati
2760 1525 2905 1581 sunt,
2962 1523 3020 1573 ut
3071 1515 3424 1589 significatam
3472 1528 3542 1573 eo

1946 1606 2064 1664 visu
2092 1605 2461 1666 confessorum
2510 1604 2635 1666 mox
2662 1620 2968 1667 secuturam
2997 1622 3182 1667 necem
3210 1611 3547 1668 arbitraren-

1946 1709 2054 1756 tur.
2104 1698 2260 1758 Ritus
2312 1703 2673 1776 percCptiOItis
2703 1697 3061 1759 Eucltaristiat
3108 1716 3175 1759 eo
3196 1704 3545 1760 adumbratos

1946 1792 2207 1863 cernitur,
2232 1796 2377 1868 quod
2432 1798 2586 1870 quasi
2637 1797 2877 1854 buccella
2921 1794 3199 1870 Perpetua:
3236 1797 3542 1870 porrigitur,

237 1885 515 1957 depingis.
555 1905 578 1940 ι
630 1887 896 1943 Pra-terea
923 1929 936 1953 ,
982 1888 1129 1954 piam
1174 1888 1314 1944 hanc
1376 1889 1640 1960 picturam
1693 1896 1850 1945 vocat
1877 1894 1926 1955 Β
1954 1890 2095 1963 quod
2127 1893 2384 1963 eumipsa
2423 1892 2621 1964 accipit
2656 1892 2859 1955 junctis
2885 1891 3154 1960 manibus,
3186 1888 3329 1963 quod
3352 1889 3547 1948 deinde

246 1997 269 2034 s
298 1979 583 2036 ebrietatis
613 1978 815 2035 idolum
844 1989 897 2036 et
933 1981 1180 2038 mwcbiaa
1209 1982 1439 2055 asylum.
1476 1998 1496 2035 ι
1530 1980 1681 2038 Adeo
1706 1995 1842 2038 con-

239 2073 545 2129 tumeliosis
573 2072 754 2129 verbis
778 2086 897 2129 eam
919 2074 1144 2131 minime
1170 2074 1537 2146 proscidisset,
1564 2076 1609 2131 si
1635 2073 1844 2131 Monta-

240 2166 405 2223 nistis
427 2180 642 2239 quoque
665 2166 720 2222 in
746 2180 848 2223 usu
871 2165 1082 2233 fuisset,
1111 2178 1283 2239 eaque
1311 2178 1462 2223 sacra
1497 2180 1624 2223 vasa
1656 2182 1849 2224 ornas-

247 2268 380 2317 sent
393 2260 585 2316 Christi
609 2259 932 2332 excipiendo
952 2261 1197 2331 sanguini
1222 2259 1512 2317 destinata.
1537 2258 1694 2317 Unde
1716 2274 1848 2317 con-

255 2353 464 2425 jectura
517 2352 724 2419 existit,
783 2352 1064 2408 catholicis
1107 2353 1301 2408 ritibus
1349 2362 1621 2408 assuetam
1679 2351 1848 2410 fuisse

255 2444 593 2513 Perpetuam,
615 2456 738 2517 quae
767 2444 1043 2502 Christum
1070 2445 1468 2502 Euclturistiam
1490 2444 1615 2514 sibi,
1630 2455 1718 2501 aut
1743 2443 1851 2503 Eu-

252 2536 527 2594 charistia
552 2538 856 2610 symbolum
900 2538 1318 2606 ministrantem,
1348 2537 1452 2599 sub
1490 2538 1724 2611 pastoris
1754 2537 1851 2593 ba;

246 2627 358 2686 bitu
388 2632 621 2702 aspexit.

315 2722 592 2779 Praeterea
621 2724 667 2779 si
699 2721 947 2779 Christus
995 2725 1228 2795 pastoris
1268 2724 1505 2795 speciem
1532 2723 1850 2796 dedignatus

242 2827 487 2885 nonest,
516 2816 613 2874 sed
633 2833 756 2874 eam
791 2819 896 2874 sibi
928 2829 1034 2875 tum
1064 2821 1376 2891 frequenter
1399 2819 1846 2886 accommodavit,

240 2926 342 2968 cur
365 2912 606 2983 pastoris
623 2911 799 2968 officia
827 2912 1241 2984 dedignaretur,
1275 2912 1419 2970 inter
1441 2926 1562 2985 qum
1590 2928 1697 2970 non
1729 2914 1851 2969 uiti-

239 3021 394 3062 tuum
427 3004 609 3061 locum
641 3016 789 3062 tenet
809 3018 941 3062 oves
969 3006 1244 3079 mulgere?
1268 3008 1348 3062 An
1373 3006 1644 3063 Christum
1681 3006 1851 3079 magis

240 3100 477 3157 dedecet
533 3104 650 3158 haec
693 3102 885 3173 ﬁgura,
929 3115 1089 3171 quam
1139 3101 1224 3157 illa
1269 3102 1485 3172 gallinae
1513 3100 1687 3173 pullos
1724 3113 1851 3158 suos

239 3198 345 3254 sub
404 3197 525 3252 alas
563 3197 943 3268 eotigregantis
968 3236 983 3261 ,
1031 3196 1362 3268 eosdemque
1408 3195 1659 3261 foventis,
1688 3208 1850 3267 quam

1950 1984 2211 2053 comedit,
2249 1984 2725 2042 circumstantibus
2753 1986 2924 2042 Amen
2946 1982 3387 2042 acclamantibus.
3417 1983 3548 2055 Quae

1948 2077 2132 2134 omnia
2179 2078 2234 2134 in
2266 2074 2623 2151 Eucharistim
2653 2080 2783 2135 olim
2808 2078 3208 2135 ministratione
3237 2077 3398 2134 solita
3428 2088 3547 2134 ser-

1947 2171 2060 2227 vari
2120 2178 2298 2229 notius
2338 2183 2421 2229 est
2464 2187 2496 2229 e
2536 2170 2769 2245 plurium
2803 2173 3145 2244 antiquorum
3198 2168 3545 2236 testimOnifs,

1953 2274 2009 2321 et
2038 2262 2208 2320 sancti
2242 2267 2539 2334 praesertim
2594 2262 2863 2321 Ambrosii
2889 2307 2903 2329 ,
2927 2280 3086 2336 quam
3114 2270 3171 2320 ut
3190 2260 3547 2319 demonstrari

1949 2354 2191 2430 pluribus
2239 2372 2376 2429 opus
2420 2354 2509 2415 sit.
2544 2359 2702 2415 Certe
2728 2358 2795 2415 de
2839 2372 2939 2414 nsu
2969 2356 3344 2414 Africanarum
3372 2354 3549 2414 eccle-

1950 2452 2151 2507 siarum
2180 2451 2529 2522 peculiariter
2545 2460 2793 2516 constat,
2823 2448 3014 2507 solitas
3041 2465 3132 2505 eas
3155 2448 3548 2506 Eucharistiant

1950 2545 2261 2601 ministrare
2309 2542 2715 2602 conlessoribus
2743 2544 2798 2600 in
2839 2543 3084 2617 martyrii
3113 2543 3390 2616 procinctu
3417 2558 3550 2600 con—

1950 2638 2188 2696 stitutis:
2220 2637 2382 2709 idque
2432 2640 2499 2696 ita
2556 2638 2921 2695 necessarium
2971 2636 3261 2693 arbitratus
3305 2646 3458 2705 esse,
3493 2644 3552 2692 ut

1951 2732 2077 2791 inde
2125 2741 2503 2805 argumentum
2552 2734 2885 2805 sumpserint
2929 2730 3198 2788 scribendi
3227 2728 3293 2786 ad
3344 2729 3545 2787 Corne-

1952 2828 2083 2885 lium
2113 2840 2249 2883 rom.
2281 2824 2618 2898 pontiﬁcem,
2652 2838 2815 2882 manu
2846 2823 3061 2896 quidem
3088 2833 3144 2880 et
3188 2820 3396 2881 calamo
3426 2836 3552 2880 san-

1951 2924 2023 2980 cti
2050 2919 2327 2995 Cypriani,
2377 2923 2595 2978 nomine
2636 2929 2813 2977 autem
2841 2919 3070 2976 aliorum
3103 2930 3317 2991 quoque
3345 2926 3551 2989 septem

1952 3025 2008 3073 et
2030 3014 2245 3088 triginta
2292 3014 2676 3085 episcoporum
2732 3011 3131 3078 Africanorum,
3167 3020 3222 3067 ut
3249 3011 3386 3083 sequi
3418 3024 3553 3066 con-

1952 3108 2176 3177 suleret,
2203 3108 2430 3182 gratiam
2476 3104 2591 3163 ﬂeri
2620 3105 2751 3179 legis
2774 3104 2924 3177 prius
2953 3104 3178 3160 sancitte
3212 3103 3282 3160 de
3304 3117 3412 3159 non
3456 3102 3553 3158 ad-

1952 3200 2233 3261 mittendis
2265 3216 2521 3275 umquam
2557 3200 2641 3275 ad
2663 3200 2920 3258 Ecclesia:
2946 3208 2997 3256 et
3025 3197 3379 3255 Eucharistiae
3404 3211 3554 3254 cont-

237 3290 672 3364 benignissimus
710 3292 990 3361 Dominus,
1031 3295 1213 3364 captui
1235 3304 1297 3348 se
1327 3299 1513 3349 nostro
1540 3304 1847 3347 accommo-

1952 3298 2262 3356 munionem
2304 3299 2369 3354 iis
2416 3297 2503 3370 qui
2556 3296 2721 3354 semel
2754 3296 2805 3353 in
2836 3295 3210 3369 persecutione
3251 3294 3387 3366 lapsi
3420 3292 3553 3349 luis-

237 3385 409 3450 dans,
440 3385 668 3441 minime
714 3386 969 3456 respuit?
996 3386 1063 3441 Et
1085 3400 1216 3441 sane
1256 3382 1561 3441 imminenti
1589 3385 1849 3457 martyrio

237 3476 648 3551 praeﬁgurando
673 3479 816 3535 nulla
847 3479 1021 3551 magis
1047 3487 1169 3551 apta
1197 3477 1364 3550 figura
1382 3517 1397 3544 ,
1430 3490 1591 3547 quam
1620 3476 1850 3548 pastoris

239 3586 374 3629 ores
400 3571 716 3643 mulgeutis.
746 3572 861 3643 Qua
905 3573 1050 3628 enim
1082 3573 1359 3629 alacritate
1411 3577 1594 3642 pastor
1621 3585 1653 3628 e
1680 3586 1851 3627 mant-

241 3666 345 3721 tuis
379 3665 567 3721 ovium
610 3665 699 3720 lae
747 3666 1004 3737 exprimit
1029 3705 1044 3733 ,
1096 3664 1285 3720 eadem
1307 3664 1514 3721 evenis
1554 3674 1847 3738 ntartyruut

242 3759 570 3828 sanguinem
588 3757 840 3815 Christus
859 3759 1036 3815 bonus
1059 3767 1242 3829 pastor
1252 3758 1484 3830 excepit.

312 3854 381 3909 tl.
416 3853 575 3908 Circa
604 3853 897 3909 secundam
946 3851 1319 3909 difficultatem
1349 3862 1516 3924 pauca
1548 3852 1665 3910 haec
1692 3852 1854 3911 habet

247 3945 387 4000 idem
418 3943 508 4002 Cl.
551 3943 864 4001 ﬂolstanius
892 3960 907 3999 ε
938 3960 958 3999 t
995 3944 1161 4001 Multa
1209 3945 1315 4002 dici
1366 3956 1582 4018 possent
1637 3946 1706 4002 de
1749 3960 1851 4003 usu

248 4038 403 4093 tactis
423 4047 480 4093 et
528 4038 708 4094 mellis
752 4039 1053 4111 symbolice
1079 4039 1483 4095 oatechumeuis
1523 4038 1640 4095 dari
1669 4039 1848 4107 solito,

250 4143 313 4185 ex
338 4129 643 4204 ﬂesycbio,
674 4130 728 4185 in
753 4130 997 4187 Exodum
1024 4146 1146 4203 pug.
1174 4132 1303 4200 257,
1343 4141 1401 4188 et
1429 4128 1764 4189 Tertulliauo
1785 4133 1853 4191 de

248 4220 491 4288 Corona,
524 4238 646 4293 pag.
692 4223 813 4291 121,
845 4224 988 4281 Edit.
1021 4224 1243 4296 Riguit.,
1276 4225 1364 4280 ubi
1395 4225 1521 4281 dicit
1556 4243 1570 4279 ε
1602 4224 1778 4283 Laetis
1801 4236 1854 4285 et

254 4316 440 4370 mellis
460 4317 803 4374 concordiam
832 4328 1245 4392 prtegustamus.
1267 4320 1402 4378 Vide
1428 4321 1847 4395 Albaepinuzutn,

255 4404 337 4463 lib
366 4422 427 4471 ιι,
448 4407 723 4467 Observat.
753 4412 960 4467 ultima.

326 4504 448 4561 Sed
471 4504 554 4562 his
587 4506 757 4562 multo
773 4506 922 4579 plura
949 4508 1098 4564 addit
1119 4508 1172 4564 in
1193 4507 1616 4581 Paralipomeuis
1636 4510 1703 4567 ad
1728 4508 1856 4569 Hol-

241 4599 415 4655 stenii
466 4609 620 4657 notas
658 4598 848 4658 Petrus
894 4601 1189 4668 Pessinus,
1219 4614 1444 4674 quaque
1494 4602 1655 4661 etiam
1685 4602 1855 4677 magis

1953 3401 2096 3458 sent,
2129 3390 2382 3463 quoniam
2416 3398 2541 3447 tunc
2570 3406 2633 3446 ex
2661 3389 2727 3446 iis
2769 3384 2920 3445 multi
2955 3390 3006 3445 in
3035 3387 3410 3462 paenitentiam
3451 3401 3552 3442 nu-

1952 3498 2107 3541 mero
2137 3485 2347 3557 scripti,
2377 3500 2406 3540 a
2436 3485 2593 3541 novis
2619 3482 3054 3555 persecutoribus
3101 3480 3549 3557 periclitarentur,

1953 3585 2029 3643 et,
2059 3586 2116 3633 ut
2143 3554 2314 3634 resse
2361 3554 2649 3647 habebant,
2666 3575 2813 3634 brevi
2842 3592 2942 3649 pro
2984 3572 3184 3631 Christi
3219 3554 3555 3631 confessione

1953 3668 2311 3727 interficiendi
2336 3668 2651 3727 viderentur
2680 3685 2695 3735 ;
2728 3668 2921 3740 quibus
2953 3667 3004 3723 in
3039 3666 3320 3740 procinctu
3370 3665 3555 3737 agonia

1955 3764 2169 3836 positis,
2197 3764 2452 3836 denegari
2498 3773 2815 3819 consuetum
2841 3761 3093 3817 viaticum
3125 3760 3371 3832 corporis
3396 3756 3555 3814 Chri-

1955 3858 2023 3913 sti
2042 3855 2202 3913 nimis
2229 3865 2346 3912 erat
2394 3854 2768 3910 inhumanum.
2800 3852 2878 3909 Ex
2920 3853 3022 3909 hac
3050 3852 3297 3924 epistula,
3325 3862 3444 3921 qua:
3472 3863 3531 3905 se

1955 3942 2130 4005 cunila
2158 3946 2250 4004 lib.
2283 3962 2301 4003 ι
2329 3946 2468 4018 apud
2514 3942 2841 4018 Cyprianum
2885 3955 3006 4011 est,
3058 3940 3302 4014 qua-dam
3349 3940 3556 3996 adseri-

1956 4042 2103 4107 bam,
2140 4041 2206 4097 ad
2231 4038 2393 4096 fidem
2420 4039 2497 4096 rei
2521 4052 2679 4112 quam
2713 4046 3007 4095 tractamus
3034 4028 3332 4093 faciendam
3363 4048 3558 4101 Oppor-

1957 4145 2083 4193 tuna
2122 4155 2135 4192 :
2165 4154 2184 4187 ι
2213 4134 2318 4192 Sed
2368 4146 2491 4190 cum
2518 4177 2530 4197 ,
2559 4132 2825 4205 inquiunt,
2870 4128 3145 4189 videamus
3182 4132 3323 4187 diem
3372 4143 3557 4185 rursus

1954 4228 2176 4284 alterius
2217 4225 2573 4282 infestationis
2608 4224 3036 4296 apprOpinquare
3066 4223 3318 4295 coepisse.
3358 4229 3413 4277 et
3441 4235 3560 4277 cre-

1955 4323 2070 4381 bris
2101 4329 2260 4395 atque
2288 4318 2518 4394 assiduis
2545 4318 2944 4375 ostensionibns
2968 4317 3379 4384 admoneamur,
3410 4325 3467 4371 ut
3488 4315 3557 4371 ad

1954 4426 2254 4483 certamen,
2285 4412 2427 4485 quod
2483 4412 2634 4468 nobis
2688 4410 2862 4467 hostis
2922 4410 3131 4472 indicit.
3162 4410 3361 4467 armati
3386 4418 3439 4464 et
3467 4424 3560 4480 pa-—

1956 4510 2060 4566 rati
2092 4510 2303 4564 simus:
2360 4506 2569 4579 plebem
2625 4507 2789 4562 etiam
2845 4504 3001 4561 nobis
3045 4502 3226 4561 divina
3250 4502 3559 4575 dignatione

1956 4603 2301 4661 cetnmissam
2340 4596 2807 4657 exhortationibus
2852 4598 3054 4655 nostris
3088 4608 3474 4671 prmparemus,
3503 4604 3560 4649 et

240 4689 551 4748 conferunt
577 4694 644 4748 ad
689 4693 1003 4750 solvendam
1029 4693 1298 4763 obiectam
1351 4695 1507 4751 nobis
1535 4710 1563 4750 a
1596 4696 1857 4767 Basnagio
1880 4694 1935 4758 D
1961 4706 2153 4754 omnes
2195 4697 2416 4752 omnino
2456 4694 2655 4751 milites
2681 4690 2885 4749 Chrisd
2930 4695 3018 4765 qui
3050 4707 3197 4749 arma
3224 4690 3555 4758 desiderant,

239 4784 645 4843 difficultatem:
674 4805 695 4839 ι
714 4786 783 4843 Et
796 4785 866 4843 de
892 4795 1194 4853 caseo,etc..
1219 4804 1238 4839 ι
1268 4787 1346 4842 Ad
1375 4786 1490 4844 haec
1512 4787 1852 4860 verba,quod

240 4888 505 4935 notatum
564 4880 618 4935 in
673 4879 936 4936 Holstenii
989 4879 1211 4937 schedia
1235 4880 1411 4952 reperi
1454 4882 1857 4940 delactecate-

241 4973 542 5030 chttmenis
566 4974 684 5029 dari
712 4974 894 5041 solito,
920 4986 1027 5030 non
1073 4970 1273 5030 sullieit
1308 4973 1375 5031 ad
1402 4976 1726 5031 sementium
1751 4973 1855 5031 loci

241 5066 660 5134 declarandam,
690 5077 746 5123 et
798 5068 902 5123 alia
937 5067 1021 5122 itis
1058 5066 1434 5138 adiuncturum
1464 5067 1631 5125 fuisse
1673 5076 1857 5125 aucto-

240 5173 393 5226 rem,
424 5160 471 5215 si
500 5159 746 5216 ultimam
780 5159 903 5217 huic
927 5161 1080 5232 operi
1128 5174 1346 5216 manum
1386 5161 1649 5231 potuisset
1677 5163 1852 5234 impu-

242 5268 405 5318 nere,
437 5253 685 5309 declarat
703 5255 939 5324 spatium
968 5266 1120 5325 pura-
1149 5254 1354 5311 charta:
1384 5254 1453 5310 ab
1480 5262 1547 5311 eo
1575 5255 1632 5312 in
1659 5253 1855 5313 advers

242 5350 431 5413 sariis,
482 5355 607 5417 post
633 5346 749 5401 haec
773 5360 891 5418 quae
920 5345 1301 5417 descripsimus
1349 5356 1548 5402 sancta:
1578 5347 1857 5418 Perpetua:

242 5441 438 5507 verba,
469 5438 747 5507 relictum,
776 5438 978 5495 ultimis
1023 5439 1276 5496 videlicet
1318 5440 1463 5494 curis
1504 5438 1854 5510 explendum.

245 5534 650 5604 Expiicaudum
683 5532 894 5590 scilicet
936 5531 1195 5599 rt-stabut,
1225 5532 1496 5603 quomodo
1514 5547 1583 5589 ex
1610 5533 1710 5589 bac
1733 5549 1860 5605 por-

254 5627 509 5682 rectione
548 5624 802 5681 buccellae
831 5638 930 5696 per
951 5622 1121 5680 visum
1177 5624 1511 5690 ministrata,
1533 5636 1852 5697 experrecta

264 5716 599 5773 intellexerit
648 5727 832 5772 sancta
884 5717 1185 5787 Perpetua,
1234 5717 1469 5789 itemque
1508 5716 1676 5774 frater
1711 5718 1851 5790 ejus,

259 5821 546 5886 postquam
572 5811 621 5866 ei
654 5825 769 5867 rem
799 5812 1054 5881 narravit,
1075 5811 1431 5884 signiﬁcatum
1458 5811 1736 5881 divinitus,
1758 5828 1855 5871 eos

269 5907 372 5977 qui
401 5917 613 5965 carcere
638 5903 1002 5964 attinebantur
1047 5917 1383 5980 nequaquam
1436 5902 1561 5966 inde
1582 5905 1857 5973 dimitten-

1959 4800 2015 4849 et
2039 4790 2278 4862 praelium
2296 4790 2559 4862 ﬂagitant,
2592 4790 2729 4845 intra
2755 4800 2929 4846 castra
2960 4785 3170 4844 Domini
3200 4782 3512 4859 colligamus
3541 4802 3555 4852 ;

1963 4883 2292 4940 necessitate
2341 4888 2569 4953 cogente
2611 4879 2922 4938 censuimus
2948 4878 3027 4937 eis
3070 4880 3161 4945 qui
3198 4877 3266 4935 de
3317 4874 3554 4934 Ecclesia

1962 4974 2172 5031 Itominl
2207 4991 2314 5030 non
2346 4983 2725 5043 recesserunt,
2758 4974 2853 5031 scd
2896 4972 3262 5043 paenitentiam
3291 4984 3473 5043 agere,
3505 4979 3557 5025 ct

1957 5068 2273 5134 lamentari,
2328 5080 2389 5121 ac
2444 5066 2729 5122 Dominum
2779 5064 3112 5137 deprecaria
3154 5064 3329 5135 primo
3376 5060 3558 5133 lapsus

1958 5162 2041 5220 sui
2071 5162 2159 5219 die
2211 5178 2316 5218 non
2365 5160 2709 5226 destiterunt,
2738 5174 2922 5231 pacem
2953 5158 3185 5214 dandam
3211 5173 3353 5226 esse,
3380 5164 3433 5213 et
3462 5172 3558 5213 eos

1960 5252 2028 5310 ad
2060 5252 2304 5325 prmlium
2350 5250 2493 5324 quod
2533 5253 2778 5331 imminet
2819 5251 3015 5307 armari
3062 5258 3117 5307 et
3158 5251 3351 5307 instrui
3400 5264 3560 5321 opor-

1960 5355 2093 5403 tere.
2114 5340 2210 5401 tEt
2230 5346 2389 5417 paulo
2417 5357 2537 5416 post
2569 5360 2584 5399 :
2615 5344 2716 5399 «At
2741 5359 2870 5401 vero
2890 5359 3036 5401 nunc
3063 5360 3168 5399 non
3195 5341 3557 5410 inllrmis,sed

1959 5438 2192 5497 fortibus
2219 5452 2327 5511 pax
2353 5440 2655 5494 necessaria
2688 5447 2792 5506 est,
2822 5452 2920 5494 nec
2946 5434 3321 5505 morientibus,
3350 5434 3442 5491 sed
3476 5435 3557 5491 vi-

1960 5533 2211 5589 rentibus
2262 5524 2684 5589 communicatio
2709 5550 2738 5589 a
2768 5533 2923 5590 nobis
2967 5530 3144 5588 danda
3189 5541 3299 5598 est,
3326 5540 3383 5586 ut
3421 5543 3558 5601 quos

1960 5628 2260 5684 excitamus
2284 5638 2339 5683 et
2364 5628 2724 5684 exhortamur
2750 5626 2817 5685 ad
2872 5628 3139 5700 praelium,
3166 5642 3272 5683 non
3319 5625 3557 5681 inermes

1957 5730 2013 5780 et
2041 5722 2213 5779 nudos
2245 5722 2651 5794 relinquamus,
2695 5722 2791 5779 sed
2844 5721 3178 5793 proiectione
3215 5717 3458 5790 corporis
3503 5727 3559 5774 et

1957 5814 2237 5886 sanguinis
2261 5814 2461 5872 Christi
2489 5817 2796 5872 muniamus
2828 5834 2840 5870 :
2873 5826 2924 5872 et
2958 5832 3081 5872 cum
3112 5813 3181 5870 ad
3201 5812 3303 5869 boc
3333 5812 3425 5866 tiat
3451 5811 3529 5865 Eu

1963 5909 2258 5984 charistia,
2300 5918 2360 5971 ut
2401 5911 2575 5984 possit
2618 5909 3004 5984 accipientibus
3044 5921 3167 5968 esse
3207 5904 3393 5976 tutela,
3421 5916 3558 5977 quos
