3988 6310
427 272 534 332 127

1595 270 2045 330 lilSSERTATIO
2083 271 2564 331 APOLOGETICA

3626 276 3721 334 1‘28

433 399 577 447 tutos
601 403 725 448 esse
773 397 960 447 contra
1002 386 1372 447 adversarium
1400 389 1668 457 volumus,
1694 387 2031 445 munimento
2057 391 2111 451 A
2208 389 2293 450 ΙΙΙ.
2329 391 2565 448 Alteram
2597 391 2880 464 Perpetua:
2907 391 3172 450 visionem
3212 391 3264 449 in
3315 392 3572 450 invidiam
3598 395 3716 452 Bas-

430 484 715 542 dominicze
748 483 1041 541 saturitatis
1086 499 1377 540 armemus.
1408 482 1541 539 Nam
1571 481 1843 554 quomodo
1870 481 2032 537 doce-

431 593 555 633 mus
580 585 673 632 aut
704 590 1060 649 provocamus
1080 591 1174 631 eos
1202 576 1255 630 in
1277 573 1621 633 confessione
1647 574 1883 630 nominis
1907 589 2032 628 san-

430 670 649 742 guinem
678 685 835 726 suum
884 667 1130 735 fundere,
1171 670 1215 723 si
1237 668 1317 725 eis
1345 667 1655 723 militaturis
1674 667 1874 723 Christi
1901 682 2030 722 san-

431 765 651 836 guinem
681 763 1044 835 denegamus?
1068 763 1173 817 Aut
1197 762 1469 834 quomodo
1494 761 1562 817 ad
1595 763 1839 835 martyrii
1870 777 2033 833 pocu-

431 855 545 914 lum
597 856 822 913 idoneos
852 856 1097 924 facimus,
1130 857 1173 910 si
1204 872 1309 912 non
1356 870 1451 912 eos
1476 860 1542 912 ad
1574 855 1861 914 bibendum
1887 856 2034 927 prius

431 952 489 1010 in
531 953 773 1010 Ecclesia
814 954 1064 1026 poculum
1098 953 1330 1020 Domini,
1356 954 1479 1025 jure
1529 951 2033 1010 communicationis

430 1048 816 1105 admittimus?
867 1047 1142 1120 Siquidem
1186 1047 1584 1123 (utaliquanto
1615 1057 1737 1118 post
1792 1044 2032 1116 additur)

433 1141 661 1199 idoneus
686 1156 809 1198 esse
857 1157 964 1197 non
1005 1151 1183 1213 potest
1211 1141 1278 1197 ad
1329 1142 1670 1215 martyrium,
1697 1140 1789 1211 qui
1843 1139 1912 1195 ab
1940 1138 2038 1194 Ec-

434 1234 601 1291 clesia
647 1250 756 1290 non
808 1243 1049 1291 armatur
1101 1234 1170 1290 ad
1201 1235 1441 1305 praelium
1486 1242 1588 1292 :et
1630 1247 1783 1289 mens
1830 1230 2032 1299 deﬁcit,

431 1343 592 1400 quam
637 1343 746 1384 non
775 1338 995 1400 recepta
1024 1327 1362 1385 Eucharistia
1392 1328 1550 1399 erigit
1574 1338 1629 1383 et
1654 1325 1955 1383 accendit.»

504 1421 633 1478 Haec
681 1436 804 1478 esse
834 1438 941 1478 non
994 1422 1175 1478 abnuo
1218 1421 1480 1492 praeclare
1508 1430 1671 1490 atque
1707 1419 1913 1490 optime
1940 1433 2035 1473 ex-

432 1515 689 1587 cogitata,
713 1524 769 1571 et
795 1530 913 1586 qua:
939 1516 1149 1586 possint
1169 1513 1417 1585 Basnagii
1445 1512 1698 1582 scrupulo
1724 1509 2037 1583 plenissime

432 1606 967 1679 satisfacere,aliqua
1018 1616 1198 1665 tamen
1248 1606 1497 1676 adjiciam
1527 1604 1613 1662 Cl.
1637 1605 1755 1660 viro
1797 1620 1903 1660 non
1934 1605 2034 1659 ob-

432 1710 649 1757 servata
678 1716 800 1773 quae
827 1715 1044 1756 omnem
1071 1700 1140 1755 ab
1185 1699 1289 1755 hoc
1315 1699 1438 1755 loco
1454 1698 1808 1755 olfensionem
1853 1713 2034 1753 remo-

2136 486 2327 556 nagius
2372 496 2528 541 vocat
2572 486 2658 543 his
2708 486 2888 543 verbis
2920 506 2935 543 :
2967 506 2988 540 ι
3044 487 3348 545 Notabilius
3400 488 3553 555 illud,
3590 492 3722 562 quod

2134 591 2254 648 cap.
2280 578 2369 641 Ill.
2398 577 2503 651 52,
2528 578 2792 648 Perpetua
2810 591 3015 638 narrat.
3044 600 3068 633 ι
3098 581 3282 638 Exivit
3305 581 3529 653 quidam
3548 591 3719 639 contra

2135 668 2442 743 Egyptius,
2473 670 2651 727 foedus
2696 672 2899 742 Specie,
2954 688 3078 729 cum
3129 672 3479 744 adjutoribus
3501 675 3609 730 suis
3631 691 3723 745 pu-

2133 774 2394 835 gnaturus
2421 780 2652 820 mecum.
2680 764 2916 821 Veniunt
2943 775 3000 823 et
3026 765 3095 822 ad
3124 781 3211 823 me
3233 766 3612 824 adolescentes
3636 767 3720 824 dc-

2134 855 2270 920 cori,
2300 855 2577 926 adjutores
2602 867 2658 912 et
2707 857 2967 916 favitores
2992 858 3097 917 mei
3128 877 3142 913 :
3171 868 3228 916 et
3252 860 3552 932 exspoliata
3592 876 3719 931 sum,

2135 958 2191 1005 et
2216 949 2353 1005 facta
2404 966 2527 1006 sum
2581 952 2873 1008 masculus.
2907 971 2928 1006 ι
2962 952 3404 1025 Proceditigitur
3428 952 3725 1028 cumEgy-

2136 1043 2250 1115 ptio
2275 1043 2343 1100 ad
2364 1060 2599 1117 pugnam
2631 1045 2898 1117 Perpetua
2927 1061 3063 1104 sexu
3093 1057 3324 1114 mutato,
3353 1047 3594 1104 victoriae
3614 1064 3722 1118 pre-

2137 1138 2269 1192 tium
2313 1147 2599 1209 acceptura
2630 1158 2649 1191 ι
2678 1155 2889 1196 ramum
2922 1140 3172 1207 viridem,
3203 1142 3256 1196 in
3283 1156 3397 1212 quo
3422 1152 3579 1198 erant
3599 1144 3724 1199 mala

2136 1244 2319 1285 aurea.
2346 1230 2411 1285 Et
2434 1232 2589 1303 petiit
2636 1232 2914 1289 silentium
2944 1242 3001 1288 et
3034 1232 3174 1289 dixit
3203 1249 3218 1286 :
3246 1232 3350 1290 Hic
3377 1233 3660 1306 Egyptius
3684 1237 3724 1291 si

2138 1322 2277 1378 hanc
2304 1323 2515 1390 vicerit,
2556 1323 2772 1381 occidet
2810 1324 2959 1380 illam
3011 1324 3194 1396 gladio
3222 1342 3239 1392 ;
3271 1336 3331 1381 et
3356 1326 3403 1381 si
3427 1325 3572 1383 hunc
3596 1328 3725 1383 vice-

2138 1416 2230 1484 rit,
2267 1417 2497 1487 accipiet
2526 1433 2734 1475 ramum
2760 1421 2941 1474 istum.
2970 1418 3039 1475 Et
3059 1420 3303 1477 recessit.
3337 1418 3408 1475 Et
3420 1420 3723 1479 accessimus

2137 1508 2206 1564 ad
2236 1509 2468 1565 invicem
2494 1551 2511 1576 ,
2558 1520 2617 1566 et
2642 1512 2908 1584 coepimus
2948 1515 3165 1568 mittere
3210 1527 3446 1584 pugnos.
3478 1512 3571 1569 Ille
3608 1514 3724 1569 mihi

2141 1601 2306 1671 pedes
2333 1602 2745 1674 apprchendere
2781 1605 3081 1676 quaerebat,
3104 1620 3208 1677 ego
3252 1617 3439 1663 autem
3477 1606 3554 1662 illi
3581 1606 3724 1662 calci-

2140 1694 2241 1751 bus
2268 1694 2459 1753 faciem
2481 1697 2779 1755 ctedebam.
2816 1717 2838 1752 ι
2874 1697 3125 1756 Haecine
3144 1710 3273 1757 sunt
3301 1701 3514 1772 Spiritu
3540 1700 3721 1758 Sancto

434 1794 659 1853 vehunt.
691 1795 875 1869 Primo
900 1794 1082 1865 itaque
1107 1796 1360 1860 observo,
1387 1794 1563 1850 simile
1586 1793 1715 1865 quid
1747 1806 2035 1848 occurrere
2066 1796 2114 1855 B
2140 1788 2300 1862 digna
2328 1792 2352 1845 ?
2398 1791 2675 1850 Similiane
2724 1794 3004 1866 prophetis
3034 1797 3225 1853 obtulit
3255 1813 3514 1870 umquam
3540 1799 3564 1854 ?
3586 1799 3724 1855 Scili-

434 1889 492 1944 in
519 1888 668 1944 Actis
692 1889 863 1943 sancti
883 1886 1113 1960 Philippi
1143 1887 1380 1959 episc0pi
1408 1886 1774 1954 Heraclensis,
1817 1894 1874 1941 et
1893 1901 2038 1941 mar-

438 1978 593 2056 tj'ris,
629 1970 684 2038 in
713 1982 908 2053 quibus
939 1981 1167 2038 llermes
1193 1982 1311 2053 ejus
1339 1981 1599 2037 diaconus
1645 1980 1739 2052 qui
1781 1994 1883 2036 una
1912 1994 2036 2035 cum

434 2076 554 2148 ipso
579 2076 895 2146 martyrium
923 2091 1019 2149 per
1062 2077 1238 2149 ignem
1262 2075 1654 2133 consummavit
1673 2116 1689 2143 ,
1719 2090 1905 2131 necem
1935 2074 2039 2131 sibi

436 2179 588 2228 certo
626 2180 868 2241 paratam
914 2185 1036 2226 esse
1080 2170 1203 2236 hac,
1243 2171 1318 2226 uti
1348 2180 1551 2238 narrat,
1581 2168 1915 2227 revelatione
1938 2183 2036 2225 co-

435 2262 624 2333 gnovit
645 2260 723 2333 (1)
757 2278 772 2320 :
805 2281 824 2315 ι
854 2261 968 2317 Hoc
993 2277 1081 2317 me
1124 2277 1430 2334 passurum,
1462 2262 1571 2317 Deo
1593 2276 1656 2317 ac
1677 2260 2037 2331 Dontinojam

437 2365 563 2413 ante
581 2356 958 2418 annuntiante.
977 2372 1335 2428 cognoveram
1359 2356 1692 2413 revelatione
1712 2356 2036 2413 certissima.

438 2448 571 2506 Nam
604 2464 727 2505 cum
773 2448 919 2505 dulci
950 2464 1147 2521 sopore
1191 2449 1477 2506 devinctus
1498 2448 1762 2519 iacerem,
1787 2447 2041 2504 columba

437 2543 572 2601 mihi
600 2545 713 2600 visa
752 2553 836 2600 est
861 2547 1019 2599 niveo
1048 2543 1284 2599 candore
1306 2541 1606 2614 perlucida,
1635 2540 1942 2601 cubiculum
1972 2540 2041 2595 il-

440 2635 537 2693 lud
592 2637 863 2709 ingressa,
916 2636 1096 2692 subito
1143 2636 1195 2693 in
1250 2634 1429 2692 medio
1468 2634 1643 2705 capite
1682 2633 2039 2690 consedisse:

438 2747 560 2805 qua:
584 2740 640 2788 et
665 2731 791 2787 inde
837 2730 1170 2788 descendens
1198 2732 1249 2786 in
1282 2739 1490 2801 pectus,
1518 2743 1672 2786 escas
1694 2728 1823 2784 mihi
1850 2728 2044 2799 gratis-

443 2824 569 2881 simi
607 2824 712 2879 cibi
744 2822 1002 2889 oﬁ‘erens,
1036 2822 1218 2879 statim
1247 2822 1475 2895 cognovi
1495 2821 1636 2892 quod
1666 2836 1752 2877 me
1784 2821 2043 2878 Dominus

441 2931 636 2974 vocare
664 2916 916 2988 dignatus
945 2925 1049 2983 est,
1082 2928 1135 2972 et
1170 2916 1388 2984 dignum
1438 2914 1626 2971 habuit
1673 2915 1941 2986 passione.
1981 2936 2000 2968 ι

515 3010 769 3067 Secundo
798 3010 1055 3075 observo,
1101 3026 1208 3066 non
1247 3010 1429 3066 dicere
1470 3009 1793 3081 Perpetuam
1836 3024 1896 3065 se
1935 3008 2045 3064 fra-

443 3114 690 3176 tremque
716 3120 874 3161 suum
905 3120 971 3161 ex
1002 3104 1116 3160 sola
1148 3103 1762 3175 buccellteporrectione
1788 3103 1868 3177 (ut
1906 3102 2043 3158 Pos-

2139 1892 2224 1938 cet
2250 1898 2313 1940 ea
2334 1884 2444 1940 visa
2474 1896 2599 1940 sunt
2627 1887 2820 1957 quibus
2849 1903 3062 1947 sacrum
3089 1889 3259 1946 Joelis
3303 1892 3726 1948 accommodetur

2140 1978 2441 2035 oraculum.
2470 1978 2707 2035 Montani
2754 1981 2932 2051 potius
2959 1982 3206 2039 redolent
3231 1984 3507 2041 ofﬁcinam
3536 1984 3722 2040 somnia

2142 2070 2431 2142 ejusmodi,
2460 2073 2689 2129 ecstasis
2718 2073 2835 2145 ejus
2883 2074 3155 2132 simillima
3180 2117 3198 2143 ,
3225 2093 3332 2148 qua
3379 2077 3722 2136 Tertullianus

2142 2163 2335 2235 probat
2358 2165 2595 2222 animam
2623 2181 2747 2224 esse
2765 2169 2910 2224 aerei
2930 2169 3129 2227 coloris
3149 2180 3206 2228 et
3229 2170 3424 2229 forma
3451 2188 3550 2246 per
3561 2175 3720 2229 omnia

2142 2255 2414 2313 humanm.
2465 2278 2483 2311 ι

2215 2350 2338 2407 Tria
2362 2360 2492 2408 sunt
2534 2353 2716 2425 igitur,
2745 2371 2867 2425 qua:
2910 2357 3179 2429 praecipue
3227 2358 3283 2413 in
3337 2359 3440 2417 hac
3470 2361 3716 2433 Perpetem

2142 2444 2355 2500 visione
2402 2443 2730 2517 Basnagium
2776 2448 3028 2506 videntur
3055 2450 3354 2508 offendere.
3390 2452 3448 2508 1⁰
3474 2452 3566 2509 Illa
3588 2468 3716 2509 sexus

2146 2537 2199 2593 in
2223 2538 2486 2609 Perpetua
2516 2541 2771 2609 mutatio;
2801 2542 2861 2597 2°
2888 2542 3138 2599 Victoriae
3191 2546 3424 2614 pretium
3454 2561 3630 2602 ramus
3654 2546 3720 2600 ri-

2145 2631 2277 2687 ridis
2329 2647 2451 2688 cum
2503 2634 2661 2689 malis
2704 2636 2917 2703 aureis;
2972 2636 3031 2692 5⁸
3081 2636 3254 2694 Lucta
3293 2638 3575 2711 Perpetua:
3621 2652 3720 2693 cum

2144 2723 2513 2798 Egyptio.Ad
2529 2725 2645 2783 haec
2668 2728 2879 2799 singula
2901 2741 3189 2802 antequam
3219 2732 3594 2804 respondeam,
3615 2729 3721 2787 illud

2146 2819 2443 2889 generatim
2474 2818 2674 2889 dicam,
2704 2821 2963 2892 plurimas
3015 2840 3123 2881 non
3155 2826 3321 2881 modo
3342 2842 3467 2898 quae
3496 2827 3548 2881 in
3574 2826 3722 2880 since-

2147 2911 2221 2967 ris
2248 2922 2543 2985 martyrum
2564 2913 2711 2970 Actis
2728 2924 2785 2971 et
2803 2925 3113 2973 sanctorum
3135 2916 3630 2989 bistoriis,—aliisque
3653 2917 3722 2971 in-

2147 3004 2324 3063 dubia:
2347 3007 2471 3064 ﬁdei
2499 3011 2883 3078 monumentis,
2910 3011 3003 3068 sed
3034 3013 3090 3068 in
3116 3015 3287 3069 sacris
3306 3028 3523 3086 quoque
3549 3012 3721 3068 utrius-

2148 3116 2253 3170 que
2280 3100 2611 3159 Testamenti
2659 3103 2811 3160 libris
2851 3115 3224 3171 recensentur,
3247 3107 3488 3164 visiones
3506 3121 3568 3162 ac
3591 3118 3722 3161 reve-

450 3199 573 3254 sino
594 3207 650 3254 et
696 3207 883 3269 postea
922 3196 1183 3269 Basnagio
1228 3198 1402 3252 visum
1434 3196 1537 3268 est)
1567 3212 1689 3252 mox
1738 3206 2041 3251 secuturam
2072 3200 2117 3264 ρ
2151 3192 2381 3251 lationes
2429 3197 2761 3268 contemptui
2788 3212 2948 3267 posse
2993 3214 3059 3254 ac
3087 3200 3324 3261 ludibrio
3354 3200 3510 3256 facile
3533 3196 3721 3270 exponi,

448 3306 636 3348 necem
688 3290 1044 3348 intellexisse.
1077 3290 1269 3345 Omnia
1315 3305 1435 3361 qum
1477 3288 1705 3352 viderat,
1737 3287 1886 3343 fratri
1919 3288 2049 3343 Per-

446 3395 612 3458 petua
667 3384 895 3441 retulit:
932 3382 1101 3439 multo
1131 3393 1309 3439 autem
1364 3382 1592 3438 clariora
1637 3382 1789 3453 signa
1839 3381 2050 3438 viderat

446 3478 643 3535 futurae
666 3480 959 3550 passionis;
988 3494 1052 3534 ex
1095 3478 1287 3550 quibus
1316 3476 1499 3548 quidni
1549 3478 1746 3533 clarius
1769 3475 2045 3532 intellexe-

446 3575 575 3643 rint,
602 3595 622 3628 ι
646 3576 949 3647 passionem
981 3588 1102 3629 esse
1121 3572 1352 3628 futuram
1376 3572 1400 3627 ?
1429 3591 1447 3624 ι
1482 3571 1704 3631 Viderat
1729 3571 1927 3626 scalam
1949 3586 2049 3626 an-

446 3682 597 3723 ream
627 3666 782 3722 mira:
829 3664 1215 3737 magnitudinis
1249 3664 1636 3735 pertingentcm
1660 3678 1827 3735 usque
1846 3662 1913 3718 ad
1940 3677 2051 3719 cce-

448 3759 583 3827 lum,
610 3759 746 3815 etin
783 3759 1038 3813 lateribus
1077 3756 1239 3812 scalze
1283 3772 1443 3811 omne
1470 3771 1639 3826 genus
1684 3754 2045 3810 ferramento-

448 3869 570 3909 rum
613 3852 856 3907 inﬁxum.
900 3852 1066 3907 Erant
1123 3848 1196 3905 ibi
1246 3848 1675 3920 gladii,lanceze,
1724 3847 1890 3912 bami,
1940 3862 2055 3903 ma-

450 3948 665 4003 cbazrar.
702 3944 925 4000 Viderat
973 3943 1075 3999 sub
1116 3944 1230 4014 ipsa
1261 3942 1405 3997 scala
1446 3940 1737 3998 draconem
1768 3941 2052 3997 cubantem

453 4040 606 4096 mirm
632 4035 1037 4109 magnitudinis,
1061 4038 1153 4105 qui
1204 4033 1619 4090 ascendentibus
1645 4031 1867 4087 insidias
1896 4046 2055 4101 para-

455 4132 547 4189 bat
575 4142 630 4187 et
658 4130 986 4193 exterrebat,
1040 4144 1107 4183 ne
1147 4127 1527 4183 ascenderent.
1556 4124 1779 4180 Viderat
1802 4124 2056 4180 Saturum

455 4224 869 4291 ascendentem,
901 4223 955 4277 in
982 4232 1143 4292 caput
1177 4221 1338 4276 scalae
1387 4220 1818 4291 pervenientem,
1852 4227 1907 4272 et
1934 4216 2060 4272 inde

456 4335 516 4375 se
557 4319 720 4375 etiam
749 4315 828 4372 ad
869 4330 1155 4372 ascensum
1196 4314 1563 4367 invitantem.‘
1588 4309 1810 4364 Viderat
1852 4324 1910 4363 se
1936 4323 2058 4362 cum

456 4414 691 4485 primum
739 4411 898 4468 scalae
948 4409 1173 4481 gradum
1198 4408 1485 4474 calcasset,
1518 4413 1682 4476 caput
1726 4403 1887 4459 etiam
1920 4403 2062 4459 illius

457 4506 711 4565 draconis
759 4506 1079 4561 calcantem.
1131 4501 1354 4557 Viderat
1399 4499 1632 4570 denique
1676 4496 1952 4554 Christum
2005 4498 2060 4553 in

2150 3286 2195 3340 si
2224 3288 2336 3358 ipsa
2359 3304 2456 3360 per
2483 3304 2604 3347 sese
2629 3291 2874 3363 symbola
2902 3302 3236 3363 spectentur,
3257 3305 3449 3352 etnon
3478 3308 3648 3350 eorum
3671 3287 3723 3343 ad

2150 3398 2242 3439 res
2296 3383 2505 3440 divinas
2552 3395 2606 3441 et
2632 3386 2978 3458 incorporeas
3011 3398 3171 3458 σχέσις
3207 3399 3264 3445 et
3309 3387 3582 3445 habitudo.
3628 3384 3721 3440 lmo

2154 3489 2259 3530 non
2301 3474 2355 3531 in
2380 3476 2680 3535 visionibus
2707 3487 2916 3536 tantum
2955 3490 3013 3536 et
3058 3481 3287 3540 internis
3318 3479 3722 3542 revelationibus,

2153 3570 2248 3625 sed
2296 3572 2347 3626 in
2372 3573 2672 3631 actionibus
2699 3589 2914 3646 quoque
2961 3574 3292 3646 propheticis
3330 3586 3386 3634 et
3442 3574 3570 3646 legis
3598 3583 3723 3628 cere.

2154 3664 2350 3719 moniis
2375 3665 2543 3720 multa
2565 3677 2710 3734 sunt,
2741 3684 2863 3737 qua:
2887 3670 3015 3726 vani
3033 3679 3089 3727 et
3113 3671 3335 3741 superbi
3366 3669 3605 3727 homines
3625 3675 3724 3719 cum

2155 3758 2265 3813 risu
2295 3759 2424 3814 olim
2469 3771 2819 3829 exceperunt,
2871 3772 2927 3820 et
2979 3764 3277 3822 etiamnum
3327 3762 3590 3828 derident,
3610 3754 3725 3830 quod

2157 3866 2249 3908 cas
2277 3868 2374 3923 per
2409 3867 2533 3911 sese
2569 3865 2885 3926 spectarunt
2938 3873 3037 3914 nec
3080 3857 3148 3915 ad
3189 3873 3377 3914 carum
3403 3854 3645 3931 mysticas
3661 3865 3729 3904 ra-

2160 3945 2334 4002 tiones
2359 3947 2727 4005 attenderunt.
2747 3947 2903 4007 Unde
2925 3948 3121 4006 factum
3150 3961 3256 4016 est,
3284 3962 3479 4024 utque
3497 3948 3609 4003 aliis
3626 3942 3726 4011 5νί-

2160 4037 2266 4093 ritu
2296 4050 2486 4095 sancto
2512 4042 2728 4111 indigna
2751 4083 2766 4107 ,
2800 4041 2978 4113 inepta
3007 4053 3063 4098 et
3093 4043 3324 4100 ridicula
3349 4044 3461 4100 visa
3495 4048 3629 4103 sunt,
3656 4032 3727 4087 alii

2164 4129 2353 4186 honori
2385 4143 2439 4188 et
2468 4132 2811 4190 admirationi
2851 4122 3172 4203 habuerint,
3213 4146 3269 4194 et
3308 4150 3517 4194 summa
3539 4142 3730 4188 venera-

2165 4223 2311 4279 tione
2332 4226 2600 4293 prosecuti
2622 4226 2752 4295 sint,
2773 4227 2915 4298 quod
2942 4227 3016 4283 illi
3045 4228 3251 4286 scilicet
3265 4245 3375 4286 non
3401 4228 3531 4284 ultra
3552 4225 3599 4281 id
3613 4216 3730 4293 quod

2166 4315 2416 4371 sensibus
2438 4318 2709 4388 objectum
2759 4329 2865 4385 est,
2898 4322 3136 4378 animum
3170 4321 3518 4388 intenderint,
3550 4317 3601 4373 bi
3626 4324 3730 4368 vero

2167 4409 2389 4468 latentia
2432 4429 2648 4485 quoque
2677 4414 2731 4470 in
2763 4414 2914 4470 hisce
2944 4415 3127 4485 figuris
3170 4416 3449 4489 mysteria.
3472 4407 3730 4469 seduloin-

2166 4504 2579 4575 vestigaverint.
2611 4504 2667 4561 Id
2708 4506 2852 4578 quod
2897 4508 3061 4564 etiam
3087 4507 3332 4565 videmus
3360 4509 3413 4566 in
3457 4507 3556 4562 hac
3590 4504 3730 4557 inter-

460 4602 649 4659 habitu
694 4600 928 4671 pastoris
973 4612 1102 4654 oves
1162 4596 1532 4666 mulgentem,
1578 4603 1688 4649 etc.
1721 4595 1913 4648 Annon
1946 4591 2063 4648 hzec
2090 4606 2142 4667 ι)
2171 4599 2427 4667 pretanda
2493 4599 2778 4671 Perpetua:
2843 4601 3175 4658 revelatione
3237 4601 3542 4673 contigisse.
3603 4584 3729 4662 θυοδ

461 4695 645 4751 omnia
697 4694 848 4763 signa
878 4698 1035 4746 erant
1085 4695 1351 4746 secutura:
1398 4686 1549 4742 necis
1581 4684 2064 4741 manifestissima?

461 4788 571 4844 Cur
596 4801 726 4857 ergo
757 4786 1024 4849 volumus,
1054 4799 1121 4838 ex
1150 4782 1264 4838 sola
1289 4780 1634 4852 porrectione
1660 4778 1914 4835 buccellae
1936 4795 2065 4835 san-
2096 4786 2105 4797 ‘

463 4891 584 4937 ctos
613 4889 880 4952 martyres
934 4876 1265 4932 intellexisse
1301 4875 1405 4929 sibi
1455 4884 1688 4929 mortem
1739 4874 2068 4929 imminere?

465 4973 747 5045 Subjnngit
802 4970 1042 5043 quidem,
1086 4980 1143 5023 ut
1185 4966 1444 5023 Pessinus
1494 4967 1769 5032 observat,
1802 4977 1926 5037 post
1978 4966 2067 5021 illa

465 5071 652 5134 verba,
686 5086 705 5119 ι
744 5076 797 5121 et
824 5066 893 5122 de
914 5080 1096 5130 caseo,
1122 5061 1267 5133 quod
1294 5059 1585 5131 mulgebat,
1623 5069 1756 5125 etc.,
1792 5080 1813 5113 ι
1843 5059 2069 5132 subjun-

466 5166 565 5238 git,
596 5165 836 5234 inquam,
867 5161 1127 5231 Perpetua
1162 5174 1173 5209 :
1216 5175 1234 5210 ι
1264 5157 1328 5212 Ει
1353 5155 1513 5211 retuli
1532 5155 1713 5211 statim
1740 5153 1890 5210 fratri
1923 5168 2069 5220 meo,

470 5270 521 5316 ct
556 5256 919 5314 intelleximus
950 5252 1256 5324 passionem
1283 5265 1406 5307 esse
1452 5249 1709 5305 futuram.
1743 5268 1762 5301 ι
1790 5252 1859 5305 At
1880 5264 2071 5321 quem-

478 5349 770 5410 admodum
801 5362 907 5402 non
949 5345 1002 5400 id
1035 5354 1237 5400 tantum
1289 5343 1471 5400 retulit
1513 5341 1664 5398 fratri
1712 5342 1853 5414 quod
1883 5343 2083 5398 ultimo.

475 5447 596 5503 loco
624 5444 853 5509 viderat,
892 5440 1088 5511 porrigi
1118 5454 1310 5509 nempe
1332 5438 1437 5494 sibi
1468 5436 1765 5493 bttccellam
1791 5437 1967 5504 lactis,
1998 5438 2073 5492 ita

474 5555 581 5596 non
611 5554 676 5594 ex
702 5537 806 5591 hoc
856 5534 1010 5607 signo
1041 5542 1246 5589 tantum
1280 5530 1658 5589 intellexerunt
1701 5548 1720 5582 ι
1768 5530 2072 5602 passionem

476 5649 597 5693 esse
622 5632 873 5689 futuram.
905 5648 926 5683 ι

554 5838 631 5911 (1)
674 5837 827 5910 Apud
849 5834 1093 5893 Ruinart.
1120 5832 1338 5910 ἰιιξΑτιῖε
1362 5835 1543 5892 sincer.
1576 5833 1606 5905 §
1635 5833 1722 5889 15.

2170 4692 2314 4747 enim
2345 4692 2506 4747 modo
2538 4693 2857 4766 Basnaginm
2881 4693 3126 4760 offendit,
3156 4694 3289 4751 olim
3318 4687 3583 4763 Augustini
3608 4695 3729 4739 men-

2174 4795 2280 4839 tem
2308 4784 2538 4841 miriﬁce
2563 4785 2871 4844 delectabat
2899 4786 2981 4860 (1)
3012 4803 3028 4842 :
3068 4806 3087 4838 ι
3127 4786 3383 4852 Delectat,
3408 4782 3588 4855 inquit,
3615 4776 3729 4847 piam

2173 4889 2407 4934 tuentem
2442 4879 2548 4936 tale
2597 4880 2964 4951 spectaculum
3005 4882 3274 4947 contueri,
3297 4879 3453 4951 quale
3474 4874 3569 4931 sibi
3601 4870 3727 4925 beam

2172 4969 2437 5042 Perpetua
2478 4970 2548 5028 de
2584 4986 2645 5027 se
2684 4973 2798 5043 ipsa
2850 4973 3143 5029 revelatum
3170 4986 3291 5029 esse
3318 4967 3563 5031 narravit,
3587 4964 3728 5016 virum

2172 5080 2234 5122 se
2256 5066 2448 5122 factam
2476 5074 2716 5122 certasse
2743 5082 2865 5121 cum
2893 5066 3128 5122 diabolo.
3152 5066 3248 5122 lllo
3268 5067 3460 5136 quippe
3476 5050 3728 5116 certamin

2175 5163 2229 5218 in
2258 5163 2431 5217 virum
2460 5159 2758 5231 perfectum
2776 5159 2939 5215 etiam
2964 5160 3077 5230 ipsa
3100 5159 3370 5221 currebat,
3394 5156 3444 5211 in
3464 5152 3727 5231 mensuram

2176 5258 2357 5337 artatis
2384 5228 2736 5328 plenitudinis
2759 5228 2997 5311 Christi.
3016 5273 3038 5308 ι
3084 5254 3155 5311 Et
3178 5253 3231 5310 in
3278 5252 3643 5309 aliosermoue
3674 5228 3727 5286 ad

2178 5351 2429 5411 eamdem
2476 5349 2756 5421 Perpetua:
2791 5348 3055 5405 visionem
3090 5348 3355 5410 alludens,
3387 5338 3567 5398 similia
3598 5338 3727 5426 repit:

2180 5446 2245 5500 ut
2284 5442 2390 5514 (2).
2428 5462 2447 5495 ί
2483 5442 2623 5512 Quid
2653 5441 2798 5498 enim
2829 5440 3115 5511 gloriosius
3142 5438 3226 5494 his
3250 5435 3478 5498 feminis,
3512 5427 3725 5519 qna-if":

2182 5510 2448 5594 mirantur
2488 5510 2695 5591 facilius
2762 5510 2923 5605 quam
2973 5531 3300 5589 imitantur?
3338 5526 3438 5587 Sed
3477 5523 3571 5578 hoc
3610 5510 3725 5610 illius

2184 5629 2523 5703 potissimum
2570 5627 2686 5683 laus
2718 5634 2823 5692 est,
2860 5626 2915 5681 in
2942 5641 3101 5698 quem
3128 5626 3422 5686 credentes,
3453 5626 3503 5673 et
3524 5614 3571 5668 in
3603 5609 3725 5670 ουιιιε

2259 5748 2337 5820 (1)
2369 5748 2547 5805 Serm.
2575 5748 2701 5813 281,
2733 5748 2807 5806 al.
2839 5748 2907 5803 de
2932 5746 3182 5820 diversis,
3209 5746 3334 5803 104.

2262 5821 2341 5895 (2)
2361 5822 2539 5881 Serm.
2567 5820 2697 5891 280,
2718 5820 2791 5877 al.
2821 5820 2894 5880 de
2910 5819 3160 5887 diversis,
3192 5820 3316 5877 105.
