3950 6310
208 269 324 330 ³129

1075 273 1212 331 PRO
1240 274 1338 332 SS.
1382 265 1771 336 PERPETUA,
1813 265 2224 329 FELICITATE
2263 265 2356 328 ET
2387 270 2626 332 SOCIIS.

3412 277 3518 336 150

211 387 433 444 nomine
473 385 615 444 ﬁdeli
651 387 830 444 studio
873 398 1280 456 concurrentes,
1331 389 1626 445 secundum
1677 385 1893 445 inte-A
1920 384 2211 443 mandante
2263 387 2468 459 Spiritu
2490 394 2678 442 sancto
2725 394 2993 458 suscepta,
3023 387 3091 443 ab
3132 388 3414 461 impiorum
3442 391 3519 446 ir-

209 481 412 535 riorem
440 479 712 536 hominem
743 496 842 537 nec
862 483 1132 536 masculus
1161 497 1261 537 nec
1288 481 1482 536 femina
1530 481 1816 536 inveniun-

211 581 324 639 tur,
354 582 410 626 ut
434 573 596 627 etiam
628 573 680 628 in
711 573 794 628 his
820 589 941 644 quae
964 585 1092 630 sunt
1129 575 1344 630 femina:
1369 590 1619 645 corpore,
1643 574 1814 629 virtus

209 670 410 722 mentis
433 681 620 723 sexum
643 669 821 724 carnis
846 668 1162 736 abscondat,
1191 678 1244 724 et
1277 669 1327 724 in
1361 669 1616 724 membris
1641 669 1818 740 pigeat

207 760 467 830 cogitare,
501 759 644 829 quod
676 759 730 814 in
763 759 919 816 factis
948 776 1056 816 non
1088 761 1258 832 potuit
1281 775 1560 831 apparere.
1613 781 1631 813 ι

279 853 393 908 Cur
419 867 546 908 vero
575 853 847 926 Basnagio
889 854 1229 926 displicuerit
1262 855 1503 909 victoria:
1535 853 1816 924 prtemium

209 963 362 1004 ramo
387 948 542 1004 viridi
571 948 732 1005 malis
759 949 940 1005 aureis
963 957 1158 1005 ornato
1183 949 1476 1020 designari,
1505 949 1635 1003 satis
1662 947 1816 1018 equi-

210 1040 332 1096 dem
361 1023 645 1112 percipere
689 1057 798 1097 non
853 1057 1095 1113 possum.
1144 1044 1336 1098 Annon
1385 1042 1528 1097 enim
1579 1040 1819 1097 Joannes

213 1135 541 1206 evangelista
569 1136 620 1190 in
656 1146 950 1208 martyrum
984 1135 1236 1192 manilius
1261 1136 1468 1208 palmas
1496 1135 1669 1191 vidit?
1705 1155 1724 1188 ι
1754 1134 1822 1190 Et

222 1230 403 1300 palma:
430 1272 452 1296 ,γ
498 1230 704 1301 inquit,
738 1231 791 1286 in
848 1232 1098 1287 manibus
1147 1246 1357 1288 eorum.
1392 1252 1411 1286 ι
1456 1231 1512 1288 Si
1564 1232 1821 1288 victorias

221 1331 509 1393 martyrum
539 1322 590 1376 in
618 1322 807 1392 palmis
837 1321 1174 1380 adnmbravit
1206 1324 1438 1396 Spiritus
1461 1335 1698 1390 sanctus,
1723 1340 1822 1380 cur

212 1429 389 1470 ramus
417 1414 610 1470 viridis
631 1415 870 1486 ejusdem
899 1417 1138 1472 victoria:
1165 1427 1322 1490 typus
1349 1434 1469 1475 esse
1498 1434 1600 1473 non
1629 1421 1824 1490 potuit?

280 1506 397 1562 Non
427 1518 551 1563 erat
575 1508 738 1564 etiam
787 1525 883 1565 cur
936 1509 1216 1580 Perpeture
1259 1512 1399 1567 lucta
1445 1527 1566 1568 cum
1607 1511 1823 1569 diabolo

214 1599 346 1656 adeo
375 1601 682 1672 Basnagius
727 1600 1114 1672 oﬂenderetur,
1146 1613 1204 1659 ut
1246 1604 1339 1675 qui
1388 1603 1575 1661 Jacobi
1622 1605 1821 1660 lnc’tam

208 1710 330 1750 cum
381 1696 582 1766 angelo
630 1696 827 1768 saepius
859 1695 1067 1768 legerit.
1101 1701 1294 1753 Annon
1338 1700 1515 1766 enim,
1545 1699 1722 1756 sinon
1754 1699 1823 1755 ad

1916 480 2211 538 visionibus
2261 492 2522 546 tueretur,
2555 481 2787 538 similem
2841 490 2897 538 et
2923 498 3020 538 nos
3043 497 3255 554 semper
3285 495 3338 540 et
3363 485 3522 542 facile

1917 574 2344 645 cxcogitabimus
2383 576 2449 630 ad
2479 575 2761 646 Perpetua:
2791 576 3053 632 visionem
3099 579 3170 634 ab
3192 579 3355 648 ipsius
3386 579 3521 634 Bas-

1919 667 2060 735 nagii
2119 668 2552 724 cavillationibus
2606 667 2978 724 vindicandam
3013 688 3025 725 :
3057 670 3159 726 nisi
3192 671 3326 726 forte
3357 672 3526 742 majo-

1921 776 2034 816 rem
2086 761 2138 815 iii
2197 761 2521 818 dormientis
2601 763 2846 838 quamvis
2902 763 3232 834 propheticis
3276 766 3522 833 somniis,

1920 867 2079 924 quam
2111 853 2162 907 in
2197 855 2529 926 vigilantium
2559 853 2890 926 propheticis
2928 855 3057 910 item
3101 856 3400 912 actionibus
3425 857 3524 914 de-

1921 948 2153 1002 centiam
2180 949 2606 1019 gravitatemque
2633 949 2894 1019 requirat.

1994 1037 2330 1110 Quamquam
2353 1048 2408 1094 et
2439 1039 2570 1094 illud
2595 1040 2817 1096 minime
2847 1041 3385 1111 prietermittendum,
3421 1044 3523 1098 im-

1922 1131 2218 1203 prudenter
2241 1141 2424 1202 petere
2438 1131 2783 1204 Basnagium,
2807 1142 2864 1188 ut
2886 1133 3006 1188 huic
3021 1133 3302 1205 Perpetua:
3326 1134 3523 1190 visioni

1923 1224 2083 1278 aliam
2111 1224 2333 1280 omnino
2374 1225 2606 1280 similem
2642 1225 2696 1280 in
2726 1226 2897 1282 sacris
2945 1227 3097 1283 libris
3145 1228 3520 1283 exhibeamus.

1926 1315 2039 1372 Hoc
2093 1319 2236 1372 enim
2287 1330 2603 1390 argumento
2645 1336 2836 1376 omnes
2863 1319 3035 1378 ferme
3076 1321 3128 1376 in
3159 1322 3523 1393 suspicionem

1925 1410 2195 1466 adducere
2228 1413 2425 1482 poterit
2450 1424 2761 1469 sanctorum
2793 1414 3026 1470 visiones
3055 1430 3174 1486 qua:
3208 1417 3260 1470 in
3291 1415 3529 1472 historiis

1925 1503 2305 1559 ecclesiasticis
2359 1504 2686 1560 referuntur.
2717 1506 2834 1562 Non
2881 1506 3075 1563 multas
3113 1508 3256 1564 enim
3294 1509 3531 1579 reperiet

1929 1600 2214 1653 recensitis
2263 1600 2315 1654 in
2371 1601 2543 1657 sacris
2581 1602 2729 1657 libris
2759 1602 2982 1657 omnino
3031 1601 3256 1658 similes.
3282 1603 3529 1660 Oblatam

1928 1702 2116 1746 sancto
2136 1691 2410 1764 Cypriane
2442 1693 2604 1748 futuri
2637 1694 2883 1767 martyrii
2911 1695 3296 1752 revelationem
3328 1696 3380 1751 in
3412 1699 3528 1768 ejus

211 1788 472 1860 mysticas
511 1787 668 1859 hujus
698 1788 824 1846 facti
873 1791 1108 1848 rationes
1135 1793 1494 1859 auendamus,
1529 1794 1698 1865 magis
1729 1794 1822 1850 ab.
1851 1793 1900 1855 B
1929 1783 2049 1839 Vita
2089 1783 2312 1840 Pontius
2342 1785 2602 1841 diaconus
2632 1787 2818 1856 relert,
2852 1787 2939 1843 Olli
2976 1788 3176 1843 nullam
3207 1790 3428 1845 omnino
3457 1790 3532 1845 Sl-

212 1884 439 1940 surdum
468 1883 642 1940 videri
687 1884 902 1955 poterit,
937 1885 1209 1942 hominem
1244 1903 1349 1942 non
1381 1888 1699 1952 insomniis,
1727 1888 1822 1944 sed

212 1979 548 2048 vigilantem,
575 1986 741 2032 totam
788 1986 1004 2033 noctem
1051 1979 1241 2034 luctari
1282 1996 1405 2035 cum
1438 1981 1580 2036 bono
1610 1982 1820 2053 angelo,

211 2089 374 2143 qnam
403 2083 645 2127 sanctam
686 2072 942 2128 feminam
977 2074 1166 2129 luctari
1198 2075 1251 2129 in
1296 2077 1524 2131 somniis
1556 2091 1674 2132 cum
1706 2077 1822 2132 dia-

209 2168 382 2224 bolo?
412 2167 566 2235 Quod
613 2168 656 2222 si
687 2182 796 2224 non
821 2167 1096 2240 indignum
1132 2169 1230 2224 fuit
1256 2170 1459 2240 Spiritu
1490 2180 1700 2239 sancto,
1744 2173 1828 2228 lu-

209 2272 305 2317 cta
353 2260 540 2316 Jacobi
584 2276 703 2316 cum
741 2261 937 2332 angelo
985 2263 1271 2334 mysticum
1301 2263 1426 2334 quid
1454 2263 1777 2321 adumbrare
1805 2307 1821 2333 ,

211 2371 318 2412 cur
337 2356 537 2426 quaerit
562 2354 851 2427 Basnagius
881 2371 949 2411 an
989 2355 1149 2428 digna
1194 2357 1353 2413 fuerit
1401 2356 1603 2428 Spiritu
1639 2368 1828 2416 sancto

221 2449 394 2506 oblata
427 2448 708 2518 Perpetua
732 2449 888 2515 visio,
919 2465 1024 2521 qua
1079 2450 1179 2505 sibi
1232 2452 1517 2506 videbatur
1563 2454 1826 2508 adversus

220 2541 493 2598 diabolum
547 2541 872 2598 decertare?
922 2542 1031 2597 Cur
1073 2544 1234 2598 etiam
1263 2545 1456 2614 quaerit
1517 2560 1583 2598 an
1632 2546 1826 2602 similia

229 2649 472 2705 umquam
507 2635 786 2706 prophetis
837 2634 1070 2705 Spiritus
1097 2637 1238 2692 idem
1277 2651 1496 2695 saueius
1527 2639 1830 2695 obtulerit?

227 2726 423 2782 Obtulit
449 2727 621 2793 enim,
652 2736 712 2782 ut
751 2728 1003 2784 vidimus.
1027 2729 1164 2798 Quid
1220 2730 1362 2786 enim
1422 2731 1674 2798 interest,
1701 2732 1830 2787 dor-

219 2820 436 2877 miendo
463 2836 533 2874 an
581 2820 849 2892 vigilando
873 2821 1108 2877 Jacobus
1134 2825 1471 2893 etl’erpetua
1503 2826 1683 2881 luctati
1717 2826 1829 2882 fue-

220 2915 348 2980 rint,
382 2914 477 2970 ille
503 2929 626 2969 cum
658 2915 870 2987 angelo,
904 2916 990 2971 illa
1039 2932 1160 2972 cum
1218 2918 1434 2974 diabolo
1464 2921 1486 2972 '?
1516 2920 1714 2976 fiamus
1745 2921 1825 2976 vi-

219 3006 352 3062 ridis
402 3018 659 3077 tanquam
701 3008 943 3066 victoria:
988 3011 1219 3081 pretium
1270 3012 1548 3082 Perpenna
1597 3016 1826 3085 oblatus,

216 3102 404 3158 simile
431 3101 557 3173 quid
587 3101 748 3157 etiam
783 3101 962 3167 habet,
993 3111 1050 3158 ut
1080 3103 1308 3160 vidimus
1370 3106 1421 3160 in
1452 3108 1730 3164 canonicis
1776 3119 1832 3166 et

1927 1875 2110 1930 milem
2162 1876 2444 1947 prophetis
2489 1877 2683 1932 obtulit
2712 1893 2968 1950 umquam
3016 1879 3248 1950 Spiritus
3287 1889 3529 1936 sanctus.

1929 1966 2076 2023 Hauc
2126 1969 2288 2040 igitur
2331 1969 2383 2024 in
2432 1970 2736 2040 exemplum
2792 1970 3056 2027 adducam
3088 1990 3102 2027 :
3140 1990 3158 2024 ι
3197 1971 3276 2027 Eo
3313 1972 3401 2028 die
3425 1989 3534 2045 quo

1928 2062 2160 2131 primum
2192 2067 2240 2117 in
2271 2063 2418 2118 exilii
2445 2063 2565 2120 loco
2588 2066 2884 2120 mansimus
2911 2063 3056 2138 (nam
3075 2076 3127 2122 et
3154 2081 3239 2122 me
3270 2067 3409 2124 inter
3430 2067 3531 2122 do-

1929 2156 2183 2212 meslicos
2234 2157 2462 2212 comites
2505 2157 2744 2229 dignatio
2791 2158 3069 2214 eharitatis
3098 2159 3214 2232 ejus
3255 2160 3534 2233 delegerat

1929 2249 2144 2304 exulem
2193 2249 2590 2317 voluntarium,
2642 2249 2786 2321 quod
2835 2252 3040 2307 utinam
3087 2263 3142 2309 ct
3194 2253 3246 2308 in
3279 2256 3534 2325 passione

1932 2340 2175 2396 licuisset
2205 2343 2218 2395 !
2253 2343 2298 2412 ),
2335 2344 2582 2414 apparuit
2639 2343 2768 2398 mihi
2792 2385 2807 2411 ,
2860 2345 3050 2416 inquit,
3085 2347 3320 2401 nondum
3357 2350 3533 2406 somni

1928 2433 2109 2503 quiete
2139 2434 2351 2505 sopito,
2403 2435 2617 2506 juvenis
2664 2436 2803 2492 ultra
2855 2438 3070 2492 modum
3120 2440 3405 2494 enormis:
3441 2442 3533 2512 qui

1930 2545 2051 2584 cum
2097 2546 2186 2586 me
2225 2533 2378 2603 quasi
2409 2533 2474 2587 ad
2500 2533 2810 2602 praetorium
2858 2532 3101 2599 duceret;
3141 2534 3358 2590 videbar
3396 2537 3532 2592 mihi

1933 2627 2186 2683 tribunali
2235 2629 2473 2686 sedentis
2519 2639 2629 2684 tum
2681 2631 3018 2701 proconsulis
3066 2631 3364 2688 admoveri.
3397 2633 3444 2690 Is
3476 2643 3536 2690 ut

1933 2725 1984 2777 in
2016 2738 2104 2778 me
2145 2724 2402 2794 respexit,
2436 2734 2698 2780 annotare
2728 2725 2909 2779 statim
2937 2725 3096 2796 coepit
3127 2726 3177 2780 in
3209 2726 3387 2782 tabula
3410 2743 3535 2784 sen-

1934 2817 2154 2870 tentiam
2198 2831 2357 2886 quam
2391 2833 2498 2872 non
2543 2817 2800 2872 sciebam.
2834 2817 2976 2872 Nihil
3005 2819 3146 2872 enim
3171 2818 3348 2875 deme
3375 2821 3535 2878 solita

1934 2909 2352 2981 interrogatione
2405 2911 2711 2981 quaesierat.
2767 2910 2872 2967 Sed
2928 2913 3070 2967 enim
3119 2911 3354 2982 juvenis,
3383 2915 3535 2985 quia

1937 3009 2084 3073 tergo
2113 3003 2232 3074 ejus
2261 3004 2461 3077 stabat,
2497 3003 2788 3060 admodum
2833 3007 3078 3062 curiosus
3120 3007 3244 3080 legit
3276 3009 3536 3082 quidquid

1935 3098 2112 3155 fuerat
2160 3113 2494 3158 annotatum.
2534 3103 2600 3157 Et
2629 3105 2752 3175 quia
2782 3104 2906 3160 inde
2937 3105 3115 3162 verbis
3138 3109 3380 3177 proferre
3427 3125 3536 3166 non

221 3195 711 3266 genuinisSpiritus
727 3197 900 3252 sancti
927 3197 1362 3266 revelationibus,
1386 3201 1586 3270 palmas
1607 3203 1831 3269 scilicet,
1862 3195 1908 3259 C
1943 3203 2173 3263 Ιιοίθνῧῑ,
2207 3205 2338 3250 ηυῑιι
2393 3195 2700 3252 άεοῖθτέπιιθ
2750 3199 3088 3266 ιηοηειΐίινίίν
3115 3199 3239 3271 quid
3267 3200 3318 3255 ῖιι
3343 3202 3538 3258 “ueris

225 3303 363 3358 quas
394 3286 445 3341 in
473 3289 721 3344 manibus
756 3301 1056 3362 martyrum
1083 3290 1322 3347 Joannes
1352 3292 1503 3348 vidit.
1535 3294 1708 3350 Sexus
1735 3296 1827 3351 de-

219 3381 384 3452 nique
412 3383 642 3438 mutatio
674 3382 806 3438 nihil
832 3383 975 3439 aliud
1016 3384 1259 3452 denotat,
1291 3395 1349 3440 ut
1379 3389 1706 3458 Augustinus
1733 3391 1830 3446 ob-

217 3485 424 3539 servat.
452 3492 616 3546 quam
647 3476 788 3547 quod
831 3479 1125 3547 Apostolus
1177 3480 1390 3551 scripsit
1424 3498 1436 3535 :
1473 3501 1491 3542 ς
1525 3481 1579 3536 1η
1613 3483 1828 3540 Christo

219 3571 368 3639 Jesu,
402 3589 583 3643 neque
603 3575 900 3631 masculum
927 3591 1050 3632 esse
1077 3593 1252 3649 neque
1294 3577 1544 3633 feminam
1566 3596 1580 3644 ;
1605 3588 1697 3634 iet
1718 3595 1828 3635 non

219 3668 395 3722 solum
427 3666 720 3734 masculos,
742 3666 837 3724 sed
867 3669 1028 3724 etiam
1061 3669 1290 3725 feminas
1340 3671 1572 3727 evadere
1598 3687 1697 3742 per
1723 3673 1829 3726 vir-

223 3759 344 3814 tutis
392 3760 866 3828 exercitationem,
897 3779 915 3812 ‹
959 3760 1260 3817 secundum
1317 3761 1626 3818 interiorem
1657 3763 1830 3818 homi-

219 3868 343 3910 nem
377 3855 433 3908 in
456 3853 630 3908 virum
665 3853 980 3924 perfectum,
1011 3855 1063 3910 in
1104 3870 1412 3910 mensuram
1456 3859 1629 3913 aetatis
1661 3857 1834 3928 pleni-

221 3946 424 4002 tudinis
447 3945 676 4002 Christi.
721 3949 802 4001 An
833 3962 962 4018 ergo
989 3947 1261 4019 indignum
1295 3949 1390 4003 fuit
1415 3948 1617 4020 Spiritu
1647 3961 1833 4006 sancto

221 4041 448 4112 mystica
480 4038 687 4094 visione
711 4040 1015 4110 significare
1041 4041 1183 4112 quod
1227 4042 1468 4113 mysticis
1488 4042 1666 4098 verbis
1691 4043 1832 4097 Pau-

226 4134 304 4190 lus
359 4133 888 4204 expresserat?Sed
931 4149 1108 4190 annon
1161 4135 1299 4191 idem
1343 4135 1573 4206 Spiritus
1614 4146 1835 4194 sanctus

221 4224 370 4296 quod
404 4241 499 4294 per
537 4223 728 4279 Isaiam
759 4225 825 4281 de
853 4227 1092 4296 gentium
1125 4229 1480 4284 conversione
1526 4229 1626 4285 sub
1654 4231 1836 4287 diver-

230 4319 313 4372 sis
366 4320 630 4374 variarunt
686 4320 997 4375 animalium
1052 4322 1240 4392 figuris
1273 4366 1286 4388 ,
1342 4323 1836 4395 metaphoricisque

235 4409 427 4467 verbis
473 4413 822 4483 pradixerat,
876 4415 1218 4485 postmodum
1272 4417 1657 4486 Apostolorum
1687 4419 1836 4490 prin-

227 4507 366 4579 cipi,
387 4506 550 4563 linteo
573 4509 674 4579 ipsi
705 4508 759 4563 in
785 4509 991 4565 visione
1015 4509 1257 4565 exhibito
1298 4512 1474 4568 omnis
1501 4514 1715 4583 generis
1737 4514 1836 4568 im-

1933 3285 2126 3342 tabulce
2173 3287 2314 3344 illius
2346 3289 2655 3346 haberetur.
2691 3291 2847 3347 Manu
2877 3293 3019 3348 enim
3052 3310 3287 3366 expansa
3309 3307 3361 3352 et
3383 3313 3536 3353 com-

1931 3381 2142 3451 planata
2175 3382 2242 3437 ad
2285 3395 2452 3454 spata:
2505 3385 2745 3452 modum,
2779 3388 2940 3444 ictum
2972 3391 3145 3446 solitae
3191 3373 3537 3451 animadver-

1931 3474 2100 3530 sionis
2130 3476 2388 3545 imitatus,
2425 3479 2567 3548 quod
2616 3479 2837 3537 volebat
2890 3482 3139 3556 intelligi,
3174 3485 3240 3541 ad
3270 3487 3438 3543 instar
3469 3488 3534 3542 li-

1932 3568 2082 3638 quidi
2131 3571 2398 3625 sermonis
2444 3573 2730 3642 expressit.
2766 3573 3017 3631 Intellexi
3046 3579 3375 3634 sententiam
3415 3595 3540 3650 pas-

1933 3663 2102 3716 sionis
2149 3661 2408 3718 futuram.
2460 3665 2675 3737 Rogare
2709 3669 2849 3740 cmpi
2879 3680 2935 3726 et
2967 3682 3149 3740 petere
3179 3674 3458 3743 continuo,
3485 3683 3542 3731 tit

1933 3755 2121 3810 dilatio
2165 3757 2298 3812 mibi
2337 3757 2421 3813 vel
2453 3761 2612 3815 unius
2659 3759 2766 3816 diei
2813 3771 3216 3832 prorOgaretur,
3249 3767 3420 3822 donec
3450 3783 3540 3824 res

1936 3865 2084 3906 meas
2113 3851 2346 3922 legitima
2361 3853 2697 3909 ordinatione
2724 3855 3089 3926 disponerent.
3115 3857 3182 3911 Et
3206 3873 3329 3914 cmn
3354 3875 3542 3929 preces

1936 3944 2249 4015 frequenter
2299 3947 2607 4008 iterassem.
2641 3963 2827 4003 rursus
2880 3949 2932 4004 in
2973 3949 3152 4005 tabula
3177 3963 3416 4022 cmperat
3445 3968 3542 4009 ne—

1937 4038 2050 4092 scio
2076 4037 2204 4098 quid
2254 4049 2537 4096 annotare.
2571 4041 2729 4096 Sensi
2787 4050 2968 4098 tamen
3000 4043 3068 4098 de
3101 4044 3278 4099 vultus
3329 4045 3540 4102 sereni-

1939 4139 2044 4184 tate
2061 4128 2260 4199 judicis
2282 4142 2517 4187 mentem
2548 4135 2698 4204 quasi
2726 4133 2870 4205 justa
2902 4137 3161 4206 petitione
3191 4148 3539 4196 commotam.

1936 4219 2040 4276 Sed
2073 4231 2128 4276 et
2157 4221 2247 4279 illc
2272 4223 2506 4295 juvenis,
2537 4225 2628 4297 qui
2653 4227 2968 4298 jamdudum
2998 4228 3064 4285 de
3107 4230 3373 4302 passionis
3400 4233 3542 4288 indi-

1938 4317 2042 4382 cio,
2075 4327 2229 4388 gestu
2258 4320 2454 4388 potius,
2484 4336 2644 4391 quam
2702 4336 2954 4378 sermone
3006 4325 3314 4394 prodiderat
3342 4343 3356 4393 ;
3386 4325 3542 4382 clan-

1938 4409 2152 4466 destino
2181 4411 2472 4468 identidem
2496 4425 2630 4468 nutu
2661 4429 2973 4472 concessam
3004 4417 3315 4474 dilationem
3349 4437 3467 4490 qum
3486 4419 3542 4477 in

1943 4505 2240 4560 crastinum
2288 4506 2589 4578 petebatur,
2619 4509 2880 4566 contortis
2927 4521 3051 4582 post
3109 4512 3335 4568 invicem
3364 4512 3543 4584 digitis

223 4602 451 4662 mundis
497 4603 816 4660 animalibus
843 4604 1041 4661 referto
1067 4604 1391 4676 signiﬁcavi;
1418 4607 1441 4661 ζ)
1480 4608 1675 4662 Annon
1728 4624 1831 4664 sm-
1862 4601 1915 4662 D
1942 4597 2246 4669 significare
2276 4601 2604 4671 properavit.
2636 4621 2656 4654 ι
2685 4602 2820 4658 lluic
2845 4605 3066 4660 omnino
3087 4606 3318 4661 similem
3345 4606 3544 4663 frustra

225 4695 357 4767 pius
388 4696 528 4750 idem
556 4697 774 4768 spiritus
813 4708 1033 4754 sanctus
1053 4741 1067 4764 ,
1103 4700 1242 4769 quod
1275 4714 1373 4771 per
1405 4701 1692 4771 prophetas
1722 4717 1840 4757 ver-

223 4790 320 4845 bis
359 4789 649 4860 aliquando
680 4790 948 4861 prtedixit,
973 4792 1114 4847 idem
1145 4802 1199 4848 et
1241 4793 1568 4865 propheticis
1608 4795 1836 4850 actioni-

226 4883 340 4940 bus
369 4882 732 4951 adumbravit,
761 4900 886 4955 qum
913 4884 1089 4955 primo
1128 4893 1344 4955 aspectu
1380 4901 1484 4941 non
1517 4886 1647 4941 satis
1673 4885 1839 4942 videri

229 4983 470 5046 possunt
494 4991 615 5030 cum
643 4975 890 5032 decentia
918 4976 1082 5032 fuisse
1117 4977 1488 5048 gravitateque
1516 4977 1842 5048 conjuncta?

229 5066 308 5123 Ut
338 5083 461 5122 cum
489 5067 654 5124 Isaias
683 5067 857 5124 nudus
873 5068 1092 5138 jubetur
1125 5069 1422 5135 ambulare,
1461 5069 1711 5127 Ezechiel
1743 5087 1838 5142 pa-

228 5177 365 5217 nem
416 5160 722 5226 comedere.
779 5169 871 5217 aut
916 5171 1162 5232 cpertum
1190 5180 1209 5214 ε
1244 5172 1483 5218 stercore
1514 5162 1656 5234 quod
1681 5179 1839 5234 egre-

227 5256 387 5310 ditur
415 5254 482 5310 de
512 5254 750 5319 homine,
783 5274 802 5308 ι
837 5263 929 5310 aut
978 5257 1031 5309 in
1061 5255 1218 5310 boum
1247 5255 1375 5310 ﬁmo
1397 5241 1756 5323 confectum?
1787 5266 1843 5312 et

227 5349 383 5404 Osee
407 5361 624 5403 sumere
661 5348 761 5402 sibi
805 5363 1031 5402 uxorem
1084 5348 1449 5413 fornicariam,
1494 5358 1547 5402 et
1578 5348 1716 5402 filios
1739 5349 1842 5406 sibi

229 5444 423 5498 facere
467 5440 900 5496 fornicationuni.
934 5439 1071 5508 Quid
1119 5439 1477 5510 responderet
1522 5439 1837 5512 Basnagius,

228 5537 284 5594 si
322 5535 512 5590 atbeus
545 5533 740 5606 aliquis
785 5533 959 5603 ipsum
1007 5534 1403 5605 interrogaret:
1439 5533 1690 5589 llasccine
1719 5543 1844 5590 sunt

233 5630 448 5702 Spiritu
501 5639 690 5684 sancto
733 5627 943 5700 digna?
984 5626 1221 5683 lucccine
1265 5628 1358 5683 tibi
1415 5627 1664 5683 videntur
1713 5628 1844 5684 satis

235 5743 369 5782 cum
400 5728 658 5797 gravitate
681 5723 1033 5794 decentiaque
1059 5723 1344 5794 conjuncta
1369 5724 1393 5777 ?
1437 5723 1847 5795 Quamcumque

1940 4691 2180 4760 requiret
2201 4691 2491 4763 Basnagius
2519 4693 2658 4750 inter
2677 4695 3020 4766 propheticas
3045 4713 3164 4752 cum
3186 4702 3400 4766 veteris,
3429 4709 3544 4757 tum

1940 4781 2074 4836 Novi
2111 4782 2440 4839 'festameuti
2471 4786 2850 4844 revelationes.
2874 4787 3166 4860 Scriptum
3198 4789 3317 4847 loca
3347 4791 3544 4863 quibus

1943 4888 2065 4929 cum
2121 4875 2235 4930 ha-c
2263 4875 2520 4948 Cypriani
2576 4880 2710 4935 visio
2741 4882 2971 4954 aliquam
3004 4884 3215 4940 videtur
3242 4884 3440 4942 habere
3467 4888 3542 4942 si-

1946 4966 2306 5023 militudinem
2341 4971 2544 5025 notavit
2587 4971 2851 5040 Pontius;
2884 4973 2976 5030 sed
3009 4991 3114 5030 non
3173 4976 3308 5033 adeo
3361 4979 3546 5036 affinia

1947 5069 2072 5114 sunt
2119 5070 2176 5113 ut
2219 5075 2340 5131 qua:
2389 5065 2635 5132 superius
2683 5067 3056 5122 annotavimus
3084 5084 3206 5123 cum
3253 5086 3314 5125 ea
3345 5071 3411 5126 de
3441 5087 3544 5143 qua

1946 5167 2089 5207 nunc
2122 5156 2350 5226 agimus,
2374 5157 2660 5229 Perpetua:
2685 5161 3045 5229 revelatione;
3075 5163 3151 5220 sic
3179 5167 3322 5220 enim
3349 5167 3544 5226 habet:

1953 5265 1972 5299 ‹
2010 5247 2146 5315 Quid
2192 5250 2292 5305 hac
2329 5252 2667 5309 revelatione
2721 5254 3109 5312 manifestius?
3159 5259 3285 5332 quid
3337 5260 3435 5316 hac
3466 5262 3549 5319 di-

1947 5341 2203 5413 gnatione
2248 5342 2680 5404 felicius?Ante
2734 5346 2813 5402 illi
2869 5348 3125 5419 prmdicta
3180 5361 3305 5407 sunt
3343 5355 3546 5423 omnia,

1947 5451 2299 5508 qumcnmquc
2322 5441 2661 5510 postmodum
2691 5440 2979 5498 subsecuta
3009 5455 3153 5500 sunt.
3185 5445 3329 5502 Nihil
3359 5449 3426 5504 de
3453 5449 3546 5505 Dei

1945 5532 2126 5586 verbis
2181 5532 2545 5603 imminutum,
2579 5534 2712 5590 nihil
2742 5535 2811 5593 de
2845 5549 2950 5592 tam
2983 5553 3167 5595 sancta
3189 5541 3549 5612 promissione

1946 5628 2276 5683 mutilatum.
2311 5628 2533 5701 Singula
2567 5631 2799 5703 denique
2824 5634 3120 5690 secundum
3159 5637 3302 5707 quod
3332 5653 3548 5695 oswusa

1951 5732 2094 5786 sunt,
2123 5723 2512 5793 recognoscite.
2538 5723 2863 5782 Dilationem
2897 5730 3029 5798 petit
3058 5731 3298 5800 crastini,
3326 5747 3448 5789 cum
3478 5738 3548 5790 de

239 5824 414 5896 igitur
443 5824 700 5877 rationem
731 5819 1060 5891 cxcrgitaret
1086 5827 1142 5875 nt
1186 5818 1498 5890 preplielira
1553 5817 1669 5873 ha'c
1711 5829 1858 5890 gesta
1950 5815 2219 5888 passionis
2245 5820 2507 5872 sententia
2537 5820 2884 5891 cogitaretur,
2910 5822 3188 5894 postulans
3211 5832 3268 5882 ut
3312 5840 3400 5884 res
3421 5840 3546 5887 suas
