3988 6310
232 294 354 377 is:

1131 312 1268 371 pao
1303 312 1397 371 ss.
1444 308 1833 375 paupernt,
1866 292 2273 366 vetustum
2313 296 2400 367 ΕΤ
2445 304 2677 368 secus.

3451 300 3550 369 13.4

236 451 262 486 ι
302 440 487 489 utrum
519 444 654 502 puer
683 430 773 486 ille
806 436 928 501 post
945 427 1271 499 baptismum
1294 425 1682 499 persecutionis
1712 435 1849 480 tem-
1874 425 1927 485 Α
1954 420 2009 476 in
2050 422 2364 479 memoriam
2382 439 2637 482 revocare
2655 423 2936 490 doctrinm,
2960 439 3118 498 quam
3140 424 3339 496 sapius
3358 425 3555 498 legisse

238 546 261 580 ι
306 542 445 598 pore
470 542 499 581 a
522 537 674 597 patre
704 525 866 597 impio
897 540 991 596 per
1011 522 1366 579 idololatrian)
1398 521 1563 578 fuerit
1585 521 1848 577 alienatus

236 640 259 674 ι
298 637 332 677 a
348 620 592 687 Christo,
618 630 838 691 propter
853 618 994 688 quod
1018 617 1069 673 iu
1083 616 1477 673 damnationem
1499 614 1843 682 mortisierit,

236 733 258 767 ι
299 729 408 770 nec
424 713 552 769 inde
572 711 675 768 nisi
705 729 801 783 pro
826 710 1039 768 Cltristo
1065 710 1340 767 moritura:
1366 708 1570 765 sororis
1596 707 1846 781 precibus

233 826 259 861 ε
293 805 783 864 donatusexierit?
820 825 842 859 ι
884 805 1211 875 Baptismum
1234 819 1341 859 non
1381 802 1632 870 adeptum
1682 802 1847 856 fuisse

229 900 604 967 Dinoot-atem,
633 900 724 971 qui
759 899 1035 970 septennis
1051 898 1161 953 fato
1189 898 1398 954 functns
1417 905 1555 963 erat,
1586 911 1651 952 eo
1679 895 1846 965 liquet

228 994 383 1065 Quod
410 1005 468 1052 et
499 1009 658 1051 soror
683 992 801 1065 ejus
821 993 933 1064 jam
960 1005 1142 1064 nupta,
1162 992 1273 1063 jam
1320 1006 1492 1047 annos
1517 991 1655 1048 duos
1680 999 1736 1047 et
1760 988 1843 1045 vi-

232 1089 373 1160 ginti
397 1098 545 1157 nata,
580 1098 761 1145 tamen
803 1094 923 1143 erat
974 1086 1114 1142 inter
1140 1085 1575 1147 catechumenos.
1608 1094 1664 1140 et
1691 1094 1845 1155 pater

240 1196 277 1237 a
300 1182 559 1253 religione
590 1180 884 1239 christiana
925 1180 1062 1237 foret
1111 1181 1340 1237 alienus.
1371 1177 1489 1249 Quo
1516 1194 1643 1235 casu
1667 1178 1842 1249 preci-

248 1272 652 1345 busPerpetuae
683 1273 996 1330 Dinocrates
1029 1272 1243 1331 liberari
1278 1287 1384 1329 non
1413 1272 1605 1342 potuit.
1641 1271 1843 1329 Deinde

236 1383 300 1427 ex
343 1368 450 1424 hac
493 1368 707 1426 visione
759 1367 1101 1439 purgatorins
1151 1366 1287 1437 ignis
1322 1366 1671 1438 crtiugnitur.
1723 1366 1840 1425 Non

228 1464 289 1520 in
314 1463 577 1529 ﬂammis,
605 1462 700 1518 sed
724 1461 777 1517 in
806 1462 924 1517 loco
950 1460 1234 1517 tenebroso
1251 1470 1552 1516 versantem
1584 1459 1840 1515 Dinocra-

1951 513 2200 569 existimo
2239 514 2380 585 apud
2404 517 2696 574 nobiliores
2724 517 3003 590 theologos
3024 561 3041 584 ,
3078 527 3137 575 et
3163 519 3555 575 catholicarum

1952 607 2180 675 partium
2218 609 2513 665 acerrimos
2542 609 2859 667 defensoris
2884 629 2899 667 :
2926 611 3120 683 dogma
3150 612 3274 670 ﬁdei
3299 629 3404 669 non
3432 614 3555 669 esse

1950 696 2145 769 igneae
2174 713 2457 771 corporeo,
2488 717 2557 760 an
2586 702 2708 761 aliis
2747 706 2941 775 pinnis,
2972 706 3213 767 tenebris
3242 718 3387 777 puta,
3418 722 3556 764 mm-

1949 803 2071 845 rore
2088 832 2103 856 ,
2131 792 2346 849 tristitia
2372 796 2698 860 crucientur,
2724 798 2921 869 quibus
2949 814 3069 855 cum
3096 815 3167 859 ex
3199 800 3302 858 hac
3319 804 3422 860 vita
3452 801 3556 856 de-

1948 881 2148 938 cedunt
2170 925 2185 948 ,
2213 886 2415 957 aliquid
2458 899 2708 960 superest
2747 892 2799 945 in
2840 892 3016 946 futura
3048 894 3154 948 vita
3190 899 3551 968 purgandum.

1947 972 2088 1029 Sane
2118 976 2169 1030 in
2190 979 2421 1035 concilio
2446 980 2759 1040 Florentino
2798 983 2944 1039 nulla
2968 985 3139 1041 ferme
3166 985 3387 1044 Latinos
3415 991 3555 1047 inter

1947 1076 2003 1123 et
2046 1066 2265 1128 Graecos
2293 1070 2363 1128 de
2390 1072 2705 1145 Purgatorio
2733 1080 3098 1135 controversia
3140 1079 3237 1136 fuit
3260 1123 3275 1148 ,
3307 1088 3553 1155 quamvis

1947 1156 2140 1227 Graeci,
2166 1179 2186 1215 ι
2206 1162 2709 1234 Purgatoriuutmon
2730 1170 2927 1241 ignem,
2945 1171 3042 1229 sed
3056 1172 3348 1230 obscurum
3366 1192 3557 1248 quem-

1944 1253 2070 1309 dam
2101 1254 2280 1313 locum
2322 1275 2387 1315 ac
2412 1260 2656 1317 laborum
2681 1264 2894 1332 plenum
2919 1280 3042 1322 esse
3074 1277 3363 1325 censerent
3390 1290 3403 1325 :
3443 1289 3465 1325 ι
3497 1279 3555 1330 et

1946 1349 2074 1406 dum
2097 1350 2469 1423 Purgatur'tum
2491 1355 2860 1425 admitterent,
2883 1360 2965 1432 (1)
2991 1378 3011 1412 ι
3043 1362 3160 1418 sive
3197 1364 3358 1435 ignis,
3384 1366 3515 1423 illud
3532 1408 3552 1436 ,

1943 1444 2059 1501 sive
2085 1443 2412 1516 obscuritas,
2441 1452 2555 1507 sive
2584 1452 2763 1517 turbo,
2804 1453 2916 1509 sive
2943 1453 2998 1509 id
3022 1469 3195 1525 genus
3215 1457 3361 1513 aliud
3392 1459 3482 1527 sit,
3511 1478 3534 1514 ι

233 1565 345 1612 tem
372 1553 513 1611 vidit
546 1554 837 1625 Perpetua,
868 1553 971 1608 soli
1002 1568 1195 1622 patum,
1236 1568 1354 1620 quae
1379 1550 1559 1607 damni
1586 1561 1670 1607 est
1691 1594 1707 1618 ,
1733 1567 1838 1607 non
1944 1555 2051 1597 non
2067 1543 2267 1600 referre
2284 1542 2897 1614 putarent.me
2917 1546 3328 1607 ttouadmodum
3343 1550 3549 1613 θείω-ε

227 1666 429 1707 sensus
478 1648 776 1706 subditum.
808 1647 991 1718 itaque
1043 1646 1361 1703 Rninartnm
1399 1646 1468 1701 nil
1513 1654 1664 1715 Juvat
1707 1645 1840 1701 visio
1940 1647 2094 1691 δίδοτε
2129 1635 2241 1707 ipsa
2271 1637 2510 1707 εςηοόαδ
2540 1640 2751 1701 censuit
2772 1685 2786 1709 ,
2816 1656 2947 1698 cunt
2973 1641 3026 1697 itt
3058 1643 3371 1703 deﬁnitione
3398 1645 3549 1718 ﬁdei.

230 1743 353 1801 haec
388 1743 669 1816 probando
719 1753 960 1798 mortuos
992 1755 1149 1812 posse
1190 1755 1222 1797 a
1260 1738 1436 1810 pinnis
1462 1754 1596 1809 quas
1625 1739 1837 1807 patiun-
1940 1727 2030 1787 cui
2066 1731 2311 1789 ecclesiae
2352 1732 2631 1801 utriusque
2666 1735 2933 1796 ευιίειίιθε
2958 1738 3416 1810 subscripserunt,
3446 1742 3553 1804 hoc

231 1849 321 1894 tur
352 1853 450 1910 per
493 1839 739 1893 vivorum
790 1850 976 1907 preces
996 1834 1234 1891 liberari.
1266 1833 1479 1890 Etenim
1519 1848 1584 1889 ex
1616 1832 1837 1889 Latino—

1948 1830 2145 1876 tatttutn
2170 1822 2325 1878 fuerit
2340 1823 2405 1879 dc
2422 1822 3242 1905 Purgatorio.tlecrelum.....(i)
3269 1852 3293 1889 ι
3327 1835 3553 1919 Animas

228 1948 352 1987 rum
383 1931 656 1987 sententia
679 1945 837 2001 paena
862 1942 1055 1985 sensus
1079 1928 1168 1999 qui
1198 1926 1529 1997 Baptismum
1562 1925 1835 1989 consecuti

224 2033 361 2081 sunt
404 2024 509 2080 soli
552 2039 651 2094 per
674 2021 919 2078 vivorum
961 2020 1212 2092 sull‘ragia
1259 2020 1575 2078 liberantur.
1609 2019 1760 2089 Quod
1791 2021 1836 2083 si

228 2124 357 2189 post
396 2114 731 2187 Baptismum
766 2112 1078 2168 Dinocrates
1118 2111 1423 2168 idololatria
1457 2111 1690 2181 pollutus
1716 2109 1834 2179 fuit,

233 2220 298 2265 ut.
336 2209 513 2265 innuit
559 2207 910 2279 Augustinus,
952 2204 1148 2259 nullius
1180 2219 1314 2261 sane
1355 2204 1607 2276 precibus
1633 2204 1838 2263 meritis

236 2303 423 2376 pinnis
457 2301 615 2360 eximi
663 2301 855 2373 potuit.
889 2299 1127 2369 Denique
1172 2299 1497 2356 tenebrosus
1539 2299 1630 2355 ille
1660 2301 1834 2367 locus,

245 2395 340 2451 ubi
394 2395 695 2452 Dinocrates
751 2392 1146 2458 includebatur,
1176 2408 1206 2449 a
1236 2393 1554 2467 Purgatorio
1610 2408 1835 2465 prorsus

237 2489 488 2547 diversus
514 2504 856 2547 communem
884 2488 1033 2545 illum
1065 2501 1337 2545 carcerem
1378 2496 1558 2557 sonat,
1589 2487 1646 2543 in
1672 2501 1832 2559 quem

233 2598 425 2640 omnes
469 2595 668 2655 pmter
709 2591 1008 2657 martyrum
1060 2582 1268 2641 animas
1312 2581 1541 2654 conjici,
1587 2581 1836 2638 Patribus

236 2675 369 2734 bene
393 2678 579 2734 multis
620 2675 1067 2748 Hontanistisque
1101 2674 1388 2734 creditum.
1419 2675 1553 2732 llinc
1573 2676 1834 2746 scriptum

233 2768 601 2827 Tertulliauo:
632 2770 768 2829 Tota
798 2768 1033 2842 paradisi
1079 2768 1247 2825 clavis
1304 2776 1427 2823 tuus
1474 2767 1690 2838 sanguis
1727 2777 1834 2827 est.

228 2863 296 2921 Et
320 2864 471 2935 ipsos
499 2865 833 2936 patriarchas
878 2862 1105 2921 inferius
1148 2861 1377 2919 detineri
1408 2861 1632 2934 putavit,
1661 2862 1836 2920 donec

223 2975 254 3015 a
285 2957 508 3017 Christo
554 2958 928 3016 liberarentur.
960 2959 1016 3017 lit
1042 2974 1110 3015 eo
1138 2972 1376 3025 carcere,
1397 2973 1557 3029 quem
1585 2956 1836 3015 Limbum

224 3052 565 3109 recentiores
584 3046 787 3119 dicunt,
815 3052 1125 3109 Dinocrates
1153 3052 1407 3110 collocari
1439 3052 1781 3111 censebatur.
1798 3071 1832 3107 ἰ

300 3141 419 3200 VlL
454 3142 557 3199 Tot
576 3159 744 3216 nttgas
771 3159 1085 3214 numquam,
1116 3153 1267 3215 puto,
1298 3144 1379 3199 vir
1402 3144 1590 3201 doctus
1606 3141 1834 3199 eﬂ‘utiis-

1942 1916 2116 1985 pmnis
2140 1918 2462 1987 purgatnrtis
2489 1928 2612 1988 post
2635 1931 2867 1983 mortem
2892 1924 3130 1994 purgari,
3161 1935 3216 1980 et
3235 1936 3347 1981 uta
3375 1916 3551 1999 pennis

1942 2008 2249 2081 bnjusutodi
2276 2010 2586 2069 releventur
2606 2055 2624 2083 ,
2672 2014 2937 2083 prodedte
2965 2017 3043 2073 eis
3074 2018 3320 2079 vivorum
3357 2022 3552 2079 sulIra-

1939 2102 2024 2173 gia
2050 2144 2066 2171 ,
2096 2103 2384 2161 missarum
2412 2106 2621 2166 scilicet
2647 2106 2909 2165 suctilicia
2932 2150 2948 2176 ,
2998 2111 3274 2168 orationes
3321 2122 3376 2168 ct
3402 2115 3550 2172 eice-

1938 2184 2194 2267 utosynats
2218 2237 2235 2264 ,
2271 2206 2377 2253 etc.
2417 2216 2438 2251 ι
2489 2197 2574 2254 Nil
2595 2214 2727 2270 ergo
2769 2202 2970 2259 faceret
3004 2203 3074 2260 ad
3110 2203 3274 2275 hujus
3299 2205 3409 2269 loci
3438 2210 3548 2265 vim

1939 2288 2253 2347 elevandain
2276 2291 2526 2365 Basttagii
2544 2294 2868 2363 observatio,
2894 2297 3019 2353 licet
3041 2298 3203 2355 nullis
3222 2299 3546 2362 Dinocrates

1939 2388 2213 2456 corporeis
2227 2384 2461 2444 ﬂammis
2478 2389 2734 2444 arsisset:
2758 2405 2882 2449 cum
2911 2390 3064 2448 locus
3085 2394 3181 2450 ille
3194 2397 3539 2467 tenebrosus,

1940 2477 1994 2533 in
2023 2494 2131 2550 quo
2152 2495 2276 2537 eum
2301 2500 2321 2535 ι
2343 2491 2661 2541 metuentem
2684 2484 2839 2541 valde
2858 2493 2915 2541 et
2930 2485 3207 2545 sitientem
3226 2507 3251 2543 ι
3277 2489 3545 2564 Perpetua

1941 2572 2074 2629 vidit
2095 2616 2112 2639 ,
2144 2576 2348 2645 optime
2372 2576 2633 2648 congruat
2662 2592 2791 2633 cum
2819 2577 3166 2653 Pot-galeris,
3193 2587 3338 2655 quod
3365 2586 3549 2649 Graeci

1940 2664 1994 2720 in
2015 2665 2325 2725 Florentina
2343 2671 2575 2743 synodo,
2593 2670 2800 2729 Latinis
2814 2683 3546 2749 nequamtamcontratlicen-

1941 2759 2082 2816 tibus
2103 2801 2121 2827 ,
2144 2762 2499 2820 admiserunt.
2539 2765 2610 2823 Et
2633 2770 2883 2839 qumvis
2904 2770 3217 2831 Latinorum
3244 2774 3316 2830 de
3339 2791 3542 2847 corpo-

1941 2855 2048 2912 reis
2064 2852 2366 2926 Purgatorii
2388 2856 2620 2914 ﬂammis
2640 2862 2823 2932 opinio
2839 2902 2856 2928 ,
2879 2873 2938 2919 ut
2956 2864 3316 2924 Bollamtinus
3333 2869 3405 2924 ait
3437 2870 3540 2945 (ὅ),

1940 2945 2370 3016 probabilissima
2396 2950 2486 3018 sit,
2519 2950 2573 3005 in
2592 2966 2660 3007 eo
2689 2962 2901 3023 tamen,
2928 2965 2987 3010 ut
3013 2955 3158 3013 idem
3189 2958 3544 3017 Bellarmiuus

1939 3040 2096 3096 doc'et
2119 3038 2224 3115 (4),
2275 3040 2402 3099 ﬁdei
2431 3059 2642 3102 summa
2671 3061 2779 3103 non
2801 3049 3062 3106 vertitur:
3094 3063 3150 3108 et
3174 3068 3292 3110 cum
3321 3054 3545 3115 Latino-

1941 3149 2058 3190 rum
2099 3136 2355 3207 opinione
2391 3139 2674 3212 Perpetua
2702 3143 2865 3200 verba
2891 3186 2907 3213 ,
2953 3154 3013 3203 ut
3061 3148 3371 3208 observavit
3404 3152 3544 3210 Hol-

221 3244 329 3302 sm,
358 3234 464 3290 nisi
509 3234 897 3292 catholicorum
938 3236 1187 3308 dogmata
1206 3228 1582 3306 "impugnandi
1612 3234 1835 3291 libidine
1861 3238 1907 3303 C
1941 3227 2163 3295 Sienitts,
2198 3234 2441 3303 apprime
2465 3248 2784 3306 congruunt.

220 3338 380 3385 actus
412 3328 602 3386 fuisset
630 3330 681 3384 in
727 3344 987 3402 pratceps.
1019 3329 1251 3402 Liquere
1276 3330 1539 3400 imprimis
1567 3338 1715 3400 putat
1729 3329 1829 3385 ad-

221 3435 423 3478 versus
452 3422 739 3494 Augustini
768 3423 1100 3493 opinionem,
1121 3421 1461 3479 Dinocratem
1491 3421 1583 3492 qui
1622 3431 1836 3493 septeno

220 3515 307 3573 nis
332 3513 495 3578 obiit,
539 3513 872 3587 Baptismum
928 3532 1032 3571 non
1093 3516 1256 3573 fuisse
1306 3516 1588 3588 adeptum,
1614 3516 1837 3590 quodet

228 3608 442 3665 sororis
473 3610 720 3680 exemplo
762 3610 970 3681 probat,
1001 3619 1057 3668 et
1083 3625 1150 3670 ex
1192 3621 1260 3668 eo
1297 3610 1441 3681 quod
1468 3621 1620 3681 pater
1648 3627 1677 3666 a
1706 3611 1837 3667 reli-

222 3704 389 3781 gione
424 3703 722 3767 christiana
775 3703 918 3763 foret
964 3705 1194 3763 alienus.
1250 3708 1365 3779 Ego
1408 3716 1587 3769 autem
1628 3707 1836 3779 liquere

226 3807 387 3869 puto,
420 3797 750 3854 salutaribus
777 3798 936 3855 undis
971 3800 1308 3861 Dinocratem
1341 3801 1508 3858 luisse
1533 3799 1832 3870 perfusum;

226 3890 375 3961 quod
405 3905 528 3948 cum
580 3899 691 3946 tota
719 3890 999 3963 Perpetua:
1040 3890 1262 3959 familia,
1312 3901 1372 3959 ut
1416 3893 1528 3963 ipSa
1553 3893 1838 3963 perspicue

227 3990 481 4051 teStatur,
497 3982 696 4041 Christi
710 3984 1025 4055 religionem
1038 3985 1263 4053 coleret,
1283 3985 1589 4043 verosimile
1610 4003 1717 4044 non
1739 3986 1831 4052 sit,

230 4077 492 4133 sollicitos
520 4091 617 4133 eos
665 4092 769 4132 non
811 4076 998 4144 fuisse.
1031 4088 1091 4133 ut
1125 4093 1296 4152 puero
1348 4079 1707 4150 periclitanti,
1735 4094 1837 4151 per

226 4169 483 4241 baptismi
513 4180 928 4237 sacramentum,
960 4180 1248 4245 antequam
1296 4171 1604 4238 decederet,
1636 4172 1838 4231 subve-

226 4262 462 4318 niretur.
492 4260 645 4321 Unde
675 4264 882 4323 nullum
909 4274 994 4324 est
1034 4266 1255 4323 omnino
1282 4276 1662 4338 argumentum
1693 4266 1838 4338 quod

234 4369 309 4409 ex
355 4356 553 4411 sororis
592 4358 844 4428 exemplo
888 4360 1124 4416 coniicit.
1178 4360 1375 4416 Fateor
1402 4360 1570 4429 enim,
1604 4358 1834 4431 dilatum

229 4448 428 4505 multis
471 4449 588 4507 olim
644 4451 812 4511 fuisse
856 4453 1218 4525 Baptismum,
1246 4454 1349 4510 nisi
1384 4455 1508 4511 vita:
1538 4454 1837 4525 periculum

229 4543 543 4601 immineret
573 4563 586 4600 :
612 4553 669 4602 at
698 4547 785 4603 ubi
818 4546 871 4603 itt
912 4549 1159 4620 proximo
1196 4548 1508 4606 discrimine
1524 4550 1837 4609 versabatur

2010 3323 2144 3378 lllutl
2169 3326 2340 3396 utagis
2359 3329 2686 3397 mirandum,
2723 3331 2869 3403 quod
2891 3333 3188 3409 Busnagius
3228 3338 3540 3399 immediate

1937 3414 2245 3489 subjuttgit:
2270 3419 2588 3490 Perpetuam
2612 3424 2710 3477 seti
2734 3439 2930 3494 pmnm,
2949 3443 3074 3500 qua
3089 3431 3273 3488 damni
3298 3444 3401 3505 est,
3434 3450 3544 3495 non

1939 3522 2132 3593 sensus
2152 3552 2171 3576 ,
2198 3512 2473 3569 subditan
2499 3514 2698 3571 vidisse
2717 3516 3080 3578 Dinocratem.
3106 3524 3246 3592 Quid
3271 3528 3442 3599 ergo?
3469 3538 3551 3585 te-

1940 3603 2145 3673 nebrat,
2167 3605 2319 3676 sitis,
2358 3621 2526 3665 astus
2544 3652 2557 3678 ,
2588 3611 2840 3668 sordidus
2869 3616 3079 3685 vultus,
3111 3620 3264 3676 color
3292 3621 3555 3691 pallidus,

1938 3696 2134 3755 Vulnus
2158 3699 2211 3756 in
2237 3699 2376 3778 facie
2399 3743 2416 3770 ,
2447 3713 2556 3759 etc.
2582 3746 2600 3773 ,
2631 3705 2699 3761 ad
2743 3721 2956 3777 pmnam
2980 3751 2995 3777 ,
3040 3725 3161 3781 qum
3208 3712 3392 3771 damni
3424 3724 3545 3783 est,

1939 3804 2046 3846 non
2063 3805 2276 3858 sensus.
2288 3796 2562 3865 pertinere
2571 3798 2670 3854 sibi
2686 3798 2957 3856 videntur?
2970 3801 3136 3859 Pinna
3151 3804 3337 3861 damni
3351 3822 3380 3861 a
3396 3808 3554 3865 theo-

1940 3881 2075 3952 logis
2099 3885 2353 3942 delinitur
2378 3904 2394 3941 :
2425 3887 2651 3958 privatio
2676 3891 2876 3949 divina:
2899 3896 3142 3965 visionis;
3170 3913 3237 3954 an
3263 3897 3420 3956 istam
3450 3916 3547 3957 so-

1941 3974 2052 4033 lum
2084 3978 2401 4038 Diuum-ales
2422 3984 2760 4041 sustinebat?
2790 3987 2848 4043 Si
2874 3989 2950 4044 ita
2972 4001 3056 4047 est
3076 4005 3093 4056 ;
3119 4006 3251 4063 ergo
3274 4008 3399 4049 cum
3424 4009 3554 4065 pos-

1943 4079 2026 4125 tea
2047 4068 2312 4142 Perpetua
2334 4074 2595 4133 intellexit
2612 4081 2927 4137 translatum
2947 4097 3073 4141 eum
3090 4084 3259 4143 fuisse
3274 4086 3342 4143 de
3362 4100 3545 4158 pmoa,

1940 4162 2123 4221 divina
2168 4166 2376 4227 visione
2412 4182 2687 4227 recreatus
2721 4182 2824 4228 est.
2865 4174 3017 4243 Quod
3056 4187 3207 4235 certe
3250 4179 3547 4252 annagius

1942 4273 2048 4315 non
2072 4260 2353 4330 admittet;
2377 4278 2522 4332 cum,
2546 4275 2605 4322 ut
2628 4276 2801 4337 uetat,
2824 4269 3289 4343 Henmnistarttm,
3314 4293 3544 4350 quorum

1942 4350 2162 4410 beluae
2179 4366 2344 4413 sectae
2361 4360 2681 4430 Perpetuam
2696 4360 2915 4429 addicit,
2932 4364 3181 4423 doctrina
3202 4370 3384 4438 fuerit,
3398 4372 3548 4429 solos

1943 4455 2070 4501 ante
2091 4446 2234 4503 diem
2252 4448 2442 4519 judicii
2460 4452 2721 4512 solemnis
2744 4455 2797 4512 in
2820 4457 3018 4515 cretum
3032 4470 3300 4533 martyres
3324 4465 3514 4537 recipi.

2014 4537 2145 4597 illud
2171 4542 2333 4597 etiam
2365 4543 2527 4616 longe
2553 4547 2886 4619 mirabilius,
2939 4552 3085 4624 quod
3122 4554 3441 4613 Ruinartttnt
3468 4559 3548 4615 nil

225 4633 473 4693 hominis
497 4638 643 4693 salus
675 4680 692 4706 ,
719 4639 840 4711 quis
887 4648 1090 4697 tantam
1140 4640 1323 4701 credat
1350 4640 1405 4697 in
1452 4642 1649 4699 familia
1692 4643 1915 4709 citri-D
1944 4629 2083 4693 ίιθιιθ
2132 4634 2391 4695 Visulae!"
2445 4638 2642 4709 illum
2704 4641 2852 4700 dicat
2904 4648 3186 4719 probando
3242 4668 3264 4703 ‹
3302 4664 3548 4711 mortuos

223 4732 409 4784 stiana
437 4727 721 4799 desidiam,
754 4739 810 4786 ut
842 4731 984 4787 nulla
1014 4748 1107 4788 eos
1134 4734 1283 4802 pueri
1316 4734 1370 4788 in
1396 4735 1655 4803 extremis
1673 4750 1838 4806 agen-

226 4824 299 4881 tis
329 4839 464 4881 cura
498 4826 754 4897 tetigerit,
781 4827 983 4885 nullam
1026 4828 1246 4884 omnino
1273 4828 1690 4887 sollicitudinem
1719 4845 1842 4902 ges-

220 4917 425 4984 serint,
462 4929 518 4975 ut
543 4921 966 4995 regenerationis
993 4921 1208 4978 lavacro
1237 4922 1289 4978 in
1342 4930 1596 4981 extremo
1647 4923 1838 4983 saltem

222 5011 454 5081 spiritu,
484 5012 568 5077 vel
592 5013 759 5069 invito
788 5021 959 5085 patre,
982 5014 1441 5086 perfunderetur?

304 5103 517 5161 Deinde
569 5105 646 5163 ait
707 5108 1073 5177 purgatoriutn
1123 5107 1225 5164 bac
1282 5107 1568 5181 Perpetua:
1634 5111 1841 5171 visione

221 5194 414 5268 ignem
445 5196 707 5273 extingui.
736 5197 852 5255 Non
886 5200 957 5255 ita
988 5199 1161 5257 visum
1190 5209 1273 5257 est
1306 5202 1370 5259 Cl
1394 5241 1410 5255 .
1445 5201 1724 5261 Holstenio
1742 5206 1839 5277 qui

220 5288 291 5347 ad
330 5289 449 5351 hinc
490 5289 772 5371 Perpetua
802 5294 1000 5351 verba:
1042 5313 1061 5349 ‹
1090 5294 1430 5359 distuantem
1461 5298 1651 5367 valde,
1680 5309 1737 5355 ct
1762 5301 1839 5356 si-

225 5383 483 5451 tientcm,
511 5402 531 5437 ι
565 5383 702 5440 banc
729 5385 859 5443 satis
889 5388 1130 5458 apposite
1158 5396 1343 5455 notam
1362 5389 1641 5461 adiunxit:
1684 5410 1702 5444 ι
1726 5393 1836 5463 Ap-

226 5476 411 5548 prime
430 5478 545 5535 Ilﬂ'C
557 5490 855 5551 congruunt
876 5495 998 5537 cum
1017 5481 1255 5537 doctrina
1278 5482 1534 5555 Ecclesiae
1552 5484 1618 5540 de
1642 5485 1841 5558 Purga-

236 5567 387 5625 torio
409 5611 423 5634 ,
451 5569 537 5628 ubi
577 5581 711 5627 aestu
739 5581 790 5627 et
812 5572 932 5644 igne
962 5573 1152 5639 animm
1182 5582 1516 5651 torquentur.
1546 5594 1566 5631 ι
1614 5577 1836 5644 Deinde,

230 5664 363 5735 quia
394 5678 498 5718 non
520 5665 587 5720 ad
610 5664 1029 5734 extinguendum
1061 5667 1221 5722 modo
1244 5669 1603 5738 purgatoriunt
1636 5671 1833 5741 ignem,

231 5755 334 5811 sed
358 5755 529 5827 ipsum
551 5771 763 5829 quoque
783 5755 1153 5828 Purgatorium
1175 5761 1543 5829 avertendum,
1566 5761 1686 5825 ὶιταο
1712 5765 1838 5821 Bas-

235 5850 429 5927 nagius
457 5852 744 5923 observat,
774 5865 957 5927 opera:
981 5853 1211 5926 pretium
1240 5854 1350 5913 erit
1370 5895 1387 5925 ,
1415 5854 1558 5915 illius
1591 5857 1834 5918 animum

1946 4739 2103 4796 posse
2139 4741 2170 4780 a
2202 4730 2411 4799 pinnis,
2441 4747 2575 4802 quas
2601 4733 2897 4807 patiuntur,
2936 4755 3034 4811 per
3071 4743 3315 4799 vivorum
3357 4759 3548 4817 preces

1944 4818 2181 4877 liberari.
2218 4840 2237 4874 ι
2271 4820 2404 4883 Cum
2431 4839 2492 4881 se
2517 4825 2784 4900 Pet-petua
2817 4833 2997 4890 verbis
3035 4836 3174 4893 adeo
3211 4836 3432 4895 disertis
3464 4839 3549 4894 al‘.

1942 4913 2119 4971 ﬁrmet
2168 4916 2282 4975 suis
2309 4905 2565 4989 precibus
2586 4922 2946 4993 impetrasse,
2980 4937 3037 4983 ut
3058 4930 3126 4985 de
3146 4930 3327 5001 poenis
3348 4931 3553 5004 quibus

1942 5009 2291 5079 torquebatur
2310 5053 2328 5080 ,
2378 5012 2701 5073 Dinocrates
2734 5019 3124 5079 Mrem
3144 5063 3163 5089 .
3190 5026 3387 5085 minim
3418 5040 3550 5098 pro-

1943 5100 2086 5163 fecto
2127 5116 2213 5161 est
2273 5106 2544 5175 quomodo
2583 5107 2907 5181 Ru‘inartum
2958 5113 3031 5169 nil
3074 5115 3228 5185 juvat
3264 5119 3401 5175 visio
3427 5120 3547 5177 hac

1946 5196 2261 5267 probando:
2298 5215 2317 5251 ι
2348 5208 2592 5263 mortuos
2616 5217 2782 5273 posse
2806 5219 2840 5260 a
2864 5208 3062 5276 petua,
3094 5219 3201 5265 etc.
3252 5229 3273 5264 ι
3307 5210 3408 5268 ilic
3428 5211 3545 5284 jam

2139 5361 2251 5446 Εἴξε
2282 5362 2377 5446 ξῢρ
2389 5362 2835 5446 ἐστ-ιηὲἶεειςᾶφος
2862 5372 2946 5425 καὶ
2971 5368 3156 5434 tunc,
3178 5373 3273 5427 εἴτε
3297 5395 3347 5428 τι
3369 5377 3547 5446 ετιρθν,

1947 5429 1999 5480 οὗ
2026 5429 2361 5498 autem...
2389 5428 2536 5484 Sess.
2566 5428 2731 5485 xxv.

2019 5499 2100 5570 (2)
2140 5507 2242 5584 Τὰς
2266 5507 2419 5584 56oz};-
2436 5507 2767 5584 adopt-uteie
2803 5516 3056 5584 τιμωρίαις
3085 5519 3391 5584 καθαίρεσθαι
3420 5519 3549 5584 μετὰ

1944 5576 2164 5629 θάνατον.
2194 5580 2317 5657 ὤση
2344 5578 2392 5625 δι
2419 5576 2826 5657 εὶπαξουνιξεσθειι
3022 5599 3116 5638 σύν
3143 5576 3372 5642 cerebrm
3391 5576 3547 5657 τ’ψω·

1942 5661 2053 5715 ριῶν
2087 5650 2344 5699 λυσιτελῶν
2386 5646 2557 5707 utilitati;
2587 5655 2671 5710 τὰς
2698 5666 2788 5704 τῶν
2811 5648 2991 5713 git-51w
3035 5674 3213 5711 πιστῶν
3245 5646 3546 5732 ἕπιιευρῖαμ

1945 5718 2162 5803 Baliaris:
2185 5723 2275 5803 Ξὰς
2294 5723 2430 5803 ’ἱξρξις
2467 5724 2756 5803 ausim,in
2783 5726 2955 5803 ιῦχὸις1
2978 5738 3055 5778 καὶ
3075 5718 3548 5803 ῇξιημοσύνσις,’ωϐ.

2018 5785 2098 5915 lii
2137 5785 2425 5915 ilia.”
2458 5786 2679 5864 Ρννααεο
2704 5785 2867 5869 capts:
2893 5785 2961 5856 ιδ
2984 5807 3038 5855 ει
3068 5799 3154 5861 ιι.

2018 5859 2097 5935 (4)
2137 5859 2276 5918 Ibid.
