3988 6310
514 285 621 342 155

1661 280 2113 339 DISSERTATIO
2151 280 2628 340 APOLOGETICA
3646 299 3752 362 T56

511 399 774 473 profecto,
805 401 889 456 vel
918 399 1177 457 Actorum
1203 404 1456 472 γνησιὸτης
1477 441 1491 467 ,
1515 406 1607 454 aut
1632 399 1885 472 martyris
1909 398 2040 452 fides
2068 398 2120 452 in
2149 398 2203 460 Α
2231 398 2426 454 tudinis
2449 399 2738 470 longinquo
2761 414 2855 470 per
2880 400 3195 458 immensam
3225 402 3364 459 illaut
3399 403 3663 467 distantiam
3686 431 3751 472 sn.

515 493 938 550 controversiam
959 502 1201 550 vocatur.
1229 493 1560 548 Ruinartium
1586 509 1756 564 neque
1774 493 1841 549 de
1864 494 2118 548 Actorum

514 585 846 650 sinceritate,
885 600 1058 656 neque
1088 584 1156 641 de
1189 584 1442 656 martyris
1485 584 1589 640 fide
1614 586 1852 656 suspicio
1877 586 1981 640 ulla
2005 594 2119 640 tan-

514 677 698 749 gebat.
745 677 1035 750 Basnagius
1065 687 1242 733 autem
1271 720 1285 743 ,
1323 677 1415 747 qui
1439 678 1640 733 nullam
1671 677 1739 734 de
1765 679 1914 734 Actis
1942 692 2116 749 quars-

510 771 712 826 tioncm
736 779 934 837 movet,
960 769 1237 825 videamus
1258 770 1455 841 quibus
1485 773 1816 843 argumentis
1841 772 2117 842 Perpetua:

510 863 672 918 fidem
701 863 960 935 abrogare
1007 872 1269 918 conetur:
1307 882 1325 915 ι
1367 863 1448 918 Ex
1477 863 1790 920 Latinorum
1824 864 2114 933 sententia,

507 956 714 1030 inquit,
761 973 914 1028 paena
953 972 1148 1013 sensus
1176 959 1265 1029 qui
1295 958 1622 1031 Baptismum
1651 963 1923 1017 consecuti
1952 971 2111 1029 sunt,

511 1050 610 1105 soli
637 1065 731 1120 per
754 1050 999 1106 vivorum
1038 1049 1287 1122 suffragia
1335 1051 1649 1107 liberantur.
1695 1073 1713 1105 ι
1744 1055 1812 1108 At
1844 1070 1960 1122 nos,
1983 1051 2116 1124 bapn

509 1145 728 1199 tizatum
760 1144 921 1200 fuisse
950 1146 1324 1214 Dinocratem,
1356 1162 1476 1202 cum
1507 1149 1813 1219 Augustino
1841 1166 1938 1221 pro
1963 1160 2116 1206 certo

508 1237 788 1305 habemus,
813 1246 868 1294 et
891 1254 1063 1309 poenae
1084 1254 1276 1295 sensus
1309 1238 1474 1295 fuisse
1499 1240 1790 1307 subditum,
1815 1242 2114 1299 clarissime

502 1329 1014 1388 demonstravimus.
1071 1351 1088 1382 ‹
1118 1331 1272 1398 Quod
1293 1334 1362 1399 si,
1408 1333 1678 1404 subjungit
1702 1375 1717 1400 ,
1760 1344 1881 1404 post
1910 1333 2114 1404 Baptis-

503 1439 647 1480 mum
669 1425 978 1481 Dinocrates
996 1425 1301 1481 idololatria
1321 1426 1548 1498 pollutus
1563 1427 1683 1494 fuit,
1732 1414 1974 1484 utinnuit
2005 1431 2113 1484 Au-

501 1517 750 1588 gustinus
771 1561 787 1587 ,
839 1519 1038 1574 nullius
1063 1535 1196 1575 sane
1227 1520 1477 1590 precibus
1505 1520 1714 1576 meritis
1739 1521 1916 1591 pmnis
1943 1523 2110 1577 eximi

503 1613 699 1684 potuit.
732 1633 752 1667 ι
787 1615 858 1669 At
895 1615 978 1682 si,
1020 1615 1259 1686 inquam,
1291 1626 1412 1686 post
1434 1616 1766 1687 Baptismum
1802 1618 2112 1674 Dinocrates

501 1709 806 1765 idololatria
836 1710 1070 1780 pollutus
1121 1710 1260 1779 fuit,
1316 1720 1373 1766 ut
1402 1711 1576 1767 innuit
1623 1712 1974 1783 Augustinus,
2009 1713 2109 1769 soli

2225 490 2506 547 blimitatis
2525 501 2580 547 et
2610 492 3006 563 profunditatis.
3039 493 3190 550 Unde
3215 508 3431 566 apparet
3453 502 3752 571 sapicnticui-

2223 602 2328 658 que
2352 627 2368 653 ,
2420 589 2510 658 qui
2566 588 2850 658 aliquando
2895 588 3110 662 Elysios
3140 589 3398 656 audierit,
3437 608 3544 649 esse
3569 597 3753 668 aliquam

2225 683 2451 739 localem
2477 683 2983 740 determinationem
3010 701 3130 756 quae
3151 685 3300 741 sinus
3318 686 3452 742 dicta
3475 691 3753 764 sitAbrahaa,

2223 775 2288 830 ad
2319 776 2655 847 recipiendas
2686 778 2894 834 animas
2925 777 3156 833 filiorum
3183 779 3298 850 ejus
3322 781 3472 836 etiam
3497 798 3552 838 ex
3576 786 3754 844 nationi-

2221 871 2467 928 bus......
2513 873 2641 927 Eam
2681 875 2858 946 itaque
2890 877 3163 946 regionem
3202 877 3376 932 sinum
3410 878 3522 934 dico
3554 883 3756 952 Abrahm,

2220 967 2321 1022 etsi
2338 984 2442 1023 non
2464 970 2761 1034 caelestem,
2779 971 3144 1028 sublimiorem
3173 982 3350 1028 tamen
3371 973 3563 1043 inferis,
3587 976 3757 1037 interim

2219 1062 2555 1134 refrigerium
2573 1065 2911 1135 pra‘:bituram
2927 1069 3208 1126 animabus
3221 1057 3760 1141 justorum,doneccon-

2218 1160 2507 1214 summatio
2532 1176 2710 1216 rerum
2746 1165 3199 1222 resurrectionem
3228 1169 3462 1224 omnium
3488 1172 3759 1240 plenitudine

2217 1253 2486 1310 mercedis
2516 1266 2820 1325 expungat,
2851 1266 2977 1312 tunc
3001 1260 3306 1329 apparitura
3349 1262 3546 1318 ccelesti
3581 1267 3762 1335 promis-

2217 1346 2388 1412 sione,
2414 1357 2517 1404 etc.
2543 1348 2700 1404 Salva
2723 1365 2784 1404 ea
2808 1352 3188 1422 promissione,
3213 1369 3309 1409 cur
3331 1372 3434 1411 non
3455 1359 3760 1428 capiatsinum

2217 1441 2449 1497 Abrahm
2488 1442 2633 1509 dici,
2679 1446 2970 1516 temporale
2997 1448 3212 1518 aliquod
3252 1449 3539 1506 animarum
3571 1453 3759 1510 ﬁdelium

2215 1537 2650 1605 receptaculum,
2687 1538 2737 1592 in
2770 1554 2876 1609 quo
2905 1539 3016 1610 jam
3047 1539 3340 1596 definietur
3376 1542 3530 1599 futuri
3556 1545 3762 1616 imagoac

2214 1631 2442 1686 candida
2493 1631 2738 1703 qumdam
2807 1634 3086 1706 utriusque
3127 1636 3315 1706 judicii
3363 1641 3757 1710 prospiciaturh

2215 1722 2372 1779 Juxta
2425 1723 2564 1783 hanc
2593 1726 2882 1783 secundam
2922 1729 3232 1798 opinionem
3275 1730 3380 1788 dici
3409 1747 3508 1786 non
3536 1742 3683 1803 potest
3707 1743 3763 1790 tc-

503 1818 698 1874 puenze,
730 1817 850 1873 quae
885 1822 904 1854 ‹
934 1801 1118 1857 damni
1144 1811 1248 1871 est,
1276 1817 1383 1858 nun
1410 1818 1635 1870 sensus,
1666 1823 1685 1856 ι
1722 1804 1966 1860 subditus
1990 1820 2104 1865 esse

2218 1819 2506 1874 nebrosum
2541 1821 2691 1876 illum
2725 1821 2919 1886 locum,
2948 1824 2998 1878 in
3030 1841 3139 1895 quo
3159 1825 3480 1882 Dinocrates
3508 1828 3761 1886 includeba-

499 1909 608 1950 non
641 1895 832 1965 potuit.
866 1893 1068 1952 Deinde
1099 1911 1203 1950 non
1225 1893 1337 1966 jam
1371 1895 1459 1950 hic
1487 1895 1663 1967 agitur
1703 1896 1769 1952 de
1803 1897 2065 1968 Perpetua
2091 1940 2105 1967 ,

500 1987 599 2042 sed
623 1987 692 2043 de
723 1990 1004 2060 Augustini
1031 1990 1304 2061 Opinione.
1335 1989 1526 2046 Fuisse
1551 1990 1618 2046 ab
1645 1991 1808 2062 impio
1838 2001 1988 2061 patre
2017 2009 2110 2062 per

501 2079 862 2138 idololatriam
892 2084 1184 2140 alienatum
1212 2099 1244 2139 a
1268 2083 1507 2150 Christo,
1540 2094 1593 2139 et
1621 2084 1688 2139 ad
1710 2085 1990 2156 gentilium
2013 2102 2107 2142 sa-

501 2174 721 2247 crilegia
779 2185 1086 2232 revocatum
1115 2218 1130 2246 ,
1186 2187 1240 2231 ut
1290 2176 1622 2246 Augustinus
1653 2177 1844 2241 innuit,
1880 2177 1970 2232 illa
2003 2195 2106 2234 non

503 2268 740 2338 scripsit.
768 2268 930 2324 Multa
957 2279 1081 2325 sunt
1104 2269 1206 2324 alia
1239 2279 1479 2340 peccata,
1511 2279 1568 2324 ut
1589 2268 1731 2324 idem
1776 2273 2108 2342 Augustinus

499 2362 753 2417 observat
775 2403 789 2425 ,
817 2362 888 2418 ob
928 2378 1046 2433 quae
1073 2377 1194 2418 esse
1223 2362 1396 2432 potuit
1435 2362 1746 2419 Dinocrates
1785 2365 2107 2436 purgatoriis

499 2453 675 2526 ptenis
699 2453 947 2511 addictus
979 2473 992 2510 :
1023 2455 1237 2511 mentiri
1266 2455 1458 2526 potuit,
1491 2456 1670 2522 irasci,
1703 2456 1889 2512 ludere
1913 2469 2108 2528 prmter

501 2547 788 2613 decorum,
821 2556 927 2603 etc.
956 2547 1323 2620 Quaecumque
1363 2556 1541 2604 autem
1571 2547 1769 2604 fuerint
1797 2566 1863 2604 ex
1896 2553 2104 2622 Augus-

499 2638 594 2695 tini
623 2639 898 2708 opinione,
931 2637 998 2694 de
1014 2654 1117 2711 qua
1143 2638 1305 2695 modo
1331 2639 1600 2696 disserere
1629 2657 1737 2694 non
1767 2642 1913 2706 libet,
1941 2641 2105 2699 Dino-

502 2732 665 2787 cratis
694 2741 931 2801 peccata,
961 2741 1056 2787 aut
1083 2733 1511 2804 quibuscumque
1540 2737 1712 2805 pomis
1743 2749 2102 2806 torqueretur,

503 2841 612 2882 non
640 2825 850 2882 dubitat
876 2839 1094 2883 sanctus
1133 2827 1357 2894 doctor,
1391 2829 1517 2900 quin
1555 2848 1575 2881 ι
1610 2828 1731 2885 inde
1763 2846 1862 2900 pro
1887 2831 2104 2888 Christo

500 2919 777 2974 moritura:
800 2921 1004 2976 sororis
1028 2920 1276 2988 precibus
1301 2920 1529 2976 donatus
1552 2922 1763 2977 exierit.
1794 2942 1814 2976 ι
1845 2923 2104 2995 Adeoque

499 3025 608 3066 non
651 3010 845 3077 video,
892 3025 1060 3082 quare
1103 3010 1420 3068 Ruinartum
1471 3027 1578 3068 non
1621 3012 1772 3083 jnvct
1815 3014 1950 3068 visio
1987 3015 2102 3070 lucc

488 3100 778 3174 ’probando
800 3146 814 3169 ,
847 3113 1086 3161 mortuos
1115 3119 1275 3177 posse
1324 3121 1353 3159 a
1389 3108 1562 3176 paruis
1587 3149 1602 3174 ,
1641 3123 1773 3178 quas
1805 3109 2097 3178 patiuntur,

500 3211 596 3267 per
623 3196 863 3251 vivorum
893 3213 1081 3268 preces
1105 3197 1339 3255 liberari.

575 3287 706 3344 Vlll.
749 3291 838 3345 Ait
881 3289 1112 3363 denique
1169 3291 1494 3364 Basnagius,
1557 3295 1899 3350 tenebrosum
1951 3296 2100 3351 illum

501 3385 678 3442 locum
708 3428 722 3452 ,
774 3387 863 3443 ubi
915 3388 1228 3444 Dinocrates
1274 3389 1688 3458 includebatur,
1735 3408 1765 3446 a
1796 3394 2104 3464 purgatorio

501 3494 723 3550 prorsus
737 3480 1034 3549 diversum,
1057 3497 1398 3538 communem
1423 3483 1572 3539 illum
1589 3499 1864 3542 carcerem
1886 3503 2101 3557 sonare,

500 3574 555 3629 in
585 3589 743 3644 quem
771 3590 961 3632 omnes
985 3585 1180 3645 praeter
1208 3586 1502 3648 martyrum
1531 3578 1736 3636 animas
1757 3581 1980 3652 conjici,
1998 3582 2103 3637 Pa-

501 3667 676 3724 tribus
701 3667 838 3724 bene
865 3669 1084 3738 multis,
1125 3669 1570 3743 Montanistisque
1617 3673 1905 3728 creditum.
1948 3673 2103 3731 Circa

498 3760 835 3828 animarum,
868 3772 924 3818 ut
967 3773 1181 3831 vocant,
1213 3766 1546 3835 receptacula
1566 3809 1580 3833 ,
1613 3783 1718 3822 non
1747 3782 1850 3822 una
1886 3781 2104 3838 semper

500 3851 794 3926 eademque
839 3854 938 3910 fuit
991 3855 1308 3912 Tertulliani
1353 3860 1640 3914 sententia.
1672 3860 1727 3914 ln
1776 3860 1912 3917 libro
1955 3861 2100 3916 enim

496 3947 566 4005 de
587 3951 778 4005 Anima
811 3949 891 4023 (1)
917 3967 984 4010 ex
1011 3950 1295 4019 Paracleti,
1326 3951 1427 4008 hoc
1456 3963 1537 4009 est
1565 3953 1802 4009 Montani
1833 3954 2098 4022 doctrina,

505 4057 737 4099 «omnes
784 4045 990 4099 animas
1037 4060 1200 4115 penes
1239 4046 1441 4101 inferos
1471 4066 1490 4099 ι
1537 4047 1785 4112 collocat,
1843 4067 1861 4099 ι
1892 4057 1946 4102 et
1992 4047 2101 4102 illic

498 4139 758 4209 supplicia
801 4139 1016 4194 interim
1039 4182 1054 4206 ,
1088 4149 1144 4196 et
1194 4140 1505 4213 refrigeria:
1534 4140 1642 4196 Cur
1666 4145 1808 4198 enim
1831 4186 1844 4208 ,
1892 4144 2097 4214 inquit,

499 4245 604 4286 non
663 4241 817 4302 putes
845 4231 1078 4286 animam
1108 4243 1160 4290 et
1198 4235 1404 4303 puniri,
1429 4243 1485 4290 et
1515 4233 1683 4290 foveri
1718 4235 1771 4290 in
1803 4235 1986 4292 inferis
2015 4237 2100 4291 in-

499 4325 653 4381 terim
680 4325 780 4382 sub
800 4328 1204 4398 exspectatione
1236 4331 1513 4400 utriusque
1543 4329 1734 4400 judicii
1772 4331 1824 4385 in
1869 4332 2100 4403 quadam

497 4419 844 4490 usurpatione
873 4431 925 4476 et
953 4421 1180 4476 candida
1212 4421 1367 4491 ejus?
1393 4422 1497 4477 Sed
1527 4422 1651 4479 alibi
1677 4426 1814 4481 hanc
1845 4425 1921 4480 uti
1962 4425 2100 4479 Mar-

495 4513 669 4569 cionis
695 4514 1006 4585 opinionem
1059 4514 1344 4582 scripturae
1366 4517 1690 4572 auctoritate
1715 4517 1972 4572 “confutat
2004 4514 2083 4591 (2)

2217 1924 2322 1980 tur,
2343 1929 2682 1971 communem
2708 1917 2940 1989 aliquem
2963 1919 3126 1976 fuisse
3147 1936 3418 1978 carcerem
3445 1925 3493 1979 in
3515 1939 3655 1994 quem
3673 1942 3758 1980 om-

2215 2023 2311 2063 nes
2338 2019 2534 2078 prmtcr
2563 2021 2863 2082 martyrum
2888 2014 3095 2069 animas
3121 2015 3353 2084 conjici,
3395 2015 3623 2073 Pati-ibus
3655 2018 3760 2074 bene

2215 2101 2399 2157 multis
2427 2101 2875 2175 Montanistisque
2899 2107 3162 2162 creditum
3189 2125 3201 2162 :
3235 2123 3356 2164 cum
3385 2111 3552 2165 sinum
3579 2112 3758 2167 Abralm

2212 2192 2280 2248 ad
2306 2194 2640 2264 recipiendas
2669 2197 2876 2252 animas
2917 2198 3148 2254 filiorum
3187 2200 3304 2271 ejus
3347 2202 3671 2269 destinatum,
3696 2218 3758 2259 re-

2211 2287 2421 2358 gionem
2455 2287 2620 2344 fuisse
2649 2289 2839 2346 doceat
2863 2290 3244 2360 Tertullianus,
3265 2295 3364 2351 etsi
3385 2310 3488 2350 non
3509 2297 3754 2359 caelestem,

2211 2383 2578 2440 sublimiorem
2609 2395 2788 2441 tamen
2817 2386 3034 2454 inferis,
3071 2389 3292 2470 interim
3317 2391 3632 2463 refrigerium
3652 2407 3754 2462 pra:-

2213 2475 2448 2531 bituram
2492 2479 2773 2535 animabus
2794 2480 3084 2551 justorum.
3115 2481 3223 2540 Sed
3245 2483 3398 2555 juxta
3425 2485 3630 2556 primam
3654 2499 3746 2539 sen-

2212 2571 2468 2637 tentiam,
2545 2572 2699 2628 sicuti
2761 2588 2927 2644 penes
2989 2576 3190 2632 inferos
3244 2587 3303 2634 et
3351 2577 3598 2650 supplicia
3640 2582 3755 2632 erant

2210 2672 2265 2719 et
2300 2663 2575 2734 refrigeria
2600 2681 2615 2729 ;
2660 2666 2730 2720 ita
2756 2682 2924 2738 penes
2954 2667 3155 2726 inferos
3180 2681 3300 2727 erat
3329 2682 3383 2728 et
3405 2671 3754 2742 Purgatorium:

2209 2756 2449 2829 adeoque
2492 2759 2651 2814 statui
2703 2776 2809 2816 non
2849 2771 3026 2831 potest
3073 2764 3249 2821 locum
3286 2767 3438 2821 illum
3467 2765 3755 2822 tenebrosum

2209 2851 2262 2906 in
2284 2867 2389 2922 quo
2418 2853 2736 2910 Dinocrates
2764 2855 3158 2926 includebatur,
3188 2876 3215 2912 a
3251 2859 3562 2932 Purgatorio
3585 2869 3758 2929 prorsus

2209 2943 2373 3000 fuisse
2416 2945 2708 3002 diversum.
2756 2947 2966 3004 Etenim
2994 2950 3300 3023 Purgatorii
3346 2955 3556 3010 nomine
3583 2950 3757 3007 alterius

2206 3037 2327 3092 vitre
2355 3054 2540 3104 pmnas
2568 3040 2915 3112 intelligimus
2943 3043 3101 3114 justis
3133 3057 3254 3116 post
3280 3047 3494 3120 aliquod
3523 3056 3704 3117 tempus
3721 3045 3757 3097 in

2207 3129 2542 3200 refrigerium
2573 3134 3007 3191 commutandus:
3050 3153 3225 3209 neque
3268 3139 3336 3194 ad
3383 3141 3500 3196 fidei
3527 3140 3692 3210 dogma
3711 3136 3759 3190 de

2127 3214 2170 3276 C
2204 3221 2522 3294 Purgatur-io
2569 3225 2794 3296 quaestio
2846 3229 2931 3284 illa
2965 3231 3229 3300 pertinet,
3260 3250 3330 3290 an
3370 3235 3488 3291 loco
3524 3235 3588 3290 ab
3621 3231 3762 3288 inferis

2210 3326 2487 3386 separetur
2518 3315 2614 3390 (l).
2659 3317 2790 3373 Cum
2825 3321 2982 3392 igitur
3024 3323 3300 3382 Dinocrati
3343 3327 3493 3384 locus
3537 3327 3619 3382 ille
3645 3336 3760 3380 tene-

2208 3407 2403 3464 brosus
2435 3410 2486 3464 in
2528 3427 2635 3482 quo
2663 3412 2834 3483 ipsum
2883 3424 3198 3472 :cstttantem
3233 3420 3390 3476 valde
3443 3431 3499 3477 et
3542 3420 3761 3475 sitientem

2210 3501 2471 3574 Perpetua
2497 3502 2629 3559 vidit
2655 3549 2669 3571 ,
2704 3506 2864 3576 paulo
2895 3518 3015 3579 post
3051 3510 3104 3564 in
3133 3511 3370 3568 lucidum
3401 3513 3555 3570 fuerit
3577 3525 3762 3568 commu-

2209 3603 2370 3662 tatus,
2400 3599 2576 3668 inquo
2597 3614 2718 3654 eum
2742 3601 3078 3658 sanctissima
3103 3619 3262 3660 soror
3293 3627 3312 3658 ‹
3341 3608 3540 3663 mundo
3561 3617 3760 3676 corpore,

2207 3688 2344 3745 bene
2373 3692 2624 3747 vestitum
2674 3703 2728 3749 et
2770 3693 3178 3766 refrigerantem
3211 3717 3230 3750 ι
3275 3701 3515 3772 aspexit,
3541 3699 3693 3755 adhuc
3715 3708 3762 3750 ex

2209 3791 2451 3838 veterum
2492 3785 2844 3856 quorumdam
2872 3787 3090 3844 Patrum
3116 3800 3170 3846 et
3210 3791 3641 3849 Montanistarum
3671 3803 3764 3846 sen-

2208 3878 2371 3931 tentia
2399 3876 2652 3933 affirmari
2684 3880 2833 3936 nullo
2860 3881 3020 3938 modo
3049 3893 3245 3954 potest,
3277 3885 3456 3942 locum
3486 3885 3629 3942 illum
3650 3893 3765 3939 tene-

2207 3967 2425 4025 brosum
2448 4013 2462 4037 ,
2496 3971 2546 4025 in
2586 3988 2693 4039 quo
2720 3975 2950 4044 primum
2986 3975 3302 4034 Dinocrates
3340 3979 3716 4044 includebatur,
3741 3987 3764 4027 a

2206 4059 2520 4132 Purgatorio
2547 4080 2766 4135 prorsus
2798 4067 2963 4124 fuisse
2988 4070 3281 4129 diversum.

2277 4157 2335 4214 Si
2385 4169 2494 4214 rata
2546 4171 2690 4216 esset
2729 4172 2783 4218 et
2817 4167 2980 4220 certa
3015 4163 3097 4221 Cl.
3129 4165 3391 4225 Holstenii
3425 4169 3610 4234 lectio;
3648 4179 3765 4221 com-

2206 4253 2384 4307 munis
2415 4254 2788 4326 theologorum
2822 4256 2890 4312 de
2933 4261 3288 4330 receptaculis
3335 4263 3628 4318 animarum
3667 4272 3764 4314 sen-

2207 4346 2368 4400 tentia
2395 4389 2410 4411 ,
2451 4348 2695 4418 egregie,
2736 4358 2794 4404 ut
2837 4350 3095 4408 Possinus
3121 4354 3373 4412 observat
3404 4355 3521 4430 (2),
3552 4354 3646 4410 bac
3667 4351 3768 4408 Pcr-

2206 4449 2382 4511 petuze
2413 4442 2618 4499 visione
2647 4444 3080 4504 confirmaretur.
3132 4447 3207 4505 Ita
3239 4453 3387 4508 enim
3418 4453 3574 4510 habet
3602 4469 3614 4506 :
3648 4467 3666 4501 ‹
3693 4445 3765 4502 Vi-

2203 4533 2305 4588 deo
2333 4534 2671 4592 Dinocratem
2696 4550 2978 4596 exeuntem
3008 4543 3077 4600 de
3108 4544 3226 4600 loco
3271 4547 3560 4604 tenebroso
3579 4589 3592 4613 ,
3619 4542 3695 4600 ubi
3729 4547 3768 4595 el

503 4628 523 4662 ι
552 4609 656 4667 Sed
679 4611 912 4666 Marcion
937 4611 1191 4667 aliorsum
1215 4611 1377 4683 cogit,
1405 4612 1613 4669 scilicet
1641 4621 1920 4684 utramque
1959 4629 2100 4671 mer-

2209 4629 2481 4699 complura
2509 4641 2661 4686 erant
2689 4631 2804 4688 loca
2837 4635 3140 4703 tenebrosa,
3168 4646 3273 4693 etc.
3311 4658 3330 4691 ι
3377 4640 3578 4696 Docent
3597 4636 3767 4692 scilicet

495 4705 684 4760 cedem
729 4706 1012 4770 creatoris,
1055 4705 1170 4762 sive
1197 4707 1470 4774 tormenti,
1502 4707 1615 4762 sive
1656 4705 1916 4778 refrigerii
1957 4707 2097 4777 apud

497 4801 716 4866 inferos,
749 4802 1076 4859 determinat
1101 4803 1182 4859 eis
1209 4805 1432 4874 positam
1457 4845 1470 4869 ,
1500 4805 1588 4874 qui
1622 4803 1747 4874 Legi
1777 4813 1830 4860 et
1856 4804 2094 4876 Pr0phe:

497 4898 565 4954 tis
591 4898 904 4970 obedirent:
929 4898 1147 4956 Christo
1177 4909 1372 4955 veroet
1395 4900 1487 4956 Dei
1511 4900 1590 4956 sui
1619 4902 1894 4957 caelestem
1913 4902 2098 4960 deﬂuit

495 4993 671 5048 sinum
712 5003 766 5050 et
785 5003 1020 5064 portum.
1054 4992 1538 5066 Respondebimus,
1573 5003 1627 5050 et
1657 4993 1756 5049 hac
1784 4995 1894 5064 ipsa
1918 4994 2098 5066 Scrip-

495 5096 613 5142 tura
659 5089 968 5146 revincente
1012 5090 1197 5146 oculos
1221 5090 1359 5160 ejus,
1402 5106 1522 5161 quae
1559 5092 1628 5146 ab
1669 5092 1855 5148 inferis
1896 5093 2096 5150 discer-

497 5179 576 5234 nit
609 5178 841 5236 Abrahae
884 5181 1058 5236 sinum
1106 5181 1349 5253 pauperi.
1398 5183 1556 5238 Aliud
1598 5185 1742 5239 enim
1802 5183 1995 5250 inferi,
2041 5196 2098 5240 ut

499 5280 626 5340 puto
651 5314 664 5338 ,
695 5271 834 5327 aliud
863 5288 1076 5343 quoque
1103 5275 1333 5330 Abrahae
1361 5275 1532 5331 sinus.
1564 5274 1695 5331 Nam
1729 5287 1783 5332 et
1805 5293 2054 5350 magnum
2078 5321 2093 5346 ,

495 5367 588 5433 ait,
606 5369 936 5424 intercedere
959 5370 1202 5440 regiones
1220 5369 1350 5425 istas
1371 5370 1716 5441 profundum,
1742 5383 1796 5428 et
1813 5374 2094 5429 transitum

498 5462 747 5533 utrinque
778 5461 1087 5532 prohibere.
1119 5463 1227 5521 Sed
1266 5481 1363 5522 nec
1390 5466 1676 5522 allevasset
1709 5471 1861 5524 dives
1892 5468 2093 5534 oculos,

496 5563 552 5610 et
580 5555 794 5626 quidem
828 5555 897 5612 de
937 5554 1253 5628 longinquo,
1290 5559 1392 5614 nisi
1420 5559 1472 5615 in
1501 5559 1779 5630 superiora
1803 5570 1856 5616 et
1877 5559 1944 5618 de
1975 5559 2097 5616 alti-

569 5727 801 5804 (l)(}ap.
831 5731 919 5787 57.
954 5731 1061 5788 vid.
1095 5742 1150 5789 et
1176 5749 1293 5804 cap.
1325 5733 1394 5791 55
1413 5735 1576 5793 et56.

573 5804 651 5880 (ἓ)
679 5802 796 5860 Lib.
831 5819 882 5859 tv
906 5814 1042 5860 cont.
1070 5802 1351 5876 Marciam,
1384 5823 1502 5880 cap.
1527 5809 1616 5866 54,

2206 4720 2475 4792 theologi,
2523 4732 2754 4793 quatuor
2783 4739 2908 4781 esse.
2948 4727 3047 4784 sub
3078 4737 3219 4785 terra
3251 4731 3403 4788 locos
3443 4732 3705 4788 distinctos
3727 4726 3766 4780 in

2203 4817 2397 4886 quibus
2439 4819 2633 4872 anima:
2681 4831 3016 4877 mortuorum
3064 4823 3376 4882 detinentur
3412 4844 3426 4880 :
3460 4839 3644 4896 nempe
3677 4834 3768 4876 om-

2203 4905 2350 4962 nium
2381 4909 2623 4965 infimum
2653 4909 2744 4966 ubi
2765 4911 3040 4970 daemones
3061 4918 3318 4973 etanimte
3338 4919 3768 4984 damnatm;supra

2205 5002 2367 5070 hunc,
2398 5002 2900 5075 Purgatorium,ubi
2920 5010 3111 5064 animm
3130 5020 3426 5082 purgantur
3455 5012 3521 5067 ad
3552 5016 3763 5078 tempus;

2201 5095 2397 5154 deinde
2443 5097 2689 5156 Limbum
2738 5117 3025 5173 puerorum
3089 5120 3198 5176 quo
3248 5106 3555 5164 detinentur
3608 5104 3768 5160 animae

2200 5201 2532 5248 mortuorum
2564 5194 2617 5249 in
2647 5196 2768 5251 solo
2798 5208 3016 5264 peccatu
3043 5199 3324 5271 originali;
3358 5211 3626 5272 postremo
3642 5197 3766 5252 Lim-

2198 5286 2322 5343 bum
2355 5287 2591 5353 Patrum,
2639 5304 2783 5345 nunc
2823 5305 3050 5347 vacuum
3077 5308 3106 5347 a
3147 5304 3391 5365 tempore
3420 5281 3612 5350 mortis
3627 5297 3677 5345 et
3698 5297 3767 5341 re-

2199 5382 2552 5437 surrectionis
2598 5383 2833 5453 Christi,
2867 5397 2974 5442 etc.
3014 5386 3177 5456 Haec,
3210 5389 3488 5460 subjungit
3523 5384 3765 5444 PossinuS.

2204 5473 2369 5530 fuisse
2401 5474 2648 5532 videntur
2674 5477 2767 5532 illa
2793 5479 3070 5550 complura
3103 5481 3216 5537 loca
3241 5481 3558 5548 tenebrosa,
3587 5491 3694 5551 qua“.
3717 5485 3767 5528 58

2208 5568 2407 5626 vidisse
2453 5569 2682 5628 laudatis
2713 5573 2893 5630 verbis
2936 5585 3122 5632 sancta
3159 5576 3425 5648 Perpetua
3457 5585 3685 5633 testatur.
3711 5570 3768 5624 At

2387 5746 2508 5832 Xid.
2536 5749 2853 5832 Dellarmiu.
3008 5771 3066 5822 II,
3099 5757 3163 5812 de
3188 5755 3434 5829 Purgat.,
3460 5773 3574 5832 cap.
3606 5755 3654 5814 6.

2283 5746 2365 5881 (1;
2387 5746 2508 5804 Vid.
2537 5749 2850 5807 Bellarmiu.
2882 5752 2975 5809 lib.
3008 5771 3066 5822 II,
3099 5757 3163 5812 de
3188 5755 3314 5829 Par;

2216 5855 2227 5885 λ
2282 5818 2336 5891 (2
2386 5817 2853 5892 Paralipomen.ad
2881 5825 3117 5885 Holsten.
3149 5841 3314 5888 notas.
