3988 6310
246 269 359 329 157

1170 264 1307 322 PRO
1333 264 1428 323 SS.
1462 262 1852 333 PERPETUA,
1897 259 2310 322 FELICITATE
2347 264 2440 322 ET
2477 263 2712 325 SOCllS.

3463 278 3567 336 158

248 383 551 439 Ruinartus
580 380 742 438 habet
773 400 786 436 :
838 401 857 435 ‹
897 382 997 440 Ubi
1027 389 1082 439 et
1108 383 1418 453 complures
1442 391 1613 437 erant.
1647 401 1666 435 ι
1700 380 1856 450 Quod
1882 382 1937 443 Α
1962 380 2139 438 adhuc
2166 396 2262 437 sua
2293 390 2451 438 aetate
2481 382 2751 452 vigentem
2797 384 3032 442 refutare
3056 400 3360 461 aggressus,
3396 405 3563 461 pecu-

243 476 498 548 equidem
524 475 592 530 ad
622 475 950 531 inclusorum
977 475 1393 541 multitudinem,
1425 488 1582 544 quam
1611 473 1678 529 ad
1710 473 1855 530 loco-

240 586 367 627 rum
407 570 776 626 diversitatem
797 570 973 642 aptius
992 570 1241 626 refertur.
1273 570 1531 638 Quamvis
1559 569 1701 624 varia
1731 584 1854 625 esse

238 664 354 721 sub
394 673 537 719 terra
584 665 882 721 animarttm
928 665 1266 736 receptacula
1290 706 1304 729 ,
1349 679 1525 735 neque
1562 663 1854 720 his-verbis

240 756 512 826 Perpetua
544 766 742 828 neget:
769 756 864 813 sed
890 757 960 813 de
990 756 1089 812 hac
1118 767 1321 812 sancta:
1365 756 1618 829 martyris
1648 756 1855 815 visione

237 847 446 904 iterum
468 849 645 917 capite
674 848 908 920 septimo
933 863 1115 905 sermo
1142 848 1358 905 redibit.

878 961 1107 1020 CAPUT
1133 963 1227 1019 Vl.

244 1071 543 1113 IAIITYBUI
572 1070 891 1113 NOSTRORUI
918 1071 1186 1112 VIBTUTBS
1204 1098 1219 1124 ,
1246 1073 1316 1113 ΕΤ
1343 1072 1593 1114 νιειοκωί
1616 1073 1858 1115 FRUCTUS

324 1167 656 1217 OSTENDUNT,
707 1165 885 1207 DIVINO
922 1164 1072 1206 ILLOS
1099 1165 1278 1206 FUISSE
1322 1167 1527 1207 SPIRITU
1566 1168 1855 1219 AFFLATOS,

326 1261 389 1301 Ετ
417 1260 597 1301 Εοῐίῢὶί
628 1259 1029 1301 κενειιτιοκκδ
1055 1259 1159 1300 1)Εο
1188 1259 1315 1301 ESSE
1344 1260 1695 1303 TRIBUENDAS.

321 1337 362 1393 Ι.
407 1337 474 1394 In
496 1339 628 1395 veris
652 1339 910 1412 prophetis
938 1357 970 1393 a
991 1339 1136 1411 falsis
1163 1338 1529 1407 discernendis,
1559 1356 1733 1396 eorum
1758 1342 1857 1395 im-

244 1430 427 1504 primis
452 1446 652 1485 morum
678 1429 963 1487 habendam
981 1446 1089 1486 esse
1115 1431 1390 1487 rationem.

320 1522 384 1578 ll.
428 1512 615 1591 Aliqua
637 1521 878 1579 Actorum
906 1523 1038 1591 loca,
1068 1523 1121 1578 in
1148 1523 1329 1595 quibus
1354 1533 1637 1596 martyrum
1661 1534 1860 1581 nostro-

253 1634 375 1673 rum
394 1617 601 1673 virtutes
618 1616 864 1691 graphice
890 1616 1262 1672 describuntur.

325 1712 415 1768 ill.
459 1710 612 1766 Nihil
629 1728 736 1767 esse
755 1711 811 1766 in
829 1727 1003 1766 eorum
1030 1711 1253 1766 moribus
1282 1710 1704 1780 animaduertere,
1723 1712 1861 1783 quod

250 1807 495 1863 Montani
521 1806 750 1861 redoleat
768 1806 1150 1861 institutionem.

319 1900 413 1956 IV.
464 1901 772 1972 Perpetuam
800 1902 1063 1973 sociosque
1091 1910 1340 1973 martyres
1375 1912 1574 1956 natura:
1602 1901 1737 1972 leges
1766 1901 1863 1956 mi-

245 1996 388 2050 nime
414 1993 651 2060 violasse,
680 1993 879 2066 lgnatii
906 1994 983 2050 Μ.
1012 1994 1244 2066 exemplo
1282 1995 1679 2052 demonstratur.

309 2090 352 2144 γ
362 2130 375 2145 .
386 2088 615 2144 Aliorum
627 2096 909 2160 martyrum
927 2104 1021 2161 pro
1034 2089 1266 2160 martyrii
1278 2105 1467 2144 corona
1479 2105 1653 2162 preces
1669 2098 1713 2145 et
1726 2098 1858 2145 vota.

323 2180 420 2237 Vl.
457 2180 616 2249 Alios,
645 2189 831 2251 prater
855 2179 1183 2253 Perpetuam,
1212 2192 1463 2253 martyres
1489 2189 1577 2236 aut
1600 2182 1782 2236 bestias
1810 2183 1866 2235 in

251 2292 312 2332 se
341 2276 482 2341 ipsos
509 2276 821 2344 concitasse,
854 2285 944 2330 aut
973 2276 1313 2331 instrumenta
1337 2276 1652 2333 crudelitatis
1682 2277 1751 2331 ad
1778 2294 1865 2332 ac-

264 2369 587 2424 celerandum
612 2369 918 2440 martyrium
944 2368 1081 2423 ultro
1108 2369 1420 2424 adhibuisse.

337 2464 451 2520 νη.
504 2462 729 2519 Veterum
756 2463 1164 2520 Christianorum
1187 2465 1420 2534 exmpla
1444 2465 1532 2536 qui
1565 2465 1643 2520 vel
1671 2465 1866 2535 seipsos

250 2566 443 2630 sponte
485 2557 778 2614 obtulerunt
801 2599 817 2625 ,
861 2557 939 2612 vel
976 2557 1254 2627 praesidum
1283 2558 1529 2612 struitiam
1574 2558 1628 2612 in
1653 2573 1707 2612 se
1730 2557 1867 2613 ultro

255 2660 618 2722 provocarunt,
650 2649 922 2721 Perpetua:
950 2656 1141 2724 factum
1171 2662 1436 2708 excusant.

324 2744 462 2802 VIII.
508 2744 821 2801 Sanctorum
863 2746 1146 2802 Andronici
1183 2757 1229 2802 et
1275 2745 1500 2802 Taraclti
1540 2748 1869 2803 memorabile

248 2839 484 2911 facinus.

319 2930 421 2988 IX.
466 2929 736 3006 Perpetuis
763 2941 812 2987 et
852 2933 1105 2988 sociorum
1142 2940 1426 3004 martyrum
1472 2931 1682 3003 spiritus
1710 2947 1867 3004 quam

244 3026 414 3098 fuerit
441 3042 476 3080 a
503 3025 935 3082 Montanistarum
956 3026 1144 3096 spiritu
1170 3027 1317 3097 longe
1347 3026 1577 3081 diversus
1605 3042 1670 3082 ea:
1692 3025 1866 3082 diver-

242 3120 321 3174 sis
351 3119 625 3190 utriusque
651 3117 915 3187 effectibus
945 3118 1339 3175 demonstratur.

1959 474 2092 531 liare
2113 475 2380 532 adversus
2414 489 2510 533 eos
2540 477 2790 532 volumen
2831 478 3091 546 condidit,
3122 489 3231 535 tum
3266 481 3422 538 falsas
3446 501 3570 555 pro-

1960 570 2167 638 phetias
2191 611 2206 633 ,
2239 586 2359 640 qua:
2399 570 2468 625 ab
2515 568 2622 626 illis
2661 572 3132 642 circumferuntur,
3180 575 3441 632 verbatim
3473 595 3568 635 ex-

1960 660 2231 733 pendens,
2275 670 2387 716 tum
2434 662 2597 717 vitam
2642 679 2931 736 moresque
2977 680 3165 722 eorum
3208 670 3296 736 qui
3342 669 3568 727 haeresis

1958 754 2108 810 illius
2129 762 2378 812 auctores
2399 754 2635 824 fuerunt,
2665 754 2980 814 discutiens.
3017 778 3038 812 ι
3066 760 3255 832 Aliqua
3281 761 3478 819 deinde
3497 778 3567 820 ex

1961 847 2065 903 hoc
2093 862 2257 918 opere
2273 848 2569 920 fragmenta
2585 849 2809 919 profert,
2840 850 2892 905 in
2905 850 3101 923 quibus
3119 869 3312 924 pravos
3328 855 3569 913 Montani

1959 951 2014 997 et
2034 940 2467 997 muliercularum
2487 943 2624 1013 ejus,
2641 942 2987 1001 Themisonis
3006 945 3168 1001 etiam
3197 958 3253 1003 et
3273 948 3569 1005 Alexandri

1959 1050 2140 1090 mores
2152 1034 2429 1098 describit.
2450 1051 2514 1091 ac
2530 1047 2715 1106 postea
2743 1037 3021 1110 subiungit
3045 1038 3125 1112 (l)
3151 1058 3164 1095 :
3201 1060 3220 1094 t
3242 1041 3411 1099 Actus
3444 1060 3572 1115 pro-

1961 1126 2402 1199 phetmtanquam
2417 1127 2624 1185 fructus
2651 1132 2993 1188 examinandi
3024 1145 3170 1190 sunt.
3194 1136 3272 1191 Ex
3304 1137 3570 1197 fructibus

1961 1226 2161 1298 quippe
2199 1224 2363 1281 arbor
2399 1228 2763 1297 cognoscitur.
2803 1248 2821 1281 ι
2854 1229 2919 1283 Et
2950 1241 3071 1301 post
3104 1248 3271 1302 pauca
3303 1235 3381 1307 (Ξ)
3411 1256 3423 1292 :
3460 1255 3480 1289 ι
3509 1239 3570 1294 Si

1963 1328 2162 1391 negant
2206 1319 2499 1389 prophetas
2553 1335 2680 1376 suos
2709 1337 2931 1378 munera
2953 1326 3248 1396 accepisse,
3278 1328 3379 1385 hoc
3409 1331 3574 1402 igitur

1963 1410 2257 1479 fateantur,
2293 1428 2398 1467 non
2445 1427 2566 1469 esse
2589 1412 2711 1469 illos
2743 1415 3054 1486 prophetas,
3086 1418 3132 1473 si
3159 1408 3380 1477 munera
3411 1438 3572 1481 acce-

1964 1505 2110 1576 pisse
2152 1506 2387 1563 convicti
2410 1515 2555 1562 sunt.
2590 1510 2666 1563 Ac
2683 1515 2796 1563 tum
2820 1510 3037 1567 demum
3064 1524 3319 1571 sexcenta
3341 1517 3457 1587 ejus
3494 1520 3575 1576 rei

1963 1599 2286 1657 documenta
2334 1616 2399 1657 ac
2424 1600 2731 1658 testimonia
2764 1603 3122 1673 proferemus.
3147 1606 3381 1667 Necesse
3410 1626 3573 1684 porro

1964 1702 2049 1748 est
2070 1705 2129 1748 ut
2154 1707 2346 1749 omnes
2372 1692 2648 1764 propheta:
2674 1695 2880 1751 fructus
2904 1706 3065 1768 atque
3082 1709 3232 1755 actus
3253 1702 3573 1773 probentur.

1890 1787 1940 1849 B
1967 1784 2063 1841 Dic
2087 1784 2217 1841 mihi
2240 1830 2255 1854 ,
2290 1786 2516 1858 tingitne
2540 1787 2789 1853 capillos
2837 1791 3135 1861 prapheta?
3161 1809 3230 1850 an
3259 1795 3419 1877 stibio
3448 1813 3578 1853 ocu-

1967 1877 2051 1933 los
2073 1878 2237 1934 linit?
2266 1892 2333 1933 an
2369 1878 2551 1935 studet
2586 1881 2812 1936 ornari?
2837 1883 3165 1953 prophetane
3207 1887 3385 1943 tabula
3418 1889 3575 1959 ludit,

1965 1982 2021 2028 et
2036 1972 2293 2028 tesseris?
2312 1988 2382 2027 an
2420 1974 2697 2043 pecuniam
2712 1973 2854 2031 locat
2874 1978 3063 2034 frenari
3077 1980 3108 2040 ἐ,
3121 1979 3355 2052 lngenue
3378 1982 3583 2041 fatean-

1964 2074 2073 2132 tur,
2100 2082 2165 2122 ac
2191 2067 2587 2139 respondeant,
2635 2081 2811 2125 utrum
2839 2071 2953 2127 haec
2980 2089 3141 2145 agere
3185 2076 3363 2145 liceat,
3388 2094 3453 2133 an
3486 2095 3578 2136 sc-

1966 2162 2107 2216 cus?
2138 2162 2252 2233 Ego
2279 2177 2411 2218 vero
2439 2162 2555 2221 haec
2582 2164 2723 2236 apud
2745 2165 2891 2234 ipsos
2916 2177 3031 2225 acta
3054 2184 3175 2227 esse
3194 2174 3571 2229 convincam.»

2037 2252 2102 2308 ll.
2135 2254 2190 2309 ln
2224 2255 2308 2312 his
2336 2268 2513 2312 autem
2550 2257 2864 2329 Perpetua.
2898 2259 3192 2318 Felicitatis
3221 2273 3277 2320 et
3306 2267 3581 2324 sociorum

1966 2355 2270 2419 martyrum
2301 2349 2437 2403 actis
2466 2349 2601 2435 inira
2634 2348 2831 2421 ubique
2868 2352 3215 2423 resplendent
3254 2355 3581 2415 christiana-

1968 2454 2089 2495 rum
2119 2440 2359 2496 omnium
2391 2441 2649 2497 virtutum
2680 2444 2961 2515 exempla;
2991 2445 3062 2500 ita
3094 2456 3151 2502 ut
3175 2446 3433 2505 affirmari
3460 2466 3580 2507 me-

1968 2531 2074 2588 rito
2106 2532 2307 2602 possit,
2338 2542 2472 2604 quot
2498 2533 2552 2588 in
2581 2533 2855 2602 Montano,
2887 2536 3174 2593 Maximilla
3195 2580 3210 2605 ,
3247 2538 3580 2600 Themisone

1968 2631 2025 2679 et
2066 2623 2379 2681 Alexandro
2425 2625 2739 2696 Apollonius
2786 2628 2913 2683 vitia
2962 2631 3345 2701 reprehendit,
3396 2643 3473 2691 tot
3521 2636 3578 2692 in

1969 2718 2172 2777 sanctis
2202 2718 2351 2775 hisce
2404 2719 2733 2792 martyribus
2776 2736 2841 2778 ac
2880 2723 3144 2795 Perpetua
3173 2724 3488 2796 praesertim,
3524 2738 3583 2786 et

1970 2813 2142 2869 multo
2165 2814 2328 2869 etiam
2364 2813 2514 2883 plura
2536 2856 2552 2881 ,
2585 2814 2841 2869 virtutum
2885 2817 3126 2872 omnium
3168 2818 3365 2875 decora
3408 2819 3578 2877 reful-

1968 2920 2117 2977 gere.
2136 2906 2327 2979 Aliqua
2343 2909 2603 2963 Actorum
2626 2906 2742 2963 loca
2757 2924 2876 2979 quae
2892 2910 3064 2979 magis
3102 2910 3169 2966 ad
3200 2927 3313 2967 rem
3350 2912 3572 2984 faciunt,

1970 3000 2024 3056 in
2036 3000 2318 3071 specimen
2348 2998 2598 3056 indicabo
2619 3014 2742 3071 cap.
2771 3015 2811 3066 ι,
2843 3000 2950 3072 92.
2973 3001 3135 3058 «Cum
3151 3002 3347 3071 adhuc,
3378 3005 3574 3078 inquit,

1970 3107 2094 3148 cum
2124 3092 2560 3163 persecutoribus
2588 3106 2835 3148 essemus
2851 3134 2865 3159 ,
2889 3103 3051 3151 etme
3073 3106 3226 3166 pater
3252 3108 3498 3157 avertere
3523 3110 3580 3156 ct

320 3212 402 3268 Χ.
444 3184 717 3284 μείρειιώ
736 3221 782 3268 α
811 3211 990 3268 suum
1016 3212 1374 3268 malumne,"
1404 3211 1599 3267 hane“,-
1615 3221 1664 3267 ει
1690 3211 1868 3283 opu-m5
1894 3190 1941 3255 Ο
1972 3184 2207 3284 dejicere
2225 3200 2431 3284 prosus
2447 3185 2733 3284 allectione
2747 3197 3144 3259 perseveraret,
3160 3191 3408 3284 etc.,dixi
3425 3194 3573 3252 ei....

242 3310 478 3380 fructus.

317 3402 369 3458 Ι.
437 3400 819 3473 Superioribus
863 3400 1126 3472 capitibus
1184 3407 1498 3472 argumenta
1558 3396 1869 3455 labefactari

238 3508 378 3567 qum
395 3493 688 3565 Basnagius
708 3508 773 3549 ex
798 3492 928 3563 ipsis
940 3506 1129 3549 eorum
1145 3492 1295 3549 Actis
1315 3490 1577 3547 adversus
1603 3500 1871 3563 martyres

241 3585 495 3643 conﬁcit.
524 3584 785 3641 Praesenti
805 3592 861 3639 et
880 3584 1126 3656 sequenti
1147 3583 1324 3654 capite
1347 3591 1663 3655 argumenta
1682 3583 1735 3638 in
1755 3597 1871 3657 me-

243 3681 408 3738 dium
433 3680 751 3751 producam,
789 3694 911 3749 qua:
952 3694 1049 3749 pro
1087 3678 1289 3735 sanctis
1318 3679 1647 3750 martyribus
1681 3693 1750 3735 ex
1778 3678 1870 3733 iis-

252 3774 386 3830 dem
404 3772 554 3828 Actis
579 3771 796 3843 collegi,
817 3779 873 3827 et
896 3770 1094 3842 quibus
1113 3770 1487 3836 invictissime,
1518 3780 1577 3826 ut
1606 3781 1755 3841 puto,
1778 3784 1872 3826 eo-

249 3880 379 3921 rum
408 3862 731 3920 orthodosia
758 3862 1080 3929 vindicatur,
1108 3872 1169 3919 ut
1197 3861 1650 3935 quemadmodum
1679 3862 1872 3919 adver-

253 3960 436 4015 sarius
462 3967 523 4015 et
548 3958 806 4025 externis,
839 3965 899 4013 ut
916 3966 1141 4025 vocant,
1172 3959 1501 4030 argumentis
1546 3968 1602 4014 et
1647 3958 1872 4013 internis

255 4054 521 4110 adversus
552 4061 813 4124 martyres
832 4052 1025 4108 militat
1051 4070 1065 4107 :
1098 4052 1168 4106 ita
1194 4066 1294 4107 nos
1316 4066 1414 4121 pro
1442 4049 1572 4116 illis,
1590 4059 1872 4121 postquam

255 4145 491 4219 hujusce
537 4146 941 4203 dissertationis
957 4146 1133 4217 capite
1171 4145 1346 4216 primo
1368 4152 1589 4200 externa
1617 4142 1875 4213 produxi-

249 4255 384 4296 mus
396 4246 712 4312 argumenta
735 4254 802 4294 es
824 4237 1082 4295 Ecclesiae
1105 4244 1416 4294 etveterum
1443 4235 1663 4291 Patrum
1691 4243 1875 4293 aucto-

259 4332 429 4387 ritate
468 4332 624 4410 petita
642 4376 659 4400 ,
694 4332 920 4388 internis
949 4331 1235 4403 postremis
1267 4330 1349 4387 his
1377 4329 1588 4385 duobus
1610 4327 1875 4400 capitibus

258 4422 622 4493 decertemus,
656 4438 777 4496 quas
793 4424 949 4482 nobis
975 4439 1042 4481 ex
1073 4423 1207 4495 ipsis
1234 4438 1423 4485 eorum
1453 4422 1602 4481 Actis
1626 4421 1874 4480 luculen-

251 4518 472 4575 tissima
498 4527 809 4592 suppetunt.
1322 4562 1335 4567 ι

334 4610 580 4668 Primum
618 4622 771 4681 esto,
807 4611 948 4684 quod
1000 4627 1067 4668 ex
1139 4611 1418 4682 Perpetuus
1492 4612 1874 4683 sociorumque

245 4715 566 4779 martyrum
618 4706 851 4764 heroicis
924 4705 1232 4774 virtutibus,
1317 4706 1571 4777 patientia
1601 4748 1616 4774 ,
1674 4705 1872 4777 pietate

247 4801 639 4860 moderatione
666 4844 682 4869 ,
775 4800 1041 4857 charitate
1074 4840 1091 4867 ,
1172 4798 1488 4856 fortitudine
1557 4807 1614 4855 et
1690 4810 1874 4855 rerum

242 4891 508 4951 omnium
561 4891 914 4949 humanarum
969 4899 1282 4963 contemptu
1354 4899 1546 4962 sponte
1607 4890 1873 4960 promicat

241 4992 427 5055 atque
452 4981 766 5041 efflorescit.
794 4983 855 5041 In
886 4985 1126 5042 moribus
1154 4982 1538 5056 prOpbetarum
1562 4982 1631 5039 ad
1661 4996 1819 5039 veros
1838 4996 1868 5036 a

240 5078 419 5134 falsis
443 5076 853 5145 discernendos.
872 5080 1100 5136 multum
1131 5080 1311 5137 inesse
1337 5079 1629 5143 momenti,
1656 5086 1872 5133 veteres

244 5172 662 5229 existimarunt.
700 5172 851 5231 Unde
875 5174 1181 5247 Apollonius
1207 5173 1577 5229 ecclesiasticus
1606 5171 1701 5228 ille
1729 5169 1872 5242 apud

252 5264 592 5322 Eusebiium
626 5265 750 5340 (l):
790 5288 808 5321 ι
844 5268 1094 5339 scriptor,
1128 5268 1588 5342 Cataphrygarum
1621 5266 1872 5324 haeresim

334 5376 420 5449 (1)
433 5384 536 5440 Τίς
566 5384 613 5433 δι
632 5386 806 5443 ΚΑΤΑ
830 5388 1060 5436 ΦΡΥΓΑΣ
1074 5388 1364 5452 καλουμένης
1376 5389 1595 5452 αἱρέσεως
1618 5368 1875 5435 ιαὶᾹπολο

248 5457 433 5511 λὼνιος
483 5453 872 5516 intinctas-stud;
915 5462 1195 5526 συγγραφεὺς
1244 5459 1551 5523 ἀκμιςοῦσης
1578 5458 1726 5526 εἰσέτι
1770 5461 1879 5507 τότε

246 5529 401 5577 κατὰ
430 5532 518 5575 riu
550 5531 751 5595 Φρυγίαν
786 5532 971 5596 ἔλεγχον
1008 5525 1385 5593 inaneinane,
1428 5529 1547 5579 ἴδιον
1582 5525 1688 5580 κατ’
1722 5528 1876 5580 αὐτῶν

246 5602 532 5653 carissima“
553 5600 860 5664 σύγγραμμα..
897 5603 981 5660 τὰς
1007 5608 1093 5666 μὶν
1129 5605 1384 5668 pepugi“;
1404 5599 1558 5650 αὐτῶν
1586 5606 1876 5668 «paginulas:

246 5669 451 5754 ,ξιυδιῖς
479 5670 765 5754 abscissa-sit
784 5676 912 5754 λέξιν
930 5674 1141 5754 εὗρὺνων,
1166 5681 1246 5725 τὸν
1261 5673 1309 5754 ξι
1319 5681 1428 5754 ϐίον
1454 5684 1639 5754 τοῖοί-τῆς
1654 5675 1873 5754 afflaret:

248 5741 493 5864 ann-,3
516 5742 675 5800 ὁποῖὸς
699 5764 772 5802 τις
798 5746 951 5811 νξνονε
979 5744 1246 5811 διελέγχων.
1275 5738 1391 5801 Lib.
1435 5755 1468 5794 ν
1505 5738 1645 5796 Hist.
1674 5738 1871 5797 Ecclcs.

251 5824 396 5864 ων.
499 5848 512 5861 .

251 5824 396 5881 cap.
426 5824 512 5864 ιδ.

517 5881 798 5947 ΡΑΤιιοι.
850 5882 965 5946 Ill.

1972 3277 2089 3348 Ego
2130 3278 2276 3334 aliud
2326 3292 2415 3334 me
2452 3279 2637 3336 dicere
2677 3294 2786 3335 non
2829 3296 3082 3351 possum,
3132 3283 3235 3339 nisi
3279 3276 3423 3356 quod
3452 3301 3575 3343 sum

1954 3370 2286 3427 .cltristiana.
2327 3370 2479 3427 Tunc
2508 3380 2662 3442 pater
2687 3383 2866 3445 motus
2892 3373 2946 3429 in
2973 3373 3077 3430 hoc
3126 3376 3317 3446 verbo,
3349 3379 3497 3436 misit
3520 3394 3582 3437 se

1973 3464 2029 3521 in
2058 3479 2146 3521 me
2171 3450 2239 3520 ut.
2255 3464 2444 3521 oculos
2470 3465 2601 3520 mihi
2629 3475 2876 3533 erueret;
2900 3466 2997 3523 sed
3027 3470 3238 3524 vexavit
3266 3479 3493 3539 tantum,
3522 3483 3582 3529 et

1972 3557 2248 3630 profectus
2287 3568 2374 3614 est
2416 3559 2587 3614 victus
2630 3573 2755 3615 cum
2799 3563 3136 3632 argumentis
3174 3563 3397 3620 diaboli.
3426 3566 3580 3625 Tunc

1976 3649 2162 3722 paucis
2187 3649 2409 3718 diebus,
2437 3650 2583 3721 quod
2625 3651 2921 3708 caruissem
2965 3665 3150 3723 patre,
3186 3655 3417 3712 Domino
3450 3674 3578 3730 gra-

1972 3745 2076 3801 tias
2104 3744 2221 3816 egi,
2245 3755 2301 3800 et
2322 3744 2660 3817 refrigeravit
2683 3747 2927 3809 absentia
2953 3747 3123 3805 illius.
3162 3748 3219 3806 In
3255 3751 3373 3822 ipso
3402 3755 3580 3824 spatio

1974 3854 2266 3912 paucorum
2293 3838 2504 3895 dierum
2532 3839 2787 3911 haptizati
2827 3855 3048 3910 sumus;
3077 3843 3207 3898 mihi
3244 3856 3425 3901 autem
3459 3847 3582 3919 Spi-

1973 3934 2110 3989 ritus
2147 3931 2402 3999 dictavit,
2450 3932 2586 4013 nihil
2634 3932 2780 3988 aliud
2827 3935 3116 4003 petendum
3164 3937 3217 3991 in
3258 3953 3431 4009 aqua,
3473 3941 3581 3997 nisi

1973 4022 2342 4080 suﬂ'ercntiam
2382 4024 2582 4081 carnis.
2613 4023 2745 4081 Post
2788 4038 2988 4095 paucos
3030 4025 3150 4083 dies
3190 4030 3484 4101 recipimur
3522 4032 3582 4090 in

1972 4134 2280 4185 carcerem,
2322 4128 2379 4175 et
2413 4120 2637 4190 expavi,
2665 4119 2791 4191 quia
2827 4135 3120 4192 numquam
3160 4136 3382 4196 experta
3426 4142 3581 4185 eram

1977 4212 2111 4268 tales
2150 4213 2472 4269 tenebras...
2506 4212 2622 4283 Ego
2651 4210 2910 4269 infantem
2949 4214 3213 4272 lactabam
3248 4217 3359 4288 jam
3401 4218 3579 4275 inedia

1975 4303 2263 4360 defectum.
2285 4303 2526 4361 Sollicita
2552 4317 2650 4375 pro
2674 4318 2741 4360 eo
2767 4302 3080 4374 alloquebar
3102 4292 3347 4369 matrem.
3377 4319 3433 4365 et
3456 4326 3582 4368 con-

1976 4396 2240 4481 fortabam
2263 4395 2508 4465 fratrem,
2529 4396 2975 4454 commendabam
2998 4397 3576 4473 lilium.Tabescebam,

1976 4487 2099 4547 ideo
2122 4489 2267 4561 quod
2298 4488 2422 4545 illos
2450 4490 2726 4547 tabescere
2752 4487 2993 4545 videram
3022 4492 3126 4546 mei
3158 4490 3442 4551 beneflcio.
3475 4495 3581 4552 Ta-

1895 4592 1952 4655 1)
1979 4582 2059 4640 les
2083 4581 2475 4638 sollicitudines
2501 4581 2685 4639 multis
2726 4580 2921 4637 diebus
2946 4595 3103 4652 passa
3140 4598 3259 4638 sum
3281 4626 3296 4650 ,
3327 4595 3382 4641 et
3417 4602 3578 4643 usur-

1973 4675 2097 4749 pavi
2141 4682 2200 4730 ut
2224 4689 2435 4731 mecum
2465 4673 2642 4729 infans
2669 4674 2725 4729 in
2747 4688 2968 4731 carcere
3010 4686 3284 4745 maneret;
3309 4688 3367 4734 et
3395 4680 3578 4738 statim

1974 4768 2253 4838 convalui,
2294 4777 2351 4825 et
2384 4767 2621 4825 relevata
2658 4782 2779 4824 sum
2808 4784 2840 4825 a
2868 4768 3054 4825 labore
3100 4779 3156 4825 et
3215 4771 3579 4833 sollicitudine

1974 4860 2230 4922 infantis;
2268 4869 2326 4918 et
2362 4858 2536 4918 factus
2563 4868 2649 4917 est
2675 4858 2806 4916 mihi
2833 4874 3022 4917 carcer
3048 4859 3227 4918 subito
3254 4864 3408 4934 quasi
3436 4878 3579 4935 pm-

2050 5158 2130 5235 (ί)
2167 5163 2253 5213 Δεῖ
2279 5162 2375 5229 γὰρ
2409 5162 2521 5235 ..εὼς
2552 5162 2762 5235 κιρπςὺς
2806 5156 3150 5235 δοκιμάζεσθαι
3191 5164 3276 5215 τοῦ
3313 5176 3580 5233 προφῆτοω

1976 5228 2075 5308 οὶπᾷ
2086 5228 2295 5308 άὰρντοῧ
2311 5228 2510 5308 Δπέοιρποὶἳ
2539 5236 2592 5308 τρ
2614 5228 2794 5308 δινδρςγ
2820 5232 3114 5296 γινώσκεται.

2055 5303 2134 5379 (2)
2156 5301 2273 5379 Ἐᾶτε»
2297 5303 2532 5379 sip-rasura:
2563 5301 2690 5379 δῶρα
2714 5303 2820 5379 fuit:
2850 5312 3095 5379 πξοφγίῖας
3123 5303 3276 5379 αὗτῶςι
3314 5308 3580 5377 εἰληφέναι,

1978 5371 2125 5435 Wall-o-
2148 5371 2593 5446 ὁμαλογὴσεὶτωσαν,
2624 5374 2716 5446 ὅτι⁸
2748 5373 2830 5446 ἕᾶξν
2878 5371 3159 5440 ἔλεγχοῶσιν
3200 5371 3462 5445 saeptis-eg,
3498 5371 3583 5438 οὐδὲ

1981 5454 2074 5505 εἱσι
2098 5441 2363 5521 «pisant,
2391 5448 2471 5498 xei
2498 5452 2671 5521 μυρίαι·
2691 5441 2957 5521 ἀποδεζξειξ
2979 5447 3155 5498 τοῦτων
3194 5441 3577 5521 παράστῆσὸμινο

1982 5515 2241 5589 ἁναγκξιῐὸν
2270 5521 2316 5595 δᾷ
2346 5522 2449 5570 ἔστι
2476 5518 2655 5595 πάγας
2699 5518 2905 5580 καρποὺς
2935 5515 3279 5595 inmenso“;
3312 5515 3579 5595 προφήτου.

1980 5610 2241 5665 πριιφοι;της,
2269 5592 2373 5642 εἰπε
2400 5610 2507 5654 μοι,
2533 5590 2820 5665 βάπτεταξὲ
2855 5597 3099 5665 προφήτης
3122 5590 3433 5665 φελοκοσμιῖῖ
3463 5619 3583 5665 προ·

1976 5659 2371 5735 φῆτῇςῂτίβλαις
2392 5667 2473 5712 καὶ
2495 5659 2660 5727 κύβοις
2683 5662 2875 5735 πειίζεις
2903 5662 3147 5735 προφῆτης
3163 5662 3396 5735 δαῆείζεις
3425 5659 3583 5724 ταῧτα

1977 5733 2431 5809 Spains/iactitatae»,
2477 5737 2669 5799 πότερον
2704 5734 2882 5796 ἔξεστιν
2908 5733 2952 5800 ,ἢ
2986 5738 3084 5797 μὴ
3113 5736 3200 5797 ἐγὼ
3236 5733 3284 5786 δὲ
3321 5739 3398 5790 ὃτι
3426 5745 3583 5809 γένοιτ

1977 5808 2091 5882 παρ’
2119 5810 2281 5868 αὐτοῖς
2309 5808 2463 5871 δείξω.
2995 5869 3034 5934 5
