3950 6310
437 219 547 279 159

1624 216 2081 280 DISSERTATIO
2111 221 2594 287 APOLOGETICA

3630 234 3734 295 *μθ

432 312 649 402 torium,
675 341 732 390 ut
757 332 830 392 ibi
857 333 1072 392 mallem
1098 348 1222 392 esse
1247 349 1404 406 quam
1431 337 1613 394 alibi.»
1644 339 1785 408 Quot
1812 342 1900 398 hic
1926 343 2029 398 vir-
2059 342 2113 404 Δ
2136 361 2326 416 corpus
2370 366 2538 405 meum
2568 358 2623 405 ut
2653 350 2865 408 ardeam
2883 393 2898 420 ,
2926 360 3034 411 etc.
3062 369 3077 421 ;
3123 354 3219 413 sed
3252 356 3396 414 tales
3436 371 3577 429 quos
3616 373 3736 416 vere

430 434 574 484 tutes
612 428 876 484 emicant!
923 427 1232 484 Constantia
1263 428 1519 486 adversus
1553 433 1717 503 patris
1749 432 1950 503 minas,
1983 443 2039 491 et
2139 438 2339 497 Christi
2369 452 2425 499 et
2452 445 2699 502 veritatis
2722 448 2923 504 caritas
2952 449 3274 520 perduceret
3306 451 3375 508 ad
3394 427 3734 523 passim:

430 522 749 590 blanditias;
780 526 1076 580 constantia
1122 526 1248 582 item
1274 527 1532 585 adversus
1564 529 1823 587 humanas
1850 548 2037 590 omnes

431 615 783 683 affectiones,
820 618 990 689 pietas
1020 635 1146 691 erga
1177 629 1459 691 parentes,
1507 635 1747 681 materna
1787 643 1886 697 pro
1928 628 2036 684 filio

427 710 765 778 sollicitudo,
798 713 849 768 in
877 714 1110 770 carceris
1136 715 1492 775 incommodis
1519 720 1813 781 tolerandis
1840 722 2036 778 invicta

427 805 724 878 patientia:
754 806 1158 880 bypocritarum
1191 827 1378 882 more,
1424 815 1594 872 Stoica
1631 817 1894 887 gravitate
1935 818 2035 874 bu-

426 915 621 957 manos
644 900 866 959 affectus
896 918 999 959 non
1034 904 1359 973 dissimulat,
1391 908 1487 964 sed
1515 910 1808 968 christiana
1839 911 2035 969 virtute

426 1004 648 1067 superat
673 1011 735 1052 ac
763 995 1107 1054 moderatur:
1137 998 1366 1056 Domino
1392 1003 1593 1073 gratias
1621 1004 1763 1075 agit,
1795 1004 2033 1063 divinam

426 1105 584 1162 opem
618 1091 905 1161 implorat,
940 1093 1145 1149 alienas
1186 1095 1358 1165 magis
1394 1098 1670 1168 angustias
1705 1114 1865 1170 quam
1908 1115 2033 1157 suas

426 1182 604 1247 dolet,
634 1184 773 1239 miro
805 1183 1086 1256 religionis
1116 1185 1170 1240 in
1206 1186 1374 1244 Deum
1405 1198 1459 1245 et
1485 1191 1730 1246 caritatis
1762 1191 1813 1246 in
1847 1193 2034 1260 proxi-

422 1292 571 1332 mum
588 1277 931 1335 documento.
952 1278 1168 1335 Etedem
1187 1280 1484 1356 virtutesin
1512 1284 1633 1339 aliis
1661 1299 1875 1356 quoque
1902 1285 2033 1342 locis

423 1369 793 1440 reSplendent,
818 1386 939 1442 cap.
956 1388 1016 1437 tt,
1041 1371 1138 1444 §i.
1156 1391 1176 1426 ι
1202 1354 1545 1446 Postpaucos
1576 1354 1694 1433 dies
1722 1354 1907 1433 rumor
1932 1394 2031 1435 cu-

422 1463 625 1529 currit,
657 1473 713 1517 ut
737 1462 1068 1520 audiremur.
1097 1464 1420 1536 Supervenit
1441 1478 1622 1525 autem
1642 1479 1699 1525 et
1722 1470 1791 1525 de
1815 1471 2032 1527 civitate

418 1565 572 1629 pater
602 1572 756 1615 meus
781 1568 1136 1630 consumptus
1164 1561 1346 1627 taedio,
1377 1564 1622 1619 ascendit
1646 1564 1712 1619 ad
1745 1580 1831 1621 me
1862 1576 1918 1621 ut
1944 1581 2033 1622 me

417 1649 699 1722 dejiceret,
722 1652 937 1709 dicens:
962 1653 1217 1712 Miserere
1233 1698 1249 1723 ,
1274 1656 1403 1721 lilia,
1427 1658 1577 1713 canis
1595 1659 1751 1725 meis,
1774 1671 1880 1716 etc.
1896 1661 2032 1716 .lltec

2134 535 2263 605 quid
2285 536 2365 591 eis
2388 537 2632 596 fecerunt
2657 545 3059 612 persecutiones
3076 545 3418 602 swvientium
3437 546 3461 599 ‘I
3482 546 3735 617 Major-et-

2139 630 2455 688 violentiam
2490 634 2793 691 habuerunt
2816 638 2957 693 oculi
2988 639 3231 697 ﬂentium
3270 655 3493 696 suorum
3516 680 3533 704 ,
3575 656 3738 711 quam

2128 725 2544 792 persecutiones
2572 728 2970 785 insectantinm.
2998 732 3168 799 Quam
3194 733 3401 789 multos
3426 734 3571 788 enim
3600 744 3742 791 tene-

2136 815 2267 873 bant
2295 819 2426 887 ﬁlii,
2470 837 2538 877 ne
2585 824 3135 893 paterentur-YQuam
3184 826 3474 881 multarunt
3514 826 3741 897 genuinis

2136 914 2596 985 provolvebantur
2641 934 2839 975 uxores
2864 962 2879 986 ,
2924 934 2999 976 ne
3040 919 3214 975 vidua:
3255 920 3742 992 relinquerentur?

2136 1005 2307 1075 Quam
2338 1008 2535 1064 multos
2565 1021 2817 1078 parentes
2840 1011 2952 1082 {filii
2978 1012 3344 1084 prohibebant
3391 1016 3529 1071 mori
3554 1055 3572 1079 ,
3598 1015 3746 1071 sicut

2136 1100 2383 1156 novimus
2404 1103 2664 1173 etlegitur
2678 1104 2731 1159 in
2754 1105 3010 1174 passione
3030 1122 3220 1163 naua-3
3233 1107 3746 1166 rsursruismacta

2136 1203 2260 1248 sunt
2314 1194 2435 1249 ista.
2490 1195 2596 1250 Sed
2649 1195 2902 1269 lacryma:
2959 1198 3347 1269 quantalibet,
3393 1209 3451 1256 et
3511 1209 3746 1271 quanto-

2137 1284 2478 1358 libctiinpetu
2495 1286 2740 1355 fluerent,
2758 1290 2972 1361 quando
2995 1292 3246 1349 ardorem
3264 1291 3544 1350 charitatis
3566 1295 3749 1349 extin-

2136 1384 2426 1453 guerent?»
2446 1383 2734 1457 cap.v,.§‘2,
2750 1384 2907 1455 plura
2932 1387 3086 1442 nobis
3102 1388 3391 1445 confertim
3416 1388 3749 1446 exhibentur

2137 1487 2335 1532 mutua:
2385 1477 2664 1534 charitatis
2693 1480 2807 1550 spei
2857 1492 2911 1536 et
2963 1483 3421 1553 magnanimitatis
3446 1483 3743 1553 exempla:

2141 1590 2159 1621 ι
2192 1573 2346 1627 Circa
2379 1572 2714 1629 Felicitatem
2748 1590 2876 1631 vero
2908 1574 3072 1649 (nam
3101 1586 3156 1633 et
3195 1577 3270 1633 illi
3308 1579 3485 1648 gratia
3522 1580 3748 1636 Domini

2136 1666 2401 1737 ejusmodi
2444 1668 2743 1743 contigit),
2794 1688 2915 1727 cum
2960 1681 3083 1729 octo
3118 1675 3230 1743 jam
3273 1676 3539 1732 mensium
3579 1692 3748 1733 suunt

414 1740 632 1801 dicebat
659 1754 810 1815 pater
838 1761 937 1816 pro
968 1762 1062 1802 sua
1093 1747 1290 1818 pietate
1314 1748 1535 1807 basians
1558 1752 1689 1807 mihi
1723 1769 1945 1820 manus,
1972 1763 2027 1810 et
2050 1751 2105 1813 Β
2137 1770 2378 1816 ventrem
2409 1740 2633 1818 haberet
2659 1740 2805 1837 (nam
2838 1740 3317 1837 magnam-luerat
3342 1771 3744 1841 apprehensa),

418 1849 479 1892 se
507 1834 575 1891 ad
607 1836 774 1908 pedes
812 1853 964 1895 meos
995 1838 1244 1910 jactans,
1285 1850 1342 1897 et
1381 1841 1635 1915 laerymis
1672 1861 1779 1901 non
1819 1845 1981 1901 filiam
2005 1890 2020 1914 ,

412 1928 510 1985 sed
540 1928 813 1986 dominam
841 1947 930 1987 me
955 1933 1202 1989 vocabat.
1236 1932 1307 1988 Et
1334 1950 1434 2006 ego
1462 1935 1711 1992 dolebam
1742 1954 1910 1995 canos
1935 1956 2028 2011 pa-

412 2026 511 2081 tris
542 2027 648 2081 mei
672 2068 688 2096 ,
717 2028 859 2099 quod
889 2028 1038 2084 solus
1077 2028 1145 2085 de
1176 2031 1423 2100 passione
1453 2048 1572 2088 mea
1603 2035 1887 2104 gavisurus
1919 2052 2023 2093 non

412 2128 557 2177 esset
584 2120 651 2177 de
674 2131 787 2176 toto
805 2137 1005 2193 genere
1022 2139 1146 2179 meo
1168 2143 1182 2179 :
1204 2134 1261 2180 et
1284 2126 1583 2182 confortavi
1615 2144 1741 2184 eum
1765 2170 1781 2195 ,
1812 2130 2021 2188 dicens:

410 2213 528 2270 Hoc
572 2214 665 2272 fiet
705 2216 757 2272 in
800 2215 889 2273 illa
930 2224 1170 2283 catasta,
1217 2220 1363 2290 quod
1407 2220 1551 2278 Deus
1590 2224 1843 2281 voluerit.
1878 2226 2025 2283 Scito

411 2309 558 2365 enim
601 2324 702 2367 nos
748 2326 852 2367 non
893 2312 946 2368 in
986 2322 1171 2369 nostra
1216 2322 1487 2386 potestate
1517 2332 1639 2374 esse
1664 2321 2020 2391 constitutos,

413 2403 510 2459 sed
540 2403 592 2459 in
627 2404 741 2460 Dei.
766 2423 786 2458 i
832 2403 1039 2461 Similia
1083 2415 1137 2463 et
1179 2406 1358 2464 filialis
1402 2394 1529 2479 er'ga
1574 2421 1784 2481 patrem
1824 2414 2017 2471 obser-

406 2496 603 2551 vantite
624 2537 639 2563 ,
681 2505 737 2553 et
774 2498 1083 2555 Christianas
1124 2498 1451 2555 fortitudinis
1479 2505 1725 2574 exempla
1756 2504 2025 2563 habentur

416 2588 447 2663 ᾗ
477 2589 532 2658 2,
559 2590 653 2663 qui
684 2600 827 2648 totus
853 2593 1102 2665 quamvis
1138 2593 1533 2652 describendus
1570 2607 1750 2663 esset,
1798 2599 1915 2656 haec
1957 2615 2022 2657 ex

414 2699 483 2741 eo
514 2694 695 2742 tamen
726 2701 895 2756 pauca
925 2687 1242 2758 subjiciam:
1278 2709 1299 2744 ι
1330 2690 1399 2746 Et
1418 2691 1733 2749 vllilarianus
1761 2709 2023 2765 procura-

411 2786 519 2834 tor.
542 2817 559 2831 .
581 2817 596 2832 .
616 2794 811 2849 parce,
845 2781 1049 2851 inquit,
1077 2783 1228 2838 canis
1249 2785 1416 2854 patris
1447 2788 1520 2840 tui
1544 2805 1560 2853 ;
1593 2803 1753 2857 parce
1781 2788 2024 2845 infantia:

408 2873 584 2943 pueri.
614 2874 725 2930 Fac
750 2889 965 2929 sacrum
1002 2891 1110 2947 .pro
1149 2878 1776 2950 salute-lmpemtorum.
1817 2883 1886 2939 Et
1923 2899 2024 2956 ego

406 2966 693 3038 respondi:
722 2965 848 3021 Non
863 2970 1021 3039 facio.
1050 2969 1357 3028 Hilarianus
1377 2991 1390 3028 :
1413 2972 1814 3031 Οιινὶειίαηαιαῖ
1839 2977 2023 3048 Εῑιεεο
2079 2988 2082 2991 ‘

406 3059 693 3130 respondi:
723 3061 1019 3123 Christiana
1042 3080 1183 3118 sum.
1215 3065 1281 3120 Et
1309 3080 1432 3120 cum
1460 3077 1627 3123 staret
1657 3078 1808 3139 pater
1835 3070 1903 3125 ad
1934 3084 2023 3125 me

410 3150 806 3222 dejiciendum,
843 3154 1026 3224 jussus
1053 3164 1137 3212 est
1165 3156 1534 3214 ab-llilariano
1563 3160 1721 3231 dejici
1747 3203 1761 3231 ,
1790 3173 1849 3219 et
1872 3163 2020 3235 virga
2047 3154 2094 3219 C

410 3259 697 3315 percussus
714 3257 816 3302 est.
836 3246 903 3303 Et
920 3248 1089 3305 doluit
1104 3250 1235 3306 mihi
1257 3266 1414 3308 casus
1424 3254 1743 3322 patristnei,
1759 3257 1911 3327 quasi
1924 3272 2029 3329 ego

409 3340 632 3399 fuissem
662 3358 942 3414 percussa:
988 3345 1067 3402 sic
1091 3345 1237 3401 dolui
1265 3361 1366 3420 pro
1403 3359 1617 3404 senecta
1649 3350 1765 3421 ejus
1805 3351 2025 3408 misera.

411 3434 567 3492 Tunc
590 3450 690 3492 nos
712 3439 994 3494 universos
1038 3442 1347 3508 pronuntiat
1378 3451 1434 3497 et
1458 3442 1771 3499 damnatad
1802 3444 2021 3511 bestias,

410 3539 467 3587 et
492 3528 691 3588 hilares
716 3530 1093 3588 descendimus
1120 3533 1185 3589 ad
1211 3550 1542 3591 carcerem.»
1578 3537 1724 3592 Hanc
1738 3538 2028 3610 Perpetua

414 3622 633 3679 filialem
660 3639 787 3695 erga
803 3632 1004 3695 patrem
1035 3627 1431 3683 observantiam
1465 3628 1549 3706 his
1577 3642 1793 3686 sanctus
1818 3634 2028 3703 Augus-

412 3717 556 3773 tinus
579 3719 760 3774 verbis
779 3721 1248 3796 commendatﬂ)‘:
1280 3742 1298 3774 ι
1315 3722 1490 3778 Doluit
1510 3723 1598 3779 illa
1618 3725 1766 3781 senis
1789 3728 2026 3795 parentis

407 3810 684 3882 injuriam;
706 3821 761 3868 et
776 3814 861 3871 cui
889 3829 999 3870 non
1012 3815 1242 3886 praebuit
1266 3830 1569 3884 assensum,
1596 3820 1837 3873 servavit
1860 3819 2024 3877 affec-

408 3910 543 3959 tum.
585 3903 787 3962 Oderat
819 3908 1020 3977 quippe
1055 3909 1107 3962 in
1134 3907 1553 3993 illo-stultitiam,
1600 3925 1705 3965 non
1750 3921 2022 3981 naturam,

409 4006 467 4053 et
491 3996 608 4068 ejus
634 3998 1001 4055 inﬁdelitatem
1022 4042 1041 4067 ,
1068 4014 1177 4057 non
1207 4001 1469 4073 originem
1494 4018 1671 4059 suam.
1700 4004 1902 4076 Majore
1924 4006 2023 4078 igi-

414 4097 502 4145 tur
520 4091 693 4160 gloria
723 4100 831 4147 tam
858 4092 1121 4150 dilectum
1136 4103 1345 4163 patrem
1367 4096 1511 4152 male
1531 4098 1847 4153 suadentem
1874 4099 2024 4153 forti-

413 4194 496 4238 ter
517 4184 737 4254 repulit,
755 4198 917 4254 quem
939 4187 1281 4256 vapulantem
1306 4188 1489 4244 videre
1515 4190 1633 4246 sine
1648 4204 2020 4245 nimrorenon

411 4279 607 4348 potuit.
643 4277 876 4336 Proinde
900 4288 958 4335 et
985 4279 1143 4336 dolor
1173 4280 1422 4336 ille‘nihil
1450 4282 1676 4338 retraxit
1702 4283 1885 4338 robori
1913 4282 2022 4338 for-

408 4372 687 4439 titudinis,
719 4383 775 4428 et
803 4372 1001 4443 aliquid
1026 4372 1235 4430 addidit
1254 4374 1503 4430 laudibus
1533 4374 1838 4445 passionis:
1868 4395 1903 4463 ι.
1926 4374 2020 4430 Di-

405 4464 687 4537 ligentibtts
742 4468 877 4522 enim
918 4466 1089 4523 Deum
1134 4469 1307 4522 omnia
1350 4477 1695 4539 cooperantur
1718 4469 1774 4522 in
1806 4471 2016 4523 bonum.

408 4558 741 4615 Earumdem
770 4560 1029 4615 virtutum
1046 4561 1209 4621 aliud.
1227 4575 1348 4631 cap.
1368 4575 1446 4624 tit,
1462 4559 1491 4632 ἕ
1506 4562 1528 4615 l
1542 4602 1558 4629 ,
1574 4561 1812 4619 occurrit
1826 4577 2008 4617 exom-
2024 4563 2097 4627 ID

411 4653 558 4721 plum
585 4665 598 4700 :
635 4671 657 4705 ι
683 4652 751 4709 Ut
775 4661 957 4708 autem
987 4654 1309 4724 proxitnavit
1335 4655 1454 4712 dies
1484 4660 1763 4717 muneris.
1799 4657 2017 4713 intravit

407 4745 476 4802 ad
507 4760 595 4801 me
620 4755 773 4816 pater
798 4761 949 4801 meus
969 4754 1324 4816 consumptus
1351 4748 1527 4814 ttedio,
1545 4751 2013 4821 etcospitbarbam

407 4840 921 4907 suam.evellere,-et
951 4854 1011 4894 se
1038 4841 1096 4894 in
1126 4850 1321 4896 terram
1335 4844 1579 4911 mittere;
1600 4854 2015 4915 euprosternere

408 4935 534 4990 sein
556 4935 765 5001 faciem,
790 4938 1228 5008 etimpmperare
1252 4938 1406 4993 annis
1428 4941 1559 5009 suis.
1579 4951 1637 4995 et
1660 4942 1842 4998 dicere
1870 4952 2012 4998 tanta

406 5033 567 5088 verba
595 5049 711 5103 quae
744 5009 1021 5091 moverent
1051 5035 1353 5090 universam
1376 5045 1701 5093 creaturam.
1728 5038 1843 5109 Ego
1863 5038 2014 5095 dole-

404 5126 530 5181 liatn
556 5142 651 5196 pro
674 5126 869 5184 infelici
900 5137 1120 5184 senecta
1151 5127 1288 5197 ejus.
1317 5147 1337 5179 ι
1365 5129 1462 5185 Hic
1484 5129 1685 5187 iterum
1716 5133 2013 5189 audiendus

403 5228 621 5273 Sanctus
650 5218 977 5288 Augustinus
1005 5220 1124 5293 (-2):
1162 5221 1310 5275 c'Per
1349 5224 1647 5279 caritatem
1675 5226 1841 5280 multi.
1866 5242 2012 5283 mor-

398 5312 477 5367 tui
518 5321 642 5368 sunt
681 5314 913 5381 sarculo,
958 5324 1013 5369 ιιι
1056 5306 1299 5373 viverent
1324 5310 1883 5377 ’Deo.’flac‘caritate
1923 5340 2013 5379 ac-

399 5407 546 5462 censi
574 5418 864 5478 martyres,
900 5423 1004 5463 non
1037 5410 1306 5477 simulati,
1338 5428 1444 5468 non
1477 5428 1615 5469 vana
1636 5414 1809 5485 gloria
1840 5418 2010 5472 venti-

398 5501 533 5567 lati,
566 5518 671 5557 non
703 5502 975 5569 tales,-de
990 5504 1197 5575 quibus
1233 5506 1436 5563 dictum
1477 5520 1590 5564 est:
1618 5510 1700 5566 Si
1740 5512 2010 5567 tradidero

465 5662 543 5735 (ι)
574 5663 747 5721 Serm.
781 5664 910 5733 231,
942 5665 1010 5718 al.
1045 5664 1332 5723 tletlivers.
1373 5666 1495 5722 104.

460 5735 539 5813 (9.)
576 5740 800 5794 Enarrat
830 5737 1105 5794 in'Psaltn.
1143 5753 1309 5809 XLvn,
1336 5754 1488 5797 nunt.
1520 5741 1606 5796 15.

2133 1856 2369 1911 instante
2398 1856 2690 1926 Spectaculi
2721 1858 2830 1924 die,
2864 1858 2921 1914 in
2951 1875 3147 1932 magno
3173 1871 3290 1916 erat
3316 1862 3486 1929 luctu,
3520 1879 3588 1918 ne
3616 1878 3749 1935 pro-

2132 1958 2252 2019 pter
2286 1957 2531 2005 ventrem
2563 1949 2915 2019 dill'erretur;
2947 1954 3071 2024 quin
3101 1970 3209 2011 non
3234 1955 3364 2012 licet
3397 1969 3749 2030 prtegnantes

2132 2061 2305 2115 pinnae
2337 2046 2712 2118 repraesentari
2732 2090 2747 2115 ,
2790 2057 2846 2103 et
2873 2064 2941 2103 ne
2970 2050 3110 2104 inter
3138 2051 3348 2121 aliquos
3380 2063 3577 2124 postea
3616 2069 3749 2111 sce-

2131 2139 2350 2207 leratos,
2382 2151 2627 2197 sanctum
2660 2152 2715 2197 ct
2746 2128 3434 2216 innocentetnsanguinem
3464 2147 3742 2209 funderet.

2128 2234 2235 2291 Sed
2282 2246 2336 2290 et
2376 2246 2768 2307 connnartyres
2811 2236 2930 2307 ejus
2971 2239 3215 2308 graviter
3255 2241 3739 2314 contristabantur,

2129 2349 2199 2386 ne
2232 2342 2335 2389 tam
2369 2334 2562 2388 bonam
2590 2333 2793 2389 sociam
2814 2375 2828 2397 .
2860 2334 3015 2405 quasi
3054 2336 3307 2392 comitem
3336 2337 3517 2394 solam
3556 2341 3608 2394 in
3644 2343 3740 2397 via

2124 2428 2372 2498 ejusdem
2386 2428 2513 2499 spei
2534 2427 2919 2497 relinquerent.
2938 2428 3241 2498 Conjuncto
3269 2430 3451 2500 itaque
3464 2433 3736 2504 lmch—

2128 2526 2262 2580 ntitu
2283 2566 2297 2591 ,
2329 2524 2398 2580 ad
2430 2524 2713 2580 Dominum
2739 2524 3038 2580 orationem
3069 2525 3319 2585 fuderunt
3348 2536 3472 2585 ante
3508 2531 3726 2587 testium

2129 2621 2271 2677 diem
2314 2622 2575 2676 muneris.
2616 2620 2809 2677 Statim
2853 2631 2973 2690 post
3009 2624 3311 2681 orationem
3355 2628 3735 2689 delirium

2128 2718 2462 2775 invaserunt.
2514 2716 2581 2773 Et
2620 2730 2740 2772 cutn
2782 2730 2888 2786 .pro
2930 2717 3163 2772 naturali
3200 2717 3740 2780 difﬁcultatetuctavi

2129 2812 2354 2873 mensis,
2387 2811 2439 2864 in
2470 2819 2623 2879 partu
2654 2810 2931 2871 laborans.
2962 2809 3189 2877 doleret,
3216 2812 3289 2867 ait
3316 2813 3392 2869 illi
3417 2816 3742 2886 quideme:

2130 2905 2394 2960 ministris
2408 2920 2477 2960 ea
2487 2913 2535 2959 ta
2545 2902 2897 2959 ractariorum
2917 2923 2928 2956 :
2948 2904 3081 2972 Qum
3108 2905 3739 2983 εἰοιηιθόοιθιοιεεμιιιιὶἀ

2114 2997 2297 3055 -facies
2326 2997 2537 3067 objecta
2587 2996 2774 3053 bestiis
2815 3012 2948 3067 quas
2973 3001 3382 3069 contempsisti.
3402 3014 3532 3061 cum
3561 3008 3739 3063 sacri-

2129 3090 2290 3146 ﬁcare
2320 3087 2584 3144 noluisti?
2617 3090 2684 3145 Et
2709 3090 2797 3145 illa
2840 3091 3157 3161 respondit:
3204 3093 3367 3150 Modo
3394 3111 3510 3167 ego
3548 3101 3741 3170 quatior

2132 3184 2281 3255 quod
2311 3186 2504 3255 patior;
2532 3186 2643 3243 illic
2670 3188 3021 3244 autemelius
3048 3190 3152 3245 erit
3183 3190 3236 3246 in
3264 3192 3469 3263 meiqui
3488 3196 3741 3263 'patiétur

2134 3293 2234 3349 pro
2262 3292 2348 3332 me
2372 3320 2388 3345 ,
2421 3279 2542 3349 quia
2574 3288 2627 3335 et
2657 3295 2756 3351 ego
2784 3297 2877 3349 pro
2906 3282 2998 3336 illo
3030 3298 3250 3353 passura
3278 3300 3416 3341 sum.
3461 3287 3535 3342 Ita
3570 3290 3738 3345 enim

2130 3376 2478 3447 astipuellam
2499 3418 2515 3443 ,
2536 3393 2699 3449 quam
2718 3378 2830 3433 sibi
2860 3380 3107 3450 quietiam
3138 3382 3566 3440 semiu‘filiam
3596 3385 3740 3441 ellu-

2132 3472 2297 3528 cavlt.
2326 3490 2348 3525 ι
2380 3471 2833 3529 Νἰιιίιοίὶιιΐθιοὶωιι
2866 3486 3026 3541 sunt,
3052 3491 3228 3548 neque
3269 3479 3742 3536 iniumiedmim-

2133 3569 2279 3623 tione
2318 3566 2485 3639 digna
2526 3583 2648 3638 qua:
2676 3568 3073 3625 describuntur
3110 3571 3143 3642 ᾗ
3184 3572 3220 3628 5
3256 3582 3324 3627 εει
3362 3575 3400 3628 4
3434 3572 3740 3645 lPerpettm

2110 3673 2188 3717 -οι
2224 3662 2400 3718 Saturi
2444 3663 2655 3718 infracti
2692 3662 3002 3734 exeolsique
3042 3664 3205 3721 animi
3230 3665 3584 3723 documenta.
3610 3669 3738 3726 Sed

2131 3771 2239 3811 non
2290 3765 2374 3811 est
2417 3757 2894 3828 ornittendus‘cap.
2916 3772 2995 3825 In,
3029 3759 3057 3832 §
3089 3762 3140 3827 l,
3172 3763 3736 3822 utexitmiversarum

2132 3849 2390 3903 virtutum
2419 3850 2838 3907 connexionuct
2856 3853 3425 3910 ivarietateeontertus
3454 3874 3524 3910 τι(
3552 3855 3739 3913 Illuxit

2108 3940 2245 3997 'dies
2273 3941 2510 3996 victoria:
2540 3941 2751 3996 illorum
2769 3980 2799 4005 ,λ
2817 3953 2883 3998 et.
2898 3947 3375 4013 processeruntide
3402 3960 3633 4005 carcere
3658 3951 3738 4007 in

2108 4033 2602 4105 amphitheatrum,
2627 4038 2777 4104 quasi
2803 4036 3735 4108 inctniun'tAhilaresyvulurdewri,

2112 4129 2170 4183 si
2200 4127 2352 4187 forte;
2367 4126 2563 4198 gaudio
2594 4137 2868 4196 paventes,
2882 4142 3015 4185 mon»
3029 4132 3742 4203 tia»re;:soquebatttrIPen-

2104 4231 2285 4293 -petua
2314 4221 2525 4292 placido
2554 4221 2701 4279 vultu
2724 4234 2828 4290 ,ιιι
2858 4224 3063 4295 pedum
3106 4225 3738 4295 incessuatmrota

2104 4317 2324 4375 :Cltristi
2352 4322 2460 4376 tliei
2494 4322 2720 4389 dilecta,
2765 4322 3002 4391 vigorem
3034 4320 3759 4394 oottlortmsuumtmdejL'

2104 4415 2275 4471 'eiens
2298 4415 2370 4470 ab
2394 4419 2634 4472 omnium
2657 4427 2975 4487 conspectu.
2992 4416 3641 4473 ltetn'FelicitastnRam
3662 4432 3739 4475 se

2126 4510 2397 4581 peperisse
2420 4510 2688 4580 gaudens,
2723 4519 2778 4564 ut
2809 4508 2873 4564 ad
2905 4508 3102 4565 hostias
3130 4521 3483 4581 pugnaretﬁa
3508 4511 3741 4582 Ingui-

2124 4624 2221 4673 ne,
2252 4607 2321 4661 ah
2346 4608 2637 4661 oltstelricc
2672 4607 2741 4659 ad
2783 4605 3062 4660 retiarium
3084 4647 3097 4670 ,
3152 4606 3733 4678 ιωιιινειρηθιιῃατιιιιη

2106 4704 2390 4774 'baptismo
2426 4702 2680 4757 Secundo.
2730 4701 2795 4755 Et
2831 4714 2953 4755 cum
2992 4700 3365 4757 delatiessent
3394 4704 3729 4773 importem,

2120 4806 2173 4851 et
2201 4804 2519 4867 cogerentur
2568 4794 2812 4849 {habitum
2867 4793 3121 4860 induere,
3172 4793 3735 4866 viriquitietn'sacer-

2122 4891 2304 4945 dotum
2328 4889 2543 4946 Saturni
2564 4933 2577 4953 ,
2610 4887 2844 4944 ΐωηιὶηω
2867 4900 2998 4944 vero
3025 4884 3732 4961 sacratamm‘Gcreﬁrgev-

2123 5002 2315 5041 nrrosa
2331 4986 2420 5041 illa
2438 4987 2489 5040 ln
2506 4986 2675 5041 finem
2688 4998 2857 5056 usque
2880 4985 3180 5040 constantia
3208 4984 3733 5055 repugnavitSiet;~

2108 5083 2245 5138 bant
2275 5086 2446 5139 enim:
2480 5083 2604 5137 Ideo
2631 5083 2700 5136 ad
2732 5082 2826 5136 hac
2852 5094 3033 5149 sponte
3055 5084 3394 5152 pervenimus,
3428 5081 3729 5138 ne'liba-tas

2108 5190 2293 5234 nostra
2317 5179 2666 5233 abduceretur.
2702 5177 2807 5231 Deo
2837 5177 3269 5232 aninmsuottras
3296 5178 3590 5233 addiximus
3607 5222 3623 5245 ,
3646 5192 3728 5233 ἠε

2118 5273 2218 5327 mlo
2239 5272 2434 5342 aliquid
2456 5274 2767 5343 faceremus:
2783 5264 3153 5327 Ιιοενυσᾶἱσσιιηι
3176 5273 3311 5341 pacti
3330 5286 3526 5327 sumus.
3540 5270 3727 5344 'Agno-

2118 5368 2191 5420 vit
2234 5365 2494 5436 iniustitia
2530 5365 2825 5434 justitiam:
2850 5366 3144 5420 concessit
3176 5365 3462 5431 tribunus,
3492 5375 3549 5421 ut
3579 5380 3722 5437 quo-

2117 5461 2276 5514 modo
2302 5472 2447 5515 erant
2469 5502 2483 5523 ,
2514 5458 2831 5530 simpliciter
2857 5459 3548 5533 inducerentur.‘Perpetua
3578 5462 3723 5531 psal-

2115 5553 2278 5618 lebat,
2312 5563 2469 5623 caput
2490 5555 2599 5623 jam
2630 5552 2863 5625 :Iigyptii
2893 5555 3128 5610 caleans.
3163 5553 3502 5620 Revocatus,
3530 5563 3584 5610 et
3612 5553 3718 5611 Sa-

2113 5650 2361 5704 turninus
2390 5660 2443 5703 et
2465 5648 2710 5716 Saturus,
2730 5650 3229 5721 populo:spectanti-
3249 5649 3720 5709 animum

2106 5742 2179 5800 dc
2230 5742 2349 5799 hoc.
2406 5741 2474 5800 Ut
2516 5742 2619 5801 sub
2675 5753 2968 5820 conspectu
3017 5745 3714 5827 Hauriani‘pcrveucrunt,
