3988 6310
277 254 380 314 Ml

1155 252 1294 315 PRO
1332 256 1431 317 SS.
1470 256 1862 327 PERPETUA,
1902 256 2317 319 FELICITATE
2358 260 2445 318 ET
2481 258 2718 321 SOCIIS.

3479 268 3591 331 142

269 383 427 447 gestu
455 382 510 431 et
540 385 669 443 nutu
696 384 979 446 coeperunt
1008 376 1283 432 Hilariano
1311 377 1521 433 dicere:
1545 376 1627 432 Tu
1660 393 1773 440 nos,
1803 377 1883 430 in-
1908 378 1959 438 A
1987 378 2108 434 dam
2141 380 2443 436 sanctitatis
2468 382 2711 439 umbram
2763 380 2994 449 allectet,
3031 393 3089 441 ut
3129 383 3228 443 hos
3250 387 3445 458 gestiat
3470 390 3586 445 vir-

271 470 487 540 quiuut,
525 479 574 524 te
600 480 767 523 autem
798 468 936 523 Dens
957 471 1231 539 judicabit.
1255 470 1336 526 Ad
1365 470 1465 539 hoc
1486 471 1713 542 populus
1733 486 1885 529 exas-

270 571 511 631 peratus,
533 559 755 632 ﬂagellis
777 576 869 615 eos
893 563 1074 617 venturi
1099 577 1196 632 pro
1218 561 1406 617 ordine
1427 571 1738 617 venatorum
1763 580 1887 635 pos-

271 656 483 711 tulavit.
514 655 579 709 Et
610 656 790 725 utique
819 655 890 708 illi
915 655 1164 725 gratulati
1192 664 1337 720 sunt,
1361 656 1502 725 quod
1526 655 1722 725 aliquid
1746 664 1799 711 et
1819 656 1886 712 de

268 747 558 804 dominicis
593 747 925 817 passiouibns
957 759 1135 803 essent
1159 748 1452 805 consecuti.
1480 767 1497 800 ι
1532 747 1804 802 \‘idendus
1832 756 1889 817 et

267 858 391 913 cap.
424 859 501 910 vt,
537 841 564 916 §
595 845 649 909 5,
680 843 753 897 uti
784 854 979 913 pra-ter
1008 843 1258 913 invictam
1286 844 1449 898 animi
1478 842 1845 913 fortitudinem
1867 883 1885 913 ,

265 952 372 1009 qua
402 951 461 991 se
478 936 823 995 ferocissima:
848 953 1023 991 Vocem
1042 947 1239 992 sancta:
1272 938 1524 993 mulieres
1555 937 1885 1005 obtulerunt,

266 1031 612 1101 suscipienda
630 1032 767 1099 venit
786 1044 840 1087 et
855 1032 1132 1103 Perpetum
1149 1031 1408 1087 modestia
1425 1049 1436 1084 :
1451 1050 1467 1082 ι
1480 1030 1683 1093 Jactata
1697 1051 1715 1083 ι
1742 1031 1886 1097 enim

267 1137 300 1177 a
317 1122 651 1180 ferocissima
680 1124 846 1180 bestia
872 1143 890 1175 ι
906 1126 1139 1180 concidit
1156 1124 1206 1181 in
1228 1124 1457 1191 lumbos,
1473 1134 1525 1183 et
1542 1135 1594 1177 ut
1610 1124 1889 1194 couSpexit

270 1218 511 1273 tunicam
545 1234 573 1270 a
602 1218 771 1273 latere
801 1217 1100 1284 discissam,
1132 1218 1196 1272 ad
1230 1218 1588 1273 velamentum
1624 1218 1886 1274 femorum

270 1310 516 1376 adduxit,
553 1312 775 1381 pudoris
802 1314 976 1384 potius
997 1328 1202 1369 memor
1225 1330 1382 1384 quam
1411 1312 1667 1369 doloris.»

346 1403 438 1459 Ill.
480 1404 623 1460 Nihil
648 1405 703 1460 in
732 1405 815 1460 his
839 1416 1135 1481 martyrum
1158 1407 1326 1477 gestis
1353 1407 1782 1462 animadvertere
1806 1413 1891 1465 est

268 1512 337 1551 ex
364 1496 601 1551 Montani
623 1496 805 1554 schola
837 1509 891 1553 et
914 1499 1246 1555 institutione
1270 1498 1602 1571 profectum;
1628 1498 1759 1553 nihil
1786 1498 1891 1554 sci-

270 1590 400 1646 licet
439 1591 895 1660 superstitiosum,
919 1591 1051 1651 nihil
1074 1593 1509 1662 incompositum,
1537 1592 1668 1646 nihil
1695 1591 1891 1649 tumul-

272 1693 511 1749 tuosuin,
549 1682 680 1739 nihil
715 1684 1018 1755 turbidum,
1070 1684 1203 1740 nihil
1244 1685 1476 1756 denique
1524 1684 1890 1743 inordinatum

1988 475 2116 529 tutis
2142 483 2293 530 actus
2319 474 2553 543 imitari;
2583 475 2675 531 sed
2702 490 2824 531 esse
2854 492 2961 531 non
2991 486 3166 547 potest
3192 487 3250 537 ut
3274 479 3582 549 absolutam

1989 566 2342 639 undequaque
2397 568 2623 623 etomni
2671 583 2738 629 ex
2784 578 2939 639 parte
2966 570 3233 631 sinceram
3275 573 3587 630 christiana:

1990 662 2332 734 perfectionis
2378 663 2666 734 imaginem
2720 672 3115 735 repraesentet;
3164 680 3280 723 non
3328 665 3465 723 adeo
3515 668 3589 723 si-

1988 757 2037 813 bi
2068 772 2263 815 cavere
2316 765 2491 826 potest
2538 758 2869 828 hypocrisis,
2922 768 2980 815 ut
3012 773 3116 819 nun
3144 760 3347 831 aliquid
3368 760 3585 818 excidat

1990 866 2097 930 guo
2130 867 2191 915 se
2225 851 2416 922 prodat
2436 851 2616 911 :falsis
2632 853 2788 915 enim
2818 852 3100 913 virtutibus
3129 855 3331 926 aliquid
3366 857 3478 912 vitii
3503 855 3589 912 fa-

1990 944 2095 1000 cile
2112 945 2538 1013 intermiscetur,
2583 956 2637 1007 et
2661 945 2879 1016 spiritus
2904 946 2995 1002 ille
3034 948 3299 1018 superbiat
3341 957 3451 1005 tum
3476 964 3596 1005 ma-

1991 1038 2135 1093 xime
2160 1038 2489 1106 agnoscitur,
2519 1052 2642 1099 cum
2669 1038 2836 1096 animi
2864 1038 3245 1109 demissionem
3272 1041 3509 1109 simulat,
3537 1049 3597 1099 et

1990 1143 2051 1185 se
2072 1130 2123 1185 in
2146 1132 2470 1189 exteriorem
2492 1130 2780 1201 quamdam
2805 1132 3083 1199 modestiae
3109 1134 3345 1203 speciem
3373 1150 3596 1206 compo-

1992 1223 2093 1279 nit.
2146 1222 2253 1281 Sed
2284 1223 2410 1294 quid
2443 1224 2606 1281 habet
2644 1226 2962 1297 Basnagius,
2994 1226 3155 1283 initis
3182 1245 3304 1300 qua:
3320 1230 3387 1285 ad
3409 1244 3595 1288 mores

1995 1318 2284 1388 pertinent,
2317 1318 2533 1388 quodin
2566 1319 2829 1390 Perpetua
2856 1322 3079 1393 ejusque
3104 1322 3267 1379 sociis
3297 1322 3594 1394 reprehen-

1993 1409 2126 1466 dat?
2171 1409 2315 1466 Nihil
2342 1411 2600 1477 omnino;
2633 1420 2688 1466 ct
2714 1410 2971 1467 adﬁrmari
3000 1413 3183 1483 utique
3226 1422 3402 1485 potest
3424 1415 3595 1485 quod,

1990 1504 2155 1562 sicuti
2174 1506 2320 1562 nulla
2341 1516 2423 1563 est
2442 1508 2764 1578 evangelicae
2781 1507 3081 1577 disciplima
3096 1508 3196 1565 hac
3214 1510 3443 1569 similior
3461 1510 3599 1567 ima-

1994 1618 2083 1671 go,
2132 1602 2204 1658 ita
2228 1603 2370 1658 nulla
2404 1603 2476 1657 ab
2504 1603 2761 1661 haeretica
2788 1603 3138 1659 .institutione
3164 1604 3335 1676 magis
3362 1604 3596 1661 abludit.

1990 1693 2260 1765 Perpetua
2285 1704 2341 1751 et
2362 1695 2650 1752 Maximilla
2677 1697 2905 1752 invicem
2926 1696 3299 1763 conferantur;
3336 1706 3451 1752 tam
3474 1697 3590 1754 dis-

270 1793 392 1855 que:
423 1784 572 1849 sunt,
592 1789 657 1841 ⁵ιιι
682 1779 983 1845 cx,Asterio
1006 1776 1255 1844 ,Urbano,
1285 1779 1599 1848 Apollonio,
1629 1776 1885 1843 Miltiade,

2005 1793 2289 1862 crepabunt
2328 1807 2512 1848 earum
2553 1806 2753 1855 mores,
2804 1807 2966 1863 quam
3016 1806 3047 1846 a
3082 1791 3284 1847 virtute
3322 1790 3532 1860 vitium,
3563 1808 3600 1850 a

272 1872 590 1943 Serapione.
620 1872 770 1939 {Elin
788 1873 1003 1949 Publio,
1036 1882 1088 1927 et
1116 1874 1237 1928 aliis
1266 1872 1514 1937 Palrihus
1541 1881 1754 1928 constat
1789 1870 1890 1943 (1),

277 1967 642 2022 montanistici
668 1968 885 2041 spiritus
900 1966 1241 2035 characteres
1270 1985 1283 2022 :
1305 1966 1399 2021 sed
1417 1966 1470 2021 in
1494 1966 1743 2021 omnibus
1765 1979 1894 2021 con-

278 2069 356 2112 tra
391 2059 524 2113 mila
557 2058 841 2127 modestia,
870 2060 1212 2129 compositio,
1249 2058 1551 2133 prudentia,
1576 2058 1767 2128 pietas,
1802 2072 1892 2113 re;

273 2151 426 2224 ligio,
452 2153 706 2217 charitas,
728 2136 1007 2215 fortitudo.
1026 2154 1159 2209 ﬁdes
1189 2154 1558 2224 sapientiaque
1585 2151 1852 2221 refulgent
1876 2166 1893 2218 ;

278 2231 341 2303 ut
368 2265 477 2305 nou
523 2249 593 2307 sit
634 2248 781 2305 aliud
833 2258 1144 2305 sanctarum
1192 2248 1478 2309 mulierum
1529 2246 1892 2315 martyrium,

283 2343 432 2413 quod
455 2343 737 2399 illustriora
768 2345 1025 2401 virtutum
1049 2344 1289 2405 omnium
1310 2343 1509 2400 (ἱρείη-ει
1539 2342 1892 2403 comitentur.

276 2436 436 2507 LFieri
462 2448 634 2501 autem
662 2438 882 2499 minime
908 2439 1148 2508 potuisse
1179 2438 1412 2504 videtur,
1443 2445 1501 2495 ut
1526 2436 1721 2499 mulier
1751 2434 1896 2490 iusa-

282 2530 374 2587 nia
402 2541 456 2586 et
480 2530 660 2587 furore
686 2533 911 2604 percita,
939 2541 994 2587 et
1023 2531 1357 2588 dmmoniaco
1376 2530 1578 2600 .spiritu
1598 2539 1747 2595 acta,
1795 2543 1894 2583 cu-

274 2623 515 2695 jusmodi
538 2638 692 2680 erant
710 2625 1152 2689 Montanistarum
1187 2610 1796 2696 pseudo-prophetissa
1823 2624 1895 2679 ita

280 2717 387 2783 sibi
422 2718 475 2772 in
502 2720 751 2774 omnibus
772 2721 996 2786 caverit,
1024 2720 1090 2773 ita
1115 2734 1173 2775 se
1192 2719 1442 2790 gesserit.
1470 2729 1526 2777 ut
1548 2718 1678 2775 nihil
1702 2717 1753 2772 iu
1778 2715 1896 2787 ejus

284 2812 721 2889 verbisprocax.
754 2814 887 2869 nihil
918 2829 1201 2884 arrogans,
1232 2813 1366 2868 nihil
1399 2813 1449 2867 in
1483 2813 1716 2879 motibus
1742 2827 1895 2867 inve-

268 2906 610 2983 recundum,
643 2906 777 2962 nihil
810 2912 860 2962 in
888 2907 1099 2973 actibus
1156 2906 1512 2977 irreligiosum
1540 2905 1629 2965 vel
1646 2904 1895 2967 severis-

268 2982 461 3067 simus
491 3013 687 3067 censor
729 2998 1368 3073 possitanimadvertere.
1408 2982 1713 3069 .Quamdam
1743 2994 1896 3065 equi-

274 3094 415 3162 dem
438 3092 771 3169 Montanistze
805 3108 1014 3163 morum
1043 3102 1324 3159 externam
1352 3093 1666 3167 gravitatem
1698 3105 1898 3162 pratse

1998 1888 2120 1942 luce
2168 1887 2406 1943 tenebras
2452 1888 2634 1959 amplo
2679 1886 2995 1945 discrimine
3044 1896 3383 1956 separantur.
3452 1884 3602 1943 Fieri

1995 1996 2126 2053 ergo
2168 1997 2275 2038 non
2308 1993 2502 2052 potest,
2532 1989 2594 2037 ut
2610 1980 2802 2037 eodem
2829 1978 3027 2035 furoris
3051 1988 3109 2035 et
3140 1979 3364 2034 insania:
3394 1978 3596 2049 spiritu

1994 2083 2304 2145 agerentur.
2352 2074 2495 2130 Sane
2514 2073 2561 2129 si
2583 2084 2689 2127 tam
2716 2073 2927 2129 illustre
2956 2071 3271 2144 martyrium
3303 2081 3382 2128 tot
3424 2073 3600 2127 virtu-

1998 2175 2109 2222 tum
2151 2167 2393 2238 parergis
2426 2166 2763 2229 decoratum,
2801 2165 2942 2220 inter
2972 2165 3266 2221 haereticos
3298 2164 3602 2234 perfectum

1996 2268 2081 2316 est
2102 2270 2195 2315 aut
2214 2260 2398 2330 perﬁci
2437 2268 2617 2329 potest
2652 2260 2737 2314 vel
2762 2258 2896 2327 perit
2915 2262 3157 2323 omnino,
3182 2265 3277 2314 aut
3307 2257 3607 2315 admodum

1996 2352 2302 2410 infirmatur
2328 2353 2641 2410 christiana;
2662 2351 2941 2423 religionis
2959 2361 3358 2423 argumentum.
3382 2351 3526 2422 quod
3547 2358 3607 2408 et

1997 2464 2129 2505 sane
2172 2447 2614 2505 efﬁcacissimum
2646 2462 2712 2501 ex
2743 2445 3045 2501 constantia
3085 2455 3143 2503 et
3172 2446 3370 2500 virtute
3394 2454 3607 2517 marty-

1996 2560 2117 2600 rum
2162 2542 2541 2614 proliciseitur.
2598 2539 2716 2596 Non
2736 2540 2885 2596 enim
2917 2538 3346 2593 Christianorum
3397 2547 3605 2609 marty-

1996 2639 2135 2693 rium
2158 2638 2295 2692 adeo
2306 2634 2646 2692 commendat
2679 2648 2825 2689 mors
2847 2647 2943 2700 pro
2962 2630 3346 2702 ﬁdesnscepta.
3372 2644 3494 2685 cum
3512 2629 3608 2688 alii

1996 2732 2152 2788 multi
2170 2747 2235 2786 ex
2250 2730 2505 2785 omnibus
2518 2729 2679 2784 sectis
2697 2741 2796 2798 pro
2817 2726 2929 2781 suis
2960 2723 3438 2795 superstitionibus
3461 2723 3607 2780 ultro
3705 2738 3710 2747 '

1999 2841 2058 2882 se
2074 2826 2191 2881 neci
2233 2823 2575 2889 tradiderint,
2598 2837 2760 2892 quam
2784 2830 3103 2879 ceterarum
3146 2819 3404 2883 virtutum
3447 2833 3609 2890 appa-

2001 2928 2148 2976 ratus
2161 2936 2268 2992 quo
2279 2934 2434 2976 suum
2449 2932 2677 2991 agonem
2702 2916 2950 2972 catholici
2969 2914 3219 2986 martyris
3245 2913 3572 2970 decorarunt
3584 2931 3607 2970 ς

1994 3014 2136 3070 οίίάθς
2149 3014 2374 3078 scilicet,
2392 3007 3217 3080 spes,charitas,religio,pietas,
3234 3006 3614 3074 modestia,ex-

2000 3107 2129 3163 celsi
2147 3107 2311 3161 animi
2325 3105 2492 3161 robur
2506 3105 2913 3173 invictumquze
2927 3102 3121 3156 mirum
3136 3101 3188 3155 in
3204 3099 3613 3167 modum,utos-

274 3186 556 3254 ,fercbant,
584 3201 707 3247 sese
731 3185 1029 3258 disciplinae
1076 3185 1367 3249 severitate
1384 3183 1681 3253 jactatiant,
1730 3180 1896 3239 absti—

2005 3202 2291 3269 tendimus,
2301 3200 2629 3271 in-Perpctua
2642 3197 2911 3267 sociisque
2922 3195 3249 3268 martyribus
3260 3178 3608 3251 refulserunt.

287 3283 497 3349 tientia,
529 3281 861 3352 pudicitiaet
898 3283 1345 3351 persecutionum
1374 3278 1654 3339 tolerantia
1683 3292 1746 3333 se
1778 3276 1898 3346 plu-

287 3378 490 3439 rimum
514 3376 815 3432 efferebant
838 3393 850 3429 :
876 3374 970 3431 sed
993 3376 1084 3445 qui
1109 3389 1169 3431 se
1204 3374 1451 3446 graviora
1475 3372 1714 3431 instituta
1736 3386 1900 3429 evan-

286 3470 482 3542 gelicis
509 3468 935 3533 institutionibus
960 3467 1243 3536 adiecisse,
1267 3466 1443 3522 verbis
1466 3460 1899 3527 insolentissimis

284 3562 683 3637 praedicabant,
713 3561 951 3617 moribus
980 3569 1162 3631 postea
1196 3559 1681 3629 legiscvangelicte
1700 3555 1900 3617 sancti-

297 3666 463 3713 tatem
492 3655 714 3713 minime
740 3652 1068 3723 referebant,
1101 3651 1197 3707 sed
1226 3652 1292 3707 ab
1320 3668 1382 3709 ea
1410 3667 1566 3721 quam
1592 3649 1902 3719 louBiSsime

284 3751 540 3813 aberant.
559 3750 828 3818 Perpetua
852 3762 978 3803 vero
1004 3748 1244 3817 sociique
1268 3728 1536 3818 nﬂrtyrcs
1564 3744 1901 3815 evangelium

298 3843 541 3907 moribus
567 3839 830 3904 referunt,
891 3848 1052 3911 atque
1078 3839 1419 3909 exactissime
1445 3839 1774 3908 exprimunt.
1798 3838 1907 3897 ,Est

294 3947 353 4009 et
378 3934 523 3993 aliud
542 3936 595 3991 in
624 3935 817 4001 borum
838 3944 1166 4005 martyrum,
1195 3942 1250 3989 et
1275 3931 1902 4003 praesertimPerpetute,

301 4031 978 4097 virtutibusobservatinne
998 4030 1366 4100 dignumque
1386 4026 1629 4087 uincatis
1649 4024 1904 4097 hypocri-

306 4138 477 4193 tarum
498 4126 1235 4199 ,pseudo-yprophctarumque
1263 4122 1547 4179 virtutibus
1573 4120 1808 4177 discerni
1830 4119 1907 4175 fa-

288 4224 408 4287 .cile
431 4218 915 4293 possuntﬂquodse
937 4219 1115 4275 nativa
1132 4214 1909 4287 quadam.simplicitate.tuen-

308 4325 420 4380 tur,
450 4322 505 4369 et
526 4330 684 4384 quam
709 4313 862 4373 ineis
889 4311 1082 4371 divinae
1107 4307 1387 4379 cujusdam
1418 4324 1444 4364 s
1463 4306 1697 4376 ipieutiae
1721 4315 1776 4363 et
1817 4322 1912 4360 ex-

307 4405 885 4479 celsianimiacbene
910 4405 1078 4459 rebus
1119 4403 1367 4476 humanis
1408 4398 1658 4477 .exotttpti
1713 4397 1911 4457 indicia

304 4501 801 4568 claracernuutur;
827 4508 931 4557 tam
960 4499 1140 4561 nativo
1161 4496 1393 4566 quodam
1415 4494 1653 4551 candore
1676 4492 1907 4564 placent,

2076 3296 2164 3353 IV.
2206 3294 2312 3353 Sed
2344 3303 2403 3348 ut
2433 3292 2560 3353 nihil
2588 3290 3099 3361 eorumnegligam,
3140 3298 3236 3344 aut
3262 3289 3380 3343 sine
3411 3285 3615 3342 refuta-

1996 3392 2152 3446 tione
2181 3389 2468 3453 dimittam,
2501 3402 2566 3443 ex
2588 3386 2782 3453 quibus
2808 3398 3055 3440 morosus
3082 3381 3278 3454 aliquis
3296 3382 3604 3448 cavillator,

2002 3485 2087 3539 vel
2116 3483 2400 3554 impudens
2422 3481 2751 3554 sycophanta
2783 3479 2984 3533 sanctis
3014 3476 3341 3548 martyribus
3367 3475 3611 3531 conﬂare

2004 3588 2187 3647 posset
2204 3576 2457 3633 invidiam
2474 3571 2621 3640 ,‘dno
2650 3573 2703 3626 in
2722 3584 2948 3628 examen
2965 3569 3228 3625 adducam
3248 3568 3510 3627 Actorum
3529 3567 3610 3623 lo-

1966 3710 1973 3715 ι
2004 3689 2066 3730 ca
2112 3675 2167 3728 in
2212 3671 2406 3743 quibus
2450 3679 2656 3724 naturae
2686 3669 2831 3737 leges
2874 3664 3063 3721 violari
3093 3660 3381 3731 videntur,
3413 3661 3614 3734 quibus

2006 3782 2156 3822 suam
2178 3764 2550 3835 imusquisque
2568 3762 2732 3817 vitam
2754 3772 3082 3815 conservare
3099 3759 3355 3828 iubetur,
3387 3766 3444 3812 et
3465 3771 3615 3813 mor-

2010 3871 2115 3917 tem
2136 3875 2260 3917 cum
2278 3859 2457 3924 nobis,
2482 3866 2597 3913 tum
2621 3857 2741 3911 aliis
2762 3865 2952 3926 Optare
2971 3860 3065 3907 ant
3082 3852 3220 3907 alios
3250 3851 3305 3906 in
3333 3852 3616 3907 interitum

2004 3964 2251 4010 nostrum
2291 3966 2486 4023 urgere
2514 3950 2885 4019 prohibemur.
2942 3946 2999 4001 In
3048 3945 3147 4001 has
3176 3953 3357 4000 autem
3398 3953 3615 4000 naturae

2012 4048 2156 4118 leges
2169 4054 2433 4117 martyres
2450 4044 2619 4098 nostri
2642 4054 2898 4112 peccasse
2922 4038 3189 4101 videntur,
3208 4044 3330 4091 tum
3354 4050 3478 4106 cap.
3509 4034 3614 4108 ιδ

2008 4140 2068 4208 2,
2089 4139 2175 4195 ubi
2198 4136 2574 4194 communibus
2603 4135 2745 4190 votis
2772 4140 3014 4198 orarimt,
3040 4138 3099 4185 ut
3121 4130 3466 4191 humaturum
3491 4143 3616 4199 par-

2012 4243 2145 4299 tum,
2169 4252 2189 4285 ‹
2218 4234 2453 4289 instante
2473 4230 2583 4301 jam
2611 4226 2903 4298 Spectaculi
2932 4223 3039 4287 die,
3065 4241 3085 4275 ι
3116 4222 3373 4283 Felicitas
3401 4220 3616 4291 ederet,

2020 4347 2040 4383 ι
2059 4343 2129 4384 ne
2157 4335 2375 4397 promer
2393 4334 2637 4380 ventrem
2669 4319 2996 4383 differretur,
3026 4316 3152 4387 quia
3183 4331 3289 4370 non
3314 4315 3442 4371 licet
3468 4329 3614 4383 prae-

2014 4429 2239 4493 gnantes
2268 4433 2444 4491 pinnae
2466 4409 2863 4488 repraesentari.
2894 4430 2913 4464 ι
2937 4410 3071 4464 Tum
3094 4408 3316 4479 gravius
3340 4422 3463 4476 cap.
3493 4405 3617 4478 γης

2018 4515 2113 4571 ιιΙι.
2143 4553 2159 4580 ,
2201 4512 2289 4568 ubi
2333 4512 2597 4580 Perpetua
2628 4504 2777 4562 necis
2814 4504 3168 4569 instrumenta
3200 4500 3272 4555 ad
3303 4498 3616 4554 accderan—

308 4603 365 4648 et
408 4594 543 4659 nihil
576 4594 628 4651 in
674 4589 1329 4659 eislncatumhnihilper
1351 4589 1747 4651 simulationem
1772 4602 1904 4658 ges-

2014 4605 2142 4661 dnm
2189 4605 2505 4675 martyrium
2543 4604 2655 4670 ipsa
2690 4598 2802 4652 suis
2849 4593 3097 4651 manibus
3137 4591 3382 4662 aptavit:
3410 4608 3434 4642 ι
3479 4590 3617 4646 Per-

311 4696 450 4753 tum,
481 4698 689 4755 autper
717 4680 1497 4757 hypocrisimdeprehenditur
1532 4696 1652 4749 quae
1692 4678 1909 4749 quidem

309 4778 629 4848 simplicitas
655 4788 708 4843 et
754 4777 964 4843 candidi
1002 4776 1250 4846 2potueris
1276 4773 1520 4839 decusiu
1548 4773 1681 4841 ipsis
1698 4787 1911 4843 quoque

306 4871 596 4941 Bertietuae
623 4858 800 4935 verbis
829 4880 884 4925 et
910 4868 1183 4935 scribendi
1212 4868 1527 4925 charactere
1545 4864 1909 4935 resplendent,

313 4980 422 5037 quo
447 4980 598 5031 suos,
631 4974 980 5037 utsupraest
1001 4964 1367 5037 obsonatum,
1400 4961 1669 5026 humanos
1689 4960 1913 5021 allectus

317 5076 425 5117 non
454 5060 774 5125 dissimulat,
827 5074 887 5117 se
912 5076 1073 5129 supra
1116 5060 1250 5115 alios
1281 5073 1384 5113 non
1415 5056 1600 5131 effert,
1655 5071 1743 5111 res
1788 5070 1914 5113 suas

310 5154 541 5219 minime
566 5162 877 5224 exaggerat,
916 5152 985 5209 ad
1012 5153 1177 5208 Deum
1210 5152 1391 5209 omnia
1417 5151 1599 5217 refert,
1636 5150 1686 5207 in
1712 5148 1842 5213 fide,
1867 5148 1918 5203 in

307 5264 417 5319 spe
445 5247 642 5305 divinae
664 5248 1072 5314 misericordia),
1108 5249 1161 5303 iu
1193 5247 1315 5303 sinu
1344 5245 1702 5305 Providentia:
1728 5255 1780 5298 et
1809 5244 1920 5313 pla-

306 5341 595 5399 cidissime
625 5341 975 5412 conquiescit,
1004 5351 1075 5401 .et
1098 5356 1257 5399 casus
1294 5339 1827 5405 OllineS.Ctllllﬂllmii,
1867 5344 1924 5395 et

320 5434 455 5491 nihil
493 5436 664 5497 timet,
694 5444 749 5491 et
773 5435 954 5491 omnia
990 5442 1195 5504 sperat,
1229 5431 1447 5491 et.uibil
1472 5447 1584 5492 non
1615 5430 1793 5497 audet.
1852 5429 1920 5485 Hi

324 5526 568 5599 profecto
612 5529 871 5583 virtutum
906 5527 1067 5583 flores
1112 5527 1252 5582 inter
1278 5525 1545 5581 lucresum
1572 5523 1790 5579 dumeta
1818 5538 1925 5578 non

326 5620 635 5691 germinant
660 5636 675 5687 ;
707 5619 805 5675 hos
845 5620 1050 5675 fructus
1076 5618 1403 5681 arbormala
1432 5634 1539 5679 non
1567 5618 1929 5675 lacit.:P0test

325 5712 704 5785 quidemtieri,
737 5723 795 5769 ut
823 5724 879 5770 et
895 5728 1124 5785 nequam
1150 5711 1371 5783 spiritus
1386 5710 1714 5767 exteriorem
1741 5724 1930 5785 quam-

352 5829 435 5911 (Ι)
454 5826 607 5903 Apud
629 5828 856 5900 Euseb.,
885 5830 974 5887 lib.
1000 5828 1190 5897 vitiat.
1213 5825 1670 5900 Eccles.,.cap.d(i
1702 5834 1757 5886 et
1778 5839 1932 5901 seqq.

2018 4709 2176 4773 petua
2204 4707 2405 4763 autem,
2438 4703 2496 4750 ut
2523 4691 2725 4763 aliquid
2749 4689 2954 4747 doloris
2974 4694 3239 4758 gustaret,
3264 4684 3407 4740 inter
3434 4690 3621 4739 costas

2018 4802 2213 4864 puncta
2257 4788 2582 4855 exululavit,
2638 4798 2692 4841 et
2736 4792 3008 4839 errantem
3046 4780 3324 4837 dexteram
3353 4774 3635 4868 tirunculi.

2017 4883 2333 4958 gladiatoris
2376 4882 2490 4950 ipsa
2522 4880 2579 4934 in
2614 4878 2857 4948 jugulum
2889 4888 3045 4929 suum
3091 4870 3293 4942 posuit.
3324 4887 3349 4921 ι
3395 4868 3523 4925 Haec
3562 4867 3623 4923 in

2018 4982 2283 5051 Perpetua
2314 4976 2586 5047 sociisque
2615 4972 2941 5044 martyribus
2964 4963 3287 5038 reprehendi
3304 4978 3498 5034 posse,
3519 4976 3619 5021 ne-

2024 5091 2113 5132 mo
2131 5050 2532 5140 mirabi.tur,qui
2555 5069 2789 5125 animum
2808 5063 3098 5122 adverterit
3122 5050 3189 5119 ad
3204 5074 3286 5125 ea,
3314 5073 3434 5128 qum
3453 5057 3525 5112 ob
3546 5055 3622 5112 si-

2024 5172 2205 5241 milem
2224 5168 2445 5225 omnino
2458 5180 2701 5233 caussam
2726 5164 2781 5219 in
2792 5170 3086 5230 martyrem
3113 5155 3373 5229 Ignatium
3392 5151 3624 5208 Dallacus

2022 5263 2229 5319 etfudit.
2258 5260 2410 5330 Quod
2434 5260 2577 5314 enim
2606 5254 2978 5311 sanctissimus
2996 5248 3493 5322 martertumanos
3517 5258 3617 5314 per

2027 5357 2232 5411 litteras
2279 5351 2575 5418 monuerit,
2622 5364 2692 5404 ne
2739 5355 2979 5418 optatum
3031 5342 3351 5413 martyrium
3394 5336 3510 5393 suis
3554 5334 3626 5392 ad

2034 5451 2199 5507 Deum
2231 5448 2502 5522 precibus,
2544 5453 2634 5499 aut
2664 5442 2854 5498 officiis
2902 5438 3281 5511 retardarent,
3325 5443 3380 5489 et
3421 5431 3627 5488 bestias

2030 5547 2192 5602 etiam
2218 5550 2580 5615 repugnantes
2622 5553 2682 5594 se
2713 5539 2764 5593 in
2798 5551 2968 5591 suum
2999 5531 3274 5589 interitum
3312 5525 3635 5589 adacturum

2030 5655 2152 5696 esse
2196 5635 2598 5710 significaverit,
2638 5631 2852 5693 violatm
2878 5645 2907 5684 a
2938 5627 3137 5683 Dallzeo
3180 5620 3396 5695 pictatis
3423 5627 3480 5674 et
3507 5631 3629 5672 mo-

2035 5733 2220 5793 dcstim
2250 5746 2374 5789 rcus
2405 5730 2594 5802 agitur.
2652 5724 2760 5783 Sed
2791 5720 3069 5789 utxmelius
3099 5714 3433 5784 intelligatur
3457 5721 3629 5802 quam

2032 5812 2173 5884 bene
2199 5823 2301 5880 sibi
2323 5798 2549 5881 invicem
2578 5814 2917 5892 ineiusmodi
2938 5812 3074 5873 votis
3100 5806 3337 5883 lgnatius
3357 5813 3411 5861 et
3432 5798 3635 5875 Perpe-
