3988 6310
480 244 605 323 ita,

1639 248 2095 313 DlSSERTATIO
2132 248 2613 316 APOLOGETICA

3655 273 3745 336 Illi

479 374 571 421 tua
622 365 863 437 sociique
911 370 1547 440 martyresconcinant,
1600 371 1715 442 ipsa
1758 374 1846 429 hic
1888 376 2078 445 lgnatii
2106 379 2159 439 Α
2185 385 2241 432 et
2280 377 2419 433 illius
2449 395 2641 436 nomen
2666 397 2831 452 penes
2873 386 3215 456 magistratus
3243 386 3400 459 huius
3427 391 3597 447 mundi
3625 409 3740 449 con-

481 457 645 513 verba
675 457 956 528 subjiciam
984 460 1105 531 (1):
1144 480 1162 512 ι
1213 461 1453 518 Obsecro
1492 479 1610 531 vos,
1644 481 1713 520 ne
1736 464 2081 538 intempesti-

481 567 605 606 vam
638 552 770 607 mihi
812 551 1239 609 benevolentiam
1254 554 1575 611 exhibeatis.
1607 556 1780 613 Sinite
1827 574 1915 615 me
1936 559 2078 616 fera-

482 661 605 701 rum
625 644 804 701 cibum
825 661 967 713 esse,
994 660 1094 718 per
1118 661 1251 718 quas
1277 648 1444 703 Deum
1464 652 1722 720 consequi
1752 651 1898 708 licet.
1943 650 2080 708 Fru-

482 748 725 794 mentum
756 753 876 795 sum
909 739 1037 809 Dei,
1082 747 1137 795 et
1177 754 1275 811 per
1299 739 1534 797 ferarum
1567 741 1757 799 dentes
1798 745 1992 813 motor,
2026 758 2083 803 ut

482 846 652 903 purus
667 832 820 903 panis
845 832 1044 889 Christi
1073 832 1336 889 inveniar.
1364 833 1520 891 Feris
1541 837 1719 906 potius
1744 837 2078 909 blandimini,

482 933 547 981 ut
566 924 1036 997 mithepulcrum
1081 925 1230 992 ﬁant,
1259 926 1499 998 nihilque
1515 931 1622 990 mei
1644 931 1888 999 corporis
1919 931 2082 987 relin-

479 1024 684 1088 quant,
754 1030 823 1072 ne
876 1027 1157 1087 postquam
1222 1017 1602 1088 obdormiero,
1667 1023 1847 1092 gravis
1919 1023 2081 1080 alicui

479 1113 627 1165 tiam.
648 1149 662 1165 .
685 1149 700 1163 .
718 1148 733 1163 .
881 1110 1098 1166 Christo
1126 1125 1225 1181 pro
1271 1127 1359 1167 me
1395 1113 1715 1184 supplicate,
1757 1125 1815 1170 ut
1841 1131 1936 1187 per
1965 1116 2083 1172 haec

478 1201 839 1258 instrumenta
884 1201 1058 1259 hostia
1101 1203 1365 1259 inveniar.
1403 1223 1423 1257 ι
1479 1203 1631 1273 Quod
1668 1221 1766 1277 pro
1793 1223 1855 1263 se
1887 1207 2004 1265 fieri
2049 1224 2079 1264 a

474 1293 738 1350 Romanis
763 1292 985 1364 optabat
1009 1293 1268 1365 lgnatius,
1299 1294 1352 1349 id
1376 1294 1540 1351 ofﬁcii
1584 1312 1710 1367 erga
1745 1297 2078 1356 Felicitatem

475 1389 649 1446 nostri
685 1396 956 1459 martyres
990 1389 1372 1458 praestiterunt.
1434 1389 1660 1446 Volebat
1699 1391 1794 1447 ille
1822 1409 1851 1447 a
1880 1393 2079 1450 Romae

473 1480 562 1536 nis
588 1479 902 1550 conjunclas
945 1478 1014 1534 ad
1043 1479 1214 1535 Deum
1250 1495 1437 1551 preces
1478 1480 1701 1550 effundi,
1734 1499 1843 1553 quo
1883 1484 2081 1542 bestia-

473 1590 599 1632 rum
653 1572 907 1629 dentibus
957 1572 1283 1642 moleretur,
1331 1582 1386 1631 et
1427 1590 1521 1646 per
1566 1576 1683 1632 haec
1722 1578 2077 1636 instrumenta

475 1666 680 1722 Christi
721 1663 1030 1722 efficeretur
1074 1664 1292 1731 hostia;
1325 1666 1377 1721 id
1410 1682 1541 1723 vero
1579 1667 1873 1726 Felicitatis
1917 1673 2080 1727 sociis

2186 469 2408 536 fessum,
2439 483 2542 529 etc.
2581 494 2599 525 ι
2647 474 2714 529 Et
2742 475 2917 533 infra:
2953 498 2972 530 ι
3019 479 3108 536 Sic
3145 495 3364 539 coronet
3395 495 3464 551 tc,
3493 486 3631 557 cujus
3661 504 3746 545 no-

2186 579 2308 620 men
2330 565 2607 624 confessus
2636 585 2715 625 es.
2737 612 2751 626 .
2770 612 2783 623 .
2810 613 2823 627 .
2845 615 2857 629 .
2881 614 2895 627 .
2934 573 3080 640 Pete,
3113 586 3169 630 ut
3195 577 3296 633 sim
3330 578 3515 651 dignus
3543 595 3746 637 corona-

2185 656 2231 712 ri
2254 674 2375 713 cum
2408 676 2634 718 numero
2656 674 2857 721 vestro.
2898 687 2917 720 ι
2957 668 3021 723 Ει
3046 685 3297 726 rursum:
3338 691 3357 724 ι
3395 672 3439 727 0
3465 683 3514 729 te
3535 673 3747 731 felicem!

2185 752 2461 823 suscipere
2496 763 2617 810 vota
2654 767 2762 824 tua,
2803 774 2923 829 quae
2957 776 3173 833 semper
3208 764 3543 833 desiderasti,
3588 769 3665 824 vel
3702 769 3749 826 in

2182 854 2328 903 terra
2359 848 2632 907 dormiens
2658 856 2854 924 Optasti
2882 871 2980 926 pro
3023 859 3241 913 nomine
3266 859 3408 915 illius
3435 860 3485 916 in
3512 876 3751 919 carcerem

2185 940 2344 1008 mitti,
2374 942 2517 1013 quod
2543 960 2685 1001 nunc
2714 947 2807 1001 tibi
2856 950 3135 1021 contingit,
3186 953 3326 1008 sicut
3368 944 3612 1025 scriptum
3638 966 3710 1012 est
3739 977 3751 1014 :

2185 1031 2289 1087 Det
2315 1034 2406 1088 tibi
2433 1033 2686 1092 Dominus
2701 1041 2979 1096 secundum
3005 1059 3092 1098 cor
3119 1054 3283 1099 tuum.
3299 1063 3320 1100 ι
3341 1045 3468 1103 Haec
3486 1048 3754 1120 Celerinus,

2184 1139 2215 1179 a
2256 1126 2626 1186 moderatione
2667 1136 2992 1205 praesertim,
3042 1137 3366 1209 humilitate,
3419 1143 3621 1209 timore,
3648 1161 3757 1201 cau-

2186 1220 2332 1276 tione
2360 1232 2415 1278 et
2455 1228 2774 1283 verecundia
2805 1242 2993 1287 sancto
3023 1232 3292 1306 Cypriane
3328 1236 3409 1310 (Ι)
3441 1240 3755 1297 commenda-

2185 1321 2292 1369 tus.
2362 1314 2437 1370 lta
2482 1320 2642 1373 etiam
2716 1320 3102 1394 Lugdunenses
3163 1338 3429 1402 martyres
3486 1333 3759 1389 christiana:

2184 1406 2457 1477 religionis
2487 1412 2811 1483 praecipuum
2833 1415 3018 1485 decus,
3050 1417 3154 1475 fide
3183 1430 3238 1476 et
3262 1424 3520 1494 sapientia
3549 1441 3646 1480 non
3676 1426 3761 1480 mi-

2182 1506 2286 1547 nus
2339 1509 2498 1563 quam
2543 1497 2737 1554 invicta
2791 1503 2953 1583 animi
3001 1504 3315 1564 fortitudine
3374 1510 3624 1583 insignes,
3651 1528 3760 1583 pro-

2184 1584 2316 1641 fusis
2347 1587 2620 1660 lacrymis,
2655 1601 2714 1648 ut
2744 1584 2823 1650 cst
2850 1597 2990 1667 apud
3023 1598 3315 1657 Eusebium
3343 1602 3447 1676 (ἓ),
3486 1624 3503 1655 ‹
3541 1605 3763 1662 obsecra-

2183 1678 2313 1735 bant
2336 1679 2551 1747 fratres,
2601 1694 2660 1740 ut
2696 1690 2967 1745 continuae
3008 1693 3076 1747 ad
3129 1694 3297 1751 Deum
3333 1712 3527 1768 preces
3564 1698 3761 1769 tierent,

474 1758 695 1817 invotis
720 1767 857 1825 erat,
893 1766 949 1813 et
984 1766 1045 1813 ut
1067 1757 1256 1816 fimum
1292 1760 1581 1816 immaturo
1606 1770 1849 1833 tempore
1868 1766 2083 1822 emitte—
2113 1784 2160 1844 Β
2188 1786 2297 1841 quo
2346 1774 2560 1829 tandem
2590 1777 2688 1845 ipsi
2722 1780 3136 1849 perficerentur.
3175 1803 3195 1839 ι
3235 1786 3314 1843 De
3337 1757 3536 1845 sancto
3570 1757 3763 1863 Cypria:

473 1861 585 1917 ret,
625 1852 759 1908 fusis
794 1850 861 1907 ad
890 1850 1057 1906 Deum
1089 1852 1340 1923 precibus
1365 1853 1728 1924 postulabant,
1777 1872 1846 1912 ne
1876 1869 2080 1929 marty-

478 1944 617 2000 rium
639 1943 756 2014 ejus
782 1942 1109 2009 dill‘erretur,
1137 1945 1234 2001 sed
1275 1961 1383 2001 una
1416 1961 1541 2003 cum
1569 1949 1691 2005 aliis
1728 1950 1914 2006 bestiis
1939 1952 2079 2021 obji-

473 2047 713 2102 ceretur.
748 2037 932 2109 Pergit
951 2036 1189 2109 Ignatius
1210 2047 1395 2095 etnon
1418 2040 1592 2096 solum
1614 2043 1813 2097 ardens
1835 2044 2080 2115 martyrii

474 2130 803 2187 desiderium
829 2130 1096 2197 ostendit,
1126 2131 1223 2188 sed
1252 2133 1450 2188 bestias
1471 2175 1486 2199 ,
1518 2133 1713 2190 invitas
1741 2136 1905 2191 etiam
1925 2146 1980 2191 et
1996 2151 2082 2192 re-

474 2233 802 2296 pugnantes,
819 2224 964 2280 seait
990 2223 1057 2279 ad
1086 2239 1239 2281 suam
1266 2224 1435 2296 ipsius
1462 2241 1652 2283 necem
1667 2238 2079 2298 provocaturum

475 2314 560 2388 (2)
591 2334 604 2371 ;
643 2335 663 2367 ι
702 2315 915 2372 Utinam
949 2313 1097 2372 fruar
1122 2316 1311 2371 bestiis
1332 2317 1464 2374 mihi
1492 2320 1827 2389 praeparatis,
1860 2336 1995 2392 quas
2025 2330 2079 2380 et

470 2417 604 2482 opto
628 2409 760 2465 inihi
794 2418 1070 2481 promptas
1113 2409 1366 2477 inveniri,
1394 2411 1603 2482 gquibus
1630 2422 1688 2468 et
1720 2412 1987 2481 blandiar,
2020 2424 2081 2469 ut

476 2504 590 2561 cito
618 2519 703 2559 me
718 2502 998 2569 devorent,
1030 2517 1136 2558 nou
1164 2511 1225 2558 ut
1243 2503 1501 2574 quosdam
1529 2505 1715 2561 verita:
1743 2521 1849 2562 non
1885 2508 2080 2578 tetige-

470 2609 689 2672 gcrunt.
738 2596 798 2654 Si
818 2606 1001 2654 autem
1038 2598 1142 2653 illa:
1164 2607 1526 2669 repugnantes
1552 2600 1844 2667 noluerint,
1890 2615 1993 2673 ego
2022 2602 2076 2657 vi

470 2694 773 2764 impellam.
818 2712 838 2746 ι
876 2691 1016 2748 Nihil
1049 2692 1216 2748 refert
1239 2692 1308 2748 ad
1336 2692 1649 2764 gladiatoris
1693 2693 1972 2753 dexteram
2024 2696 2077 2751 in

468 2803 630 2844 suum
652 2787 934 2858 quisquam
956 2785 1202 2857 jugulum
1229 2795 1427 2857 ponat,
1468 2788 1611 2858 quod
1638 2787 1903 2860 Perpetua
1932 2791 2077 2856 fecit,

464 2896 542 2935 an
572 2878 720 2937 feras
748 2878 817 2935 ad
845 2893 904 2935 se
933 2877 1304 2934 devorandum
1343 2878 1604 2950 impellat,
1645 2880 1792 2950 quod
1820 2895 1882 2937 se
1907 2880 2079 2938 factu-

468 2990 593 3032 rum
621 2973 896 3031 scribebat
932 2973 1186 3045 Ignatius.
1240 2973 1398 3031 Unde
1424 2984 1733 3048 utrumque,
1760 2986 1852 3034 aut
1882 2979 2077 3036 iisdem

470 3067 990 3140 reprehensionibus
1010 3076 1174 3137 patet,
1210 3078 1304 3123 aut
1348 3068 1541 3126 iisdem
1566 3080 1651 3127 est
1675 3071 1922 3129 laudibus
1953 3090 2078 3145 pro-

2185 1878 2256 1917 no
2306 1864 2531 1921 Pontius
2563 1868 2682 1938 ejus
2732 1871 3033 1931 diaconus:
3072 1895 3092 1929 α
3127 1877 3535 1937 Conveniebant
3577 1882 3763 1959 interitu

2182 1957 2367 2029 plures
2407 1964 2608 2033 egregii
2637 1973 2692 2020 et
2740 1967 3028 2026 clarissimi
3068 1972 3306 2040 ordinis,
3357 1975 3458 2031 sed
3504 1984 3559 2032 et
3605 1957 3764 2036 smculi

2183 2051 2464 2109 nobilitate
2503 2059 2771 2125 generosi,
2817 2061 2907 2130 qui
2949 2073 3168 2134 propter
3189 2067 3487 2123 amicitiam
3518 2085 3761 2130 secessum

2182 2144 2411 2201 subinde
2449 2147 2777 2216 suaderent;
2803 2162 2858 2208 et
2885 2169 2953 2210 ne
2980 2169 3168 2225 parum
3200 2167 3347 2214 esset
3369 2161 3509 2216 nuda
3547 2163 3758 2230 suadela,

2181 2237 2344 2291 etiam
2386 2238 2523 2307 loca,
2570 2241 2623 2296 in
2653 2256 2774 2313 qua:
2812 2246 3113 2314 secederet,
3150 2249 3474 2309 offerebant.
3528 2255 3616 2312 llle
3654 2272 3760 2313 vero

2178 2330 2289 2398 jam
2311 2331 2569 2387 mundum
2591 2349 2852 2405 suspensa
2878 2341 2944 2395 ad
2985 2342 3183 2399 coelum
3221 2356 3405 2402 mente
3454 2349 3756 2420 neglexerat,

2182 2438 2284 2479 nec
2314 2424 2548 2482 suadelis
2569 2427 2971 2488 blandientibus
3000 2437 3293 2494 annuebat.
3340 2440 3755 2501 Fecisset’fortas-

2183 2531 2244 2573 se
2274 2527 2400 2575 tunc
2422 2521 2606 2587 etiam,
2627 2521 2783 2596 jquod
2816 2542 2845 2581 a
2874 2529 3117 2599 pluribus
3137 2544 3190 2589 et
3218 2533 3469 2592 ﬁdelibus
3492 2537 3751 2608 petebatur,

2183 2608 2228 2664 si
2255 2618 2309 2665 et
2327 2610 2508 2668 divino
2536 2614 2763 2686 imperio
2782 2619 3088 2689 juberetur.
3127 2643 3147 2676 ι
3186 2624 3322 2681 Nam
3351 2638 3408 2683 ut
3430 2629 3544 2699 ipse
3568 2629 3755 2686 Pontius

2182 2702 2362 2771 docet,
2401 2706 2453 2761 in
2473 2708 2653 2777 priore
2695 2725 2937 2779 secessu,
2988 2734 3008 2769 ι
3055 2716 3286 2775 Domino
3334 2722 3592 2778 latebram
3640 2733 3752 2780 tunc

2177 2795 2403 2865 jubente
2430 2801 2627 2869 paruit.
2677 2821 2697 2855 ι
2749 2804 2986 2875 Populus
3012 2820 3193 2866 autem
3228 2810 3425 2880 fidelis,
3470 2825 3646 2873 sancto
3668 2814 3754 2887 Cy-

2180 2889 2371 2960 priano
2395 2891 2462 2947 ad
2485 2894 2811 2964 supplicium
2834 2899 3020 2969 ducto,
3053 2912 3257 2959 tantum
3284 2907 3510 2964 aberant
3530 2908 3594 2964 ab
3624 2922 3755 2964 oran-

2183 2979 2254 3037 do
2282 2983 2471 3053 Deum,
2512 2995 2571 3041 ut
2605 2985 2682 3043 illi
2712 3001 3044 3062 parceretur,
3075 2998 3371 3068 autquovis
3401 3000 3559 3057 modo
3585 3008 3755 3072 marty-

2178 3075 2317 3131 rium
2345 3077 2710 3149 impediendo,
2754 3094 2813 3137 ut
2840 3084 2999 3142 simul
3026 3102 3148 3143 cum
3171 3089 3265 3145 illo
3297 3093 3476 3162 potius
3527 3094 3651 3150 mori
3674 3108 3753 3148 cu-

464 3160 831 3232 sequendum.
885 3158 1102 3215 [nterim
1130 3173 1312 3216 autem
1356 3161 1809 3232 quemadmodum
1849 3166 2075 3224 Pearso-
2101 3184 2146 3248 ρ
2181 3178 2373 3239 perent
2397 3186 2417 3223 :
2447 3189 2466 3222 ι
2512 3171 2772 3240 Quamvis
2791 3178 2938 3232 enim
2967 3195 3073 3235 non
3107 3158 3342 3252 potuerit
3371 3188 3601 3255 evenire,
3636 3184 3752 3257 quod

461 3256 588 3311 nius
634 3253 822 3326 lgnatii
859 3262 983 3309 vota
1033 3262 1092 3309 ut
1128 3263 1317 3310 sancto
1376 3267 1617 3329 martyre
1658 3274 1763 3314 non
1815 3260 2069 3333 indigna,

463 3357 778 3407 nostrorum
821 3358 1114 3420 martyrum
1154 3349 1403 3420 exemplo
1428 3349 1769 3409 demonstrat
1799 3371 1813 3408 :
1864 3355 1938 3410 ita
1972 3371 2072 3412 nos

463 3441 783 3498 earumdem
831 3449 1130 3512 martyrum
1184 3456 1283 3512 pro
1326 3440 1607 3503 Felicitate
1648 3461 1836 3514 preces
1882 3447 2107 3519 lgnatii-

460 3536 717 3605 exemplo
764 3533 1065 3591 tuebimur:
1094 3549 1191 3590 cur
1235 3536 1399 3590 enim.
1436 3536 1658 3608 plebeios
1699 3550 1970 3611 martyres,
2014 3551 2071 3597 ut

470 3629 652 3685 Pontii
677 3627 895 3685 Diaconi
909 3627 1088 3684 verbis
1105 3636 1244 3693 utar,
1264 3637 1322 3685 et
1336 3644 1368 3684 a
1387 3629 1658 3700 Baptismo
1674 3644 1923 3689 recentes
1943 3634 2069 3693 inde

460 3738 777 3795 arguemus,
818 3722 960 3779 unde
987 3723 1445 3793 sapientissimum
1472 3725 1808 3798 episcopum,
1843 3738 1896 3786 et
1924 3730 2069 3801 Apo-

459 3818 727 3876 stolorum
758 3816 1083 3888 discipulum
1108 3817 1297 3875 honori
1318 3828 1374 3874 et
1401 3819 1744 3878 admirationi
1765 3824 2067 3882 habemus?

535 3910 602 3966 ν.
648 3909 846 3967 Verum
897 3909 1152 3980 quoniam
1196 3927 1262 3967 ex
1287 3911 1705 3971 Protestantium
1751 3932 1914 3988 grege
1958 3934 2064 3975 non

2178 3264 2435 3333 optabant
2484 3277 2606 3322 vota
2646 3272 2976 3338 communia,
3017 3285 3074 3329 ut
3108 3280 3389 3335 consortio
3420 3282 3559 3352 paris
3598 3280 3753 3353 gloriae

2177 3354 2337 3410 simul
2382 3356 2535 3426 plebs
2560 3367 2669 3414 tota
2710 3371 3037 3432 pateretur;
3066 3366 3400 3442 quicumque
3441 3373 3540 3428 sub
3585 3371 3754 3428 Christi

2173 3451 2470 3518 spectantis
2494 3453 2684 3522 oculis,
2729 3466 2783 3510 et
2809 3456 2912 3511 sub
2932 3460 3153 3516 auribus
3177 3465 3487 3522 sacerdotis
3510 3483 3574 3523 ex
3600 3467 3753 3522 animo

2169 3539 2281 3610 pati
2325 3542 2511 3611 voluit,
2569 3560 2665 3615 per
2718 3546 2970 3605 idoneum
3018 3554 3127 3609 voti
3159 3556 3242 3610 sui
3269 3565 3466 3616 testem
3500 3557 3752 3633 legationis

2171 3636 2569 3707 quodammodo
2599 3641 2808 3710 littegas
2828 3643 2894 3699 ad
2925 3644 3092 3701 Deum
3125 3649 3295 3705 misit.
3337 3672 3361 3705 ι
3401 3652 3622 3710 Sanctus
3646 3651 3751 3708 llic-

2171 3657 2569 3707 quouammnuo
2599 3657 2808 3787 mitias
2828 3657 2894 3699 au
2925 3657 3092 3701 Deum
3125 3657 3295 3705 misit.
3337 3672 3361 3705 ι
3401 3657 3622 3710 Sanctus
3646 3657 3749 3708 ﬂic-

2170 3742 2452 3800 ronymus,
2473 3729 2543 3786 de
2563 3730 2678 3786 Vita
2753 3733 2857 3788 auli
2887 3735 3175 3794 Eremitae:
3215 3761 3232 3795 ι
3262 3743 3379 3801 Sub
3409 3746 3566 3803 Decio
3591 3754 3642 3802 et
3668 3742 3749 3799 Va-

2170 3820 2378 3877 leriano
2402 3826 2859 3894 persecutoribus,
2883 3843 2991 3899 quo
3010 3838 3252 3903 tempore
3264 3832 3549 3895 Cornelius
3568 3838 3747 3901 Romae,

2168 3920 2224 3967 et
2248 3911 2550 3983 Cyprianus
2575 3914 2907 3990 Carthagine
2952 3922 3090 3979 felici
3118 3939 3317 3984 cruore
3345 3929 3581 3986 damnati
3620 3936 3745 3994 sunt,

456 4007 639 4081 pauci,
671 4014 727 4062 et
761 4005 818 4061 in
848 4004 933 4060 his
952 4005 1117 4060 etiam
1147 4005 1468 4078 Basnagius,
1506 4008 1695 4079 lgnatii
1728 4012 1988 4082 epistolas
2010 4024 2067 4070 ut

458 4095 990 4173 pseudepigrapbum
1030 4105 1086 4153 et
1123 4098 1485 4155 adulterinum
1516 4116 1653 4171 opus
1697 4104 1971 4173 rejiciunt,
2011 4117 2066 4164 et
2170 4108 2515 4214 Ρθδιθξιείξιντξ
2560 4105 2815 4209 μορυυιειει
2863 4117 2977 4214 (εει...
3011 4108 3132 4165 Voti
3156 4120 3283 4214 tunc
3315 4113 3631 4214 Christianis
3651 4120 3748 4214 erat

454 4195 603 4254 inter
623 4203 818 4249 czutera
851 4207 971 4263 qua
992 4193 1046 4247 in
1070 4193 1152 4248 eis
1178 4202 1236 4248 ut
1261 4194 1330 4251 ab
1351 4194 1539 4264 lgnatii
1567 4196 1856 4255 virtutibus
1883 4201 2061 4257 aliena

2176 4204 2267 4261 pro
2314 4191 2513 4250 Christi
2571 4198 2789 4254 nomine
2833 4200 3019 4271 gladio
3072 4206 3303 4273 percuti.
3362 4207 3560 4265 Verum
3598 4204 3746 4262 hostis

458 4297 671 4356 notant,
718 4287 915 4344 ardens
954 4286 1083 4343 illud
1128 4289 1371 4358 martyrii
1416 4299 1599 4345 votum
1629 4293 1903 4363 sugillant,
1943 4296 2063 4352 aliis
2163 4287 2415 4358 Callidus,
2446 4291 2596 4347 larda
2621 4292 2687 4348 ad
2714 4306 2942 4352 morlem
2966 4300 3228 4370 supplicia
3256 4305 3604 4376 conquirens,
3643 4301 3744 4401 ani:

465 4380 727 4401 ,μω-η-
763 4387 809 4401 -.
845 4377 1178 4401 manu--.“
1218 4378 1476 4401 .__-.=-___
1543 4392 1586 4401 -.
1898 4400 1933 4401 η
1985 4395 1995 4401 .
2169 4395 2282 4401 ..μ
2612 4385 2625 4398 .
2740 4387 2752 4401 .
3538 4396 3550 4401 -

456 4380 730 4451 exemplis
758 4387 815 4433 et
841 4377 1181 4449 epistolicum
1218 4378 1504 4450 Ignatium,
1536 4392 1590 4437 et
1616 4393 1829 4440 nostros
1863 4395 2063 4459 marty—
2167 4395 2285 4436 mas
2330 4383 2585 4453 cupiebat
2604 4385 2873 4458 jugulare,
2907 4406 3013 4446 non
3045 4406 3272 4465 corpora
3299 4412 3315 4461 ;
3346 4405 3426 4464 et,
3456 4406 3513 4452 ut
3537 4396 3643 4466 ipse
3668 4390 3744 4464 qui

451 4490 544 4534 res
591 4489 712 4529 cum
746 4471 1275 4542 Pearsoniotuebor.
1332 4472 1616 4531 Celerinus
1668 4477 1949 4534 confessor
1993 4480 2060 4535 ad
2164 4473 2312 4531 abeo
2329 4489 2618 4546 passusesl
2660 4480 2960 4559 Cyprianus
2995 4485 3447 4544 ait:Volentibus
3475 4488 3624 4554 mori,
3650 4497 3740 4541 non

455 4568 754 4625 Lucianum
781 4564 1149 4621 confessorem
1169 4565 1395 4635 epistola
1426 4569 1566 4623 inter
1590 4569 1939 4641 Cyprianicas
1964 4572 2055 4630 21.
2083 4588 2138 4647 D
2166 4571 2575 4639 permittebatur
2594 4574 2793 4631 occidi.
2825 4597 2844 4630 ι
2870 4576 3064 4634 Notum
3086 4589 3172 4636 est
3184 4590 3239 4637 et
3263 4581 3397 4637 illud
3413 4583 3580 4638 sancti
3599 4578 3740 4649 Poly-

461 4680 482 4713 ι
530 4660 655 4716 Haec
683 4674 806 4716 cum
852 4657 947 4713 tibi
973 4658 1300 4728 scriberem,
1339 4660 1559 4716 domine
1594 4661 1782 4731 frater,
1820 4664 2059 4735 gaudens
2162 4662 2315 4733 carpi
2339 4666 2592 4737 martyris
2621 4667 2689 4722 ad
2721 4671 3130 4740 proconsulem.
3157 4689 3301 4729 nunc
3330 4674 3569 4738 bestias,
3614 4682 3740 4727 nunc

451 4764 509 4812 et
550 4754 720 4810 tristis
747 4768 896 4809 eram
923 4770 936 4807 :
966 4752 1222 4825 gaudens,
1255 4770 1323 4810 ex
1346 4771 1413 4811 eo
1441 4756 1582 4826 quod
1597 4757 1859 4813 audierim
1887 4767 1941 4815 te
1960 4776 2057 4832 pro

2176 4753 2405 4812 lammas
2422 4757 2495 4813 illi
2512 4761 2844 4819 minitantem
2867 4768 3026 4819 εάλλὲι
3042 4777 3091 4822 τί
3099 4771 3491 4842 βραδύνειςςφὲρε
3514 4775 3538 4823 ὃ
3563 4767 3734 4840 βούλει.

2169 4005 2364 4061 multas
2407 4007 2549 4077 apud
2604 4008 2898 4083 Egyptum
2925 4025 2981 4070 et
3006 4015 3283 4074 Thebaida
3330 4009 3591 4080 ecclesias
3631 4031 3748 4077 tent-

448 4843 667 4903 Domini
712 4844 883 4899 nostri
907 4843 1036 4899 Jesu
1065 4844 1265 4900 Christi
1306 4847 1588 4903 salvatoris
1616 4849 1787 4904 nostri
1820 4858 2049 4920 tentum,

528 4938 607 5011 (1)
630 4946 898 5015 “omnia
926 4943 1070 5005 ὑμᾶς,
1086 4944 1547 5015 μὶμιῦνοιιᾶκαιρος
1565 4948 1754 5010 ﬁam“
1781 4962 1887 5013 μοι’
1911 4952 2050 5015 ips-ri

444 5035 510 5081 με
542 5019 710 5081 θηρίων
738 5011 862 5064 εἶναι
886 5014 1036 5082 βορὰν
1054 5052 1069 5071 ,
1109 5010 1172 5062 δι’
1200 5017 1260 5062 ὡν
1301 5010 1479 5068 ἔνεστινγ
1509 5018 1615 5067 θεοῦ
1640 5019 1898 5085 ἐπιτυχεῖν.
1925 5023 2051 5081 σῖτός

447 5080 555 5151 εἰμι
583 5088 731 5146 Θεοῦ,
765 5085 846 5137 καὶ
887 5080 951 5134 δι’
974 5085 1170 5135 ὀδόντων
1202 5088 1369 5150 θηριων
1406 5086 1675 5151 ἀλέᾜμαλ,
1720 5090 1798 5139 ἵνα
1848 5094 2050 5160 κιθαρᾶς

449 5159 593 5225 ἄρτος
629 5159 793 5224 εὑρεθῶ
833 5160 918 5207 τοῦ
956 5160 1189 5223 Χριστοῦ⁸
1223 5161 1403 5232 μᾶξλον
1442 5160 1758 5232 κολᾳκεὺσειτε
1787 5165 1851 5213 τὰ
1877 5159 2044 5232 θηρία,

1006 5213 1014 5223 .
1223 5213 1232 5219 .
1927 5213 1958 5219 -γ
2014 5213 2044 5229 κ,

449 5213 531 5279 ius:
559 5247 644 5293 μοι
671 5213 817 5298 iam
842 5231 1067 5296 γίνωνται
1085 5264 1099 5288 ,
1123 5235 1205 5277 καὶ
1224 5228 1372 5290 μηδὲν
1399 5227 1700 5281 καταλίπωσι
1726 5240 1807 5284 τοῦ
1830 5213 2046 5299 capiat;

447 5321 563 5365 μου,
594 5302 670 5350 ἱνα.
694 5310 786 5365 μή,
820 5297 1079 5364 κοιμηθεὶς,
1098 5300 1250 5366 βαρύς
1266 5304 1721 5363 tumhi-uisae...“
1743 5297 2046 5363 limitibus-ra

443 5380 526 5424 τὸν
552 5367 757 5440 Κρισξὸν
782 5372 892 5437 ὑπὲρ
931 5372 1076 5440 ἱμᾳῦι
1112 5371 1188 5418 ἱνα
1219 5369 1299 5418 διὰ
1325 5372 1652 5440 τίὲν-ὀργάνων
1690 5379 1866 5429 τούτων
1905 5382 2045 5432 θυσίαι

443 5434 634 5510 captati.
659 5438 738 5510 _E:t
769 5434 926 5507 epist.
951 5437 1018 5489 ad
1041 5434 1199 5489 Rom.
1225 5452 1310 5504 ap.
1340 5434 1587 5493 Ruin’fin
1616 5442 1748 5497 aclis
1773 5446 1908 5510 sine,
1935 5458 2040 5505 etc.

524 5510 601 5583 (2)
639 5498 857 5576 (inﬁt-qv
897 5525 988 5563 τῶν
1018 5511 1195 5585 φηρῄίων
1249 5498 1339 5564 re»
1386 5516 1491 5579 ἐμοὶ
1536 5498 2042 5585 ἡτοιμασμέῶῖί,

439 5589 653 5652 εὔχομαι
687 5586 858 5647 ἕτοιμά
885 5602 970 5645 μοι
1000 5583 1267 5649 εὑρεθῆναι,
1321 5584 1351 5632 ἆ
1387 5586 1470 5636 καὶ
1510 5590 1779 5642 κολακεύσω
1811 5595 2041 5662 συντ-ὅμως

521 5642 532 5650 υ
560 5642 569 5649 ι
784 5642 793 5647 '
886 5642 893 5645 ”
1051 5642 1060 5649 ”
1254 5642 1263 5647 ν
1847 5642 1861 5646 ⁷
1874 5642 1882 5644 Ξ
1900 5642 1911 5648 -
1927 5642 2038 5662 'rV",

444 5642 836 5723 με’χατσιιθαγεῖν,
865 5651 964 5718 ὦχ’
985 5657 1138 5721 ὥσπερ
1170 5665 1305 5707 τινῶν
1336 5656 1659 5723 dedat-26mm
1709 5662 1812 5729 οὐχ’
1838 5673 2038 5731 ἥψαντθ,

441 5726 529 5801 ξξξν
555 5727 757 5801 serenis
784 5728 959 5801 εἰεεονῖα
985 5733 1056 5790 ini
1077 5731 1265 5801 θελήῖην
1301 5731 1387 5796 εδει
1437 5726 1816 5801 προςβιάσομέλι
1834 5726 2035 5793 Em";

439 5793 540 5856 lib.
576 5810 604 5845 ν
640 5792 779 5851 Hist.
806 5793 973 5863 Ercl.,
999 5810 1118 5869 cap.
1156 5792 1292 5855 wet
1317 5792 1497 5874 scqu

2162 4864 2183 4896 ‹
2221 4848 2359 4913 Quid
2384 4860 2562 4931 autem
2610 4869 2789 4910 moras
2817 4857 3030 4914 trahis?
3058 4858 3209 4916 Afl‘er
3235 4860 3376 4931 quod
3392 4862 3492 4917 vis.
3530 4880 3549 4913 ι
3582 4864 3737 4913 Τιῦ-τοι

2156 4945 2238 4995 καὶ
2280 4950 2407 4998 ἄλλα
2437 4928 2630 5002 πλείονα.
2673 4955 2813 5016 λέγων
2857 4958 3056 5023 θάρσους
3106 4957 3191 5008 καὶ
3230 4928 3386 5027 ,ξηρᾶς
3411 4961 3732 5024 ἐνεπίμπὶωῖ

2160 5054 2182 5088 ι
2220 5035 2345 5093 Haec
2372 5047 2427 5094 et
2477 5040 2628 5109 plura
2659 5041 2762 5097 alia
2812 5059 2935 5100 cum
2974 5047 3199 5115 diceret,
3252 5047 3445 5105 fiducia
3483 5056 3538 5104 et
3570 5042 3733 5101 laetitia

2151 5131 2408 5202 impletus
2431 5145 2533 5203 est,
2576 5156 2595 5188 ι
2629 5145 2686 5192 ut
2737 5140 3099 5196 vetustissima
3126 5142 3245 5212 ejus
3284 5145 3418 5200 Acta
3467 5147 3729 5198 testantur.

2148 5224 2309 5282 Plura
2348 5240 2527 5285 autem
2570 5231 2679 5299 illa,
2709 5247 2830 5300 qua:
2862 5233 3178 5293 fortitudine
3201 5244 3257 5291 et
3284 5236 3607 5294 exultatione
3630 5231 3729 5302 ple-

2148 5333 2250 5373 nus
2290 5322 2681 5390 pronuntiavit,
2713 5324 2911 5393 qualia,
2945 5326 3158 5392 amabo,
3198 5327 3365 5396 fuere,
3390 5328 3433 5384 si
3472 5341 3574 5382 non
3593 5324 3725 5394 Igna-

2148 5411 2326 5481 tianis,
2351 5414 2395 5469 si
2419 5429 2526 5470 non
2541 5414 2843 5487 Perpetum,
2862 5418 3157 5476 Felicitatis
3178 5430 3233 5477 et
3253 5422 3520 5479 sociorum
3543 5424 3726 5486 marty-

2217 5597 2299 5667 (l)
2326 5597 2495 5668 Epist.
2524 5599 2615 5667 27,
2646 5601 2718 5659 al.
2748 5603 2839 5661 25.

2216 5668 2295 5740 (2)
2337 5678 2483 5727 Merra
2521 5676 2730 5744 δακρύων
2773 5685 3069 5748 παρεκάλουν
3116 5687 3227 5745 τοὺς
3270 5687 3505 5752 ἀδελρσῦς,
3534 5682 3718 5752 826m?“

2144 5745 2226 5828 ξνςξ
2272 5748 2473 5828 δεξενεξς.
2511 5749 2650 5828 εὔχειὶ
2687 5745 2908 5828 gramm
2963 5761 3076 5828 τερὸς
3104 5763 3161 5809 τὸ
3205 5745 3505 5828 τελειωθῆναι
3544 5750 3711 5808 αὐτούς·

2145 5809 2265 5869 Lib.
2300 5812 2363 5881 V,
2401 5813 2542 5871 Hist.
2566 5809 2798 5889 Ἐσσιέδη
2821 5835 2939 5895 Cap.
2970 5809 3024 5878 Ξ.
