3988 6310
270 352 384 415 με

1163 357 1298 415 PRO
1336 356 1435 416 SS.
1475 356 1869 426 PERPETUA,
1912 356 2324 419 FELICITATE
2365 362 2455 421 ET
2482 361 2717 422 SOCIIS.

3475 370 3585 430 “6

268 490 398 534 rum
425 475 566 532 votis
595 476 831 532 similia?
874 476 930 533 Si
954 491 1058 532 non
1088 476 1165 533 illi
1185 479 1303 534 voci
1348 491 1607 542 consona,
1650 492 1813 550 quam
1842 492 1874 535 e
1900 476 1955 538 A
1978 487 2039 534 ut
2063 479 2329 551 insignem
2372 491 2430 538 et
2458 483 2692 539 nobilem
2740 482 3005 553 imprimis
3036 492 3329 559 martyrem
3375 502 3576 560 propo-

269 570 418 625 cmlo
445 569 680 637 audivit,
717 561 878 640 ἷσχυε,
922 574 1005 626 καὶ
1031 575 1279 644 ἀνδρίςου,
1314 574 1621 644 Πολύχαρπῖ.
1666 590 1685 623 ι
1727 572 1877 630 fortis

268 674 415 731 esto,
437 673 491 721 et
512 666 737 722 viriliter
761 682 877 738 age,
904 667 1216 740 Polycarpe.
1250 688 1270 720 ›
1304 668 1594 725 Notissima
1611 679 1693 727 est
1714 672 1878 727 etiam

267 758 367 815 illa
386 760 611 815 Romani
633 759 992 817 Cresarecnsis
1023 761 1241 817 Diaconi
1266 777 1364 818 vox
1392 763 1692 820 Antiochiae
1722 763 1877 819 audi-

268 860 361 917 la,
408 861 498 908 ποῦ
526 862 687 921 μοιτὸ
723 860 857 925 πῧρ;
921 852 1143 909 Ubinam
1173 854 1297 908 mihi
1333 856 1500 928 ignis?
1542 856 1636 912 His
1657 872 1776 928 qua:
1821 858 1875 913 in

264 946 466 1018 Ignatii
519 945 895 1003 defensionem
974 946 1298 1004 Pearsonius
1348 948 1505 1005 affert
1579 950 1874 1022 exemplis,

264 1040 421 1096 aliud
464 1042 715 1114 adjiciam
760 1045 1191 1118 prtecedentibus
1232 1063 1338 1104 non
1368 1049 1545 1105 minus
1571 1050 1778 1121 insigne
1809 1063 1878 1105 ex

268 1134 431 1190 Actis
453 1135 686 1194 sinceris
713 1149 1023 1195 sanctorum
1048 1141 1309 1209 Montani,
1341 1142 1513 1208 Lucii,
1553 1154 1658 1200 etc.
1714 1143 1876 1198 Dam-

267 1231 419 1285 natis
461 1232 698 1300 ewteris,
732 1233 1018 1291 Flavianus
1045 1236 1098 1291 in
1137 1251 1410 1293 carcerem
1456 1245 1740 1292 revocatus
1765 1246 1870 1304 est,

266 1332 335 1379 et
389 1326 710 1398 martyrium
758 1330 877 1399 ejus
937 1329 1206 1387 dilatum:
1247 1332 1298 1387 id
1354 1332 1469 1402 ipse
1522 1347 1629 1388 non
1699 1332 1878 1389 minus

264 1433 434 1490 quam
458 1419 576 1490 ejus
602 1422 737 1477 socii
758 1437 902 1495 aegre
925 1423 1199 1489 tulerunt;
1232 1424 1375 1481 unde
1403 1425 1707 1490 Montanus,
1729 1440 1873 1491 cum,

264 1520 335 1568 ut
352 1522 435 1569 est
480 1513 534 1568 in
562 1514 735 1583 Actis,
770 1534 791 1568 ί
835 1515 946 1588 jam
971 1517 1212 1574 carnifex
1247 1519 1554 1575 immineret
1583 1528 1637 1574 et
1657 1517 1878 1590 gladius

265 1623 436 1680 super
471 1610 737 1667 cervicem
767 1611 885 1681 ejus
916 1611 1142 1669 libratus
1170 1614 1464 1685 penderet,
1508 1613 1763 1685 expansis
1810 1612 1878 1668 ad

266 1704 469 1761 caelum
511 1705 786 1773 manibus,
833 1721 969 1763 voce
1003 1707 1169 1775 clara,
1205 1708 1276 1762 ita
1317 1716 1378 1762 ut
1426 1722 1532 1763 non
1578 1715 1781 1761 tantum
1808 1705 1877 1761 ad

265 1813 433 1855 aures
464 1799 654 1868 plebis,
690 1801 785 1857 sed
814 1810 869 1857 et
894 1803 1121 1874 gentiles
1141 1817 1356 1874 quoque
1386 1803 1531 1873 ipsos
1558 1817 1724 1858 sonus
1745 1816 1880 1858 voce

1981 571 2089 627 suit
2126 574 2345 645 antiqua
2391 583 2448 631 et
2492 575 2725 633 celebris
2752 575 2996 634 Ecclesia
3023 577 3394 651 Smyrnensis,
3423 582 3580 653 cujus

1980 665 2051 720 ob
2091 665 2302 737 insigne
2347 666 2555 723 facinus
2593 667 2806 724 Ethnici
2836 669 2937 739 ipsi
2966 671 3300 729 nobilitatem
3334 683 3389 729 et
3411 691 3580 747 genc~

1980 759 2257 816 rositatem
2306 761 2612 818 christiana:
2637 764 2813 834 gentis
2857 762 3104 820 admirati
3132 775 3291 831 sunt,
3347 767 3398 823 id
3446 784 3576 839 erga

1979 853 2181 911 bestias
2229 852 2375 919 fecit,
2425 855 2570 927 quod
2614 870 2737 913 cum
2790 857 3092 929 gladiatore
3142 861 3455 932 Perpetua:
3491 864 3585 920 ille

1980 947 2254 1016 videlicet,
2277 950 2538 1019 martyrio
2591 949 2844 1022 ﬂagrans,
2886 952 3162 1008 «bestiam
3214 953 3359 1010 ultro
3411 955 3478 1011 ad
3522 968 3583 1013 se

1979 1044 2230 1109 attraxit;
2264 1062 2284 1096 ι
2321 1043 2436 1100 haec
2461 1052 2640 1099 autem
2667 1044 2856 1101 eodem
2893 1045 3090 1102 ardens
3114 1046 3415 1116 desiderio,
3452 1067 3473 1101 ‹
3508 1050 3584 1105 ti-

1981 1136 2192 1190 runculi
2249 1135 2564 1207 gladiatoris
2606 1136 2883 1193 dexteram
2922 1137 2979 1193 in
3018 1153 3172 1194 suum
3198 1140 3310 1211 ipsa
3337 1140 3583 1213 jugulum

1984 1229 2244 1300 posuerit.
2275 1248 2294 1282 ι
2349 1228 2638 1301 Dionysius
2684 1228 3025 1286 Alexandriae
3053 1231 3338 1302 episcopus
3368 1232 3586 1303 Apollo-

1984 1323 2127 1377 niam
2177 1322 2445 1394 virginem
2493 1336 2823 1394 magnopere
2878 1323 3077 1391 laudat,
3129 1323 3272 1395 quod
3318 1339 3440 1380 cum
3478 1323 3582 1395 ipsi

1981 1415 2282 1473 verberatis
2313 1416 2545 1471 maxillis
2566 1416 2747 1471 cuncti
2771 1416 2961 1473 dentes
2985 1416 3219 1484 excussi,
3242 1416 3585 1488 flammaeque

1979 1509 2214 1564 admota:
2244 1520 2430 1564 essent
2472 1506 2575 1582 (l),
2615 1508 2910 1565 «celeriter
2958 1510 3013 1564 in
3069 1511 3247 1579 ignem
3275 1510 3483 1576 insiliit,
3524 1518 3583 1565 et

1981 1600 2354 1672 conflagravit.
2383 1620 2402 1649 ι
2429 1600 2663 1657 Sanctus
2692 1600 2948 1669 Hilarius,
2980 1602 3337 1659 Enarratione
3362 1606 3414 1657 in
3442 1603 3595 1659 Psal-

1983 1709 2130 1750 mum
2161 1709 2264 1750 va
2296 1712 2309 1748 :
2350 1712 2369 1747 ι
2392 1693 2493 1749 Alii
2516 1694 2660 1750 enim
2693 1694 2747 1749 in
2775 1693 3010 1749 vinculis
3044 1709 3324 1752 carcerum
3347 1694 3590 1764 glorian-

1985 1798 2087 1852 tur,
2121 1786 2209 1841 alii
2237 1787 2364 1844 caasi
2393 1785 2447 1841 in
2477 1785 2793 1842 verberibus
2822 1786 3183 1857 gratulantur,
3208 1786 3297 1842 alii
3328 1787 3583 1858 potestati

266 1888 480 1956 feriret,
509 1892 687 1949 oravit
714 1907 913 1965 rogans
942 1903 991 1950 et
1022 1894 1343 1966 deprecans,
1391 1906 1449 1949 ut
1474 1894 1761 1971 Flavianus
1789 1897 1877 1967 qui

1986 1880 2409 1951 irreligiosorum
2441 1877 2742 1935 desecanda
2769 1877 3005 1935 felicium
3028 1879 3262 1949 capitum
3304 1878 3440 1934 colla
3464 1879 3591 1934 sub-

266 2001 371 2058 per
390 1985 704 2059 snﬂragium
733 1987 912 2060 populi
934 1988 1003 2046 de
1026 1989 1286 2046 comitatu
1308 2003 1494 2045 eorum
1518 1997 1877 2055 remanserat,

266 2089 596 2153 sequeretur
623 2083 713 2138 die
736 2084 909 2139 tertia.
966 2102 985 2137 ι
1021 2083 1137 2140 Νοη
1169 2084 1273 2140 alia
1302 2093 1459 2140 erant
1494 2084 1683 2140 matris
1712 2084 1880 2154 ipsius

266 2173 513 2231 Flaviani
564 2174 789 2232 allectus
835 2185 891 2231 et
942 2185 1086 2244 vota,
1143 2176 1211 2233 de
1234 2192 1338 2248 qua
1397 2177 1448 2231 in
1478 2176 1625 2232 Actis
1658 2176 1881 2245 subjun-

274 2272 426 2341 gitur
460 2288 476 2323 :
513 2287 533 2321 ι
579 2269 830 2325 Haerebat
873 2270 1026 2326 lateri
1049 2271 1165 2342 ejus
1220 2269 1655 2340 incomparabilis
1684 2276 1877 2338 mater,

278 2378 405 2433 qua:
434 2372 624 2432 pncler
673 2362 855 2431 ﬁdem,
903 2379 1005 2434 qua
1054 2363 1120 2418 ad
1166 2361 1501 2435 patriarchas
1554 2361 1875 2432 pertinebat,

279 2456 337 2511 in
385 2455 488 2512 hoc
506 2457 660 2512 etiam
684 2472 743 2512 se
777 2456 1009 2513 Abrahae
1038 2456 1198 2514 filiam
1222 2456 1611 2527 comprobavit,
1642 2454 1785 2528 quod
1818 2454 1881 2510 fi-

267 2547 404 2605 lium
434 2564 590 2605 suum
612 2560 666 2607 ct
695 2551 915 2621 optabat
944 2552 1138 2619 occidi,
1182 2561 1234 2608 et
1254 2550 1394 2622 quod
1424 2551 1636 2605 interim
1663 2564 1881 2606 reman-

271 2645 455 2712 sisset,
477 2645 892 2701 contristabatur
911 2646 1104 2701 intimo
1124 2644 1332 2701 dolore.
1364 2663 1383 2697 ι
1416 2643 1544 2714 Ipse
1561 2652 1738 2698 autem
1762 2641 1881 2698 Fla-

266 2737 460 2793 vianus
474 2737 560 2792 his
576 2736 826 2795 afﬂictam
848 2749 1073 2794 matrem
1096 2737 1274 2795 verbis
1286 2736 1695 2795 consolabatur:
1718 2755 1736 2786 ι
1761 2734 1879 2791 Scis

264 2842 448 2888 mater
477 2832 671 2888 merito
727 2831 1073 2899 charissima,
1108 2840 1166 2885 ut
1200 2846 1415 2901 seraper
1456 2830 1777 2885 tentaverim
1824 2828 1878 2883 si

262 2924 517 2983 conﬁteri
548 2927 883 2998 contigisset,
943 2926 1203 2999 martyrio
1235 2940 1356 2980 meo
1381 2923 1503 2991 frui,
1549 2933 1603 2981 et
1628 2922 1880 2993 frequen-

264 3029 355 3076 ter
397 3029 679 3076 catenatus
721 3020 912 3085 videri,
957 3031 1012 3076 et
1049 3035 1192 3090 saepe
1227 3018 1471 3074 differri?
1502 3018 1559 3074 Si
1603 3031 1733 3088 ergo
1750 3031 1877 3073 conv

266 3113 399 3185 tigit
444 3112 587 3182 quod
636 3113 837 3184 optavi,
888 3113 1229 3189 gloriandum
1274 3122 1357 3168 est
1396 3111 1572 3183 potius
1595 3125 1754 3181 quam
1782 3110 1880 3165 do—

262 3206 510 3264 lendum.
550 3226 570 3260 ι
627 3207 750 3263 Haec
776 3217 932 3264 erant
963 3217 1256 3281 martyrum
1295 3215 1419 3263 vota
1447 3222 1568 3277 qua:
1596 3205 1639 3261 si
1673 3205 1726 3260 in
1772 3205 1880 3260 cri-

1985 1972 2232 2037 mittunt;
2284 1972 2468 2042 plures
2496 1970 2552 2026 in
2573 1979 2878 2029 exstructos
2904 1985 3067 2043 rogos
3095 1979 3341 2037 currunt,
3395 1979 3452 2025 et
3477 1979 3589 2026 tre-

1985 2064 2292 2134 pidantibus
2321 2078 2495 2134 paena;
2536 2064 2800 2120 ministris
2828 2065 3004 2137 ignem
3028 2064 3167 2121 saltu
3195 2064 3403 2121 devota:
3432 2064 3588 2120 festi-

1985 2159 2219 2214 nationis
2273 2159 2536 2214 insiliunt.
2581 2179 2601 2212 ι
2658 2158 2811 2215 Hunc
2861 2158 2915 2214 in
2970 2158 3295 2231 martyribus
3349 2158 3587 2230 patiendi

1983 2253 2231 2308 ardorem
2290 2252 2495 2323 optime
2560 2252 2820 2309 describit
2881 2262 3102 2310 sanctus
3163 2252 3588 2324 Cbrysostomns

1983 2348 2225 2404 oratione
2253 2349 2307 2403 in
2347 2348 2681 2414 Romanum,
2722 2346 2993 2403 diabolum
3023 2346 3095 2401 ita
3145 2347 3455 2416 loquentem
3499 2346 3585 2400 in-

1984 2443 2271 2500 troducens
2295 2441 2376 2513 (2)
2408 2460 2420 2495 :
2443 2462 2462 2494 (
2486 2442 2695 2497 Prunas
2712 2439 3004 2505 substravi,
3032 2438 3085 2494 hi
3105 2446 3283 2494 autem
3304 2446 3582 2509 tamquam

1982 2535 2049 2592 ad
2080 2549 2234 2590 rosas
2271 2533 2598 2600 currebant;
2633 2534 2810 2605 ignem
2859 2531 3103 2598 accendi,
3135 2531 3209 2586 illi
3262 2542 3440 2586 autem
3468 2542 3587 2585 tan-

1982 2646 2145 2704 quam
2182 2629 2234 2684 in
2273 2628 2451 2685 fontes
2479 2643 2737 2700 aquarum
2761 2626 3069 2697 frigidarum
3102 2624 3310 2695 seipsos
3337 2624 3584 2695 projicie-

1982 2724 2178 2779 bant...
2221 2722 2293 2779 Et
2337 2731 2605 2794 tamquam
2628 2719 2682 2775 in
2710 2734 2861 2775 sacra
2884 2717 3583 2791 pompachoreasagentcs,

1982 2825 2038 2874 et
2085 2818 2138 2872 in
2185 2816 2344 2872 viridi
2399 2825 2552 2887 prato
2597 2816 2867 2881 ludentes,
2916 2815 2988 2870 ita
3031 2823 3301 2870 tormenta
3332 2814 3586 2885 "quisque

1981 2911 2226 2981 arripuit,
2270 2924 2378 2965 non
2412 2918 2665 2981 tanquam
2696 2923 2904 2979 pcenas,
2937 2907 3032 2964 sed
3060 2908 3208 2963 velut
3244 2921 3440 2963 vernos
3478 2906 3582 2961 llo.

1980 3018 2072 3059 res
2124 3004 2479 3075 accipientes,
2530 3012 2587 3060 et
2625 3002 2871 3059 coronati
2919 3011 2975 3057 et
3012 2999 3243 3071 propriae
3288 2998 3583 3057 alacritatis

1980 3113 2205 3155 excessu
2247 3106 2511 3153 tormenta
2564 3112 2682 3152 mea
2728 3095 3132 3167 prmripieliatit.
3160 3113 3181 3147 ι

2053 3196 2166 3253 Vll.
2208 3195 2394 3266 Neque
2421 3196 2615 3251 mirum
2644 3203 2745 3260 est,
2772 3194 2981 3264 aliquos
3007 3192 3207 3249 bestias
3230 3191 3340 3263 jam
3368 3201 3584 3263 paratas

265 3319 396 3359 ηιεη
470 3313 746 3369 vocentur,
819 3305 1084 3359 innumeri
1105 3278 1118 3281 ’
1139 3310 1301 3359 erum
1353 3308 1619 3370 martyres
1682 3299 1877 3370 quibus
1902 3278 1949 3344 C
1982 3290 2050 3347 ad
2076 3305 2230 3347 suam
2256 3289 2499 3359 ipsorum
2528 3303 2713 3344 necem
2744 3301 3091 3359 provocasse,
3121 3294 3217 3341 aut
3244 3285 3583 3342 crudelitatis

266 3397 523 3470 martyrii
559 3412 759 3453 corona
785 3396 1115 3453 detrahenda
1154 3397 1276 3452 erit.

342 3490 435 3544 Vl.
479 3490 647 3561 Major
666 3506 733 3548 ex
761 3492 934 3548 altero
950 3493 1128 3562 capite
1146 3491 1426 3563 Perpetua:
1450 3490 1674 3548 conﬂari
1699 3497 1878 3558 posset

267 3585 510 3652 invidia;
543 3586 639 3641 sed
682 3586 770 3640 illa
801 3587 986 3651 etiam,
1029 3595 1087 3641 ut
1142 3586 1273 3653 dixi,
1306 3586 1495 3657 lgnatii
1519 3585 1767 3655 exemplo
1789 3585 1878 3640 de-

268 3678 508 3749 pellitur.
557 3678 670 3733 Non
700 3680 845 3735 enim
872 3678 1015 3733 aliud
1046 3679 1310 3749 Perpetua
1357 3678 1500 3746 fecit,
1540 3693 1701 3749 quam
1728 3676 1873 3748 quod

264 3786 327 3827 se
356 3770 623 3827 facturum
670 3772 855 3826 scribit
898 3771 1155 3842 lgnatlus.
1189 3769 1298 3827 Sed
1344 3771 1596 3840 quoniam
1639 3770 1706 3825 de
1733 3770 1875 3825 illius

264 3866 405 3921 actis
427 3872 484 3921 et
511 3864 756 3934 epistolis
794 3864 1162 3920 controversia
1192 3873 1457 3931 movetur,
1493 3864 1595 3921 alia
1628 3864 1874 3936 exempla

266 3973 378 4014 non
425 3963 622 4014 desunt
669 3974 789 4029 qua:
841 3958 994 4028 plena
1047 3974 1207 4013 manu
1260 3958 1315 4013 in
1354 3973 1479 4014 suas
1523 3958 1872 4029 epistolamm

263 4052 457 4123 lgnatii
494 4052 757 4108 vindicias
802 4052 1125 4108 Pearsonius
1152 4054 1443 4126 congessit.
1484 4052 1539 4107 In
1578 4053 1873 4125 Smyrnen-

265 4148 350 4203 sis
379 4146 639 4203 Ecclesia:
676 4148 1006 4202 vetulissima
1034 4148 1261 4219 epistola
1292 4156 1711 4218 repraesentatur
1735 4146 1875 4203 Ger-

261 4240 535 4306 manicus,
558 4240 709 4311 quasi
733 4240 926 4296 nobilis
944 4248 998 4295 et
1018 4241 1243 4311 insignis
1295 4239 1600 4305 bestiarins,
1629 4245 1873 4309 ἐπισήμως

263 4339 587 4402 Θεριομαχῶν.
608 4332 745 4401 Quid
766 4342 947 4389 autem
976 4333 1176 4404 judicio
1203 4332 1589 4404 antiquissima:
1615 4332 1875 4389 Ecclesia:

258 4429 517 4491 ἕπίσημον,
541 4423 735 4496 insigne
760 4435 853 4480 aut
878 4424 1065 4492 nobile,
1096 4425 1152 4479 in
1204 4424 1321 4495 ejus
1353 4424 1610 4497 martyrio
1639 4424 1876 4481 breviter

259 4513 544 4585 descripto
567 4515 868 4570 invenitur?
895 4515 1010 4571 Hoc
1045 4532 1208 4571 unum
1239 4516 1381 4572 unde
1408 4516 1673 4589 Perpetua
1711 4518 1875 4573 viola—

262 4618 347 4664 ta:
396 4619 601 4663 natura:
648 4610 779 4680 legis
830 4610 982 4680 argui
1033 4608 1258 4665 forsitan
1310 4619 1488 4681 posset
1527 4609 1652 4683 (i):
1692 4610 1871 4666 «Nam

1982 3388 2337 3444 instrumenta
2396 3387 2448 3440 in
2502 3386 2779 3456 procinctu
2832 3384 3002 3454 p0sita
3045 3380 3115 3437 ad
3161 3379 3579 3437 accelerandum

1980 3483 2296 3555 martyrium
2324 3481 2464 3536 ultro
2493 3479 2836 3543 adhibuisse;
2880 3492 3004 3533 cum
3035 3474 3340 3532 certissime
3368 3482 3583 3530 constet

1980 3580 2032 3636 id
2061 3579 2204 3651 quod
2236 3578 2403 3633 multo
2425 3577 2600 3648 majus
2623 3587 2724 3641 est,
2751 3591 2909 3647 quam
2940 3575 3202 3645 plurimos
3223 3580 3453 3628 mortem
3482 3587 3583 3643 pro

1979 3678 2176 3736 Christi
2227 3678 2443 3732 nomine
2470 3675 2819 3747 appetivisse,
2859 3689 2981 3729 cum
3031 3672 3087 3728 in
3135 3672 3370 3729 hostium
3401 3680 3582 3743 potes-

1979 3784 2087 3830 tate
2132 3787 2238 3827 non
2283 3781 2481 3836 essent,
2535 3770 2743 3841 seipsos
2797 3767 3068 3825 indicasse
3097 3767 3388 3838 hostesque
3433 3766 3581 3837 ipsos

1979 3865 2046 3922 ad
2073 3864 2393 3935 supplicium
2426 3861 2772 3934 inlligendum
2802 3873 3142 3930 provocasse.
3170 3859 3246 3914 De
3260 3857 3584 3914 Christianis

1978 3964 2060 4016 sui
2089 3959 2347 4031 temporis
2374 3958 2638 4014 Lucianns
2669 3956 2722 4010 in
2744 3955 3039 4025 Peregrino
3070 3955 3149 4029 (5)
3179 3975 3193 4009 :
3230 3973 3250 4008 ι
3270 3952 3448 4010 Miseri
3483 3952 3581 4006 hn-

1978 4061 2172 4127 mincs,
2223 4073 2251 4112 a
2280 4058 2472 4128 seipsis
2498 4054 2740 4128 persuasi
2772 4054 2883 4109 fore
2913 4069 2971 4109 se
3001 4054 3208 4127 integre
3227 4053 3573 4111 immortales

1978 4169 2298 4225 semperque
2338 4154 2593 4217 victuros,
2644 4158 2876 4206 mortem
2903 4158 3279 4219 contemnunt,
3313 4152 3579 4222 multique

1977 4251 2119 4306 ultro
2170 4264 2229 4304 se
2270 4248 2418 4319 ipsos
2459 4245 2681 4301 dedunt.
2722 4263 2741 4295 ›
2797 4243 3040 4300 Justinus
3096 4244 3296 4317 Martyr
3348 4244 3579 4310 fatetur,

1978 4343 2416 4401 christianum/sc
2449 4338 2643 4393 iactum
2674 4351 2794 4393 esse
2831 4336 2976 4409 quod
3011 4337 3060 4392 ci
3102 4351 3261 4392 nemo
3298 4335 3471 4392 malus
3497 4339 3576 4390 vi-

1978 4437 2197 4493 deretur
2228 4434 2305 4506 (4)
2336 4453 2355 4486 ι
2384 4440 2611 4489 mortem
2641 4440 2860 4502 optare;
2888 4428 3082 4486 nedum
3113 4440 3166 4483 ut
3203 4428 3484 4499 quisquam
3522 4442 3581 4482 se

1978 4531 2153 4601 ipsum
2186 4525 2483 4584 necandum
2512 4524 2655 4581 ultro
2689 4522 2939 4595 proderet
2988 4538 3051 4578 ac
3080 4521 3334 4587 deferret,
3376 4540 3397 4574 ι
3429 4520 3574 4592 quod

1977 4623 2268 4679 Christiani
2318 4618 2741 4688 tunc'temporis
2784 4616 3050 4674 fecerunt.
3107 4615 3468 4673 Tertullianus
3512 4615 3581 4667 ad

258 4717 393 4760 cum
445 4703 731 4770 proconsul
775 4702 993 4759 ﬂectere
1035 4718 1159 4759 eum
1214 4702 1398 4771 vellet.
1443 4704 1756 4773 diceretque
1811 4686 1945 4759 ιιιῙ)
1974 4717 2279 4788 Scapulam,
2305 4715 2474 4785 cap.l
2505 4731 2518 4767 ε
2544 4686 2715 4768 «Cum
2745 4712 2892 4768 omni
2914 4712 3115 4767 saevitia
3147 4718 3325 4766 vestra
3348 4720 3581 4765 concer—

262 4811 424 4852 suam
452 4795 569 4865 ipse
601 4803 812 4853 aetatem
856 4798 1235 4864 miseraretur;
1264 4796 1356 4853 ille
1380 4797 1605 4853 bestiam
1633 4798 1778 4853 ultro
1801 4798 1870 4853 ad

260 4906 330 4947 se
383 4890 629 4955 attraxit,
675 4890 834 4961 eique
883 4891 989 4945 vim
1024 4889 1221 4947 intulit.
1254 4908 1274 4941 ι
1329 4889 1442 4945 Hoc
1487 4890 1627 4945 enim
1679 4890 1871 4946 fecisse

262 4993 542 5047 narratur,
597 4992 658 5038 ut
699 4983 1015 5057 martyrium
1060 4984 1430 5040 acceleraret:
1469 5003 1488 5036 ι
1514 4984 1751 5056 Cupiens
1780 4999 1872 5041 ve-

258 5078 442 5135 locius
476 5093 544 5134 ex
573 5078 768 5147 injusta
817 5089 872 5135 et
908 5079 1090 5147 iniqua
1121 5094 1307 5134 eorum
1350 5078 1627 5134 hominum
1661 5081 1765 5135 vita
1793 5078 1872 5135 ef-

258 5175 469 5243 fugere.
521 5171 653 5228 Inde
694 5183 873 5229 autem
906 5172 1105 5228 factum
1138 5183 1238 5238 cst,
1276 5182 1335 5229 ut
1378 5174 1634 5229 universa
1685 5162 1871 5228 multi—

263 5266 400 5321 tudo
450 5264 819 5321 fortitudinem
870 5265 938 5336 pii
984 5280 1049 5321 ac
1079 5266 1315 5337 religiosi
1359 5267 1576 5337 generis
1604 5265 1872 5322 Christia-

262 5371 463 5413 norum
489 5355 773 5422 admirata,
805 5366 910 5412 etc.
935 5377 955 5411 ι
1006 5357 1102 5413 Ille
1127 5358 1289 5429 igitur
1309 5357 1685 5429 Germanicus,
1714 5374 1872 5430 quem

348 5535 425 5607 (1)
464 5544 756 5604 Βθυλομξνου
798 5544 891 5608 γὰρ
933 5548 1017 5594 τοῦ
1054 5542 1348 5603 ἀνθυπάτου,
1388 5539 1563 5593 πείθιιν
1591 5541 1754 5597 αὗτόν,
1792 5549 1876 5592 καὶ

266 5616 421 5678 λέγειν
448 5610 555 5675 (vel
589 5608 815 5679 λέγοντος)
847 5621 934 5665 τίν
962 5613 1150 5671 ἡλικίαν
1172 5616 1317 5665 αὐτοῦ
1351 5613 1695 5680 κατοικτεῖραι,
1724 5616 1876 5679 ἑαυτῷ

264 5686 570 5737 irrumandum
592 5692 645 5733 τὸ
674 5684 833 5751 θηρίον
856 5689 1285 5752 προσβιασσὶμενος,
1302 5689 1470 5751 τάχιον
1494 5692 1578 5752 τ’ρῦ
1599 5686 1768 5737 ἀδίκου
1791 5685 1873 5752 acati

269 5755 452 5819 ἀνόμου
481 5762 597 5824 βίω.)
628 5746 782 5808 αὗτῶν
802 5746 1143 5818 dirutum/imi
1182 5746 1485 5824 βιυλὸμξνος.
1508 5746 1577 5810 ὲκ
1603 5759 1770 5811 τοὺτςιυ
1800 5751 1879 5808 οὖν

270 5832 372 5878 πᾶν
397 5834 451 5878 τό
484 5833 655 5886 πλῆθος
682 5831 931 5894 θαυμάσας
951 5835 1039 5880 nia
1063 5835 1374 5892 γενναιότητα
1410 5833 1498 5882 τοῦ
1531 5833 1766 5897 θεοφιλοῦς
1794 5827 1879 5881 καὶ

269 5899 512 5958 θεοσεϐοῦς
531 5903 685 5962 ’γένους
704 5909 795 5951 τῶν
820 5903 1141 5969 Χριστιανῶν,
1173 5907 1279 5953 etc.

1972 4817 2172 4876 tamus,
2220 4806 2381 4865 etiam
2430 4806 2574 4861 ultro
2596 4815 2965 4878 erumpentes,
2999 4803 3274 4876 magisque
3303 4802 3579 4873 damnati,

2048 4967 2127 5040 (1)
2167 4970 2393 5040 Sun-6am;
2418 4970 2706 5040 firmi/.87)“;
2734 4970 2799 5029 εἷς
2827 4975 3042 5040 reprim,
3060 4972 3579 5040 atati_xaratrriplex¢2t.

1977 5036 2152 5111 Epist.
2175 5040 2240 5111 ad
2271 5039 2403 5095 Fab.
2436 5038 2687 5094 Antioch.
2713 5038 2851 5107 apud
2884 5036 3083 5092 Euseb.
3109 5037 3199 5092 lib.
3232 5052 3307 5100 vr,
3334 5036 3451 5110 cap.
3482 5042 3577 5096 il.

2048 5111 2132 5184 (Ξ)
2169 5098 2412 5183 Χνθρακας
2455 5098 2778 5181 ὑπεστόρεσοί,
2816 5118 2860 5163 οἱ
2901 5112 2950 5162 δὲ
2998 5116 3057 5171 ὣς
3092 5111 3171 5163 επὶ
3215 5098 3332 5180 ῥὸδᾷι
3371 5098 3582 5183 ἕξρεχιν.

1978 5192 2073 5255 Πῦρ
2116 5189 2295 5254 ἀνῆφα,
2333 5190 2378 5236 ei
2418 5186 2466 5235 δὲ
2513 5188 2572 5244 ὣς
2625 5186 2692 5245 εἷς
2737 5186 2895 5247 πηγὰς
2942 5184 3121 5235 ὑδάτων
3174 5190 3362 5253 ψυχρῶν
3391 5188 3587 5246 iatn-ci);

1978 5262 2379 5327 ερῥιψαν....ι....
2422 5257 2507 5306 καὶ
2537 5261 2687 5325 ὥσπερ
2718 5259 2764 5306 ἕν
2794 5257 2896 5321 ῐνρᾷ
2918 5267 3085 5325 ’πομπῇ
3115 5256 3398 5323 χορεῦοντες,
3431 5268 3513 5309 καὶ
3543 5265 3587 5311 ἐν

1980 5336 2173 5396 λειμῶνι
2229 5336 2478 5389 παίζοντες
2529 5334 2739 5395 χλοερῷ,
2791 5328 2924 5377 αὑτῶ
2978 5330 3063 5383 τὰς
3107 5334 3342 5392 τιμωρίαις
3388 5332 3585 5389 ἕκαστος

1982 5408 2036 5471 ἥρ
2045 5409 2213 5463 wages,
2237 5398 2345 5453 ἀλλ’
2357 5405 2416 5461 ὣς
2432 5401 2547 5457 ἄνθη
2561 5404 2659 5463 λαμ
2662 5402 2884 5467 βάνυντες
2895 5400 3081 5465 ἐαρινὰ,
3095 5406 3177 5449 καὶ
3198 5419 3393 5453 cervam
3401 5403 3535 5465 ὑμενσ
3547 5425 3583 5460 ι.

1980 5482 2063 5526 atati
2091 5484 2150 5545 τῇ
2171 5484 2254 5541 τῇς
2277 5474 2453 5530 οἰκείας
2481 5474 2745 5539 προθυμίαις
2773 5472 3014 5537 ὑπερβολῇ
3034 5473 3123 5528 τὰς
3149 5473 3209 5536 ἐμ
3245 5496 3268 5527 ε
3292 5476 3582 5540 «Pergam,

1976 5553 2227 5605 τιμωρίας.

2026 5567 2439 5686 Έςωᾶὲπείκασι
2478 5618 2573 5682 νάρ
2613 5612 2786 5670 αὐτοὺς
2823 5618 2868 5664 οἱ
2903 5613 3242 5686 κακοδαίμ-οιδις
3279 5615 3333 5667 τὸ
3357 5621 3443 5681 μὲν
3477 5620 3583 5667 ελον

1978 5682 2166 5741 Emam
2197 5688 2278 5740 atati
2310 5687 2577 5756 βιώσεσθαι
2607 5691 2689 5738 τὸν
2718 5687 2794 5735 ἀεὶ
2824 5688 3006 5752 χρόνον·
3036 5682 3154 5751 ’παρ’
3180 5687 3205 5733 ὃ
3223 5691 3308 5737 καὶ
3333 5708 3583 5756 καταγρα-

1975 5770 2106 5812 vein:
2134 5764 2219 5813 τοῦ
2245 5761 2467 5815 Θανάτου.
2495 5757 2578 5808 καὶ
2605 5756 2787 5815 ἑκόντες
2817 5758 2987 5815 etin-oio;
3010 5756 3304 5808 ἰπιδιδόαισιν
3323 5762 3367 5808 οε
3396 5764 3579 5809 πάλαί.

2049 5829 2129 5899 (4)
2172 5834 2387 5884 Θάνατον
2434 5832 2735 5891 ἀσπάζεσθαι
2761 5867 2776 5892 ,
2833 5826 2937 5895 οὐχ’
2976 5830 3051 5881 ὃτι
3090 5832 3259 5878 ἑαυτὸν
3298 5837 3583 5895 xum-Isne

1977 5903 2375 5976 φονευθησὸμενιν.
