3950 6310
434 312 534 372 liii

1586 314 2039 374 DlSSERTATlO
2082 313 2560 376 APOLOGETICA

3643 322 3756 379 153

434 432 544 490 tani
571 434 926 506 prophetissis
953 435 1191 507 loquitur
1222 436 1273 493 in
1305 436 1448 492 hunc
1480 436 1699 492 modum
1727 454 1740 491 :
1780 457 1800 491 ‹
1828 437 2025 494 Osten-
2055 435 2108 497 Α
2133 437 2376 505 minavit,
2407 453 2474 493 ex
2500 437 2692 509 quibus
2718 438 2851 494 nihil
2881 453 2989 495 non
3014 447 3258 496 sanctum
3295 439 3568 511 proﬂuxit,
3609 441 3747 499 nihil

434 527 615 585 dimus
654 531 835 603 igitur.
873 534 1063 604 inquit,
1097 531 1198 589 bas
1225 533 1499 604 principes
1524 534 1923 603 prophetissas,
1955 534 2031 589 si-

431 622 547 677 mul
576 638 639 678 ac
675 625 874 696 Spiritu
904 625 1138 697 impleta:
1169 635 1325 691 sunt,
1376 629 1521 682 viros
1565 641 1694 682 suos
1739 627 2028 683 dimisisse.

431 714 776 789 Quantopere
832 734 962 791 ergo
1008 719 1425 786 mentiebantur,
1483 722 1573 792 qui
1602 720 1839 776 Priscam
1867 719 2032 791 virgi-

432 824 558 866 nem
577 812 869 868 vocabant!
908 832 925 865 ι
958 813 1161 870 Deinde
1186 812 1467 887 subjungit
1492 814 1608 871 haec
1632 815 1797 870 verba
1823 831 1836 867 :
1873 831 1893 864 ‹
1914 812 2031 868 Non

430 905 529 960 tibi
577 905 794 963 videtur
834 907 1114 979 Scriptura
1140 908 1391 964 universa
1438 907 1762 979 prohibere,
1814 922 1881 962 ne
1908 921 2033 977 pro-

430 998 598 1070 pheta
648 1015 903 1067 munera,
958 1008 1013 1055 et
1067 1000 1321 1071 pecunias
1371 1000 1633 1071 accipiat?
1680 996 1814 1055 Cum
1872 998 2034 1070 igitur

428 1093 642 1150 videam
686 1095 1082 1166 prophetissam
1113 1110 1301 1151 aurum
1333 1104 1387 1150 et
1410 1102 1716 1166 argentum,
1750 1102 2033 1163 vestesque

426 1186 698 1257 pretiosas
721 1188 1019 1258 accepisse,
1044 1188 1318 1260 quomodo
1347 1202 1465 1244 eam
1494 1202 1603 1242 non
1634 1185 1969 1256 repudiabo?
2006 1203 2026 1236 s

426 1278 495 1335 Hi
546 1296 733 1351 reapse
770 1291 926 1337 erant
971 1281 1332 1337 montanistici
1379 1280 1611 1352 Spiritus
1640 1280 1881 1348 fructus,
1924 1294 2030 1336 non

428 1389 566 1444 quos
590 1375 956 1432 Tertullianus
993 1376 1292 1432 ambitiosis
1322 1375 1628 1448 iuﬂatisque
1664 1375 1844 1434 verbis
1876 1390 2030 1431 meu-

425 1467 579 1523 titur.

499 1558 570 1614 X.
604 1559 712 1617 Sed
742 1571 825 1617 est
853 1560 919 1616 ad
960 1561 1277 1633 Perpetuam
1314 1561 1598 1634 sociosque
1644 1570 1908 1635 martyres
1942 1576 2030 1616 re-

425 1649 725 1708 deundum.
778 1653 907 1724 Ejus
951 1653 1172 1709 visionis
1214 1669 1317 1726 qua
1358 1654 1459 1709 sibi
1495 1662 1723 1710 mortem
1752 1653 2032 1711 imminere

424 1742 697 1814 Perpetua
736 1754 791 1800 et
820 1745 1045 1802 Saturus
1074 1747 1474 1814 intellexerunt,
1523 1755 1578 1803 et
1607 1747 1673 1803 de
1699 1763 1802 1820 qua
1831 1747 2032 1803 Basna-

425 1837 549 1908 gius
596 1845 875 1909 tantopere
918 1840 1215 1907 cavillatur,
1268 1839 1476 1896 fructus
1522 1842 1727 1896 exstitit
1796 1842 2038 1915 martyrii

2215 1868 2257 1925 Ι.
2294 1868 2566 1941 Perpetua
2597 1870 2989 1927 revelationibus

425 1928 755 1995 candidatis,
789 1945 895 2000 quo
922 1931 1286 2002 expeditiores
1306 1932 1374 1988 ad
1408 1932 1574 1988 Deum
1614 1941 1861 2004 pergant,
1902 1932 2040 1991 adeo

428 2022 822 2087 necessarium,
856 2039 1038 2079 rerum
1072 2025 1312 2080 omnium
1340 2025 1694 2081 humanarum
1725 2027 1993 2083 fastidium
2021 2048 2035 2086 :

435 2112 880 2182 «Intelleximus,
927 2116 1118 2188 inquit,
1163 2118 1467 2187 passionem
1512 2132 1635 2174 esse
1680 2118 1934 2188 futuram,
1987 2130 2041 2176 et

428 2209 695 2281 coepimus
721 2211 919 2266 nullam
956 2211 1065 2281 jam
1108 2226 1262 2283 spem
1296 2211 1349 2268 in
1377 2212 1577 2269 saeculo
1612 2211 1834 2269 habere.
1890 2234 1910 2266 ι
1958 2212 2040 2270 Ex

427 2302 600 2359 altera
628 2303 833 2359 visione
860 2320 963 2375 qua
997 2304 1337 2361 Dinocratem
1361 2306 1414 2361 in
1443 2307 1618 2377 poenis
1643 2306 1795 2372 vidit,
1830 2307 1882 2363 id
1912 2306 2039 2363 boni

426 2395 707 2467 proﬂuxit,
745 2397 889 2469 quod
921 2397 1055 2453 mira
1086 2398 1138 2452 in
1176 2399 1344 2454 Deum
1388 2396 1582 2455 fiducia
1623 2400 1869 2470 praedita,
1915 2408 2043 2455 tam-

430 2487 524 2544 diu
589 2488 854 2559 Perpetua
917 2490 1117 2546 coelum
1164 2490 1306 2545 votis
1361 2500 1415 2545 et
1464 2489 1721 2563 lacrymis
1776 2490 2038 2562 fatigavit,

432 2581 691 2653 quamdiu
735 2582 958 2638 fratrem
1011 2584 1187 2654 pinnis
1240 2583 1524 2649 eximere,
1581 2592 1637 2639 et
1688 2584 1742 2638 iu
1799 2586 2041 2656 requiem

428 2672 728 2730 transferre
750 2676 1047 2745 promeruit
1077 2694 1090 2730 :
1128 2694 1150 2729 s
1186 2674 1537 2732 Conlidebam
1567 2677 1897 2748 profuturam
1921 2693 2042 2734 ora-

427 2766 637 2821 tionem
668 2782 842 2822 meam
876 2767 1046 2823 labori
1073 2766 1210 2837 ejus,
1240 2778 1293 2823 et
1323 2768 1543 2824 orabam
1584 2783 1680 2839 pro
1701 2783 1768 2825 eo
1792 2770 2042 2827 omnibus

432 2856 660 2925 diebus,
706 2873 986 2930 quousque
1030 2859 1377 2916 transivimus
1419 2860 1470 2914 in
1502 2874 1776 2917 carcerem
1803 2871 2042 2918 castren-

428 2964 765 3007 sem.........
811 2963 863 3006 ct
901 2950 1001 3007 feci
1039 2968 1137 3023 pro
1175 2953 1271 3009 illo
1308 2955 1608 3011 orationem
1637 2954 1727 3011 die
1760 2965 1815 3012 et
1857 2966 2036 3024 nocte,

430 3058 652 3116 gemens
676 3054 729 3100 et
755 3045 1061 3119 lacrymans
1085 3056 1143 3101 ut
1168 3047 1297 3102 mihi
1325 3047 1638 3105 donaretur.
1685 3068 1705 3102 ι
1745 3048 1906 3107 Suam
1936 3050 2041 3107 Sa-

430 3148 585 3194 turus
610 3155 825 3212 quoque
855 3141 1115 3199 visionem
1144 3143 1299 3211 vidit,
1329 3152 1384 3200 et
1409 3145 1623 3215 propria
1651 3161 1814 3201 manu
1845 3146 2041 3204 litteris

432 3236 790 3308 consignavit,
822 3252 941 3308 quae
993 3240 1196 3308 pariter
1234 3239 1353 3295 sine
1378 3237 1552 3295 fructu
1589 3254 1693 3296 non
1721 3242 1948 3309 exstitit,
1989 3235 2114 3299 etC

430 3327 601 3384 divini
649 3328 879 3400 Spiritus
923 3331 1263 3386 testimoniis.
1314 3332 1417 3387 Per
1446 3348 1566 3387 eam
1605 3333 1855 3403 Optatum
1901 3335 2043 3391 inter

429 3431 492 3478 et
517 3423 803 3493 Aspasium
852 3424 1016 3495 gratia
1049 3424 1411 3496 componitur.
1452 3424 1699 3481 Monetur
1730 3426 1957 3498 Optatus
1985 3437 2044 3484 ut

430 3515 647 3587 plebem
691 3517 944 3587 corrigat,
983 3516 1206 3588 ejusque
1246 3532 1426 3574 mores
1470 3529 1777 3590 componat.
1817 3519 2043 3580 Saturus

432 3610 850 3681 expergiscitur,
877 3619 931 3665 et
951 3608 1018 3665 de
1046 3610 1218 3666 futura
1242 3612 1492 3682 passione
1518 3612 1735 3684 gaudet.
1758 3613 1877 3683 Quo
1908 3624 2044 3671 tem-

431 3720 569 3777 pore
611 3720 642 3760 a
689 3703 1021 3761 ferocissima
1068 3720 1226 3760 vacca
1257 3704 1522 3776 Perpetua
1553 3706 1605 3761 in
1646 3707 2043 3778 amphitheatro

431 3810 624 3856 vexata
652 3807 756 3864 est,
787 3800 838 3854 in
871 3802 1068 3857 exstasi
1100 3800 1197 3856 fuit
1225 3817 1237 3853 :
1267 3801 1646 3872 expergefacta
1680 3802 1905 3873 pudoris
1944 3819 2040 3875 po-

429 3894 541 3949 tius
575 3894 819 3950 meminit
853 3910 1013 3967 quam
1045 3894 1270 3962 doloris,
1301 3903 1356 3950 et
1384 3910 1480 3965 pro
1510 3896 1655 3952 socia
1682 3897 1852 3970 magis
1880 3913 2040 3970 quam

429 4002 533 4059 pro
558 4004 617 4044 se
649 3988 763 4059 ipsa
794 3989 1042 4056 sollicita,
1081 4008 1099 4042 ι
1134 3989 1320 4046 elisam
1352 3988 1686 4048 Felicitatem
1723 4007 1848 4049 cum
1874 3994 2041 4051 vidis-

432 4093 537 4149 set,
554 4085 780 4140 accessit
806 4094 857 4140 et
876 4100 1095 4141 manum
1112 4086 1159 4140 ei
1193 4083 1429 4151 tradidit,
1448 4094 1502 4141 et
1515 4085 1815 4142 sublevavit
1836 4086 1999 4143 illam.
2016 4107 2036 4143 ι

431 4175 531 4231 His
560 4176 793 4247 denique
833 4177 1011 4233 verbis
1044 4178 1242 4249 quibus
1285 4178 1431 4233 nulla
1476 4178 1649 4251 magis
1691 4179 2041 4238 fortissimam

432 4284 726 4347 martyrem
771 4273 1273 4345 sanctissimamque
1319 4273 1604 4342 decebant,
1644 4274 1867 4331 fratrem
1908 4277 2044 4333 allo-

432 4378 557 4424 cuta
594 4378 678 4422 est
707 4384 720 4421 :
755 4384 774 4419 ς
813 4373 866 4421 tn
899 4364 1003 4423 tide
1036 4376 1196 4432 state,
1242 4374 1298 4422 et
1325 4367 1553 4422 invicem
1588 4383 1776 4423 omnes
1800 4367 2040 4440 diligite;

433 4473 489 4522 et
516 4462 859 4536 passionibus
884 4464 1084 4519 nostris
1110 4478 1179 4519 ne
1198 4462 1657 4520 scandalizemini.
1691 4484 1710 4517 ι
1729 4464 1808 4532 Si,
1841 4468 1915 4521 uti
1940 4482 2044 4522 sa:-

435 4560 555 4630 pius
590 4558 792 4613 dictum
819 4567 924 4623 est,
956 4566 1015 4614 ut
1043 4572 1115 4614 ex
1137 4557 1400 4614 fructibus
1429 4567 1674 4614 naturam
1704 4558 1937 4628 arboris,
1970 4561 2041 4615 ita

2138 530 2370 599 denique
2399 530 2540 601 quod
2567 546 2687 586 cum
2717 532 2975 590 Ecclesia:
2998 533 3228 589 utilitate
3247 535 3596 604 conjunctnni
3629 550 3747 591 om-

2136 622 2267 678 nino
2292 638 2395 679 non
2423 624 2901 697 esset.tNumquid
2918 626 3179 695 colligunt
3197 627 3266 683 de
3288 627 3456 697 spinis
3480 643 3633 693 uvas,
3657 639 3748 683 aut

2135 717 2205 775 de
2229 718 2438 779 tribulis
2476 719 2646 776 ficus?
2676 720 2768 778 Sic
2794 722 2969 778 omnis
2994 721 3157 778 arbor
3177 722 3317 777 bona
3347 722 3518 780 bonos
3538 722 3746 778 fructus

2138 808 2298 877 facit;
2338 811 2475 866 mala
2518 822 2695 868 autem
2733 812 2897 870 arbor
2940 814 3111 871 malos
3157 813 3361 872 fructus
3418 814 3562 871 facit.
3625 816 3742 871 Non

2137 913 2313 973 potest
2339 905 2501 960 arbor
2533 905 2669 961 bona
2700 906 2869 962 malos
2890 905 3096 964 fructus
3126 905 3307 964 facere
3340 926 3354 964 :
3386 923 3567 978 neque
3589 907 3748 964 arbor

2136 995 2275 1050 mala
2301 996 2470 1054 bonos
2497 997 2700 1055 fructus
2744 997 2922 1056 facere
2950 1020 2968 1054 ι
2998 1000 3019 1072 (
3052 999 3268 1069 ΜαιιΙι.,
3294 1018 3413 1072 cap.
3457 1017 3556 1068 vn,
3588 1002 3744 1068 v.16,

2141 1098 2187 1143 et
2212 1088 2376 1162 seqq.)

2741 1225 2971 1284 CAPUT
3016 1226 3128 1282 VII.

2135 1379 2455 1421 PEBPETUAI
2504 1380 2790 1432 SOCIOSQUE
2844 1383 3123 1424 IARTYBES
3175 1383 3507 1425 PBOPBETICO
3567 1384 3747 1427 FUISSE

2207 1474 2413 1517 SPIRITU
2457 1475 2763 1528 AFFLATOS,
2815 1478 2885 1517 EX
2929 1478 3317 1520 VATICINIORUII
3368 1478 3620 1529 EVENTIS,
3681 1480 3749 1519 ΕΤ

2208 1567 2489 1609 ιιιιιλουιιε
2536 1567 2984 1613 υειιοκετκηυκ.
3032 1568 3211 1611 Εοιωιι
3273 1570 3584 1611 DOCTRINAI
3614 1597 3629 1622 ,
3684 1572 3748 1611 ιι·

2206 1659 2683 1701 οοΝνεκεΑτιοΜει
2719 1660 2899 1701 Ρυιεεε
2940 1663 2973 1701 Δ
3001 1660 3447 1704 ΙΟΝΤΑΝΙεΤΑΙωΠ
3484 1654 3751 1704 ῡῠωητιε

2209 1752 2277 1792 ΕΤ
2318 1750 2621 1793 ιαετιτυτιδ
2666 1752 2915 1803 νεκρυλιι
2966 1754 3210 1795 ΔιιεΝΑε.

3023 1881 3228 1928 eventus
3255 1873 3311 1927 in
3340 1873 3582 1929 omnibus
3613 1884 3660 1929 et
3688 1874 3751 1929 ad

2142 1965 2386 2019 amussim
2413 1965 2809 2033 responderunt.

2214 2056 2277 2111 ll.
2309 2055 2389 2112 De
2418 2057 2682 2115 miraculis
2715 2075 2830 2131 qua:
2859 2058 2915 2115 in
2951 2067 3246 2115 nostrorum
3281 2068 3573 2131 martyrum
3621 2061 3753 2116 Actis

2142 2155 2452 2224 referuntur.

2216 2244 2301 2300 lll.
2340 2245 2464 2301 Non
2498 2247 2652 2302 modo
2686 2256 2992 2319 martyrum,
3023 2248 3113 2303 sed
3136 2247 3360 2304 aliarum
3391 2251 3746 2322 quoquc'lide-

2144 2338 2273 2393 lium
2322 2339 2523 2396 animas
2565 2339 2878 2412 Perpetuam
2921 2350 2967 2396 et
3008 2340 3258 2398 Saturum
3292 2344 3350 2399 in
3383 2341 3648 2402 Paradiso
3673 2348 3746 2400 ri-

2144 2430 2297 2485 disse.

2216 2520 2306 2577 lV.
2324 2523 2453 2578 Cum
2480 2524 2744 2580 catholicis
2773 2526 3083 2598 martyribus
3109 2528 3530 2585 communicasse.

2216 2615 2286 2672 ν.
2314 2616 2614 2674 Dinocratis
2637 2619 2865 2674 animam
2889 2621 2944 2675 in
2963 2629 3207 2676 retentam
3236 2621 3456 2693 gloriam
3481 2622 3744 2693 Perpetua:

2154 2709 2385 2782 precibus
2407 2712 2563 2784 fuisse
2586 2712 2909 2768 translatam.

2217 2806 2309 2862 Vl.
2355 2806 2602 2877 Optatum
2644 2809 2938 2888 episcon
2963 2808 3019 2863 in
3047 2809 3188 2865 Actis
3220 2822 3557 2867 memoratum
3582 2814 3751 2869 catho-

2145 2900 2259 2956 licis
2300 2902 2585 2972 prafuisse.
2629 2902 2851 2959 Nullum
2887 2904 2944 2958 id
2982 2905 3225 2977 temporis
3258 2907 3418 2978 fuisse
3446 2906 3751 2983 Carthagine

2147 2990 2587 3049 Montanistarum
2610 2995 2925 3066 episcopum.

2219 3085 2331 3143 VII.
2366 3087 2674 3144 Nostrorum
2704 3102 2991 3165 martyrum
3020 3094 3074 3149 in
3110 3110 3313 3151 carcere
3336 3096 3495 3153 victus
3528 3113 3749 3153 continu-

2146 3179 2227 3234 nis
2274 3190 2321 3234 et
2369 3183 2584 3238 usitatus
2625 3194 2671 3238 et
2698 3200 2733 3238 a
2760 3183 3196 3242 Montanistarum
3233 3188 3298 3243 de
3335 3188 3536 3259 jejunio
3563 3191 3748 3263 legibus

2148 3275 2371 3328 maxime
2406 3274 2705 3332 abhorrens.

2221 3369 2358 3425 Vlll.
2389 3369 2470 3426 De
2498 3373 2764 3428 catholica:
2786 3371 3035 3430 Ecclesiae
3052 3375 3108 3430 in
3130 3377 3238 3432 suis
3265 3376 3466 3432 alendis
3493 3376 3745 3447 fovendis-

2145 3479 2243 3531 que
2262 3465 2634 3535 confessoribus
2660 3466 3025 3523 sollicitudine.

2220 3554 2311 3611 IX.
2351 3556 2640 3613 Catholicae
2683 3567 2932 3631 martyres
2970 3569 3207 3631 paratum
3249 3561 3344 3617 sibi
3384 3562 3618 3630 ﬁdelium
3647 3566 3748 3636 pie-

2148 3658 2248 3704 tate
2272 3649 2460 3715 cibum,
2489 3650 2593 3705 imo
2620 3660 2667 3706 et
2689 3652 2920 3718 delicias,
2949 3653 3242 3724 neutiquam
3264 3655 3541 3725 respuisse.

2219 3744 2288 3800 X.
2318 3743 2697 3816 Disputationis
2713 3749 3144 3819 ἀνακιραλαίωσις.

2218 3886 2259 3942 l.
2298 3886 2429 3943 Post
2472 3902 2651 3945 mores
2705 3889 3089 3961 prophetarum
3137 3871 3434 3960 eorumque
3485 3889 3746 3946 visionum

2146 3980 2374 4049 fructus,
2404 3998 2470 4039 ex
2498 3983 2691 4052 quibus
2715 3984 3008 4039 maximum
3035 3997 3251 4054 semper
3276 3984 3328 4039 in
3358 3984 3507 4041 hisce
3535 3994 3744 4042 contro-

2146 4077 2340 4132 versiis
2381 4074 2749 4147 prmjudicium
2791 4075 3029 4144 exstitit;
3072 4091 3137 4132 ex
3179 4078 3523 4132 oraculorum
3557 4089 3745 4134 eventu

2147 4170 2320 4242 prima
2347 4168 2647 4241 prophetici
2674 4168 2906 4239 Spiritus
2928 4168 3166 4224 nascitur
3190 4169 3525 4240 conjectura.
3553 4169 3684 4225 Nam
3706 4171 3744 4224 si

2148 4266 2343 4323 aﬂ‘ectu
2365 4267 2580 4321 oracula
2606 4274 2847 4332 careant,
2876 4266 3018 4321 illico
3039 4265 3278 4321 animum
3307 4265 3570 4322 dubitatio
3589 4266 3741 4331 subit,

2148 4374 2275 4415 num
2302 4357 2581 4431 prophetae
2604 4369 2836 4416 mentem
2863 4358 3094 4430 Spiritus
3120 4358 3350 4414 Sanctus
3376 4357 3659 4429 afﬂaverit,
3682 4376 3742 4415 an

2148 4454 2327 4525 potius
2350 4463 2439 4508 aut
2466 4452 2686 4524 maligni
2712 4451 2944 4523 Spiritus
2972 4452 3234 4518 seductio,
3265 4462 3358 4508 aut
3384 4452 3603 4510 humani
3631 4471 3741 4509 scn-

2148 4561 2241 4601 sus
2269 4545 2514 4617 deceptio
2537 4545 2714 4601 fuerit.
2736 4542 2945 4614 Saepius
2965 4552 3297 4601 memoratus
3317 4546 3563 4602 Asterius
3587 4546 3741 4602 Maxi-

435 4666 503 4705 ex
523 4645 790 4706 visionum
810 4658 865 4706 et
886 4651 1276 4707 revelationum
1293 4651 1464 4709 fructu
1481 4667 1589 4723 quo
1604 4653 1864 4723 propheta
1881 4652 2038 4711 fuerit

2163 4638 2313 4693 nillte
2340 4639 2588 4708 spiritum
2620 4634 2723 4694 hoc
2768 4638 3110 4708 potissimum
3147 4648 3467 4709 argumento
3507 4640 3740 4697 falsitatis

436 4741 638 4813 Spiritu
675 4743 909 4809 afﬂatus,
949 4756 1244 4814 agnoscere
1291 4756 1356 4798 ac
1397 4742 1694 4812 diiudicare
1733 4743 2037 4802 debemus:

436 4837 559 4910 quis
587 4839 818 4908 amplius
848 4837 1135 4903 dubitabit,
1177 4834 1377 4906 Spiritu
1408 4835 1608 4893 Sancto
1635 4838 1847 4911 plenam
1880 4838 2043 4896 fuisse

433 4931 1022 5004 Perpetuam;eumque
1038 4930 1278 4987 divinum
1297 4929 1556 5000 Spiritum
1570 4944 1813 4986 caussam
1834 4930 1905 4985 illi
1921 4931 2044 4988 ube-

434 5037 659 5093 remque
680 5023 878 5079 fontem
894 5022 1165 5079 exstitisse
1175 5021 1471 5077 caelestium
1487 5020 1911 5078 revelationum?
1938 5021 2043 5077 Ma-

435 5117 616 5186 lignus
635 5116 778 5169 enim
804 5117 1025 5187 spiritus
1047 5130 1155 5170 non
1185 5114 1282 5169 has
1311 5113 1383 5169 illi
1424 5113 1661 5169 visiones
1707 5114 2039 5182 immisisset,

438 5223 507 5264 ex
527 5206 721 5279 quibus
748 5207 812 5263 ad
841 5209 1080 5282 martyrii
1104 5206 1466 5273 tolerantiam,
1494 5206 1561 5261 ad
1583 5206 1763 5263 sreculi
1796 5216 2040 5263 contem-

438 5311 613 5369 ptum,
642 5308 695 5354 et
714 5301 780 5354 ad
796 5302 1033 5357 omnium
1056 5301 1468 5358 cbristiauarum
1501 5301 1755 5355 virtutum
1786 5309 1937 5355 actus
1960 5301 2045 5356 in-

436 5388 706 5444 ﬂammata
720 5391 1010 5460 plurimum
1026 5404 1129 5459 est;
1151 5409 1219 5449 ex
1239 5393 1433 5464 quibus
1452 5391 2041 5463 fidei,spci,charitatis,

435 5484 735 5556 religionis,
767 5486 1061 5554 modestior,
1089 5489 1357 5558 patientiae
1383 5502 1536 5560 seges
1560 5487 1888 5558 amplissima
1915 5502 2041 5559 ger-

436 5654 820 5717 ἀποκαλοῦντιή
865 5652 953 5707 ἦτ’
979 5659 1186 5725 ἐπιφέρει
1222 5657 1364 5723 λέγων
1385 5671 1397 5685 ⁶
1430 5658 1570 5708 Aeaei
1602 5677 1678 5707 σοι
1720 5661 1854 5707 πᾶσαι
1882 5665 2037 5725 γραφὴ

436 5728 635 5777 κωλύειν
663 5738 905 5794 προφήτην
941 5723 1196 5792 rapes-5.7»
1225 5730 1352 5798 δῶρα
1393 5731 1476 5781 καὶ
1507 5741 1772 5795 χρτίμαιτας
1806 5731 1919 5780 ὃταν
1954 5723 2036 5798 Αοῦν

436 5798 520 5849 ἴδω
534 5806 621 5852 τὴν
649 5810 875 5867 προφῆτιν
900 5800 1142 5866 εἰληφυῖα-ν
1154 5802 1236 5850 καὶ
1259 5796 1424 5868 χρυσόν
1448 5803 1530 5851 ausi
1551 5801 1856 5869 ἄργυροςδνκαὶ
1882 5796 2036 5849 πολυ-

430 5871 577 5927 τελεῖς
605 5866 806 5928 ἰσθῆίσις
829 5908 843 5937 ,
884 5885 981 5932 πῶς
1005 5871 1161 5923 αὐτὴν
1187 5878 1255 5923 erit
1287 5866 1688 5938 ἔγειραν-καομσή
1718 5866 1818 5926 Ubi
1847 5881 2032 5940 supra.

2146 4729 2436 4794 convincit,
2482 4730 2623 4800 quod
2673 4745 2779 4784 non
2823 4728 3162 4800 responderit
3203 4731 3468 4788 vaticiniis
3506 4731 3735 4790 eﬂ'ectus.

2148 4825 2362 4881 Etenim
2392 4840 2512 4881 cum
2543 4826 2629 4883 illa
2657 4835 2781 4898 post
2808 4842 2961 4882 suum
2993 4826 3197 4883 obitum
3236 4827 3374 4884 bella
3403 4838 3455 4884 et
3496 4830 3738 4885 tumultus

2148 4917 2432 4974 imminere
2458 4919 2814 4989 praedixisset,
2856 4920 3162 4976 diuturnam
3192 4937 3377 4992 pacem
3417 4938 3539 4979 cum
3578 4925 3736 4995 impe-

2144 5012 2283 5069 rium
2328 5012 2559 5068 obtinuit
2590 5022 2700 5068 tum
2752 5012 3042 5069 christiana
3079 5015 3401 5086 respublica.
3454 5017 3511 5073 ln
3560 5016 3733 5074 eodem

2144 5119 2358 5176 quoque
2405 5104 2564 5173 libro,
2612 5105 2782 5173 inquit
2833 5106 3097 5164 Eusebius
3141 5108 3209 5165 de
3247 5109 3449 5167 Asmrii
3489 5112 3735 5167 adversus

2146 5198 2499 5258 Montanistas
2528 5200 2989 5259 lucubrationibus
3033 5204 3260 5277 loquens
3288 5206 3370 5281 (l)
3408 5227 3437 5282 ς
3468 5219 3729 5281 postquam

2219 5359 2298 5433 (Ι)
2335 5354 2400 5416 ἐν
2429 5365 2586 5430 ταῦτῷ
2625 5363 2674 5414 δὲ
2695 5366 2862 5422 πέλω,
2900 5367 3040 5435 ἕτερα.
3080 5372 3261 5431 μεταξὺ
3291 5372 3402 5434 πρὸς
3439 5372 3622 5436 ἔλεγχον
3652 5380 3731 5421 τῶν

2144 5440 2570 5508 τῐςᾲΜαιξιμίξλης
2596 5436 3027 5503 ψευδοπροφητειῶν
3053 5439 3217 5497 εἰπὼν,
3247 5437 3363 5505 ὅμοῧ
3386 5440 3469 5492 τεν
3493 5460 3542 5491 τε
3562 5446 3725 5508 χρόνον,

2145 5506 2251 5560 καθ’
2284 5511 2333 5559 ὃν
2356 5504 2498 5580 ταῧτῖ
2519 5513 2688 5580 ἔγραφε
2732 5513 2972 5580 σημαίνῃ,
3012 5510 3097 5559 καὶ
3140 5520 3237 5563 τῶν
3268 5504 3570 5580 inpatieusva
3593 5504 3727 5570 ’σιῦτῆς

2141 5584 2406 5645 μέμνηται,
2436 5577 2500 5629 δι’
2526 5578 2586 5629 ὧν
2597 5579 2778 5632 netia-iv
2792 5578 3095 5648 ψευδολογίαν
3114 5584 3289 5634 εὖθὺνει
3309 5577 3403 5632 s33:-
3434 5590 3588 5647 λέγων·
3610 5583 3728 5634 (Καὶ

2144 5665 2239 5711 πῶς
2268 5652 2319 5703 οὗ
2344 5657 2607 5720 καταφανὲς
2638 5652 2728 5726 ἤδη
2751 5656 2905 5720 ’γέγονε
2932 5652 3014 5704 καὶ
3040 5658 3178 5707 τοῦτο
3207 5661 3263 5708 τὸ
3284 5656 3465 5726 φεῧδος,
3501 5658 3730 5723 πλιίωγὶρ

2147 5730 2176 5782 ἤ
2200 5725 2508 5790 τρισκαίδεκα
2536 5728 2618 5782 ἔτη
2662 5725 2728 5783 εἰς
2768 5726 2946 5782 τιὺτην
2986 5732 3077 5777 τὴν
3128 5725 3328 5796 ἡμέραν,
3371 5730 3422 5790 ἕξ
3448 5727 3501 5779 οὗ
3529 5731 3726 5781 ’τετελεύ-

2135 5814 2280 5870 τηκεν
2303 5800 2333 5852 ἡ
2350 5803 2483 5870 youth,
2503 5796 2594 5870 noti
2625 5800 2731 5849 οὕτε
2758 5804 2969 5866 respnde,
3006 5800 3107 5851 sine
3148 5805 3393 5857 saeclis“);
3418 5800 3571 5870 κόσμῳ
3591 5806 3727 5864 γέγονε

2137 5867 2366 5932 πόλεμος·
2397 5866 2527 5919 ἀλλὰ.
2567 5875 2649 5919 καὶ
2687 5871 2996 5936 Χριστιανςοῖς
3032 5875 3213 5935 μᾶλλον
3244 5872 3409 5940 ιὶρήνη
3447 5866 3656 5940 Brigensis;
3682 5873 3726 5929 (ξ
