3988 6310
265 229 394 293 153

1179 236 1315 293 PRO
1350 235 1442 294 SS.
1487 233 1878 303 PERPETUA,
1918 233 2331 293 FELICITATE
2373 236 2461 294 ET
2496 236 2731 295 SOCIIS.

3484 242 3592 304 151»

266 351 535 410 nonnulla
567 352 635 411 ad
658 353 845 413 falsam
882 355 1024 413 illam
1054 356 1359 414 Maximillm
1390 357 1726 430 prophetiam
1752 371 1880 411 con-
1907 355 1961 416 A
1986 370 2103 411 rum
2153 366 2337 427 postea
2381 367 2656 430 gestarum
2703 358 2912 417 eventis
2941 361 3290 422 conﬁrmatas
3318 363 3484 421 fuisse
3507 364 3589 418 vi-

268 448 601 506 vincendam
640 452 967 521 iuterseruit,
997 461 1108 508 tum
1137 462 1349 524 tempus
1404 455 1576 522 ipsum
1613 467 1721 522 quo
1764 448 1883 504 btec

263 546 478 614 scripta
524 554 646 601 sunt
672 545 936 618 designat,
983 557 1094 604 tum
1162 547 1404 604 mulieris
1445 546 1588 602 illius
1634 543 1880 601 vaticinia

264 648 692 705 commemorat,
715 638 909 709 quibus
930 640 1068 699 bella
1094 648 1149 697 et
1168 640 1425 696 tumultus
1451 639 1731 695 imminere
1750 651 1881 708 pra:-

263 731 514 791 dixerat.
537 735 779 802 Quorum
798 735 1015 807 quidem
1040 736 1419 792 vaticiniorum
1442 734 1726 791 falsitatem
1753 746 1880 789 con-

262 829 446 885 vincit
473 830 556 887 his
579 831 759 887 verbis
788 849 844 886 ιι
873 831 1081 899 Nonne,
1117 831 1306 901 inquit,
1328 831 1491 887 etiam
1521 829 1625 886 hoc
1652 825 1878 885 menda-

264 923 421 979 cium
443 925 695 979 omnibus
720 923 1062 980 manifestum
1091 923 1372 996 apparuit?
1400 922 1612 979 Etenim
1634 921 1703 977 ab
1730 921 1879 978 obitu

263 1017 580 1074 Maximilla:
629 1033 799 1089 usque
846 1018 899 1072 in
944 1016 1088 1072 hunc
1116 1016 1257 1073 diem
1300 1016 1581 1087 plusquam
1624 1012 1877 1069 tredecim

264 1111 405 1167 anni
438 1110 550 1182 jam
590 1111 757 1182 elapsi
787 1120 913 1168 sunt
945 1128 960 1167 :
993 1126 1094 1166 nec
1126 1119 1302 1165 tamen
1331 1108 1496 1164 ullum
1532 1117 1621 1161 aut
1648 1106 1878 1177 particu-

261 1204 390 1261 lare
419 1203 646 1270 bellum,
672 1213 764 1260 aut
799 1203 1103 1260 universale
1129 1202 1183 1259 in
1211 1202 1370 1258 terris
1405 1201 1521 1256 fuit.
1553 1199 1665 1254 lmo
1689 1198 1877 1255 Chris-

263 1298 441 1354 tianis
480 1298 746 1370 prtecipua
781 1298 1013 1369 quadarn
1058 1295 1423 1352 misericordia
1456 1309 1562 1366 pax
1592 1292 1800 1348 stabilis
1825 1299 1879 1348 et

261 1389 430 1446 ﬁrma
447 1392 762 1461 permansit.
797 1409 818 1445 ι
858 1392 1033 1461 Atque
1054 1388 1249 1446 basein
1275 1387 1514 1445 secundo
1540 1387 1785 1457 leguntur
1810 1384 1877 1438 li-

265 1484 394 1541 bro.
415 1485 616 1542 Contra
631 1501 761 1542 vero
782 1484 1022 1542 Ecclesia
1038 1483 1386 1557 Smyrnensis
1400 1482 1757 1554 Polycarpum
1775 1479 1823 1552 (i
1834 1477 1877 1551 ),

270 1597 293 1632 ι
330 1578 616 1634 doctorem
638 1578 992 1650 apostolicum
1013 1586 1069 1634 et
1094 1576 1466 1648 propheticum
1489 1574 1673 1639 fuisse,
1703 1592 1723 1625 ι
1752 1570 1878 1627 inde

264 1669 631 1739 demonstrat,
678 1670 819 1743 quod
856 1688 877 1724 ι
902 1686 1060 1729 omne
1106 1670 1351 1735 verbum,
1376 1668 1521 1739 quod
1541 1682 1612 1724 ex
1657 1682 1752 1722 ore
1777 1680 1875 1721 suo

1983 448 2106 506 deat
2157 470 2170 505 :
2214 467 2332 522 quae
2384 467 2544 508 causa
2588 462 2671 509 est
2717 470 2814 510 cur
2863 470 3048 512 earum
3097 469 3370 516 auctorem
3423 457 3588 514 fuisse

1983 543 2240 614 Spiritum
2292 556 2534 603 sanctum
2586 548 2636 603 in
2682 548 2907 606 dubium
2956 555 3220 609 revocet?
3272 553 3382 609 Nec
3405 552 3582 610 solum

1982 634 2324 708 Perpetuam,
2353 637 2449 694 sed
2470 647 2695 697 cteteros
2715 657 2927 714 quoque
2949 644 3194 716 ejusdem
3218 647 3406 718 agonis
3432 660 3585 701 eom-

1983 729 2253 786 militones
2288 732 2601 802 prophetico
2642 733 2846 791 lumine
2886 734 3052 794 fuisse
3088 739 3454 807 collustratos,
3492 754 3586 795 eo.

1982 820 2104 878 dem
2125 833 2444 893 argumento
2466 824 2619 882 facile
2638 825 3062 887 demonstratur.
3082 832 3236 902 Quod
3260 833 3404 888 enim
3427 849 3590 888 unus-

1981 914 2206 985 quisque
2231 916 2539 973 certaminis
2576 933 2749 989 genus
2777 931 3076 991 optaverat,
3104 933 3159 979 et
3195 924 3435 982 futurum
3463 939 3586 983 esse

1981 1006 2121 1063 forte
2153 1019 2533 1079 praesenserat,
2561 1023 2886 1071 consecutus
2916 1025 3019 1072 est.
3048 1016 3162 1086 Qua
3187 1018 3255 1075 de
3281 1034 3343 1077 re
3366 1020 3589 1077 audien-

1979 1099 2080 1155 dus
2104 1101 2358 1156 Actorum
2389 1102 2662 1173 scriptor:
2702 1123 2721 1155 ι
2757 1104 2862 1163 Sed
2900 1108 2989 1179 qui
3014 1108 3270 1166 dixerat:
3304 1112 3492 1180 Petite,
3526 1122 3577 1169 et

1979 1193 2286 1265 accipietis;
2315 1195 2619 1265 petentibus
2648 1196 2796 1253 dedit
2837 1214 2960 1255 eum
2998 1203 3200 1258 exitum
3242 1218 3404 1275 quem
3438 1206 3585 1276 quis-

1979 1303 2084 1359 que
2125 1288 2549 1347 desideraverant.
2586 1291 2721 1347 Nam
2763 1294 2808 1349 si
2850 1296 3062 1366 quando
3091 1298 3230 1354 inter
3263 1314 3323 1355 se
3348 1298 3418 1357 de
3444 1315 3587 1356 mar-

1983 1380 2102 1450 tyrii
2145 1382 2226 1437 sui
2270 1390 2395 1437 voto
2424 1384 2959 1453 sermocinabuntur;
3004 1387 3323 1447 Saturninus
3365 1391 3583 1462 quidem

1979 1472 2231 1530 omnibus
2269 1475 2454 1532 bestiis
2480 1476 2616 1534 velle
2645 1493 2705 1535 se
2734 1479 2894 1552 objici
2933 1481 3321 1554 proﬁtebatur:
3353 1495 3413 1541 ut
3435 1487 3584 1542 scili-

1978 1576 2065 1622 cet
2087 1567 2458 1640 gloriosiorcm
2483 1581 2721 1642 gestaret
2745 1587 3021 1631 coronam.
3046 1574 3230 1647 Itaque
3259 1577 3314 1633 in
3336 1580 3589 1635 commis-

1978 1662 2129 1720 sione
2167 1666 2493 1735 spectaculi,
2543 1668 2659 1739 ipse
2698 1677 2754 1725 et
2792 1669 3093 1727 Revocatus
3142 1673 3454 1744 lcopardum
3499 1690 3589 1732 ex-

266 1766 477 1833 emisit,
529 1777 624 1821 aut
670 1765 945 1836 impletum
997 1773 1164 1830 esset,
1225 1772 1317 1818 aut
1357 1768 1734 1845 expectaretur
1773 1764 1874 1815 im-
1906 1761 1954 1822 B
1983 1758 2140 1829 perti,
2168 1761 2329 1816 etiam
2358 1776 2521 1832 super
2545 1763 2810 1834 pulpitum
2851 1764 2921 1821 ab
2946 1781 3074 1823 urso
3096 1767 3269 1824 vexati
3301 1776 3448 1825 sunt.
3489 1769 3588 1825 Sa.

265 1860 550 1930 piendum.
566 1876 587 1912 ι
620 1858 821 1915 Eodem
839 1866 896 1914 et
916 1872 1016 1914 nos
1035 1865 1350 1930 argumento
1374 1865 1638 1927 martyres
1664 1862 1878 1911 nostros

267 1952 595 2024 prophetico
637 1953 881 2025 perfusos
931 1951 1096 2009 fuisse
1134 1952 1327 2022 spiritu
1365 1949 1873 2007 demonstrabimus.

265 2046 552 2119 Siquidem
583 2047 841 2119 quidquid
885 2047 966 2104 eis
1006 2044 1303 2102 revelatum
1328 2053 1432 2111 est,
1475 2053 1531 2101 et
1566 2057 1727 2098 omne
1756 2058 1879 2097 ver-

265 2139 404 2196 bum
428 2140 570 2213 quod
599 2155 668 2198 ex
709 2155 805 2196 ore
841 2154 942 2196 suo
986 2139 1281 2196 emiserunt
1307 2144 1580 2201 ιτελειώθη,
1611 2136 1880 2205 impletum

274 2246 380 2299 est,
411 2249 727 2305 quamquam
749 2249 819 2291 ex
842 2248 1029 2290 eorum
1053 2247 1249 2305 genere
1274 2240 1706 2303 cssent,quorum
1733 2244 1876 2301 prae-

280 2328 436 2384 notio
471 2328 535 2383 ad
562 2327 793 2383 divinam
835 2338 1040 2384 tantum
1093 2327 1413 2398 sapientiam
1446 2324 1693 2397 pertinet,
1725 2323 1880 2394 cujus

271 2420 424 2476 modi
459 2431 585 2476 sunt
622 2421 801 2477 futura
836 2420 1217 2491 contingentia,
1243 2434 1306 2475 ea
1337 2418 1635 2489 praesertim
1663 2431 1785 2489 quae
1813 2431 1880 2472 ex

268 2513 442 2570 libera
485 2515 652 2585 ipsius
706 2515 797 2571 Dei
825 2525 919 2573 aut
947 2515 1222 2571 hominum
1250 2513 1528 2570 voluntate
1552 2512 1877 2583 dependent.

269 2604 407 2663 Cum
437 2608 612 2665 adhuc
636 2609 690 2664 in
719 2610 924 2666 incerto
946 2623 1036 2666 res
1064 2620 1371 2665 versaretur
1394 2624 1462 2663 an
1492 2607 1672 2678 passio
1699 2605 1879 2663 futura

266 2712 439 2767 esset,
485 2718 551 2759 an
591 2712 949 2769 commeatus,
993 2703 1295 2775 passionem
1321 2717 1445 2758 esse
1487 2701 1718 2763 futuram
1748 2701 1880 2757 Per-

266 2808 435 2868 petua
497 2798 678 2869 priore
722 2814 818 2854 sua
867 2799 1203 2855 revelationc
1252 2797 1546 2863 intellexit;
1594 2806 1650 2852 et
1700 2796 1881 2868 passio

266 2905 464 2961 reapse
503 2900 685 2947 secuta
714 2899 816 2947 est.
859 2890 971 2948 Nec
1013 2891 1192 2948 solum
1232 2891 1372 2961 passi
1410 2899 1537 2946 sunt
1578 2898 1878 2961 martyres;

265 2985 363 3042 sed
396 2998 464 3041 eo
489 2985 648 3040 etiam
678 2984 886 3049 ordine,
911 2999 1019 3055 quo
1046 2983 1166 3039 illos
1187 2982 1453 3053 Perpetua
1480 2994 1736 3053 passuros
1757 2995 1881 3037 esse

267 3077 524 3150 praevidit
555 3096 569 3134 :
600 3077 855 3133 Saturum
881 3078 1025 3135 enim
1052 3076 1288 3147 priorem
1314 3075 1513 3132 scalam
1548 3073 1879 3131 adscendere

1983 1861 2135 1907 turus
2161 1861 2339 1909 autem
2366 1854 2499 1910 nihil
2534 1858 2705 1928 magis
2732 1873 2893 1927 quam
2922 1875 3106 1916 ursum
3133 1861 3544 1917 abominabatur
3572 1878 3587 1916 :

1981 1944 2075 2001 sed
2108 1960 2216 2001 uno
2254 1961 2437 2003 morsu
2475 1948 2717 2020 leopardi
2747 1952 2937 2008 conﬁci
2975 1968 3034 2009 se
3062 1953 3175 2024 jam
3206 1955 3586 2024 praesumebat;

1980 2037 2165 2109 Itaque
2192 2057 2314 2099 cum
2342 2059 2473 2116 aper
2499 2046 3020 2117 subministraretur,
3048 2060 3272 2107 venator
3297 2053 3474 2124 potius
3497 2051 3589 2125 qui

1981 2132 2131 2189 illum
2159 2136 2366 2207 japrum
2403 2138 2919 2210 subministraverat,
2968 2141 3251 2201 subfossus
3287 2145 3357 2200 ab
3395 2145 3584 2202 eadem

1982 2224 2173 2293 besua,
2204 2239 2324 2300 post
2351 2228 2468 2285 dies
2500 2233 2740 2288 muneris
2794 2234 2949 2290 obiit.
2988 2233 3216 2291 Saturus
3250 2236 3592 2294 solummodo

1982 2325 2185 2376 tractus
2227 2329 2327 2377 est.
2385 2322 2453 2378 Et
2492 2338 2614 2379 cum
2639 2324 2707 2381 ad
2748 2342 2930 2382 ursum
2974 2326 3295 2384 substrictus
3343 2339 3487 2387 esset
3532 2331 3586 2386 in

1984 2420 2167 2481 ponte,
2198 2430 2354 2471 ursus
2383 2415 2451 2473 de
2480 2432 2643 2473 cavea
2677 2418 2893 2489 prodire
2923 2420 3118 2476 noluit.
3146 2420 3330 2495 Itaque
3348 2416 3589 2479 secundo

1982 2501 2207 2561 Saturus
2249 2507 2453 2564 illrcsus
2500 2521 2803 2567 revocatur.
2853 2531 2873 2565 ι
2927 2512 3053 2569 Haec
3074 2523 3251 2570 autem
3292 2524 3586 2587 martyrum

1983 2614 2091 2654 non
2119 2599 2527 2673 qualiacumque
2558 2604 2723 2660 fuisse
2758 2614 2877 2661 vota
2900 2646 2916 2673 ,
2947 2606 3045 2663 sed
3073 2617 3216 2675 vota,
3246 2617 3304 2664 ut
3339 2608 3410 2663 ita
3436 2608 3589 2666 dixe-

1983 2690 2109 2757 rim,
2134 2692 2466 2762 prophetica.
2497 2711 2616 2767 qua:
2645 2713 2752 2752 non
2794 2698 2964 2754 multo
3006 2710 3125 2771 p08t
3167 2700 3458 2773 subjungit,
3491 2700 3590 2759 Sa-

1984 2788 2086 2842 turi
2114 2788 2279 2845 verba
2304 2801 2489 2860 aperte
2509 2791 2885 2852 demonstrant
2909 2813 2924 2850 :
2954 2814 2973 2850 ι
3005 2796 3136 2854 ltent
3156 2796 3382 2855 Saturus
3405 2798 3455 2854 iu
3481 2799 3584 2856 alia

1983 2894 2138 2955 porta
2155 2884 2378 2944 militem
2394 2888 2692 2946 Pudentem
2705 2891 3092 2950 exhortabatur
3104 2893 3290 2951 dicens
3320 2911 3332 2947 :
3359 2894 3581 2960 Adsum,

1983 2986 2129 3033 certe
2141 2980 2279 3035 sicut
2294 2982 2514 3052 promisi
2529 2992 2584 3039 et
2602 2984 2823 3054 praedixi
2840 3003 2856 3040 :
2878 2985 3077 3041 nullam
3092 3001 3270 3059 neque
3282 2987 3458 3044 adhuc
3470 2987 3588 3044 bes-

1986 3072 2115 3129 tiam
2142 3075 2320 3143 sensi;
2343 3085 2397 3133 et
2417 3092 2561 3133 nunc
2580 3077 2651 3134 dc
2670 3086 2783 3134 toto
2799 3078 2963 3137 corde
2981 3080 3192 3138 credas.
3228 3082 3364 3139 Ecce
3387 3081 3591 3152 prodeo

266 3172 539 3243 Perpetua
571 3171 891 3241 conspexit;
926 3169 1071 3240 prior
1095 3178 1271 3225 autem
1298 3169 1498 3238 reipsa,
1528 3177 1586 3222 ut
1612 3166 1876 3237 passionis
1901 3166 1947 3229 C
1982 3166 2096 3231 illo,
2126 3177 2182 3224 et
2208 3168 2278 3225 ab
2305 3184 2413 3227 uno
2445 3185 2628 3228 morsu
2655 3172 2890 3243 leopardi
2920 3188 3230 3241 consumar.
3267 3195 3288 3228 ι
3320 3174 3588 3232 Vaticinio

266 3275 462 3321 auctor
506 3264 779 3329 observat,
825 3262 1140 3333 martyrium
1187 3260 1411 3317 Saturus
1439 3260 1875 3315 consummavit:

271 3380 291 3414 s
338 3362 590 3425 Saturus,
639 3361 729 3432 qui
784 3369 841 3415 et
883 3359 1029 3429 prior
1066 3358 1261 3414 scalam
1306 3357 1681 3422 adscenderat,
1734 3358 1879 3426 prior

268 3452 511 3510 reddidit
531 3454 802 3525 spiritum.
826 3452 962 3508 Nam
979 3460 1036 3508 et
1063 3451 1385 3523 Perpetuam
1412 3450 1763 3506 sustinebat.»
1783 3448 1879 3505 lii-

268 3547 515 3603 larianus
553 3554 869 3617 procurator
893 3545 1178 3601 universos
1201 3544 1313 3615 jam
1344 3543 1784 3613 pronuntiaverat
1823 3551 1881 3599 et

266 3640 556 3696 damnarat
588 3639 659 3695 ad
691 3639 913 3706 bestias,
953 3655 1075 3695 cum
1107 3639 1296 3704 altera,
1322 3646 1507 3693 sancta
1534 3636 1722 3693 eadem
1751 3636 1880 3691 Per-

270 3742 458 3804 petua,
490 3732 816 3788 revelatione
841 3732 1112 3801 cognovit,
1144 3747 1198 3786 se
1225 3746 1327 3784 non
1356 3731 1425 3784 ad
1452 3729 1660 3796 bestias,
1695 3735 1756 3783 ut
1782 3728 1874 3795 ait,

268 3827 363 3881 scd
398 3836 577 3881 contra
618 3825 879 3880 diabolum
929 3834 1301 3898 pugnaturum;
1343 3824 1396 3879 id
1435 3832 1539 3890 est,
1567 3836 1878 3893 supremum

270 3920 375 3975 sibi
412 3918 869 3989 durissimumque
914 3927 1186 3975 certamen
1220 3915 1482 3973 adversus
1519 3915 1727 3973 bestias
1771 3931 1878 3972 non

275 4012 423 4078 fore;
459 4012 552 4069 sed
580 4011 837 4069 adversus
868 4012 1135 4068 diabolum
1179 4027 1410 4081 quocum
1442 4011 1541 4067 sibi
1566 4014 1681 4067 visa
1708 4010 1883 4068 fuerat

271 4105 326 4160 in
359 4120 520 4162 arena
550 4105 758 4161 luctari.
789 4104 900 4160 Res
928 4105 1229 4176 utprawisa
1261 4112 1362 4172 est,
1395 4104 1465 4159 ita
1507 4104 1689 4159 evenit
1716 4120 1730 4158 τ
1759 4103 1882 4159 bes-

275 4201 370 4255 tiis
395 4199 623 4269 objecta,
654 4200 857 4255 nullum
884 4200 951 4256 ab
977 4200 1058 4254 eis
1094 4198 1337 4255 dolorem
1374 4207 1593 4269 experta
1621 4205 1739 4264 est;
1783 4196 1880 4254 scd

275 4294 684 4374 acerbissimum
706 4296 978 4361 sustinuit,
1007 4309 1127 4349 cum
1180 4309 1210 4348 a
1239 4293 1535 4364 gladiatore
1558 4292 1689 4347 inter
1714 4301 1880 4348 costas

273 4399 472 4462 puncta
489 4390 764 4446 exululavit
778 4390 897 4446 :cui
929 4398 1115 4460 postea
1136 4388 1379 4459 jugulum
1408 4386 1657 4457 prmbens
1680 4385 1750 4441 de
1763 4384 1880 4441 dia-

273 4486 403 4541 bolo
444 4486 815 4556 triumphavit,
853 4485 942 4556 qui
985 4498 1104 4540 eam
1149 4482 1322 4539 fuerat
1359 4479 1671 4552 gladiatoris
1713 4493 1878 4550 opera

1982 3260 2264 3331 respondit
2288 3272 2544 3329 eventus;
2576 3275 2632 3319 ut
2661 3266 2805 3321 enim
2838 3268 3106 3337 passionis
3145 3277 3336 3325 auctor
3363 3268 3590 3340 subjun-

1982 3352 2059 3422 git
2091 3374 2106 3409 :
2146 3372 2164 3407 ι
2209 3355 2405 3413 Statim
2449 3357 2502 3414 in
2557 3357 2662 3415 ﬁne
2695 3360 2986 3430 spectaculi
3026 3360 3285 3433 leopardo
3322 3362 3587 3434 obiectus,

1982 3445 2051 3503 de
2077 3464 2184 3504 uno
2206 3466 2389 3508 morsu
2413 3452 2530 3524 ejus
2557 3461 2705 3509 tanto
2729 3453 2977 3525 perfusus
2997 3468 3081 3513 est
3105 3459 3386 3529 sanguine,
3418 3469 3474 3515 ut
3495 3474 3591 3527 po-

1982 3537 2144 3607 pulus
2173 3546 2463 3599 revertenti
2493 3544 2570 3599 illi
2599 3544 2819 3602 secundi
2860 3545 3196 3619 baptismatis
3226 3546 3588 3607 testimonium

1980 3632 2358 3692 reclamaverit
2398 3636 2654 3694 :Salvum
2677 3639 2845 3694 lotum
2876 3640 2890 3694 l
2940 3640 3150 3698 salvum
3174 3641 3384 3700 lotum!
3423 3643 3589 3698 Plane

1983 3724 2167 3796 utique
2194 3729 2375 3785 salvus
2400 3739 2539 3794 erat,
2570 3733 2662 3802 qui
2700 3731 2804 3789 hoc
2832 3734 3140 3803 spectacqu
3170 3734 3514 3802 inclaruerat.
3564 3755 3583 3789 ι

1983 3817 2089 3874 Sed
2118 3829 2174 3874 et
2202 3820 2453 3889 quamvis
2484 3822 2619 3878 nihil
2649 3823 2738 3880 hic
2770 3824 3143 3895 propheticum
3176 3825 3589 3894 intervenisset;

1982 3910 2105 3984 quis
2132 3919 2311 3968 tamen
2340 3912 2407 3969 ad
2436 3914 2625 3973 miram
2657 3916 2804 3971 illam
2835 3930 2960 3987 erga
2998 3928 3285 3989 martyres,
3318 3927 3372 3975 et
3399 3919 3465 3974 ad
3492 3934 3588 3976 eo-

1982 4023 2101 4064 rum
2135 4016 2255 4063 vota
2288 4009 2629 4080 suscipienda
2662 4011 2756 4068 Dei
2786 4012 3180 4085 providentiam
3212 4016 3450 4073 animum
3491 4017 3579 4073 ad-

1983 4110 2222 4167 vertens,
2266 4118 2375 4158 non
2421 4105 2603 4159 statim
2637 4105 2885 4177 intelligit
2913 4122 3072 4178 quam
3120 4109 3231 4165 Deo
3259 4109 3451 4179 placita
3479 4109 3590 4167 fue-

1981 4192 2054 4249 rit
2095 4208 2282 4250 eorum
2313 4194 2604 4263 confessio,
2632 4197 2876 4269 adeoque
2905 4209 2961 4256 et
2988 4216 3174 4256 eorum
3221 4202 3388 4260 ﬁdes?
3428 4204 3586 4268 Cum,

1982 4296 2042 4341 ut
2067 4287 2143 4342 ait
2171 4288 2484 4358 Apostolus,
2517 4290 2627 4344 sine
2648 4289 2752 4359 [ide
2784 4291 3097 4363 impossibile
3131 4295 3195 4349 sit
3226 4293 3427 4365 placere
3459 4294 3585 4349 Deo.

2054 4379 2120 4436 ll.
2167 4381 2262 4437 Est
2284 4392 2341 4439 et
2370 4383 2513 4440 aliud
2541 4385 2720 4457 magni
2750 4400 2881 4443 sane
2910 4386 3163 4456 ponderis
3188 4397 3586 4459 argumentum,

1981 4492 2047 4534 ex
2081 4492 2188 4548 quo
2230 4478 2507 4550 prophetis
2544 4480 2779 4535 maxima
2818 4480 3027 4537 accedit
3065 4481 3379 4545 auctoritas,
3425 4490 3481 4536 et
3521 4495 3587 4535 ex

270 4580 519 4635 adortus.
547 4579 696 4635 Nunc
732 4577 861 4634 illud
886 4593 1090 4649 qurere,
1119 4593 1186 4631 an
1222 4574 1515 4646 Basnagins
1546 4575 1707 4630 hasce
1731 4588 1881 4630 reve-
1904 4568 1960 4630 D
1986 4571 2265 4627 miraculis
2292 4571 2597 4642 conﬁcitur,
2630 4590 2751 4645 qua:
2777 4576 2859 4630 vel
2890 4591 2985 4646 per
3021 4575 3169 4647 ipsos
3205 4584 3299 4631 aut
3333 4589 3429 4646 pro
3461 4575 3591 4647 ipsis

273 4674 511 4729 lationes
558 4673 898 4743 Perpetuam,
941 4680 999 4728 ut
1043 4672 1096 4726 in
1140 4672 1286 4727 Actis
1324 4670 1540 4734 dicitur,
1580 4685 1742 4723 manu
1782 4682 1878 4724 sua

274 4766 567 4836 scripsisse
593 4765 874 4832 concedat,
901 4780 968 4819 an
999 4778 1219 4835 prorsus
1245 4761 1436 4834 neget?
1464 4761 1519 4817 Si
1532 4760 1675 4817 enim
1701 4776 1731 4815 a
1754 4760 1882 4816 Per-

274 4870 439 4931 petua
469 4860 698 4931 scriptas
729 4858 895 4915 fuisse
935 4873 1041 4914 non
1079 4857 1270 4923 credit,
1300 4872 1420 4926 quae
1453 4870 1615 4910 causa
1663 4864 1746 4909 est
1783 4869 1881 4910 cur

272 4968 387 5007 non
415 4953 469 5007 in
495 4964 769 5008 auctorem
814 4951 1101 5021 passionis,
1138 4948 1288 5004 velut
1328 4949 1378 5002 in
1418 4947 1795 5017 impostorem,
1829 4944 1881 5000 id

274 5061 440 5101 omne
462 5045 687 5116 rejiciat,
714 5045 857 5114 quod
886 5044 1007 5115 ejus
1026 5043 1262 5100 animum
1284 5039 1540 5097 offendit?
1562 5038 1681 5095 Non
1700 5048 1879 5094 autem

276 5148 497 5194 sanctos
524 5139 668 5208 ipsos
696 5148 961 5211 martyres
986 5138 1054 5192 ob
1079 5152 1163 5205 ea,
1192 5151 1314 5207 qua:
1352 5134 1460 5189 illis
1489 5133 1660 5189 aliena
1694 5132 1881 5189 fraude

278 5232 477 5287 tributa
523 5242 669 5298 sunt,
700 5230 1033 5289 criminetur.
1078 5229 1137 5287 Si
1161 5237 1341 5286 autem
1370 5228 1727 5285 revelationes
1755 5242 1882 5283 suas

280 5325 602 5397 Perpetuam
633 5327 687 5383 in
718 5326 923 5382 litteras
952 5326 1164 5383 misisse
1194 5323 1483 5392 concedit;
1514 5338 1634 5380 cum
1665 5338 1756 5379 eas
1789 5337 1878 5380 re-

281 5518 432 5584 ξλέους
460 5517 581 5584 Θεεῢ
602 5526 615 5540 ⁹
651 5515 788 5584 [καὶ
816 5519 971 5568 ταῦτα.
998 5515 1045 5566 δὲ
1071 5519 1120 5567 ὰ
1143 5521 1225 5568 τοῦ
1253 5515 1468 5584 δευτέρου
1494 5518 1879 5582 συγγράμματος.

280 5582 400 5637 Lib.
436 5597 470 5635 v
507 5581 641 5637 Hist.
673 5582 894 5645 Eccles,
926 5599 1045 5653 cap.
1080 5584 1168 5639 l6.

350 5653 434 5725 (1)
473 5658 765 5718 mactanda;
791 5661 1097 5720 ἀπθστοὶικός
1133 5667 1213 5710 καὶ
1257 5665 1638 5729 «pasam-tria...
1677 5665 1767 5710 πᾶν
1790 5664 1876 5730 γὰρ

277 5732 413 5797 ῥῆμα
436 5732 461 5779 ὃ
481 5732 783 5798 εξοῳῆκενγεκ
808 5735 891 5785 τοῦ
913 5738 1146 5796 crepare:
1171 5732 1338 5792 αὖτοῦ,
1386 5732 1473 5783 καὶ
1494 5735 1763 5789 ἐτελειώθη.
1796 5733 1879 5784 καὶ

277 5804 660 5859 τιλειωθγζσιται.
692 5797 866 5871 Epist.
924 5799 1146 5871 Encycl.
1184 5801 1252 5856 de
1280 5800 1557 5872 Polycarpi
1586 5802 1863 5873 martyrio.

1987 4664 2101 4736 ipsa
2136 4680 2230 4737 per
2270 4681 2331 4723 se
2368 4666 2549 4723 divina
2587 4668 2974 4740 omnipotentia
3017 4667 3424 4725 demonstravit.
3464 4668 3592 4724 Haec

1982 4767 2185 4825 autem,
2231 4759 2425 4830 quibus
2463 4760 2605 4815 nulla
2650 4770 2777 4817 sunt
2820 4769 3114 4834 martyrum
3161 4762 3291 4816 Acta
3320 4777 3440 4831 qua:
3482 4776 3588 4817 non

1983 4848 2280 4919 abundent,
2315 4853 2517 4909 nostris
2541 4868 2760 4925 quoque
2790 4853 3116 4925 martyribus
3147 4867 3252 4907 non
3283 4853 3588 4920 defuerunt,

1988 4952 2043 5000 ut
2073 4945 2155 5001 vel
2184 4961 2251 5003 ex
2280 4946 2440 5002 modo
2470 4948 2629 5017 dictis
2650 4948 2762 5019 jam
2792 4957 3025 5004 constat.
3057 4946 3171 5003 Non
3208 4947 3352 5004 enim
3389 4948 3592 5019 absque

1985 5040 2248 5096 miraculo
2278 5042 2476 5127 factqn
2507 5054 2610 5108 est,
2645 5052 2703 5098 ut
2726 5058 2858 5114 aper
2897 5043 2949 5097 in
2992 5041 3245 5099 Saturum
3296 5043 3588 5107 immissus,

1985 5132 2039 5188 in
2071 5135 2242 5205 ipsum
2271 5135 2451 5205 potius
2466 5144 2779 5191 venatorem
2807 5135 2913 5190 iras
2930 5145 2986 5190 et
3013 5135 3272 5207 impetum
3303 5145 3537 5191 verteret
3573 5151 3587 5187 :

1986 5237 2041 5282 et
2078 5226 2220 5298 quod
2252 5241 2411 5282 ursus
2441 5226 2494 5281 iu
2522 5226 2770 5283 eumdem
2800 5227 3053 5283 incitatus
3078 5227 3147 5283 de
3174 5242 3334 5283 cavea
3373 5225 3599 5303 prodire

1985 5324 2242 5380 noluerit.
2285 5324 2353 5379 Et
2385 5332 2471 5379 cst
2509 5323 2594 5379 hic
2638 5325 2838 5390 minus,
2867 5338 3025 5394 quam
3066 5322 3155 5379 ubi
3185 5323 3254 5380 de
3293 5320 3591 5378 visionibus

1985 5427 2166 5489 agunt,
2193 5417 2263 5474 de
2286 5418 2543 5473 Actorum
2574 5415 2680 5472 ﬁde
2705 5416 3078 5483 dubitandum,
3108 5431 3230 5473 cum
3262 5432 3350 5473 res
3376 5418 3428 5472 in
3459 5433 3587 5488 pro-

1985 5512 2166 5582 patulo
2196 5520 2250 5567 et
2276 5511 2328 5566 in
2360 5510 2535 5565 medio
2565 5509 2960 5581 amphitheatro
2975 5521 3151 5581 gestas
3170 5509 3428 5571 referant,
3457 5523 3589 5580 quas

1984 5622 2145 5663 nemo
2182 5607 2396 5662 illorum
2426 5613 2729 5675 temporum
2770 5605 3022 5676 scriptor,
3066 5604 3145 5661 vel
3187 5601 3586 5674 impudentissi-

1985 5717 2104 5758 mus
2130 5703 2440 5772 conﬁngere
2468 5714 2630 5756 ausus
2656 5699 2865 5757 fuisset.
2885 5700 2982 5756 Est
3009 5710 3065 5757 et
3091 5698 3218 5754 illud
3249 5698 3392 5753 inter
3418 5695 3583 5751 mira-

1982 5798 2099 5855 cula
2118 5794 2559 5867 computandum,
2578 5792 3113 5868 quod_a_ferocissima
3137 5805 3295 5847 vacca
3317 5790 3581 5859 Perpetua
