3988 6310
430 232 541 305 iss

1589 242 2051 305 MSSERTa'l‘lU
2084 243 2563 305 APOLOGETICA

3652 246 3749 311 156

433 376 559 419 cum
583 361 886 428 vexaretur,
917 360 1053 418 adeo
1084 361 1137 420 in
1164 364 1359 420 esstasi
1401 363 1578 431 fuerit,
1608 375 1665 419 ut
1693 366 1895 422 nullum
1935 366 2031 419 do-
2064 366 2110 428 Α
2142 366 2312 422 sancti
2340 365 2587 438 Martyris
2612 363 2796 421 verbis
2818 363 2935 421 hrrc
2960 362 3143 436 adjicit
3193 361 3461 421 Actorum
3491 368 3744 438 compila-

438 456 570 512 lori-s
631 470 851 512 suasum
905 466 1129 528 experta
1184 460 1272 512 sit.
1334 457 1487 515 Unde
1546 459 1686 530 quod
1740 461 1851 531 jam
1908 474 2036 516 ere-

440 561 627 613 nerat,
697 571 719 603 ε
750 569 861 605 non
907 553 1053 620 prius
1100 553 1360 617 credidit,
1404 553 1502 607 nisi
1562 553 1820 625 quaedam
1886 562 2041 608 notas

440 644 741 699 vexationis
768 645 821 698 in
854 659 1079 713 corpore
1114 656 1166 699 et
1208 644 1390 699 habitu
1430 660 1528 700 suo
1558 646 1975 719 recognovisset.
2017 666 2037 700 ι

439 740 539 795 Est
578 748 635 794 et
674 741 778 796 hoc
821 741 992 809 palam
1048 750 1100 795 et
1132 741 1182 795 in
1216 742 1388 796 media
1419 758 1580 797 arena
1626 751 1680 796 el
1706 743 2044 813 stupentibus

443 835 694 890 omnibus
716 844 948 905 gestum.
973 834 1152 902 Neque
1183 850 1273 891 res
1312 846 1418 889 tam
1450 838 1605 901 mira,
1637 853 1703 891 ne
1734 836 1869 892 forte
1897 837 2043 892 illam

446 926 741 995 Basnagius
771 928 823 980 in
853 926 1197 982 Muntanismi
1221 929 1582 997 ςιιεειῑρὶιιηοιιι
1616 929 1812 993 trahat,
1846 930 1898 983 in
1925 930 2045 986 aliis

446 1020 771 1091 martyribus
792 1020 857 1074 ab
880 1021 1023 1074 omni
1049 1019 1101 1075 id
1126 1036 1293 1091 genus
1310 1022 1615 1093 suspicione
1637 1022 1839 1085 liberis,
1863 1038 2042 1077 exem-

442 1113 533 1185 plo
564 1124 738 1169 vacat.
771 1111 1030 1169 Geminus
1081 1117 1302 1170 omnino
1331 1127 1415 1171 est
1454 1116 1577 1171 huic
1617 1118 1871 1172 Actorum
1918 1132 2046 1172 nos-

446 1217 653 1261 trorum
675 1207 795 1262 loco
821 1207 958 1262 alter
978 1206 1046 1263 de
1074 1209 1227 1264 beata
1253 1209 1509 1264 Blandina
1542 1212 1594 1264 in
1626 1210 1866 1276 Epistula
1898 1210 2043 1282 Lug-

448 1300 793 1367 dunensium,
819 1298 912 1356 ubi
945 1310 1165 1357 narrant
1221 1303 1489 1373 quomodo
1526 1312 1583 1360 et
1611 1304 1722 1374 ipsa
1763 1303 1842 1380 (l)
1867 1320 1886 1357 ι
1916 1306 2045 1361 reti-

445 1392 568 1446 culo
592 1393 816 1460 inclusa,
846 1398 997 1447 tauro
1015 1395 1221 1464 objecta
1239 1404 1316 1451 est
1338 1411 1398 1451 :a
1426 1412 1531 1469 quo
1559 1396 1649 1452 diu
1678 1398 1729 1453 in
1752 1398 2045 1468 altumjae-

439 1493 544 1540 tata
556 1530 569 1552 ,
586 1486 1038 1557 nibiljameornm
1057 1504 1177 1558 qua:
1193 1488 1407 1555 ﬁebant,
1425 1489 1636 1560 penitus
1653 1492 1913 1555 sentiens,
1935 1501 2043 1546 tum

440 1579 512 1634 oh
538 1586 691 1649 spem
715 1582 768 1635 et
787 1582 1328 1652 comprehensionem
1346 1597 1535 1639 eorum
1556 1600 1674 1656 quae
1688 1583 1938 1640 credebat
1959 1584 2046 1639 bo-

441 1688 658 1738 norum,
694 1678 807 1726 tum
847 1675 918 1729 ob
958 1672 1273 1729 familiarem
1316 1684 1685 1746 congressum,
1731 1680 1892 1746 quem
1920 1690 2043 1730 cum

2145 468 2266 513 tor:
2300 477 2319 509 ‹
2344 456 2391 513 0
2416 458 2583 513 verba
2612 459 2861 530 martyris
2910 468 3201 528 martyrem
3240 458 3620 515 ceborlantis!
3650 461 3749 517 Ne-

2144 552 2289 618 gavit
2314 565 2436 606 esse
2468 549 2519 604 in
2561 549 2827 620 passionis
2876 549 2983 605 ictu
3032 549 3278 604 dolorem
3309 559 3373 605 nt
3417 550 3515 623 qui
3560 562 3614 607 et
3647 554 3751 623 ipse

2146 641 2378 698 habebat
2407 640 2602 705 occidi,
2634 640 2862 698 animari
2878 642 3209 697 constantius
3238 654 3457 714 posset,
3486 644 3631 715 quod
3660 662 3751 704 nec

2150 748 2371 802 parvum
2409 748 2629 789 sensum
2657 734 2863 789 doloris
2901 734 2954 790 in
2998 735 3265 804 passionis
3314 736 3432 790 ictu
3465 736 3696 794 timeret.
3731 761 3748 793 ι

2150 826 2209 881 1η
2239 826 2379 881 ctelo
2406 826 2688 896 Perpetua)
2736 840 2843 881 non
2897 826 3074 881 uitans
3118 836 3277 898 quam
3306 828 3573 899 Cypriani
3605 829 3755 888 fuisse

2150 922 2407 987 aninunu,
2449 935 2572 975 cum
2600 921 2788 975 bestiis
2809 920 3039 990 abiecta,
3064 930 3123 976 et
3153 921 3221 973 ab
3240 921 3324 975 eis
3354 930 3579 987 vexata,
3618 924 3755 980 nullo

2149 1013 2349 1068 doloris
2379 1028 2543 1068 sensu
2571 1013 2758 1068 affecta
2793 1024 2895 1079 est,
2924 1023 3141 1069 sanctus
3171 1014 3519 1085 Augustinum
3559 1016 3661 1070 sibi
3685 1017 3756 1072 la-

2150 1106 2256 1161 cile
2283 1106 2565 1173 persuasit,
2599 1107 2693 1176 qui
2739 1106 2879 1160 hanc
2905 1110 3167 1170 Actorum
3204 1108 3391 1162 locum
3446 1108 3536 1163 bis
3581 1110 3751 1165 verbis

2150 1199 2385 1255 illustrat
2414 1197 2491 1271 ll)
2524 1218 2539 1252 :
2574 1216 2591 1249 ι
2631 1198 2731 1255 Ubi
2760 1207 2876 1254 erat
2906 1199 2995 1254 illa
3047 1200 3263 1265 femina,
3310 1200 3541 1270 quando
3580 1200 3647 1256 ad
3681 1216 3758 1257 as-

2151 1292 2437 1361 perrimam
2463 1304 2674 1345 vacuant
2700 1305 2760 1346 se
2787 1306 3027 1362 pugnare
3054 1307 3159 1346 non
3201 1291 3401 1355 sensit.
3455 1301 3513 1348 et
3553 1294 3757 1363 quando

2149 1384 2382 1439 futurmn
2410 1392 2554 1438 esset
2576 1385 2723 1454 quod
2746 1387 2859 1455 jam
2891 1383 3085 1446 fuerat.
3118 1384 3403 1456 inquisivit
3421 1384 3455 1439 ι
3479 1384 3587 1441 Ubi
3614 1388 3753 1443 erat!
3784 1420 3789 1425 -

2148 1477 2284 1546 Quid
2316 1477 2505 1533 videns
2541 1478 2647 1533 ista
2674 1492 2783 1534 non
2814 1478 3060 1536 viderat?
3111 1477 3231 1549 Quo
3268 1477 3470 1535 fruens
3523 1480 3624 1535 ista
3667 1495 3759 1535 non

2150 1571 2435 1627 senserat?
2471 1586 2580 1642 quo
2608 1578 2795 1627 arnore
2821 1572 3075 1637 ulteriora,
3117 1584 3229 1644 quo
3265 1572 3595 1645 speet-cuto
3638 1586 3758 1630 avo-

2150 1677 2289 1730 Cttta,
2322 1682 2435 1736 quo
2449 1666 2645 1736 poenio
2672 1666 2959 1732 iuebriata,
2992 1668 3176 1731 ete.,?
3214 1685 3237 1720 ι

441 1764 658 1822 Christo
682 1766 734 1821 lu
770 1768 1013 1823 oratione
1052 1766 1309 1836 habebat,
1353 1768 1566 1825 tandem
1594 1779 1645 1826 et
1679 1771 1791 1840 ipsa
1814 1771 2044 1826 victima
2075 1776 2122 1838 Β
2222 1760 2367 1817 inter
2392 1761 2645 1817 Μίνδιωῆ
2682 1763 2841 1818 etiam
2876 1762 3060 1818 Murri
3107 1760 3277 1819 debet
3316 1763 3648 1820 immaturus
3673 1763 3759 1821 Fe-

442 1860 860 1931 instarjugulata
880 1871 982 1919 est.
999 1863 1251 1934 Adempti
1263 1866 1424 1921 etiam
1446 1866 1496 1920 in
1519 1866 1691 1936 [)(Bllls
1706 1864 1911 1922 doloris
1928 1881 2049 1921 sen~

444 1968 537 2008 sus
568 1953 781 2025 insigne
800 1954 1062 2012 habemus
1112 1956 1416 2028 exemphmi
1467 1958 1519 2012 in
1557 1957 1744 2014 eadem
1765 1958 2047 2043 Blandina,

444 2063 585 2119 quae,
619 2056 676 2103 ut
720 2060 802 2105 est
853 2051 906 2105 in
956 2050 1164 2107 laudata
1200 2052 1425 2121 epistola
1473 2050 1913 2125 Lugdunensium
1945 2051 2047 2126 (2),

452 2158 473 2192 s
507 2139 683 2195 lnstar
703 2142 954 2212 generosi
998 2144 1277 2213 cujusdam
1319 2144 1557 2210 athletae,
1595 2146 1648 2200 in
1698 2146 1812 2216 ipsa
1839 2142 2050 2201 confes-

445 2232 599 2288 sione
628 2234 773 2288 vires
803 2244 964 2304 atque
1004 2236 1213 2292 animos
1243 2237 1570 2293 resumebat.
1604 2237 1843 2306 Eratque
1883 2238 1931 2294 ei
1962 2251 2051 2293 re-

449 2325 608 2381 fectio
632 2333 687 2381 et
706 2328 877 2398 quies,
907 2336 1233 2401 sensumque
1262 2345 1478 2385 omnem
1526 2334 1806 2401 prmsentis
1850 2328 2054 2385 doloris

445 2418 714 2475 adimebat
742 2419 970 2490 prolatio
998 2422 1189 2477 horum
1226 2421 1551 2478 verborum:
1585 2422 1889 2479 Christiana
1911 2438 2050 2492 sum,

445 2522 501 2568 et
534 2513 664 2568 nihil
692 2514 830 2584 apud
863 2528 961 2569 nos
993 2516 1115 2570 mali
1132 2517 1356 2586 geritur.
1395 2535 1414 2569 ι
1447 2516 1562 2572 Non
1614 2519 1791 2573 minus
1845 2519 2056 2588 insigne

446 2605 579 2661 illud
610 2606 751 2677 quod
777 2607 848 2662 de
866 2606 1152 2663 Theodoro
1188 2609 1241 2664 in
1268 2610 1650 2665 ecclesiasticis
1699 2610 1942 2667 historiis
1972 2610 2054 2684 (3)

450 2701 730 2755 memoriae
758 2700 1028 2769 proditum
1061 2710 1163 2757 cst.
1193 2700 1352 2758 Jussu
1375 2703 1518 2758 enim
1540 2702 1759 2758 Salustii
1804 2705 2057 2776 prattorio

452 2795 556 2850 sub
583 2794 800 2851 Juliano
838 2796 1099 2867 praefecti.
1126 2796 1215 2852 diu
1243 2807 1295 2853 et
1326 2796 1697 2853 crudelissime
1722 2807 1915 2866 tortus,
1935 2799 2057 2854 laeto

450 2888 591 2943 inter
616 2896 881 2942 tormenta
910 2894 966 2944 et
993 2900 1184 2943 sereno
1227 2886 1376 2943 vultu
1420 2888 1567 2943 illum
1594 2888 1783 2958 psalmi
1821 2888 2055 2944 versicu-

455 2982 565 3036 lum
598 2981 892 3038 iterabat:
926 2996 947 3034 ι
982 2979 1394 3037 Confttndanlur
1423 2996 1637 3050 omnes,
1694 2983 1785 3053 qui
1833 2982 2059 3038 adorant

451 3075 744 3146 sculptilia,
771 3086 826 3131 et
847 3072 939 3145 qui
963 3076 1304 3132 conliduntiu
1326 3076 1627 3134 simulacris
1654 3077 1783 3134 suis.
1808 3090 1827 3131 ι
1856 3096 1876 3130 ι
1906 3077 2058 3134 Hunc

2156 1855 2373 1911 licitatis
2427 1864 2628 1925 partus.
2679 1856 2933 1924 Quamvis
2992 1857 3147 1913 enim
3190 1856 3454 1912 feminam
3523 1858 3759 1914 acerbum

2157 1951 2345 2008 laetum
2360 1954 2628 2011 emittere.
2661 1953 2982 2010 miraculum
3004 1954 3253 2009 absolute
3278 1968 3397 2008 non
3423 1954 3526 2021 sit;
3549 1954 3757 2009 cireum-

2156 2047 2366 2102 stantize
2420 2056 2601 2103 tamen
2643 2064 2763 2104 cum
2821 2050 3019 2120 ιπιιῖιιιις
3069 2047 3375 2105 Felicitatis
3423 2057 3609 2121 partus
3648 2062 3759 2104 con-

2152 2139 2375 2212 junctus
2409 2142 2526 2205 fuit,
2568 2145 2740 2213 ipsum
2786 2158 2852 2200 ex
2897 2144 3117 2216 speciali
3160 2143 3257 2200 Dei
3300 2144 3666 2215 providentia,
3712 2154 3756 2199 et

2158 2246 2266 2291 non
2293 2236 2592 2293 secundum
2621 2248 2937 2295 communes
2961 2248 3018 2295 et
3059 2238 3368 2295 orditiarias
3406 2240 3756 2309 naturaslcges

2158 2332 2428 2388 exstitisse
2469 2333 2627 2401 plane
2659 2333 2905 2390 suadent.
2942 2333 3073 2388 Nam
3101 2335 3285 2390 statim
3318 2342 3445 2403 post
3478 2334 3752 2389 orationem

2158 2437 2318 2493 quam
2341 2434 2604 2498 martyres
2633 2425 2700 2480 ad
2734 2425 2902 2482 Deum
2929 2426 3175 2482 fuderant
3203 2432 3263 2480 ut
3306 2435 3528 2497 partum
3569 2423 3753 2481 accele-

2160 2523 2326 2579 raret,
2366 2532 2387 2567 ‹
2421 2516 2634 2573 dolores
2660 2533 2777 2572 eam
2808 2517 3138 2573 invaserunt.
3179 2536 3199 2569 ι
3233 2518 3352 2584 Qua
3378 2517 3449 2574 de
3482 2533 3544 2573 re
3558 2515 3755 2572 audien-

2160 2607 2261 2663 dus
2292 2609 2541 2666 laudatus
2561 2611 2701 2667 idem
2724 2622 2945 2668 sanctus
2969 2613 3300 2682 Augustinus
3318 2613 3405 2687 (Ξ)
3435 2632 3451 2667 :
3487 2632 3510 2665 ι
3546 2612 3753 2683 Denique

2158 2696 2342 2753 editus
2392 2709 2476 2754 est
2506 2707 2691 2769 partus
2737 2700 3025 2755 immaturo
3046 2714 3232 2755 mense
3286 2709 3558 2755 maturus.
3590 2703 3752 2754 Actum

2161 2801 2245 2844 est
2291 2790 2435 2844 etum
2489 2789 2769 2856 divinitus,
2803 2798 2861 2845 ut
2908 2805 3019 2845 non
3044 2802 3144 2846 suo
3193 2802 3445 2863 tempore
3474 2806 3613 2846 onus
3653 2797 3752 2844 nte-

2137 2880 2207 2963 ,τί
2235 2889 2541 2949 poneretur,
2573 2881 2641 2938 fle
2674 2898 2775 2938 suo
2814 2893 3054 2953 tempore
3085 2882 3259 2938 honor
3305 2884 3555 2956 martyrii
3598 2881 3754 2938 ditior-

2163 2980 2333 3027 retnr.
2364 2977 2557 3029 Actum
2587 2980 2694 3041 est,
2729 2976 2972 3045 inquam,
2996 2975 3280 3040 divinitus,
3324 2986 3388 3031 ut
3427 2974 3660 3031 indubito
3680 2973 3753 3027 die

2160 3062 2325 3121 fatus
2352 3066 2602 3121 ederetur
2645 3067 2773 3122 dum
2839 3076 3017 3124 tamen
3072 3077 3223 3123 tanto
3268 3067 3557 3124 comitatui
3598 3064 3751 3121 debita

451 3170 817 3239 Theodorum,
850 3190 870 3224 ι
903 3172 1072 3242 inquit
1100 3172 1345 3240 Ruﬁnus,
1386 3191 1407 3225 ι
1443 3173 1544 3243 ipsi
1574 3176 1672 3228 nos
1713 3173 2054 3243 postmodum

2162 3155 2416 3214 Felicitas
2438 3159 2770 3223 redderetur,
2794 3171 2899 3215 etc.
2938 3179 2957 3212 ι

452 3265 593 3337 apud
611 3265 954 3322 Antiochiam
994 3267 1247 3333 vidimus,
1291 3276 1343 3323 et
1375 3282 1498 3323 cum
1542 3267 1945 3338 requireremns
1987 3268 2055 3324 ab

451 3373 518 3415 eo
554 3359 600 3414 si
631 3374 848 3415 sensum
876 3359 1079 3415 doloris
1126 3359 1420 3425 habuisset,
1452 3374 1519 3415 ex
1566 3360 1775 3431 integro
1797 3360 2049 3417 dicebat:

452 3451 672 3507 dolores
709 3464 772 3506 se
799 3451 1015 3521 quidem
1044 3467 1231 3522 parum
1269 3454 1535 3516 sensisse;
1570 3453 1843 3509 adstitisse
1876 3464 2055 3509 autem

456 3542 745 3612 quemdam
769 3543 1043 3612 juvenem,
1071 3544 1160 3613 qui
1201 3545 1417 3598 sudanti
1447 3544 1547 3598 sibi
1577 3544 1745 3600 linteo
1782 3530 2057 3601 candidis-

453 3635 595 3689 simo
623 3644 677 3690 et
715 3636 945 3692 sudores
983 3643 1315 3705 extergeret,
1351 3644 1406 3692 et
1439 3652 1634 3705 aquam
1680 3636 1923 3707 frigidam
1958 3637 2061 3692 fre~

455 3737 687 3797 quenter
717 3728 1065 3784 infnnderet:
1113 3736 1168 3783 et
1195 3730 1263 3783 ita
1292 3743 1415 3784 esse
1468 3729 1793 3785 delectatum
1834 3738 1890 3784 ut
1939 3740 2061 3784 tunc

454 3820 702 3875 maestior
728 3819 898 3876 factus
934 3821 1005 3875 sit
1031 3819 1248 3890 quando
1272 3821 1469 3890 deponi
1500 3820 1568 3876 de
1611 3820 1843 3890 equuleo
1879 3821 2061 3889 jussus

453 3921 557 3968 est.
599 3933 617 3965 ι
657 3913 894 3985 Denique
923 3924 1141 3970 sanetns
1166 3914 1478 3976 Fiat-ianus,
1519 3916 1676 3983 cujus
1705 3928 1864 3986 supra
1906 3930 2056 3969 men-

454 4007 532 4061 tio
563 4021 669 4062 non
693 4007 862 4062 seniel
893 4006 1028 4062 facta
1053 4015 1156 4073 est,
1191 4007 1329 4063 hanc
1359 4005 1475 4077 ipse
1495 4020 1647 4061 suam
1678 4006 2060 4062 revelationem

458 4109 644 4156 narrat
686 4098 813 4174 (4):
875 4120 895 4154 ι
930 4101 1064 4158 Cum
1097 4102 1273 4158 adhuc
1322 4104 1609 4172 episcOpus
1673 4112 1855 4158 noster
1916 4101 2064 4155 Solus

458 4208 649 4265 passus
676 4193 885 4261 fuisset,
913 4203 1188 4252 ostensum
1211 4204 1294 4250 est
1319 4194 1448 4250 mihi
1490 4195 1615 4260 hoc,
1657 4195 1808 4266 quasi
1837 4193 2062 4267 Cypria-

462 4301 587 4340 mnn
643 4288 817 4358 ipsmn
883 4287 1293 4359 interrogarem,
1350 4303 1415 4342 an
1468 4287 1577 4357 pati
1634 4286 1773 4341 ictus
1821 4285 2062 4353 doleret;

459 4378 667 4435 scilicet
693 4388 900 4452 martyr
939 4379 1172 4448 futurus,
1215 4380 1283 4435 de
1316 4379 1582 4451 passionis
1607 4378 1890 4433 tolerantia
1927 4391 2061 4433 con-

458 4472 723 4541 sulebam,
754 4475 844 4546 qui
876 4474 1007 4529 mihi
1034 4474 1329 4544 respondit.
1359 4482 1414 4527 et
1451 4471 1616 4527 dixit:
1650 4473 1763 4527 Alia
1806 4485 1933 4525 caro
1966 4480 2060 4540 pa-

2239 3251 2483 3323 Denique
2520 3253 2641 3309 sine
2681 3255 2944 3309 miraculo
2992 3253 3191 3311 factum
3238 3269 3354 3310 non
3396 3268 3521 3310 esse
3547 3252 3749 3313 videtur,

2162 3352 2223 3399 ut
2254 3359 2376 3399 cum
2407 3354 2581 3415 pater,
2614 3345 2751 3401 ultra
2782 3347 3000 3402 modum
3034 3347 3221 3413 iratus,
3272 3346 3537 3405 infantem
3580 3346 3753 3414 Perpe

2162 3447 2268 3494 tua:
2298 3438 2526 3493 reddere
2554 3439 2837 3505 noluisset,
2871 3451 2930 3494 ut
2957 3440 3101 3510 apud
3129 3440 3297 3505 illam,
3333 3441 3475 3497 sicut
3505 3449 3675 3501 antea,
3711 3436 3751 3489 in

2162 3546 2386 3588 carcere
2428 3545 2793 3603 permaneret,
2821 3541 2878 3590 et
2903 3535 2973 3588 ab
3011 3549 3075 3591 ea
3122 3535 3440 3603 laetaretur,
3472 3536 3644 3591 nullos
3676 3540 3751 3584 aut

2164 3641 2229 3683 ex
2261 3626 2417 3684 lactis
2477 3629 2845 3686 subtractione
2888 3644 3134 3700 puerum,
3176 3638 3272 3686 aut
3321 3647 3390 3687 ex
3424 3639 3748 3686 mammarum

2164 3721 2384 3778 fervore
2437 3734 2664 3781 matrem
2700 3725 2853 3780 dolor
2874 3725 3152 3781 invaderet
3185 3742 3245 3779 τι
3281 3725 3437 3781 Tunc
3478 3724 3599 3796 quia
3641 3736 3748 3776 con-

2165 3827 2416 3872 sueverat
2457 3834 2486 3873 a
2544 3834 2632 3875 me
2678 3820 2854 3876 infans
2907 3835 3169 3876 mammas
3209 3820 3459 3890 accipere
3486 3828 3542 3875 et
3565 3829 3747 3874 mecum

2167 3911 2219 3965 in
2243 3924 2462 3967 carcere
2489 3902 2755 3980 manere;
2784 3916 2964 3968 statim
3002 3915 3155 3968 mitto
3185 3914 3250 3968 ad
3299 3923 3506 3985 putrem
3548 3913 3750 3977 Pompu-

2168 4006 2318 4061 nium
2351 4007 2668 4075 Diacouum,
2704 4008 2982 4078 postulans
3010 4006 3304 4073 infantem;
3337 4010 3434 4064 sed
3468 4015 3615 4077 pater
3638 4004 3747 4057 dare

2166 4102 2359 4166 noluit,
2385 4112 2440 4157 et
2492 4101 2763 4172 quomodo
2803 4104 2939 4158 Deus
2967 4103 3155 4163 voluit,
3193 4118 3367 4172 neque
3409 4102 3501 4157 ille
3538 4097 3743 4169 amplius

2168 4207 2429 4249 mammas
2453 4193 2812 4258 desideravit;
2858 4209 3031 4265 neque
3055 4194 3187 4249 mihi
3215 4192 3485 4251 fervorem
3510 4192 3744 4249 fecerunt.

2168 4302 2238 4342 ne
2261 4286 2624 4340 sollicitudine
2655 4286 2888 4351 infantis,
2921 4296 2973 4341 et
2990 4286 3178 4341 dolore
3204 4300 3560 4342 mammarum
3583 4291 3741 4337 mace-

2168 4392 2338 4435 rarer.
2377 4396 2397 4430 ι
2430 4379 2723 4451 Ωιιίηξεειιιθ
2755 4380 2934 4433 omnia
2964 4381 3007 4432 si
3037 4380 3159 4449 quis
3184 4393 3282 4449 pro
3316 4378 3465 4432 veris
3504 4368 3747 4431 miraculis

2171 4475 2371 4531 habere
2399 4475 2562 4539 nolit;
2597 4474 2725 4529 illud
2757 4475 2945 4529 saltem
2984 4474 3217 4529 fateatur
3255 4486 3478 4530 necesse
3513 4476 3612 4534 est,
3638 4477 3743 4534 spe-

459 4565 605 4627 titur,
639 4578 761 4621 cum
804 4568 1014 4623 animus
1054 4568 1109 4622 in
1152 4567 1291 4622 cmlo
1325 4576 1429 4622 est.
1477 4566 1820 4638 Nequaquam
1868 4577 2066 4636 corpus
2093 4582 2146 4646 Ι)
2173 4571 2361 4626 eialem
2392 4570 2516 4625 hinc
2544 4569 2753 4625 ostendi
2776 4568 2976 4625 divinze
3008 4568 3265 4624 bonitatis
3302 4582 3429 4637 erga
3467 4576 3590 4620 suos
3626 4571 3745 4614 mar-

463 4658 568 4713 hoc
599 4660 783 4727 sentit,
833 4675 954 4715 cum
995 4674 1056 4716 se
1103 4660 1213 4716 Deo
1253 4669 1359 4716 tota
1414 4675 1564 4716 mens
1590 4660 1826 4715 devovit.
1866 4657 2070 4726 Quibus

544 4818 627 4892 (1)
666 4827 939 4890 Τοῦσχατον
967 4826 1034 4883 εἰς
1060 4827 1289 4894 ’λὺργκθιν
1312 4826 1548 4893 βληθεῖσα
1572 4827 1728 4889 etiam)
1756 4825 2025 4888 rupta-1'07;
2045 4834 2066 4861 ι’

468 4895 556 4947 καὶ
599 4899 764 4954 ἱκανῶς
801 4896 1091 4955 ἀναϐηθεισι
1130 4900 1240 4967 πρὸς
1269 4902 1351 4951 τοῦ
1388 4902 1530 4958 ζώω).
1578 4903 1648 4960 μή
1671 4896 1719 4943 δὲ
1746 4896 1966 4953 αἴσθησιν
1996 4897 2067 4944 ἔτι

468 4981 563 5020 τῶν
606 4968 952 5032 συμϐαινόντων
1008 4966 1185 5036 ἔχουσά.
1226 4971 1306 5021 διὰ
1346 4980 1433 5028 τήν
1478 4968 1648 5019 ἐλπίδα
1673 4966 1754 5015 καὶ
1780 4967 1962 5027 ituris
1982 4976 2070 5016 τῶν

464 5047 867 5113 πετςιστεγμέγων,
899 5048 977 5091 καὶ
1002 5044 1199 5106 ὁμιλίαν
1224 5049 1335 5109 np);
1366 5045 1594 5108 Χριστδν,
1627 5040 1772 5113 ἰτῦοῃ
1794 5037 1878 5086 καὶ
1906 5036 2053 5113 αὑτῆς

539 5106 619 5177 (2)
662 5106 775 5162 All,
833 5117 859 5169 ἦ
898 5121 1120 5179 μακαρία.
1155 5118 1214 5175 ὣς
1247 5106 1451 5177 inscio-3
1486 5115 1698 5170 ἀθλητὴ»
1735 5109 1977 5167 invictng
2024 5110 2069 5159 δν

463 5192 524 5251 τῇ
556 5180 799 5250 ἓμολογὶᾳ,
834 5193 916 5234 καὶ
938 5186 968 5244 ἧ
998 5187 1144 5246 αὐτῆς
1164 5189 1417 5250 ἀνάληψις,
1447 5185 1526 5237 καὶ
1545 5184 1809 5237 ἀνάπαυσις
1831 5179 2072 5251 καὶάναλή

464 5249 612 5326 ﬁniat
634 5269 723 5306 τῶν
751 5249 1117 5321 ὸυμϐιινέντων,
1156 5266 1215 5310 τὸ
1236 5249 1382 5326 lipara
1413 5260 1487 5309 ὅτι
1511 5259 1785 5323 Χριστιανή
1820 5254 1921 5316 εἰμι
1943 5263 1955 5275 ⁸
1987 5249 2069 5299 καὶ

467 5322 589 5397 ποιρῖ
612 5336 723 5397 ἡμῖν
746 5328 875 5378 obita
900 5328 1078 5389 φαῦλον
1111 5322 1312 5397 γίνεται.

540 5390 620 5466 (5)
651 5396 824 5451 lintin.
871 5397 966 5451 lib.
1014 5414 1043 5451 ι
1098 5390 1232 5453 Hist.
1284 5396 1505 5461 Eodem,
1545 5409 1665 5461 cap.
1709 5392 1800 5448 36.
1834 5390 2063 5466 Sanctus

468 5462 818 5534 Augustinus.
863 5468 956 5523 lib.
999 5486 1143 5538 xvnt,
1176 5470 1238 5525 de
1290 5468 1501 5524 Civitale
1527 5466 1658 5538 Dei,
1682 5479 1801 5538 cap.
1830 5463 1921 5517 5'2.
1964 5462 2063 5513 So-

470 5550 667 5601 crates,
699 5538 790 5592 lih.
820 5555 871 5593 nt
896 5538 1033 5595 Hist.
1055 5534 1275 5608 Eccles,
1302 5556 1419 5609 cap.
1444 5539 1508 5593 18
1530 5548 1581 5593 et
1601 5534 2061 5609 i9.§nzn_tt_lt‘l_ll|5.

470 5609 563 5663 lib.
596 5624 646 5671 ν.
681 5624 798 5678 cap.
823 5612 889 5667 19
910 5625 959 5667 et
987 5613 1077 5668 20.
1102 5604 1439 5677 Theodorit.,
1484 5609 1575 5665 lib.
1599 5623 1651 5663 ιιι
1677 5606 1815 5661 Hist.
1841 5604 2063 5671 Eccles.,

473 5695 595 5747 cap.
632 5682 698 5737 10
727 5692 781 5738 et
813 5684 903 5738 H.

541 5751 805 5900 ςϋὲΑὲὶιό
830 5755 995 5814 Ruin.
1021 5756 1078 5814 in
1116 5755 1257 5813 Actis
1278 5763 1572 5813 sanctorum
1599 5750 1855 5823 Montani,
1896 5748 2065 5820 Lucii,

467 5835 596 5894 etc,
630 5831 657 5894 §
688 5831 776 5885 at.

2178 4672 2325 4737 tyres
2355 4663 2764 4735 providentiam.
2801 4662 2875 4717 De
2906 4676 3087 4717 rerum
3113 4671 3291 4715 autem
3318 4667 3581 4731 gestarum
3624 4649 3740 4704 title.

2176 4761 2291 4832 ipsa
2325 4760 2647 4815 narrationis
2685 4757 3003 4829 simplicitas
3038 4771 3158 4827 qua:
3190 4755 3523 4826 potissimum
3552 4749 3601 4803 in
3638 4743 3741 4799 Pcr-

2170 4865 2344 4925 petna:
2368 4853 2549 4907 verbis
2572 4853 2764 4916 elucet,
2797 4850 3043 4906 dubitare
3068 4865 3173 4904 non
3206 4847 3353 4904 sinit.

2243 4947 2327 5005 Ill.
2383 4950 2708 5019 Argumenta
2753 4961 2874 5017 qum
2927 4945 3186 4998 hactenus
3228 4936 3495 5013 prosecuti
3546 4941 3736 4989 summ.

2172 5044 2467 5117 generatim
2518 5041 2824 5108 ostendunt,
2850 5040 3129 5109 Perpetua:
3154 5037 3416 5106 sociispte
3447 5024 3735 5117 ntartyribtts

2172 5110 2545 5208 propheticum
2570 5137 2813 5205 spiritum
2835 5133 3143 5205 neutiquam
3168 5131 3400 5186 defuisse
3424 5146 3437 5181 :
3464 5136 3574 5194 qua:
3593 5110 3727 5171 modo

2171 5230 2447 5301 subjiciam
2502 5242 2687 5297 aperte
2741 5226 3131 5290 demonstrant,
3168 5234 3327 5294 quam
3373 5213 3660 5287 longissime
3709 5215 3732 5252 tt

2177 5326 2622 5383 Montanistarum
2654 5322 2913 5378 doctrinis
2938 5332 2993 5377 et
3033 5319 3287 5375 institutis
3308 5325 3512 5372 sanctos
3540 5301 3728 5361 eosdem

2178 5430 2441 5492 martyres
2471 5417 2727 5472 abfuisse.
2787 5414 3227 5469 Montanistarum
3259 5405 3513 5466 sententia
3554 5399 3654 5496 fuit.
3687 5399 3730 5496 Ill

2169 5528 2233 5569 ex
2262 5487 2594 5567 Ter-tulliano
2620 5510 2817 5579 smpius
2857 5507 3063 5562 dictum
3111 5514 3215 5572 est,
3260 5504 3402 5558 solos
3447 5504 3563 5551 ante
3607 5487 3725 5585 dicit!

2166 5609 2351 5683 judicii
2379 5607 2705 5664 Soletnnisin
2727 5603 2921 5660 caelum
2948 5611 3215 5674 martyres
3243 5597 3420 5668 recipi.
3448 5591 3602 5660 Qualll
3626 5591 3726 5648 0P“

2248 5745 2330 5816 (ι)
2358 5741 2535 5816 Serm.
2722 5739 2858 5816 alias
2892 5737 3014 5816 ως»,
3041 5735 3110 5793 de
3134 5736 3332 5816 diversi.

2250 5807 2333 5889 (Ξ)
2356 5815 2532 5871 Serm.
2561 5810 2691 5879 281,
2721 5812 2789 5868 al.
2823 5810 2892 5868 de
2922 5809 3147 5879 divers.,
3172 5807 3294 5864 105.
