3988 6310
497 244 606 305 159

1686 270 2136 334 DISSERTATIO
2165 277 2638 344 APOLOGETICA

3667 324 3753 385 Ιθθ

493 373 695 438 tyrum,
726 367 933 427 animas
985 373 1319 437 collocasse:
1353 392 1408 440 et
1459 386 1650 449 falsum
1702 394 1933 469 denique
1957 399 2095 466 erit,
2125 400 2177 461 Α
2205 410 2367 471 tatur,
2394 415 2503 462 tum
2548 409 2684 466 libro
2738 413 2801 469 de
2853 414 3335 494 Prmm‘plionibus
3363 427 3464 504 (t),
3512 440 3753 503 ωιηιίιηιο

493 458 808 504 pnrnntim’m
832 481 1034 504 nncmm
1063 485 1321 504 mit-nm--
1353 484 1437 504 ---ε
1476 501 1488 504 -
1511 502 1523 504 _
1631 503 1638 504 ,
1685 490 1718 504 ..
1877 494 1887 504 .
1993 495 2004 504 .
2078 496 2090 504 .

490 458 809 531 Perpetuam
832 481 1034 539 eosque
1063 485 1322 549 martyres
1347 484 1438 554 qui
1471 501 1529 540 se
1563 490 1752 544 mortis
1778 494 1955 549 socios
1989 495 2093 566 ipsi

488 555 763 624 addidere,
805 578 836 616 e
887 563 1071 621 schola
1122 576 1451 639 processisse
1492 579 1957 653 MontanisIarum,
2000 603 2093 644 eo-

488 662 717 721 rumque
739 653 974 714 imbutos
1002 659 1166 719 fuisse
1209 666 1547 739 dogmatibus
1579 684 1635 730 et
1668 676 1973 748 disciplina.

556 742 649 800 Vl.
672 746 746 802 Ex
772 749 959 807 eadem
985 753 1159 813 Saturi
1193 760 1399 818 visione
1423 765 1523 821 alia
1551 769 1677 824 mihi
1710 774 2090 831 nasciturcon-

479 832 709 907 jactura,
728 857 831 912 qua
854 842 1009 903 facile
1024 850 1276 908 suadeam
1300 855 1620 929 Perpetuam
1641 865 1923 937 sociosque
1941 884 2087 925 mar-

485 939 631 1003 tyres
673 950 702 989 a
737 934 1178 1001 Montanistarum
1210 953 1591 1010 communione
1632 955 1797 1015 fuisse
1826 976 2083 1032 perquam

488 1026 717 1095 alienos,
750 1032 844 1088 sed
872 1034 925 1090 in
953 1036 1212 1096 Ecclesiae
1231 1045 1517 1104 catholicas
1535 1065 1663 1118 pace
1689 1064 1849 1124 atque
1881 1058 2086 1116 unitate

480 1129 535 1177 et
551 1122 712 1179 vitam
735 1124 974 1198 duxisse,
994 1142 1049 1187 et
1071 1134 1362 1205 gloriosum
1396 1156 1494 1211 pro
1518 1142 1735 1202 Christo
1764 1122 2081 1221 sanguinem

478 1213 733 1275 effudisse
766 1239 780 1271 :
811 1239 831 1274 α
871 1222 941 1280 Et
964 1228 1251 1301 exivimus,
1285 1235 1457 1307 inquit
1485 1239 1730 1309 Saturus,
1763 1254 1819 1300 et
1852 1247 2082 1307 vidimus

475 1317 601 1365 ante
627 1309 768 1369 fores
791 1314 1044 1388 Optatum
1071 1324 1382 1397 episcopum
1403 1331 1470 1386 ad
1497 1332 1800 1403 dexteram,
1826 1350 1881 1396 et
1907 1344 2078 1414 Λευει-

473 1403 611 1461 sium
642 1408 1016 1482 presbyterum
1049 1416 1325 1476 doctorem
1355 1425 1420 1480 ad
1470 1427 1764 1500 sinistram,
1797 1448 2079 1505 separatos

471 1506 530 1553 et
555 1500 757 1569 tristes,
785 1512 839 1558 et
865 1507 1127 1565 miserunt
1164 1529 1225 1570 se
1241 1516 1307 1570 ad
1333 1519 1495 1587 pedes
1523 1524 1698 1591 nobis,
1741 1536 1794 1583 et
1828 1500 2079 1590 dixerunt

469 1590 630 1648 nobis
665 1613 677 1649 :
713 1594 1036 1670 Componite
1066 1605 1208 1662 inter
1249 1624 1368 1675 nos,
1395 1612 1520 1683 quia
1566 1618 1755 1675 existis
1784 1632 1839 1676 et
1873 1623 1953 1681 sic
1978 1642 2076 1682 nos

467 1682 793 1757 relinquitis.
830 1691 897 1748 Et
926 1693 1162 1754 diximus
1191 1700 1294 1757 illis
1324 1721 1336 1757 :
1367 1682 1482 1759 Non
1517 1717 1568 1761 tu
1611 1724 1672 1764 es
1698 1726 1830 1782 papa
1864 1730 2070 1785 nusrer,

2197 508 2392 564 quarto
2443 513 2617 559 contra
2668 505 3006 581 Marciouem,
3037 516 3126 571 ubi
3171 516 3504 581 Marcionitas
3531 530 3605 586 his
3638 534 3753 595 inter

2195 599 2388 646 cietera
2415 596 2593 652 verbis
2620 599 2834 658 lacessit
2855 604 2934 677 (2)
2960 623 2973 660 :
2995 624 3014 659 ι
3034 606 3207 666 Habet
3221 611 3375 681 plane
3393 626 3445 672 et
3463 619 3580 677 illud
3605 630 3754 686 eccle-

2194 682 2323 750 sias,
2345 688 2438 743 sed
2464 704 2612 759 suas,
2643 704 2747 750 tam
2770 708 3032 768 posteras,
3055 718 3216 773 quam
3249 707 3532 779 adulteras,
3558 707 3751 788 quarum

2192 782 2237 834 si
2268 795 2488 838 censum
2542 789 2807 859 requiras,
2877 794 3088 854 facilius
3127 802 3475 869 apostaticum
3526 810 3750 882 invenies.

2192 886 2351 943 quam
2398 880 2776 949 apostolicum,
2815 884 3088 946 Marciane
3117 892 3326 949 scilicet
3354 899 3635 971 conditore,
3680 880 3754 966 vel

2193 962 2372 1034 aliquo
2392 967 2461 1024 de
2491 969 2780 1031 Marcionis
2801 981 3071 1038 examine.
3096 983 3320 1043 Faciunt
3344 988 3492 1049 favos
3507 1004 3558 1050 et
3575 1012 3749 1069 vespae,

2187 1054 2392 1116 faciunt
2430 1064 2687 1122 ecclesias
2714 1079 2770 1125 et
2813 1070 3160 1133 Mareionitae.
3197 1098 3218 1132 ι
3267 1080 3379 1139 Hoc
3418 1054 3746 1163 unqueargu-

2191 1159 2373 1207 mento
2405 1169 2679 1227 nunquam
2719 1159 3079 1224 Tertullianus
3118 1168 3307 1228 fuisset
3342 1190 3488 1244 usus,
3530 1180 3572 1234 si
3613 1159 3750 1241 unum

2186 1243 2521 1314 episc0pum,
2549 1264 2580 1303 a
2607 1252 2872 1311 catholico
2911 1260 3167 1332 episcopo
3200 1277 3524 1340 separatum,
3562 1273 3742 1331 Monta-

2184 1334 2339 1392 nistic
2368 1339 2804 1412 carthaginienses
2856 1349 2906 1404 id
2954 1356 3212 1426 temporis
3260 1360 3593 1431 habuissent;
3634 1383 3742 1424 cum

2183 1429 2314 1484 nihil
2349 1434 2637 1501 proclivius
2660 1439 2850 1500 fuisset
2875 1454 2929 1499 et
2950 1446 3179 1515 facilius,
3207 1467 3366 1522 quam
3396 1455 3520 1513 illud
3549 1459 3598 1514 in
3617 1475 3750 1519 suum

2183 1537 2436 1593 regerere
2464 1540 2762 1601 auctorem,
2788 1544 2845 1592 et
2889 1537 3244 1599 Montanistas
3292 1563 3502 1620 urgere,
3542 1561 3597 1606 ut
3636 1568 3738 1610 suo-

2181 1631 2299 1671 rum
2326 1620 2701 1693 episcoporum
2731 1631 3029 1702 catalogutn
3065 1635 3307 1703 ederent,
3337 1656 3464 1697 num
3498 1643 3627 1700 forte
3648 1647 3742 1700 ori-

2177 1708 2355 1780 ginem
2386 1727 2536 1770 suam
2571 1717 2654 1772 vel
2684 1721 2979 1789 Apostolis,
3020 1726 3106 1782 vel
3142 1731 3453 1798 apostolicis
3493 1732 3630 1801 viris,
3661 1744 3739 1791 aut

467 1789 525 1837 et
550 1789 605 1835 tu
648 1785 975 1860 presbyter?
997 1803 1052 1848 ut
1090 1796 1217 1865 quid
1244 1814 1340 1856 vos
1365 1803 1429 1858 ad
1464 1805 1629 1875 pedes
1657 1821 1868 1867 nostros
1894 1818 2045 1874 mitta

2179 1803 2368 1860 saltem
2396 1810 2707 1879 apostolicis
2749 1816 2994 1874 ecclesiis
3023 1818 3307 1891 deberent,
3339 1840 3407 1881 an
3436 1826 3605 1893 potius
3621 1827 3746 1883 Mon-

467 1873 579 1929 tis?
605 1875 671 1932 Et
709 1879 953 1938 misimus
980 1901 1099 1956 nos,
1129 1897 1467 1966 etcomplexi
1494 1901 1617 1959 illos
1646 1920 1976 1968 sumus......
2002 1915 2071 1972 Et.

465 1965 594 2023 dum
627 1970 900 2042 loquimur
923 1994 1043 2036 cum
1066 1984 1167 2050 eis,
1198 1965 1458 2049 dixerunt
1510 1996 1616 2054 illis
1640 2003 1816 2073 angeli
1852 2024 1865 2061 :

466 2061 589 2121 illos
618 2066 974 2145 refrigerent;
1001 2087 1057 2132 et
1083 2080 1129 2135 si
1157 2097 1291 2151 quas
1324 2085 1532 2145 habetis
1564 2061 1821 2154 intervvos
1848 2100 2064 2163 dissen-

462 2161 662 2228 siones,
693 2164 946 2227 dimittite
991 2173 1144 2230 vobis
1194 2177 1461 2251 invicem;
1511 2190 2066 2259 etjcouturhaveruut

462 2270 579 2312 eos.
628 2256 695 2314 Et
745 2258 998 2319 dixerunt
1049 2268 1289 2338 Optato:
1337 2256 1579 2351 Corrige'
1622 2284 1834 2354 plebem
1892 2301 2060 2362 tuam,

459 2348 582 2417 quia
625 2351 704 2408 sic
750 2353 816 2409 ad
846 2363 899 2410 te
923 2362 1248 2419 conveniunt
1293 2371 1445 2438 quasi
1475 2373 1544 2431 de
1571 2377 1717 2434 circo
1747 2382 2060 2455 redeuntes.

457 2451 513 2498 et
574 2444 646 2502 de
715 2447 1035 2510 factionibus
1114 2467 1406 2521 certantes.
1458 2485 1479 2519 ι
1554 2469 1805 2542 Optatum
1894 2444 2059 2540 istum

457 2538 948 2612 carthaginensium
1005 2547 1452 2616 Montanistarum
1505 2538 1842 2640 episcOpum,
1872 2583 1926 2630 et
1956 2578 2061 2634 As-

454 2632 665 2703 pasium
684 2640 925 2709 ejusdem
960 2660 1122 2707 secta:
1160 2632 1858 2740 presbyterum—Basnagius
1908 2632 2056 2742 facit,

456 2734 512 2780 ct
601 2730 919 2796 alterutrum
1003 2730 1273 2808 existimat
1366 2767 1673 2817 nostrorum
1758 2775 2083 2840 martyrum

468 2820 576 2840 ,_,_
758 2830 769 2840 .

456 2820 587 2878 Acta
617 2830 990 2894 concinnasse.
1046 2843 1242 2902 Contra
1294 2851 1693 2912 eruditissimus
1741 2859 1935 2931 Pagius
1988 2880 2055 2920 ex

449 2915 857 2982 subministrata
898 2931 998 2987 sibi
1035 2950 1065 2991 a
1112 2937 1182 2995 cl.
1225 2942 1421 3001 abbate
1471 2945 1745 3007 Ludovico
1803 2915 1875 3011 de
1915 2957 2058 3014 Feur

449 3008 827 3076 observatione
854 3024 1031 3095 docet,
1078 3030 1603 3111 Carthaginensium,
1648 3048 1831 3120 utique
1856 3051 2056 3111 Catho-

2184 1902 2330 1962 lano,
2362 1899 2448 1954 vel
2474 1901 2632 1958 alicui
2662 1905 2730 1960 de
2753 1906 2986 1965 Montani
3017 1915 3282 1972 examine.
3301 1918 3373 1972 At
3398 1917 3741 1988 Tertullianus,

2174 1997 2233 2044 ut
2261 2004 2424 2061 supra
2452 1997 2809 2069 osmndimus,
2841 2018 2945 2059 non
2977 2022 3037 2064 se
3063 2008 3241 2066 adhuc
3268 2012 3488 2082 putabat
3520 2014 3585 2070 ab
3606 2030 3743 2085 apos-

2172 2083 2451 2142 tolicarum
2521 2093 2873 2153 ecclesiarum
2935 2106 3317 2164 communione
3362 2111 3651 2179 pmisum,
3700 2122 3744 2168 et

2169 2189 2233 2230 ex
2258 2176 2573 2250 Cathoiieis,
2605 2196 2659 2242 et
2682 2187 3022 2250 Montanistis
3071 2213 3234 2253 unum
3275 2176 3498 2258 conﬂari
3538 2203 3739 2259 arbitra-

2167 2266 2324 2325 batur
2367 2274 2612 2332 ecclesiae
2653 2294 2898 2352 corpus:
2930 2287 3073 2357 quod
3122 2290 3175 2346 in
3230 2292 3474 2352 adversis
3517 2298 3742 2351 membris

2167 2359 2391 2419 diversis
2430 2366 2852 2431 institutionibus
2892 2391 3198 2449 regeretur;
3237 2400 3339 2441 nec
3365 2387 3736 2458 disciplinarum

2166 2457 2679 2525 varietatem,.salva
2714 2464 2837 2523 fidei
2890 2472 3109 2544 regula,
3167 2478 3518 2536 ecclesiarum
3568 2480 3731 2537 lzcdere

2166 2546 2422 2604 unitatem
2450 2568 2464 2617 ;
2495 2554 2635 2611 unde
2671 2558 2759 2612 illa
2789 2561 2908 2630 ejus
2955 2580 3063 2621 vox
3082 2566 3151 2623 de
3181 2573 3492 2640 apostolicis
3530 2575 3737 2631 ecclesiis

2164 2636 2431 2710 loquentis
2460 2662 2476 2700 :
2515 2664 2535 2697 ‹
2564 2646 2678 2704 Una
2707 2652 2945 2712 Ecclesia
2973 2673 3160 2716 sumus
3184 2636 3289 2736 (3).
3321 2686 3342 2719 ι
3376 2667 3481 2725 Sed
3503 2668 3738 2740 quomodo

2164 2745 2267 2786 una
2325 2733 2582 2807 Ecclesia,
2639 2742 2685 2798 si
2747 2746 3060 2806 cathedram
3128 2733 3393 2814 adversus
3460 2760 3737 2817 cathedram

2159 2828 2478 2898 erexissent,
2507 2845 2562 2889 et
2604 2838 2913 2913 episcopum
2962 2847 3223 2908 adversus
3249 2855 3561 2928 episcopum
3594 2871 3726 2914 cons-

2163 2919 2469 2980 tituisseut?

2231 3014 2429 3071 Verum
2455 3024 2902 3107 quemadmodum
2924 3031 3302 3107 Tertullianus,
3331 3043 3421 3100 ubi
3442 3052 3620 3100 contra
3645 3044 3735 3097 hai-

452 3103 488 3159 Γ
1117 3128 1131 3143 ⁸
1281 3103 1306 3109 ν
1350 3136 1361 3148 '
1589 3103 1601 3111 ’
1746 3103 1759 3120 ’
1812 3103 1823 3105 ⁷
1865 3103 2051 3164 Tm:-
2159 3107 2627 3183 Γθίίοθδαίερυῑδί.
2653 3103 3029 3193 episcoporum
3072 3131 3321 3191 ordinem
3350 3136 3581 3201 extollit;
3604 3138 3664 3191 ita
3689 3151 3732 3190 ιη

476 3120 678 3167 tcnrum
704 3156 719 3179 ,
766 3115 1016 3188 Optatum
1058 3125 1223 3187 fmsse
1276 3149 1610 3208 episcopum,
1664 3153 1719 3199 et
1776 3147 2051 3217 Agrippini
2081 3218 2124 3244 Π
2161 3201 2309 3244 “me
2331 3206 2917 3244 admmmpm‘nnnm
2945 3222 3190 3244 ’.μ-’με’
3329 3230 3351 3244 ἢ
3464 3231 3477 3244 Ι
3516 3234 3527 3244 ¹
3564 3232 3575 3242 .

452 3210 879 3244 Βιιοροααηιιοηιηι
907 3232 970 3244 Α..
1003 3218 1146 3244 με---
1189 3226 1208 3244 Δ
1237 3228 1296 3244 -.ο
1363 3243 1366 3244 ,
1495 3232 1509 3244 .
1604 3233 1618 3244 ι
1949 3242 1960 3244 μ

449 3210 882 3268 successorem“
905 3232 970 3272 ex
1003 3218 1151 3277 hisce
1178 3201 1327 3282 Acus;
1353 3201 1710 3299 supi’lenaum
2080 3218 2124 3281 ρ
2161 3201 2309 3259 libris
2330 3206 2593 3266 adversus
2612 3212 2918 3274 Catholicos
2940 3222 3216 3291 deprimit.
3243 3244 3309 3285 ac
3324 3230 3440 3288 fere
3462 3231 3605 3287 laicis
3631 3247 3733 3301 per-

446 3292 825 3367 episcoporum
860 3308 1198 3372 Laterculum
1226 3322 1368 3389 apud
1389 3292 1799 3388 sclielstratium
1845 3335 1898 3388 in
1946 3337 2058 3395 dis-

446 3397 579 3445 sert.
611 3391 681 3448 de
707 3399 932 3458 ecclesia
962 3407 1233 3469 Africana.
1280 3414 1429 3473 Hane
1471 3422 1778 3490 opinionem
1826 3444 2055 3501 sequen-

449 3478 559 3501 s“-
612 3500 621 3501 κ
733 3489 746 3501 -
911 3497 923 3501 -

1511 3478 1521 3490 ι
1704 3478 1775 3480 ""
1827 3478 2026 3501 ⁷*Ί’““’”’

444 3478 567 3535 dam
599 3489 822 3545 omnino
840 3497 1109 3565 existimo.
1137 3520 1367 3578 eamque
1398 3512 1522 3569 inde
1573 3517 1856 3588 conﬁrmo,
1908 3526 2051 3595 quod

445 3574 559 3595 ---Il
608 3593 615 3595 Α
672 3593 681 3595 Α
833 3586 853 3595 ⁸
887 3589 900 3595 ⁸

444 3574 626 3635 nullus
667 3593 792 3641 tunc
827 3586 993 3646 fuisse
1030 3574 1290 3655 videatur-
1328 3604 1654 3678 Carthagine
1702 3574 2053 3672 Montauista-

443 3681 563 3723 rum
615 3677 918 3750 episcopus.
964 3685 1173 3747 Nullius
1212 3696 1454 3763 profecto
1498 3677 1552 3754 in
1598 3703 1710 3758 suis
1754 3706 1903 3761 libris
1934 3727 2049 3765 um-

442 3777 604 3832 quam
647 3775 889 3833 meminit
910 3779 1292 3855 Tertullianus,
1323 3793 1453 3861 quin
1486 3795 1690 3853 nullum
1716 3808 1825 3856 tum
1859 3802 2043 3871 fuisse,

442 3858 687 3929 pluribus
742 3868 793 3923 in
843 3871 975 3930 locis
1020 3882 1460 3943 manifestissime
1506 3890 1722 3949 indicat.
1780 3895 1835 3949 id
1901 3900 2044 3955 enim

440 3953 845 4018 evidentissimc
882 3966 1016 4023 mihi
1045 3973 1302 4046 colligere
1353 3980 1538 4037 videor
1584 3998 1650 4040 ex
1701 3985 1768 4042 iis
1796 3991 2045 4048 omnibus

439 4040 595 4108 locis.
640 4048 694 4103 in
746 4054 939 4122 quibus
989 4064 1334 4121 traditionum
1380 4075 1750 4133 auctoritatem
1787 4080 2044 4139 adversus

438 4134 725 4198 hmreticos
745 4157 916 4217 urget.
948 4151 1232 4213 Vultenim
1257 4161 1526 4221 Christum
1557 4168 1855 4227 doctrinam
1888 4189 2039 4231 suam

435 4227 709 4298 Apostolis
738 4247 1169 4306 communicasse
1203 4269 1215 4304 :
1245 4255 1534 4322 Apostolos
1556 4262 1684 4316 viris
1724 4267 2042 4332 apostolicis

431 4336 568 4390 quos
599 4340 692 4395 per
721 4330 961 4401 singulas
981 4340 1229 4399 civitates
1276 4349 1561 4418 episcopos
1603 4330 2037 4427 constituerunt;

431 4416 534 4472 hos
565 4435 693 4477 vero
717 4427 829 4482 suis
853 4438 1279 4508 successoribus,
1317 4443 1367 4498 id
1412 4456 1493 4500 est
1548 4448 1611 4503 iis
1643 4452 1733 4520 qui
1781 4451 2039 4525 deinceps

433 4514 564 4569 viris
597 4523 911 4589 apostolicis
951 4529 1292 4591 ordinatione
1337 4538 1572 4610 legitima
1634 4559 2034 4607 successerunt.

2160 3307 2339 3366 :equat.
2370 3316 2383 3352 :
2433 3302 2707 3362 Adversus
2749 3311 3034 3371 litereticos
3064 3317 3372 3390 diSputans.
3420 3324 3613 3380 nullam
3633 3325 3731 3378 sine

2157 3392 2428 3464 episcopis
2472 3402 2785 3468 apostolicis
2816 3423 2997 3465 veram
3025 3416 3272 3482 agnoscit
3297 3417 3630 3483 Ecciesiam;
3658 3416 3732 3487 qui

2157 3493 2335 3541 tamen
2393 3490 2444 3544 in
2490 3492 2641 3549 libris
2687 3497 2947 3557 adversus
2992 3505 3306 3566 Catholicos
3364 3513 3651 3570 Ecclesiam
3687 3512 3729 3564 in

2156 3578 2327 3634 tribus
2364 3581 2517 3640 laicis
2544 3591 2858 3659 constituit,
2894 3604 2951 3650 ut
2971 3597 3196 3671 librode
3221 3602 3443 3659 Exliort.
3476 3604 3643 3660 Castit.
3665 3601 3730 3672 (4)

2158 3687 2177 3719 ι
2216 3669 2317 3726 Ubi
2368 3683 2498 3743 tres,
2561 3679 2802 3739 Ecclesia
2841 3697 2945 3754 est,
2998 3669 3133 3748 licet
3165 3692 3308 3751 laici.
3337 3716 3357 3749 ι
3414 3696 3480 3753 Et
3510 3697 3639 3752 libro
3677 3700 3730 3746 de

2157 3759 2304 3835 Fuga
2344 3767 2396 3821 in
2429 3769 2689 3829 Persecut.
2741 3776 2823 3849 (5)
2855 3796 2870 3835 :
2909 3799 2927 3832 ι
2950 3782 3066 3838 Non
3119 3797 3273 3857 potes
3308 3790 3609 3847 discurrere
3652 3802 3730 3858 per

2150 3859 2412 3929 singulos,
2467 3865 2538 3920 sit
2585 3868 2678 3924 tibi
2733 3880 2789 3926 et
2837 3873 2887 3929 in
2944 3879 3117 3934 tribus
3171 3881 3434 3941 Ecclesia.
3467 3905 3488 3939 ι
3538 3886 3599 3939 Ει
3650 3882 3728 3935 lih-

2148 3950 2212 4005 de
2255 3951 2481 4012 Pudicit.
2523 3959 2603 4032 (6)
2635 3980 2648 4016 :
2698 3983 2717 4017 ‹
2744 3964 2858 4021 Non
2891 3969 3131 4027 Ecclesia
3178 3991 3441 4034 numerus
3469 3978 3728 4050 epiSCOP9’

2147 4057 2284 4099 rum.
2321 4065 2340 4099 ι
2386 4047 2647 4119 Cogitanti
2679 4057 2834 4125 mihi,
2891 4076 2989 4116 cur
3034 4064 3170 4119 adeo
3219 4069 3345 4136 sibi,
3394 4066 3723 4125 coutrariain

2148 4137 2296 4195 hisce
2343 4142 2493 4198 libris
2531 4146 2787 4219 eil'utiret,
2836 4154 2887 4208 id
2937 4173 3099 4213 unum
3127 4160 3192 4215 ad
3224 4164 3467 4219 animum
3494 4161 3721 4219 occurri!-

2145 4231 2276 4289 Cum
2325 4239 2577 4297 catholici
2627 4246 2866 4318 episc0pi
2897 4251 3250 4313 Montanistas
3303 4274 3331 4313 a
3363 4261 3723 4315 communione

2144 4328 2489 4400 repellerent,
2545 4352 2720 4408 neque
2776 4341 2873 4411 ipsi
2916 4345 3079 4402 alium
3121 4365 3235 4405 sua":
3274 4364 3438 4409 secta:
3486 4351 3726 4406 haberem

2142 4425 2494 4495 episcopum,
2559 4430 2662 4488 hoc
2716 4434 2783 4489 ad
2838 4437 3089 4496 solatium
3146 4459 3301 4500 suum
3371 4446 3720 4514 excogitasse.

2140 4517 2344 4574 nullam
2386 4535 2509 4577 esse
2530 4524 2651 4593 jure
2678 4526 2860 4586 divino
2885 4532 3204 4591 clericorum
3233 4539 3285 4593 iu
3318 4539 3486 4595 laicos
3513 4544 3724 4609 potesta-

432 4606 656 4678 Statuit,
687 4630 781 4671 eas
803 4617 1063 4679 duntaxat
1088 4627 1366 4698 ecclesias,
1393 4606 1492 4702 pro
1519 4637 1684 4703 veris,
1716 4649 1771 4695 et
1821 4653 2035 4712 aposto-
2062 4627 2116 4687 Ῑ)
2143 4618 2268 4712 ‘°"_"
2327 4614 2551 4712 "una?"
2604 4636 2723 4691 qua)
2752 4640 2803 4679 ἠ
2854 4640 3013 4682 causa
3046 4641 3384 4690 necess'm's
3417 4635 3581 4690 lamas
3604 4646 3721 4687 co"-

425 4700 545 4758 licis
596 4707 1008 4777 existimandas,
1059 4735 1178 4787 quae
1251 4724 1305 4778 in
1351 4700 1462 4781 suis
1518 4700 1679 4787 fastis:
1730 4700 2034 4805 digerendis

422 4798 798 4870 episcoporum
829 4810 1127 4881 catalogum
1166 4815 1231 4867 ad
1261 4817 1496 4889 aliquem
1536 4823 1621 4878 vel
1650 4840 1716 4880 ex
1757 4827 2031 4898 Apostolis

426 4889 790 4964 perduxerint,
821 4901 905 4955 vel
938 4918 1001 4957 ex
1031 4908 1338 4973 apostolicis
1377 4913 1507 4969 viris
1531 4917 1621 4983 qui
1675 4927 1851 4975 tamen
1906 4936 2028 4979 cum

420 4980 691 5052 Apostolis
714 4998 1155 5063 perseveraverit;
1173 5009 1262 5055 aut
1284 5002 1327 5056 si
1346 5005 1518 5060 serius
1539 5007 1731 5065 fuerint
1747 5013 2023 5075 inStitutas.

417 5074 693 5133 traducem
725 5081 845 5138 fidei
878 5087 946 5142 ab
975 5093 1287 5159 apostolicis
1323 5098 1569 5156 ecclesiis
1597 5108 1925 5174 acceperint,
1971 5118 2026 5165 et

414 5167 482 5223 ab
534 5184 718 5228 earum
764 5176 1017 5250 deinceps
1048 5191 1429 5247 communione
1467 5210 1755 5267 numquam
1807 5202 2023 5260 excide-

412 5260 540 5328 rint,
584 5266 888 5337 cujusmodi
939 5288 1095 5334 erant
1143 5283 1390 5341 ecclesias
1443 5287 1707 5347 Africanae
1769 5311 1889 5365 quae
1949 5300 2015 5355 ad

414 5349 714 5412 Romanam
747 5360 1043 5423 Ecciesiam
1067 5386 1218 5429 suam
1250 5378 1514 5449 originem
1557 5383 1884 5441 referebant.
1914 5388 2017 5445 Ur-

412 5453 503 5511 get
532 5445 839 5520 haareticos,
874 5466 930 5512 ut
960 5473 1177 5519 suarum
1199 5445 1552 5527 ecclesiarum
1595 5477 1831 5547 origines
1858 5480 2021 5537 edant

411 5543 463 5590 ct
488 5538 863 5612 episcoporum
894 5553 1224 5625 catoiogum,
1256 5572 1349 5617 aut
1390 5564 1458 5619 ad
1499 5538 1790 5637 Apostolos
1817 5573 2017 5641 perdu-

408 5639 555 5696 cant,
587 5634 670 5690 vel
686 5637 751 5691 ad
775 5645 1102 5710 apostolicos
1125 5651 1288 5719 viros,
1319 5656 1403 5711 vel
1426 5659 1658 5728 primum
1678 5662 1776 5716 sibi
1805 5665 2015 5734 episco-

406 5738 539 5795 pum
570 5729 638 5784 ab
685 5734 930 5795 ecclesiis
982 5746 1295 5813 apostolicis
1320 5749 1526 5815 datum,
1571 5769 1671 5808 una
1718 5729 1855 5812 cum-
1887 5759 2010 5817 fidei

404 5821 630 5893 semine,
657 5831 970 5891 ostendant.
1013 5839 1376 5915 lta_adveisus
1405 5848 1687 5907 haereticos
1709 5864 1999 5923 argumen-

2139 4705 2451 4775 stringeret.
2481 4710 2555 4766 ita
2597 4714 2740 4771 enim
2798 4716 2959 4774 ﬁebat
3010 4732 3067 4777 ttt
3115 4723 3235 4781 laici
3280 4728 3652 4784 Communione
3696 4738 3720 4776 a

2136 4796 2348 4854 clericis
2397 4808 2698 4877 segregati,
2748 4810 2850 4880 ipsi
2885 4813 2986 4868 sibi
3035 4815 3220 4873 clerici
3263 4830 3471 4886 essent,
3521 4819 3615 4887 ipsi
3642 4832 3719 4871 sa-

2136 4891 2407 4959 cerdotes,
2461 4896 2561 4966 ipsi
2593 4908 2648 4953 et
2688 4900 3000 4972 tinguerent
3027 4917 3083 4962 et
3125 4908 3426 4979 offerrent;
3483 4911 3716 4978 nullaque

2135 4983 2362 5049 proinde
2408 5002 2504 5044 eos
2548 4991 2801 5062 obligatio
2856 5000 3127 5069 manebat,
3180 5012 3235 5058 ut
3274 5021 3367 5074 se,
3425 5020 3716 5061 sacramu-

2132 5082 2305 5131 torum
2365 5079 2798 5151 recipiendorum
2843 5093 3052 5161 gratia,
3105 5095 3427 5154 clericorum
3478 5098 3710 5167 deinceps

2126 5169 2351 5226 arbitrio
2404 5178 2812 5243 permitterent:
2856 5183 3069 5252 Nonne,
3115 5189 3287 5260 inquit
3316 5193 3437 5248 loco
3483 5195 3637 5248 citato
3655 5190 3709 5245 de

2125 5259 2345 5319 Exhort.
2376 5266 2538 5336 (ἱρείη
2576 5289 2597 5323 ι
2628 5281 2683 5327 et
2710 5275 2828 5330 laici
2849 5279 3159 5337 sacerdotes
3185 5259 3414 5339 sumus?
3457 5285 3703 5357 Seriptum

2120 5365 2241 5413 est:
2273 5358 2508 5434 Regnum
2537 5382 2736 5436 quoque
2764 5387 2857 5426 nos
2884 5383 2933 5427 et
2975 5377 3264 5434 sacerdotes
3314 5378 3426 5435 Deo
3472 5392 3517 5435 et
3570 5377 3704 5434 Patri

2195 5496 2277 5577 (tl
2311 5496 2447 5577 Cap.
2464 5501 2544 5577 ,ζ’ιὲ
2572 5511 2628 5558 et
2656 5517 2806 5577 seqq.

2195 5565 2275 5696 (ἐξ
2304 5565 2431 5653 cap.
2460 5572 2517 5628 5.

2195 5641 2246 5696 i5
2303 5642 2421 5696 Lib.
2450 5642 2514 5696 de

2303 5642 2421 5729 μὴ.
2450 5642 2739 5729 ιίεγὺῃὶη.
2768 5651 2994 5723 υεὶιιηιιη
3021 5670 3141 5729 cap.
3163 5656 3218 5713 2.

2213 5712 2270 5784 4)
2300 5712 2428 5784 Cap.
2462 5716 2516 5771 7.

2212 5784 2268 5854 5)
2287 5784 2418 5854 Cap.
2451 5788 2540 5843 M.

2188 5855 2268 5931 (6)
2295 5855 2427 5929 Cap.
2458 5858 2551 5917 21.
