3950 6310
187 282 284 344 161

1036 281 1173 340 ΡΙὶο
1209 281 1307 339 SS.
1349 274 1741 348 PERPETUA,
1782 275 2196 339 FELICITATE
2235 281 2325 340 ET
2347 283 2584 343 SOCIIS.

3372 290 3480 351 162

186 417 277 457 suo
328 400 454 472 fecit.
517 397 885 454 Diﬂerentiam
944 398 1084 454 inter
1138 398 1382 454 ordinem
1442 408 1496 453 et
1555 397 1765 469 plebem
1795 397 2327 464 Aadmonitionibus
2357 402 2634 460 hominum
2697 403 3109 461 vanissimorum
3149 405 3476 476 verebatur,

190 493 451 549 constituit
497 491 756 548 Ecclesiae
807 492 1102 547 auctoritas
1147 500 1202 547 et
1244 491 1415 547 honor
1442 507 1538 563 per
1569 490 1775 547 ordinis

192 600 488 642 consessum
535 584 902 642 sanetillcatus
931 603 945 639 :
978 586 1116 641 adeo
1147 585 1244 661 ubi.
1284 585 1641 641 ecclesiastici
1682 601 1773 639 or-

190 678 325 734 dinis
370 693 469 734 non
523 687 609 734 est
656 692 966 745 consessus,
1020 688 1076 734 et
1122 677 1304 745 offers,
1356 689 1409 734 et
1454 678 1668 749 tinguis,
1722 687 1777 733 et

191 770 431 828 sacerdos
477 785 541 826 cs
577 771 674 827 tibi
722 771 895 829 solus.
926 770 1032 828 Sed
1074 771 1164 828 ubi
1221 781 1351 839 tres,
1399 772 1636 829 Ecclesia
1668 781 1771 840 est,

192 866 312 921 licet
360 864 499 920 laici.
550 863 932 937 Unusquisque
981 864 1127 921 enim
1172 880 1267 921 sua
1322 864 1427 921 ﬁde
1467 866 1626 931 vivit;
1675 878 1778 921 nec

191 967 268 1015 est
291 973 639 1030 personarum
684 960 928 1030 acceptio
968 957 1112 1029 apud
1142 959 1333 1027 Deum,
1383 967 1487 1016 etc.
1540 958 1703 1029 Igitur
1731 958 1776 1014 si

195 1052 346 1108 babes
386 1051 471 1122 jus
496 1052 795 1109 sacerdotis
845 1052 899 1107 in
950 1052 1252 1123 temetipso,
1300 1051 1389 1107 ubi
1422 1066 1645 1107 necesse
1672 1058 1774 1118 est,

197 1145 381 1201 habeas
423 1155 636 1216 oportet
686 1147 850 1201 etiam
907 1145 1249 1216 disciplinam
1305 1144 1623 1211 sacerdotis,
1688 1145 1777 1201 ubi

200 1254 407 1295 necesse
454 1239 523 1294 sit
568 1239 768 1296 habere
789 1239 877 1310 jus
904 1240 1226 1296 sacerdotis.
1270 1239 1524 1311 Digamus
1557 1240 1779 1311 tinguis?

206 1333 436 1404 Digamus
471 1333 688 1391 oll‘ers?
727 1334 941 1404 Quanto
987 1334 1155 1405 magis
1185 1333 1324 1390 laico
1368 1334 1584 1404 digamo
1632 1332 1780 1404 capi-

199 1428 286 1483 tale
326 1438 415 1485 est
445 1444 605 1501 agere
647 1444 747 1501 pro
799 1427 1099 1497 sacerdote,
1150 1443 1273 1484 cum
1317 1427 1416 1500 ipsi
1472 1426 1778 1495 sacerdoti,

180 1498 399 1595 ‘digamo
418 1524 580 1593 facto,
595 1517 914 1581 conferatur
937 1539 1097 1596 agere
1119 1522 1499 1579 sacerdotem?
1531 1542 1551 1576 ι
1588 1524 1779 1578 Annon

197 1617 301 1674 hate
362 1620 565 1689 optima
624 1619 935 1690 conjectura
987 1629 1104 1686 est,
1158 1618 1364 1673 nullum
1436 1626 1550 1672 tum
1616 1614 1783 1671 fuisse

198 1713 508 1784 Carthagine
556 1712 999 1769 Montanistarum
1065 1712 1419 1784 episcOpum?
1470 1710 1687 1768 Etenim
1735 1708 1783 1766 si

1884 504 1951 544 ne
1991 491 2441 551 subtraherentur
2465 496 2534 553 de
2558 511 2777 554 carcere
2809 498 3258 556 incantationibus
3280 499 3476 571 aliqui-

1881 580 1979 636 bus
2006 583 2256 655 magicis,
2298 586 2353 642 in
2383 586 2573 644 faciem
2604 590 2885 661 respondit
2910 591 3198 663 Perpetua,
3226 600 3282 649 et
3305 592 3479 652 dixit:

1879 677 2016 745 Quid
2061 681 2243 753 utique
2272 699 2378 740 non
2410 689 2678 757 permittis
2708 689 3028 765 refrigerare
3057 696 3234 753 noxiis
3257 691 3481 752 nobilis-

1881 771 2053 864 simis,
2083 774 2317 834 Cacsaris
2341 781 2567 852 scilicet,
2595 795 2650 840 et
2678 788 2837 842 natali
2860 787 3101 859 ejusdem
3128 790 3481 864 pugnaturis?

1880 862 1985 919 Aut
2025 881 2130 921 non
2166 877 2252 924 tua
2288 871 2458 944 gloria
2498 885 2601 946 est,
2632 877 2677 933 si
2726 879 3035 952 pinguiores
3088 862 3183 940 illo
3210 862 3482 957 produca-

1880 957 2042 1049 mur?
2092 959 2309 1019 llorruit
2345 975 2400 1021 et
2436 968 2652 1026 erubuit
2686 972 2957 1044 tribunus,
2994 985 3048 1032 et
3079 978 3147 1033 ita
3170 978 3333 1049 jussit
3363 979 3484 1036 illos

1884 1047 2170 1108 humanius
2202 1055 2408 1125 haberi,
2449 1070 2509 1129 ut
2548 1062 2801 1121 fratribus
2830 1066 2947 1138 ejus
2972 1078 3027 1125 et
3067 1047 3280 1142 caeteris
3311 1072 3483 1130 facul-

1881 1149 1965 1236 tas
1996 1142 2153 1201 fleret
2181 1147 2504 1221 introeundi,
2539 1163 2595 1210 et
2630 1155 2980 1229 refrigerandi
3016 1176 3139 1218 eum
3168 1163 3270 1233 eis,
3296 1164 3407 1236 jam
3429 1173 3485 1222 et

1886 1235 2005 1308 ipso
2030 1238 2261 1309 Optione
2290 1250 2524 1305 carceris
2543 1251 2853 1309 credente.»
2883 1254 2953 1311 Et
2980 1273 3100 1330 cap.
3128 1276 3181 1328 v,
3211 1261 3246 1317 4
3273 1235 3338 1316 τί(
3371 1262 3487 1317 Pri-

1884 1329 1973 1387 die
1997 1348 2213 1405 quoque
2241 1352 2362 1393 cum
2395 1340 2481 1396 illa
2518 1359 2673 1400 cmna
2706 1346 2911 1414 ultima,
2944 1329 3103 1421 quam
3131 1353 3354 1409 liberam
3384 1369 3485 1411 vo-

1886 1434 2033 1489 cant,
2070 1439 2326 1498 quantum
2350 1432 2402 1488 in
2427 1436 2558 1506 ipsis
2578 1448 2715 1508 erat,
2748 1456 2854 1497 non
2882 1456 3088 1500 caenam
3112 1445 3355 1517 liberam,
3389 1446 3485 1505 sed

1884 1530 2090 1587 agapen
2111 1532 2409 1593 ctenarent,
2434 1536 2537 1583 etc.
2573 1549 2592 1582 ι

1958 1612 2095 1670 Vill.
2136 1616 2307 1685 Quam
2349 1618 2466 1677 haec
2512 1635 2877 1684 consentanea
2932 1639 3057 1686 sunt
3110 1633 3489 1691 vetustissimae

1888 1702 2146 1764 Ecclesiae
2199 1710 2482 1770 catholicae
2510 1716 2831 1789 disciplinae,
2881 1737 3001 1793 quae
3029 1725 3319 1782 maximam
3347 1740 3491 1781 scm-

200 1805 441 1861 adrersus
506 1805 793 1862 haereticos
844 1806 1170 1877 epiSCOpalis
1225 1805 1431 1888 ordinis
1492 1804 1784 1860 auctoritas
1812 1816 1861 1877 Β
1888 1814 2005 1870 per,
2037 1812 2093 1858 et
2144 1815 2438 1863 maternam
2477 1823 2602 1882 erga
2643 1813 2984 1871 confessores
3011 1816 3063 1871 in
3093 1818 3320 1875 vinculis
3358 1833 3491 1875 con-

201 1899 421 1970 urgenda
472 1908 578 1967 est,
621 1897 1017 1955 Catholicorum
1050 1899 1257 1956 indices
1307 1898 1677 1971 proferuntur.
1729 1898 1787 1957 Si

200 2007 289 2062 pro
328 1991 663 2048 Moutanistis
701 1992 960 2048 adversus
1011 1990 1320 2048 Catholicos
1369 1990 1782 2059 decertandum,

202 2086 558 2157 episcoporum
612 2087 908 2142 auctoritas
933 2086 1319 2152 contemnitur,
1369 2092 1426 2141 et
1458 2084 1702 2140 Ecclesia
1730 2082 1786 2139 in

199 2180 364 2235 tribus
399 2179 546 2235 laicis
589 2181 955 2238 constituitur.
987 2180 1215 2253 Optatos
1254 2182 1435 2253 itaque
1475 2182 1785 2252 episcopus,

204 2272 312 2343 qui,
339 2272 391 2327 in
423 2273 564 2329 Actis
587 2283 896 2330 nostrorum
947 2286 1246 2348 martyrum
1279 2284 1629 2340 memoratur,
1662 2265 1789 2345 per-

204 2377 374 2436 peram
406 2365 570 2423 fuisse
602 2367 800 2423 dicitur
827 2368 1270 2424 Montanistarum
1298 2368 1787 2440 carthaginiensium

211 2462 502 2531 episcopus:
553 2462 649 2518 sed
691 2463 974 2518 catholicae
1017 2463 1385 2519 communioni
1448 2462 1680 2533 pru‘l'uil.
1734 2462 1790 2517 ιιι

210 2553 328 2623 quod
354 2553 519 2609 etiant
550 2555 617 2611 iis
640 2558 954 2627 angelorum
983 2557 1160 2613 verbis
1191 2561 1562 2620 confirmatur,
1596 2557 1792 2627 quibus

216 2645 398 2716 jubetur
425 2649 643 2720 plebem
692 2666 843 2706 suam
875 2650 1165 2723 corrigere,
1202 2671 1221 2705 ι
1246 2652 1369 2723 quia
1393 2653 1491 2719 sic,
1522 2651 1789 2723 inquiunt,

214 2739 272 2795 ad
313 2742 738 2811 teconveniunt,
786 2745 938 2816 quasi
992 2745 1059 2802 de
1107 2747 1253 2802 circo
1305 2746 1596 2802 redeuntes
1626 2755 1680 2801 et
1725 2743 1793 2799 de

209 2832 514 2895 factionibus
553 2850 844 2897 certantes.
871 2859 892 2894 ι
936 2840 1064 2897 llaec
1089 2840 1233 2895 enim
1263 2840 1423 2895 verba
1456 2855 1559 2895 non
1594 2840 1646 2894 in
1670 2854 1794 2894 eum

210 2928 329 2989 bene
383 2936 754 3003 conveniunt,
812 2935 901 3006 qui
954 2950 1246 3005 paucorum
1303 2935 1577 2990 hominum
1632 2942 1794 2990 sectae

212 3037 471 3095 prmesset,
498 3028 675 3100 qualis
708 3038 834 3083 tunc
860 3038 978 3083 erat
1003 3027 1056 3083 in
1088 3028 1264 3083 Africa
1296 3026 1737 3083 Montanistarum
1775 3043 1789 3081 :

210 3123 295 3178 sed
337 3120 426 3190 qui
474 3121 731 3191 populum
786 3130 841 3176 et
886 3118 1286 3176 multitudinem
1318 3119 1660 3188 gubernaret,
1690 3132 1793 3190 qua

1888 1894 2105 1953 stitulos
2128 1900 2363 1956 ostendit
2412 1904 2861 1976 sollicitudinem;
2896 1919 3001 1965 tam
3025 1909 3198 1967 aliena
3242 1911 3494 1974 videntur

1888 1987 1959 2043 ab
2003 1991 2314 2060 asperrimis
2362 1994 2415 2049 in
2463 2001 2700 2068 speciem
2732 2004 3179 2062 montanistarum
3210 2006 3492 2066 institutis.

1889 2077 2158 2138 Lucianus
2187 2084 2238 2139 in
2284 2086 2512 2154 epistola
2552 2090 2622 2147 de
2673 2103 2846 2150 morte
2896 2094 3196 2169 Peregrini,
3249 2109 3493 2158 veterum

1885 2172 2321 2234 Christianorum
2368 2195 2495 2253 erga
2523 2182 2718 2241 fratres
2765 2201 2894 2243 suos
2920 2204 3017 2259 pro
3046 2189 3152 2246 fide
3182 2191 3235 2246 in
3266 2193 3499 2251 vinculis

1890 2268 2117 2336 positos,
2165 2270 2375 2339 pietatis
2398 2282 2452 2329 et
2491 2276 2732 2333 caritatis
2782 2278 2981 2349 officia,
3028 2286 3274 2354 quamvis
3302 2302 3363 2343 ea
3393 2302 3494 2344 ne-

1892 2359 2024 2416 farie
2045 2362 2320 2433 deridens,
2366 2368 2622 2440 graphice
2653 2380 2831 2427 tamen
2850 2372 2936 2429 his
2958 2377 3137 2431 verbis
3171 2378 3499 2436 luculenter-

1892 2471 1997 2525 que
2019 2455 2279 2515 describit
2300 2459 2381 2531 (2)
2411 2480 2426 2515 :
2465 2481 2486 2515 ‹
2522 2464 2861 2536 Magistratus
2887 2481 3066 2526 autem
3112 2487 3302 2530 eorum
3335 2477 3496 2534 etiam

1891 2547 2038 2642 intus
2068 2564 2189 2607 cum
2216 2567 2282 2609 eo
2310 2556 2756 2616 condormiebant
2780 2604 2795 2627 ,
2837 2564 3152 2623 custodibus
3187 2573 3456 2642 corruptis
3481 2588 3496 2628 :

1897 2641 2029 2697 Dein
2075 2658 2245 2702 orente
2272 2650 2434 2704 varias
2481 2650 2977 2723 introducebantur,
3026 2668 3081 2714 et
3129 2659 3279 2717 sacrf
3311 2641 3500 2720 eorum

1894 2750 2174 2798 sermones
2223 2741 2635 2802 dicebantur....
2666 2748 2846 2820 Aliqui
2887 2752 3047 2808 etiam
3076 2768 3146 2810 ex
3178 2756 3500 2827 quibusdam

1897 2831 2038 2887 Asiae
2063 2835 2370 2894 civitatibus
2427 2850 2711 2908 venerunt,
2764 2857 2797 2899 e
2846 2846 3125 2901 communi
3166 2848 3501 2908 mittentibus

1895 2919 2242 2996 Christianis,
2273 2930 2365 3000 qui
2396 2930 2513 2987 viro
2539 2948 2699 3004 opem
2726 2932 2947 3002 ferrent,
3003 2939 3283 3012 ipsumque
3310 2943 3501 2999 defen-

1895 3016 2087 3076 derent
2116 3031 2170 3077 et
2219 3025 2651 3083 consolarentur.
2692 3027 3069 3089 Incredibilem
3099 3046 3280 3092 autem
3314 3054 3503 3108 quam-

1896 3111 2019 3168 dam
2073 3116 2403 3177 celeritatem
2446 3121 2760 3189 ostendunt,
2810 3124 2855 3180 si
2896 3126 3025 3197 quid
3075 3128 3181 3185 tale
3227 3130 3503 3201 publicum

214 3229 269 3271 se
302 3215 486 3270 merito
528 3211 814 3279 Catholici,
865 3222 924 3267 ut
974 3227 1037 3268 ex
1081 3210 1271 3267 eodem
1317 3211 1651 3267 Tel-tulliano
1681 3210 1862 3281 dis-C
1896 3208 2188 3279 contingat.
2243 3209 2391 3267 lllico
2450 3214 2595 3270 enim
2652 3216 2784 3273 nulli
2839 3220 2916 3275 rei
2972 3232 3219 3292 parcunt.
3270 3225 3505 3285 Proinde

216 3308 363 3364 cimus
376 3307 480 3382 (1),
508 3306 821 3363 efferebant.
845 3304 966 3362 Jam
993 3319 1124 3360 vero
1139 3304 1239 3359 hoc
1263 3312 1578 3375 argumento
1595 3304 1797 3375 liquere

206 3412 351 3473 puto,
394 3402 720 3471 Perpetuam
770 3408 825 3455 et
881 3399 1134 3455 Saturum
1195 3397 1480 3468 sociosque
1531 3405 1797 3469 martyres

212 3497 474 3553 catholica:
503 3493 899 3551 communionis
926 3491 1113 3560 fuiSSc,
1162 3506 1267 3547 non
1300 3500 1477 3545 autem
1529 3490 1597 3546 de
1632 3505 1798 3562 grege

216 3589 642 3647 lluutanistarum
689 3611 702 3646 :
755 3604 878 3645 cum
925 3602 1114 3644 eorum
1164 3585 1467 3642 catholicus
1511 3585 1798 3658 episcopus

214 3697 370 3740 curam
403 3693 583 3755 gerat,
636 3683 701 3738 ad
733 3696 827 3738 eos
854 3690 1119 3747 accurral,
1152 3695 1274 3736 cum
1303 3682 1382 3735 eis
1411 3679 1795 3747 communicet,

214 3777 268 3832 ad
295 3793 481 3834 eorum
532 3790 592 3831 se
623 3774 786 3846 pedes
837 3774 1034 3841 mittat,
1086 3786 1368 3829 sermones
1397 3786 1519 3827 cum
1549 3772 1630 3827 eis
1666 3771 1799 3826 mis-

214 3881 333 3937 cent,
373 3884 572 3928 eorum
611 3868 845 3939 denique
874 3881 1031 3938 opem
1073 3865 1347 3936 imploret,
1397 3873 1452 3920 et
1509 3863 1611 3935 ipsi
1656 3880 1801 3921 mar-

212 3976 339 4039 tyres
362 3982 527 4023 suum
556 3978 813 4035 expresse
842 3977 1031 4033 papam
1074 3971 1128 4017 et
1157 3961 1469 4031 episcopum
1499 3960 1794 4031 appellent.

274 4062 375 4118 VII.
417 4059 708 4116 Postremo
756 4072 854 4128 pro
887 4055 1088 4112 sanctis
1131 4054 1457 4126 martyribus
1484 4054 1799 4125 conjectura

210 4157 460 4223 nascitur,
516 4168 639 4210 cum
666 4167 732 4207 ex
784 4151 1043 4207 Ecclesiae
1073 4148 1458 4216 sollicitudine,
1509 4159 1565 4203 ut
1612 4148 1798 4219 splen-

213 4247 324 4304 dide
362 4249 415 4303 in
444 4260 666 4304 carcere
695 4243 866 4300 sancti
904 4250 1169 4316 martyres
1196 4247 1251 4297 et
1280 4240 1577 4297 liberaliter
1602 4248 1801 4298 tracta-

217 4353 408 4409 rentur;
434 4351 545 4398 tum
562 4356 624 4396 ex
642 4338 895 4395 facilitate
910 4353 1015 4410 qua
1028 4336 1325 4393 exhibitum
1341 4337 1442 4393 sibi
1459 4338 1797 4409 refrigerium

214 4433 307 4506 ipsi
327 4447 590 4509 martyres
620 4433 994 4499 admittebant,
1029 4433 1097 4488 ab
1122 4433 1267 4487 omni
1312 4447 1534 4503 prorsus
1564 4433 1796 4491 morosi-

212 4537 311 4587 tate
325 4532 482 4587 alieni
498 4544 643 4600 ,quae
658 4529 712 4584 in
734 4526 1029 4601 hypocritis
1043 4534 1099 4583 et
1118 4526 1401 4594 haereticis,
1420 4527 1483 4583 iis
1496 4528 1797 4600 praesertim

1902 3299 2193 3372 Peregrino
2238 3312 2365 3360 tunc
2410 3307 2595 3363 multa:
2624 3310 2868 3379 pecuniae
2913 3314 3285 3385 mittebantur,
3316 3330 3503 3377 etnon

1901 3396 2149 3465 exiguum
2209 3408 2527 3468 proventum
2576 3402 2719 3459 hunc
2769 3404 3053 3463 lucrifecit.
3084 3427 3104 3461 ι
3164 3408 3271 3467 Sed
3312 3410 3503 3471 Chris-

1901 3487 2077 3543 tianos
2115 3489 2216 3545 hac
2237 3491 2306 3547 de
2356 3507 2417 3547 re
2444 3492 2774 3554 disserentes
2805 3497 3108 3581 audiamus.
3141 3501 3372 3561 Sanctus
3397 3505 3505 3578 Cy-

1900 3580 2122 3652 prianus
2173 3581 2415 3654 pluribus
2457 3586 2808 3658 epistolarum
2851 3580 3087 3651 suarum
3124 3595 3258 3654 locis
3306 3599 3505 3658 veteris

1900 3674 2061 3746 hujus
2106 3676 2363 3734 Ecclesiae
2402 3682 2805 3741 consuetudinis
2859 3689 3138 3757 meminit,
3190 3704 3243 3749 et
3284 3693 3339 3749 in
3388 3693 3507 3753 hac

1901 3783 2007 3824 non
2040 3769 2223 3826 minus
2262 3787 2422 3843 quam
2472 3774 2527 3829 in
2569 3775 2672 3831 alia
2702 3791 2848 3833 cuna
2892 3784 3179 3851 pastoralis
3206 3786 3382 3844 ofﬁcia
3414 3804 3505 3846 se-

1901 3859 2030 3916 dulo
2058 3875 2125 3917 ac
2165 3863 2402 3921 solerter
2447 3867 2713 3925 incubuit.
2771 3870 2846 3927 Ita
2878 3874 3020 3929 enim
3053 3875 3154 3933 hac
3184 3880 3250 3936 de
3280 3897 3340 3937 re
3368 3899 3508 3953 pra:-

1901 3955 2032 4025 cipit
2082 3957 2309 4028 epistola
2365 3962 2572 4029 quinta,
2614 3979 2777 4035 quam
2832 3982 2863 4023 e
2909 3983 3126 4026 secessu
3178 3973 3395 4046 scripsit
3438 3978 3507 4033 ad

1900 4050 2119 4106 Clerum
2148 4068 2164 4104 :
2194 4072 2215 4104 ‹
2240 4054 2510 4121 Quantum
2541 4067 2719 4115 autem
2743 4061 2811 4118 ad
2842 4074 3091 4136 sumptus
3117 4072 3506 4146 suggerendos,

1902 4145 2016 4201 sive
2044 4146 2151 4203 illis
2203 4149 2292 4219 qui
2323 4149 2554 4221 gloriosa
2596 4169 2731 4212 voce
2761 4155 2930 4214 Deum
2980 4162 3235 4233 confessi,
3282 4166 3334 4222 in
3384 4183 3507 4224 car-

1900 4252 2027 4295 cere
2073 4249 2199 4296 sunt
2229 4242 2540 4311 constituti,
2569 4246 2688 4304 sive
2733 4249 2818 4317 iis,
2861 4252 2951 4323 qui
2974 4269 3240 4327 pauperes
3272 4267 3326 4314 ct
3370 4262 3510 4318 indi-

1899 4345 2089 4403 gentes
2149 4334 2440 4403 laborant,
2498 4348 2623 4409 peto
2687 4342 2821 4400 nihil
2860 4344 3025 4414 desit;
3096 4364 3218 4407 cum
3299 4368 3508 4413 summa

1901 4424 2078 4481 omnis
2121 4441 2240 4497 quae
2283 4426 2503 4485 redacta
2553 4440 2658 4499 est,
2691 4432 2805 4491 illic
2834 4437 2904 4492 sit
2953 4438 3094 4511 apud
3144 4441 3374 4501 clericos
3398 4445 3511 4503 dis-

1895 4521 2101 4577 tributa
2146 4533 2366 4594 propter
2396 4526 2662 4596 ejusmodi
2715 4514 3276 4598 casusiutbabcrent
3305 4539 3509 4611 plures,

206 4623 292 4692 qui
335 4639 392 4681 se
424 4637 639 4678 morum
667 4620 927 4691 gravitate
956 4629 1011 4676 et
1042 4619 1338 4690 disciplina:
1374 4620 1666 4691 asperitate
1686 4620 1800 4691 jac-
1824 4623 1879 4685 1)
1905 4613 2047 4670 unde
2105 4615 2173 4671 ad
2211 4618 2564 4675 necessitates
2606 4629 2660 4676 et
2712 4637 2995 4693 pressuras
3024 4628 3353 4700 singulorum
3382 4650 3514 4705 Ope-

210 4722 334 4783 tant,
356 4726 414 4772 ut
441 4724 599 4771 erattt
621 4713 980 4778 Montanistm,
1000 4712 1137 4769 solet
1153 4721 1210 4767 ut
1226 4712 1512 4790 plurimum
1540 4713 1801 4772 eminere.

210 4808 463 4865 Actorum
496 4810 636 4874 loca,
675 4822 794 4879 qum
820 4806 924 4862 huc
955 4806 1244 4875 pertinent,
1296 4805 1599 4861 adnotanda
1654 4815 1798 4873 sunt,

212 4914 317 4973 cap.
342 4919 379 4971 ι,
420 4901 453 4974 §
483 4901 521 4955 2
547 4918 560 4954 :
612 4918 632 4952 ς
654 4899 732 4955 lbi
762 4910 892 4955 tunc
919 4897 1135 4954 Tertius
1161 4907 1217 4953 et
1246 4897 1598 4970 Pomponius,
1631 4898 1802 4955 bene-

208 4992 327 5050 dicti
355 4995 616 5051 dia’cones
658 4992 747 5064 qui
779 4992 935 5049 nobis
961 4991 1362 5057 ministrabant,
1404 4991 1804 5049 constituerunt

209 5091 375 5158 pretio
396 5099 459 5146 ut
478 5089 663 5162 paucis
687 5088 835 5144 horis
858 5088 1062 5156 emissi,
1093 5088 1144 5143 in
1166 5086 1444 5143 meliorem
1482 5087 1655 5144 locum
1677 5102 1801 5144 car-

212 5185 341 5239 ceris
364 5184 812 5256 refrigeraremus
826 5202 844 5236 ι
862 5198 981 5254 cap.
997 5198 1074 5249 ut,
1095 5182 1124 5254 §
1143 5184 1195 5238 l:
1219 5201 1239 5235 ι
1254 5182 1453 5239 Deinde
1467 5193 1588 5254 post
1604 5199 1803 5255 paucos

212 5273 339 5344 dies,
371 5276 591 5334 Pudens
642 5276 797 5332 miles
839 5276 998 5347 Optio
1041 5278 1358 5349 praepositus
1408 5277 1664 5345 carceris,
1713 5278 1803 5345 qui

211 5384 305 5428 nos
321 5373 498 5445 magni
531 5373 706 5428 facere
731 5373 920 5442 ccepit,
951 5370 1253 5442 intelligens
1273 5386 1521 5442 magnam
1548 5371 1799 5428 virtutem

214 5477 327 5521 esse
372 5469 426 5521 in
471 5466 650 5535 nobis,
684 5467 882 5522 multos
912 5463 1108 5522 fratres
1138 5467 1204 5520 ad
1234 5481 1333 5523 nos
1374 5465 1710 5530 admittebat,
1743 5479 1803 5524 ut

212 5566 263 5612 et
302 5575 400 5615 nos
441 5570 497 5616 et
541 5561 618 5615 illi
668 5560 898 5616 invicem
948 5559 1392 5631 refrigeraremus
1439 5575 1559 5631 cap.
1589 5578 1640 5629 v,
1667 5560 1694 5635 §
1719 5564 1753 5620 5
1786 5581 1799 5617 :

210 5669 238 5704 1
267 5651 397 5709 Cum
425 5673 454 5712 a
485 5656 699 5712 tribuno
723 5655 1032 5727 castigatius
1079 5668 1146 5710 eo
1169 5662 1556 5724 tractarentur,
1590 5655 1710 5729 quia
1737 5673 1803 5713 ex

283 5820 360 5892 (Ι)
388 5820 500 5878 Lib.
530 5822 595 5879 de
622 5820 870 5895 Jejuniis,
902 5836 1021 5894 cap.
1054 5822 1140 5879 11.

1904 4708 2012 4764 rari
2056 4710 2285 4781 possint.
2317 4731 2337 4764 ι
2385 4712 2434 4768 Is
2486 4728 2653 4785 porro
2692 4727 2809 4773 erat
2846 4719 3157 4779 christiana:
3187 4725 3358 4796 plebis
3384 4746 3512 4802 erga

1904 4802 2247 4862 confessores
2289 4805 2533 4877 affectus,
2587 4821 2646 4865 ut
2692 4826 2802 4868 non
2848 4815 2896 4870 ei
2951 4816 3051 4871 hac
3104 4819 3157 4875 in
3211 4834 3367 4893 parte
3412 4825 3512 4881 sti-

1905 4895 2082 4951 mulos
2126 4896 2347 4965 addere,
2399 4900 2494 4956 sed
2523 4899 2746 4960 fratrum
2775 4906 2843 4962 ad
2886 4922 3134 4968 carceres
3161 4929 3508 4989 concursum,

1904 4988 1970 5043 ad
2017 4988 2281 5047 fovendos
2300 4992 2509 5050 scilicet
2534 5004 2695 5068 atque
2724 4998 3103 5061 refocillandos
3147 5010 3508 5085 confessorcs,

1979 5174 2058 5267 (1)
2086 5182 2164 5269 ,οἱ
2190 5174 2233 5269 3:
2252 5180 2299 5269 ἓν
2321 5184 2451 5232 τέλει
2489 5186 2570 5234 καὶ
2596 5185 2749 5238 αὐτῶν
2785 5188 2867 5240 καὶ
2907 5195 3236 5248 συνεκάθευδον
3263 5201 3388 5253 ἔνδον
3409 5199 3515 5269 μετ’

1902 5250 2428 5328 spumaret”ch
2450 5261 2560 5315 τοὺς
2580 5258 2954 5324 erumpamu-
2985 5262 3093 5316 εἷτα.
3120 5268 3288 5321 δςῖπνα,

1903 5323 2245 5410 ιὶςεκῗμίξετξ,
2268 5324 2358 5410 uati.
2377 5326 2482 5392 λόγσ
2492 5349 2522 5410 (-
2536 5329 2649 5396 ἱεροὶ
2672 5332 3286 5410 E3V§IV_31§70W0.....K¢3

1904 5398 2078 5483 toi-2H3?
2125 5402 2251 5483 Aen/ef
2279 5397 2454 5483 1:161:03»
2500 5404 2624 5483 ﬁeri?
2668 5402 2728 5483 ᾦν
2765 5406 2876 5483 ἧκόν
2907 5430 3051 5474 τινες,
3087 5431 3177 5469 τῶν
3214 5420 3515 5483 Χριστιανδν

2058 5467 2069 5484 r
2405 5474 2430 5488 η
2590 5479 2611 5491 ,,
3012 5465 3050 5474 ”
3100 5465 3149 5469 ⁷⁷⁷
3214 5465 3231 5467 “
3266 5465 3510 5483 """""

1908 5465 2192 5558 arena-noua
2220 5467 2428 5558 eitrélrov
2456 5492 2634 5558 nomen,
2659 5479 2979 5558 βῖηθήσςεντες
3006 5486 3089 5534 καὶ
3116 5492 3514 5558 ξωαγορεῦσιντες

1907 5540 2479 5631 ³ξ⁴²ρταρέμυθηῐ⁶μξϊοι
2531 5551 2611 5596 τδν
2648 5540 2832 5631 ἓνδριο,
2849 5542 3098 5631 Araxe”?
3120 5540 3173 5631 ἐξ
3199 5540 3249 5611 τί
3368 5540 3516 5631 ὲέέᾶἑ

1907 5611 2251 5705 δτξιδιίκνυζται
2276 5615 2467 5705 ἔπειθέν
2491 5622 2770 5705 τιῐῖοιοῧτον
2784 5611 2990 5686 ﬁam-fret:
3008 5626 3249 5695 δημόσιον,
3275 5636 3321 5685 ἓν
3336 5611 3518 5705 βξαὲίεὶ

1910 5682 2058 5705 μ.--μ’.
2102 5702 2113 5705 -
2174 5690 2271 5705 Δανν
2330 5704 2336 5705 κ
2627 5690 2719 5705 ἱ.-
2830 5696 2838 5705 ι
2944 5702 2981 5705 _

1908 5684 2003 5771 Zap
2028 5683 2274 5771 ἀφειδοῦσι
2304 5688 2506 5771 xciv-rm:
2538 5683 2639 5771 Ιξαιὶ
2755 5683 2841 5746 re;
2858 5707 2922 5764 τῷ
2943 5683 3198 5771 nepa-lyp“?
3221 5683 3515 5765 4:615??er

1909 5756 1999 5849 ἧκξ
2048 5766 2278 5849 ζρτέμεξτε
2303 5755 2421 5846 ’πέρ’
2449 5761 2603 5849 dif“?
2653 5765 2734 5815 ἐπε
2780 5755 3019 5838 «pagatim.
3040 5755 3142 5839 ,ὧν
3173 5756 3383 5849 ’δισμῶη
3417 5755 3514 5849 νυξὶ
3582 5792 3589 5797 '

1914 5828 2137 5895 πρόσοδον
2166 5828 2218 5880 οὗ
2232 5833 2409 5898 μικρὰν
2429 5834 2607 5892 ταύτην
2628 5828 2905 5901 itaret-(James.
3040 5832 3046 5839 ’
