3988 6310
227 295 338 353 169

828 292 892 350 IN
932 291 1324 350 FRAGMENT.
1359 290 1444 347 DE
1481 290 1576 348 SS.
1619 287 1975 348 SCRlPTL'R.
2021 289 2296 348 CALVONE
2337 289 2883 349 ANNOTATIONES.

3425 297 3526 353 1ἴο

230 435 390 491 etiam
437 432 692 505 suffragio
730 433 964 489 damnati
1016 434 1345 490 viderentur.
1394 433 1821 488 Christianorum
1853 433 1900 493 A
1929 441 2138 499 runtur,
2183 449 2304 488 cum
2345 433 2468 490 boni
2497 434 2594 489 viri
2634 434 2702 489 sit
2748 443 2803 490 et
2848 433 2986 506 aequi
3030 433 3224 504 iudicis
3265 433 3425 491 dubia
3473 437 3525 492 in

231 527 395 582 etiam
424 514 657 583 maxime
682 528 918 583 omnium
958 527 1246 592 intererat,
1293 525 1555 598 siquidem
1605 526 1831 582 fuissent

234 618 368 676 falsa
392 662 409 687 ,
439 635 508 676 ne
536 636 660 676 vera
683 621 1062 687 crederentur,
1091 620 1285 692 quibus
1317 629 1491 676 tantos
1521 619 1678 690 hujus
1708 619 1830 674 vita:

237 712 510 768 cruciatus
561 723 667 768 tam
708 714 850 769 nulla
883 715 1181 770 futurorum
1205 713 1546 785 przcmiorttm
1580 714 1828 769 mercede

229 808 509 865 lucraturi.
527 805 641 862 Non
658 818 738 862 est
753 809 930 880 itaque
950 807 1090 880 quod
1136 791 1474 876 suSpicetnur
1495 817 1829 878 contetnptas

229 899 333 956 has
375 901 542 956 fuisse
587 902 966 967 narrationes;
1011 899 1108 955 sed
1136 914 1265 955 vero
1309 913 1524 955 onmem
1555 899 1731 970 potius
1760 902 1828 956 ab

228 997 476 1068 utriSque
509 995 838 1068 diligentiam
880 996 932 1051 itt
977 995 1082 1051 illis
1121 995 1373 1052 cruendis
1417 995 1535 1050 fore
1578 996 1831 1052 adhiben-

231 1089 378 1146 dam.
416 1108 440 1145 ι
478 1088 628 1157 Quod
681 1091 726 1145 si
771 1090 902 1145 Acta
930 1089 1210 1160 Perpetua:
1259 1090 1327 1144 ab
1382 1097 1600 1145 auctore
1645 1104 1828 1145 ccazvo

232 1185 464 1240 collecta
495 1183 662 1239 fuisse
686 1183 979 1255 Basnagitts
1008 1193 1199 1256 negat,
1239 1183 1348 1254 jam
1395 1199 1460 1238 eo
1502 1199 1586 1240 res
1639 1183 1832 1239 recidit

234 1287 296 1332 ttt
333 1293 548 1332 omnem
582 1293 686 1332 non
714 1277 890 1333 solum
922 1277 1194 1333 miraculis
1217 1318 1230 1342 ,
1279 1274 1374 1332 sed
1404 1276 1562 1332 etiam
1601 1276 1828 1333 visiOni-

234 1369 341 1425 bus
373 1370 531 1426 ﬁdem
559 1369 900 1444 derogemus,
925 1378 980 1426 et
1003 1369 1069 1425 ad
1102 1379 1321 1425 externa
1352 1379 1666 1440 argumenta
1696 1384 1829 1426 con-

236 1465 504 1517 trovcrsia
538 1472 646 1518 tota
679 1472 986 1525 revocetur,
1017 1463 1070 1517 in
1101 1460 1293 1532 quibus
1317 1460 1546 1516 vidimus
1573 1469 1831 1532 quantum

236 1554 527 1626 Perpetua:
590 1570 752 1611 causa
829 1553 1140 1624 triumphet.
1212 1554 1409 1610 Demus
1462 1562 1639 1609 tatnen
1685 1554 1833 1626 paria

231 1663 358 1706 esse
390 1667 508 1722 qua:
549 1649 601 1706 in
645 1658 924 1722 utramque
950 1659 1156 1722 partem
1203 1659 1475 1707 momenta
1513 1649 1674 1706 modo
1702 1649 1834 1707 aﬂ‘e-

323 1888 390 1894 ‘--
455 1888 481 1892 -.
501 1887 508 1892 .
1053 1887 1062 1896 ,
1263 1888 1284 1890 ..
1307 1889 1314 1892 _
1375 1886 1402 1894 ,υ
1465 1886 1487 1891 ..
1575 1885 1682 1892 ά--ο
1957 1886 2312 1894 _—_—_———_
2821 1883 3446 1894 --——-—~.—_———————.,-——.q

249 1887 497 1936 E-‘c-n-
512 1925 592 1935 -ιοοο
619 1923 960 1935 .-νο-’νονκὴ-
983 1925 1004 1933 δ
1019 1926 1030 1934 ο
1047 1925 1144 1935 φιλο
1161 1923 1330 1933 ...α-..ο
1348 1923 1484 1934 ...ο-
1531 1926 1604 1934 ἡ..-
1632 1881 3530 1938 αρῴ-ᾔ-.Μ

619 1923 960 1935 .-νο-’νονκὴ-
983 1925 1144 1935 -ον-δλρ
1161 1923 1484 1934 ...θρα-...ρ-
1531 1926 1604 1934 ἡ..-
1632 1927 1694 1935 α...

1703 1923 2106 1935 tun—‘—

1214 2076 1446 2202 AN
1460 2071 2056 2208 NOTAT
2069 2071 2376 2209 ION
2392 2076 2592 2201 ES

1933 526 2206 581 meliorem
2261 528 2435 596 potitts
2469 536 2672 598 partem
2713 541 2871 598 quam
2905 528 2958 582 in
2997 527 3323 584 deteriorem
3363 529 3528 586 inter-

1934 621 2131 692 pretari
2156 663 2170 685 ,
2203 632 2257 676 ct
2286 637 2444 677 nemo
2487 637 2592 693 qua
2621 619 2817 676 fruitur
2868 621 3022 677 bonae
3061 622 3218 678 famae
3257 632 3310 678 et
3345 623 3530 680 existi-

1934 716 2183 771 mntionis
2243 717 2614 786 possessione,
2664 715 2765 770 nisi
2809 717 2980 772 malus
3019 717 3182 772 certis
3226 715 3435 772 indiciis
3477 725 3532 773 et

1933 809 2228 879 perspicuis
2273 811 2603 879 argumentis
2641 807 3071 876 demonstretur,
3119 809 3242 865 exui
3287 809 3528 876 debeat,

1931 901 2080 955 nullo
2120 900 2280 955 modo
2321 900 2732 970 permittendum
2777 911 2894 957 erat
2934 911 2990 956 ut
3026 917 3088 957 ea
3131 919 3248 974 qua:
3279 903 3388 973 jam
3438 917 3534 973 per

1932 992 2454 1063 qnindecimsmcula
2495 1002 2656 1050 rectre
2681 993 2800 1050 fidei
2848 1005 2899 1050 et
2929 995 3224 1050 sanctitatis
3261 997 3536 1051 existinm-

1931 1086 2078 1141 tione
2121 1086 2288 1158 gavisi
2328 1096 2491 1154 sunt,
2541 1086 2612 1142 ob
2655 1087 2802 1144 leves
2840 1087 3100 1158 quasdam
3151 1088 3530 1158 conjecturas,

1937 1182 2194 1252 Perpetua
2218 1182 2456 1251 sociique
2486 1191 2749 1254 martyres
2764 1163 3292 1250 exuerentuernod
3320 1182 3537 1253 quidem

1933 1274 1985 1329 in
2008 1289 2167 1330 causa
2198 1273 2298 1330 fttit
2345 1284 2400 1329 ut
2451 1273 2503 1329 iu
2535 1274 2634 1330 hac
2663 1277 3031 1332 controversia
3081 1275 3384 1332 defensoris
3413 1292 3540 1346 par-

1935 1377 2014 1425 tes
2044 1370 2096 1423 in
2126 1383 2212 1424 me
2233 1367 2376 1423 ultro
2405 1368 2760 1439 susciperem,
2814 1380 2870 1427 et
2907 1370 3046 1424 hanc
3086 1369 3537 1439 qualemcumque

1936 1477 2109 1518 meam
2147 1460 2581 1517 dissertationem
2627 1462 2680 1516 in
2728 1459 2996 1531 publicum
3043 1461 3380 1526 emitlerem,
3421 1475 3542 1531 qua:

1937 1565 2047 1612 tota
2077 1565 2272 1627 quanta
2314 1566 2429 1624 est,
2461 1557 2662 1613 utinam
2693 1556 2746 1611 in
2777 1556 2868 1613 Dei
2925 1556 3184 1614 honorem
3229 1564 3285 1613 et
3313 1547 3541 1628 gloriam

1940 1660 2236 1722 martyrum
2268 1650 2454 1708 cedat!

1957 1886 2312 1894 _—_—_————

704 2346 826 2432 IN
881 2345 1727 2432 FRAGMENTUM
1778 2342 2271 2433 INCERTI
2309 2345 3008 2434 SCRIPTOBIS

246 2567 526 2712 DE
604 2565 1425 2720 CANONE
1539 2573 1798 2724 ss.
1851 2575 1854 2577 λ
1901 2571 3548 2728 SCRIPTURARUM.

250 2813 337 2902 (L,
367 2815 906 2902 A;Mumtor.41iliqq.
937 2819 1054 2870 Ital.
1083 2819 1231 2872 medii
1251 2819 1360 2879 levi.
1383 2827 1417 2874 ι.
1443 2837 1511 2874 ttt.
1537 2823 1631 2875 col.
1655 2827 1766 2877 854.
1794 2827 2013 2878 Galland.
2042 2826 2171 2880 Bibl.
2205 2832 2328 2880 Vell.
2357 2831 2466 2880 PP.
2490 2835 2524 2880 t.
2552 2845 2601 2892 u,
2631 2846 2681 2896 p.
2701 2831 2812 2882 208.
2837 2831 3017 2884 Routb.
3040 2835 3195 2899 Reliq.
3213 2851 3313 2888 scr.
3356 2841 3392 2888 t.
3436 2853 3500 2902 tr,
3522 2852 3573 2902 p.

315 2901 373 2948 5.
399 2898 563 2955 ,Ever.
608 2901 778 2952 Stoctt.
807 2903 1066 2954 Comment.
1109 2904 1170 2954 de
1195 2903 1308 2956 libr.
1351 2909 1420 2958 Ν.
1453 2907 1510 2957 Τ.
1535 2908 1562 2972 §
1591 2908 1670 2970 65,
1713 2924 1762 2973 [ι.
1803 2911 1912 2962 199,
1956 2911 2284 2962 Freindaller.
2326 2921 2608 2977 C0nunent.,
2638 2914 2772 2968 Liuc.
2804 2917 2941 2968 i802.
2971 2898 3286 2973 Kirchuoser.
3335 2898 3574 2983 Qucllen—

313 2997 473 3035 sanun
493 2985 612 3050 lung
629 3001 714 3038 mt-
738 2988 1036 3040 Geschichte
1057 2990 1149 3041 der
1171 2991 1720 3045 Neutestameutlichen
1741 3008 1939 3047 canens.
1965 2995 2160 3048 Zurich.
2186 2996 2322 3046 i8l2.
2350 3012 2398 3062 p.
2423 2997 2470 3059 1,
2494 2998 2570 3062 2.)

1573 3132 2305 3234 sevoco—ae»?

337 3373 555 3432 Primus
600 3373 919 3430 Muratorius
955 3373 1302 3430 veterrimum
1348 3349 1451 3428 hoc
1497 3371 1668 3428 edidit
1724 3370 1870 3441 lrag-
1899 3374 1948 3435 Β
1980 3385 2000 3420 ι
2036 3381 2098 3425 ac
2127 3379 2412 3441 propterea
2457 3384 2583 3442 spes
2614 3369 2742 3428 mihi
2775 3382 3023 3444 superest
3078 3355 3192 3434 fore
3236 3387 3291 3433 ut
3326 3379 3580 3439 libentius

259 3481 546 3539 mentum,
580 3471 633 3526 in
662 3486 768 3542 quo
807 3469 877 3526 dc
912 3453 1120 3525 canone
1148 3467 1281 3524 Novi
1310 3465 1640 3524 Testamenti
1673 3465 1866 3537 agitur.

269 3563 327 3620 Is
352 3578 486 3619 vero
506 3563 929 3634 inAntiquitatum
947 3560 1248 3616 Italicarum
1270 3561 1423 3616 medii
1451 3557 1597 3627 ιιΕυὶ,
1624 3570 1769 3614 tomo
1791 3572 1870 3612 ttt.

264 3655 498 3711 Mediol.
528 3656 686 3723 1740,
721 3655 786 3710 de
811 3656 997 3710 codice
1039 3665 1181 3710 msto
1201 3696 1216 3720 ,
1244 3669 1308 3709 ex
1325 3669 1432 3725 quo
1453 3652 1593 3708 idem
1616 3651 1873 3720 desump-

267 3757 393 3804 tum
420 3756 504 3803 est
530 3791 544 3813 ,
577 3747 691 3803 hzec
721 3749 1016 3819 przctnisit:
1053 3765 1072 3800 ι
1105 3746 1212 3803 Sed
1241 3747 1454 3818 quando
1477 3746 1742 3819 capimus
1762 3744 1876 3799 vul-

275 3861 297 3896 ‹
340 3857 474 3898 nera
504 3842 682 3897 rimari
711 3842 904 3898 litteris
946 3841 1144 3899 inﬂicta
1168 3883 1183 3907 ,
1216 3842 1340 3898 dum
1374 3841 1523 3899 rudia
1550 3842 1746 3898 sa'cula
1772 3842 1872 3896 de-

1988 3480 2006 3514 ι
2047 3478 2076 3518 a
2105 3463 2394 3520 lectoribus
2421 3465 2740 3536 accipiatur,
2770 3481 2833 3522 ac
2879 3469 3144 3540 praecipue
3173 3472 3316 3542 quod
3343 3475 3579 3546 antiqui-

1983 3574 2002 3608 ι
2039 3565 2200 3612 tatem
2231 3557 2472 3613 redoleat
2498 3573 2706 3614 summe
2734 3559 3116 3618 venerabilem.
3165 3583 3182 3616 ι

2050 3649 2253 3707 Deinde
2277 3651 2738 3721 ostenditopinari
2765 3669 2824 3710 se
2873 3653 3192 3714 Muralorius
3230 3659 3577 3719 tribuendum

1977 3757 2098 3799 esse
2121 3743 2475 3815 fragmentum
2519 3745 2670 3812 Caio,
2693 3746 2936 3802 ecclesia:
2959 3747 3213 3806 Romana:
3234 3756 3580 3825 presbytero,

1979 3837 2069 3908 qui
2115 3837 2294 3892 floruit
2340 3840 2538 3895 sacculo
2579 3852 2810 3897 exeunte
2857 3843 3112 3898 secundo.
3181 3843 3325 3900 Idem
3375 3849 3590 3905 censuit

277 3954 300 3989 ‹
340 3945 663 4002 currerent,
711 3952 779 3992 ne
837 3936 940 3992 hoc
990 3936 1206 4008 quidem
1255 3935 1702 3993 dissimulandum
1745 3945 1826 3992 est
1863 3975 1879 4002 ,
1983 3944 2196 4000 quoque
2226 3929 2296 3985 cl.
2343 3930 2653 3989 Gallandius
2688 3934 2739 3988 in
2786 3934 3179 4006 prolegomenis
3241 3939 3368 3993 tomi
3420 3956 3455 3994 ll
3495 3941 3588 3995 Βί-

277 4049 299 4082 ί
344 4029 777 4100 itnperitissimos
811 4039 865 4086 ct
902 4029 1300 4087 indoctissimos
1347 4031 1592 4086 homines
1633 4029 1876 4086 crebrius
1983 4024 2248 4081 bliolheca:
2287 4041 2399 4082 sum
2445 4026 2704 4093 Patrum,
2755 4043 2806 4098 ι).
2865 4028 2960 4095 25,
3013 4039 3069 4084 et
3126 4041 3410 4102 propterea
3443 4035 3588 4104 quod

281 4143 304 4176 ‹
343 4139 505 4194 quam
537 4133 695 4180 antea
741 4123 908 4180 fuisse
953 4123 1221 4182 adhibitos
1257 4123 1325 4179 ad
1371 4122 1754 4179 exscribendos
1788 4136 1881 4177 co—
1983 4116 2254 4183 Miltiadis,
2283 4121 2368 4175 vel
2399 4131 2453 4176 ut
2484 4120 2571 4176 hic
2596 4121 2851 4178 sctibitur
2877 4137 3103 4189 nomen,
3141 4123 3391 4181 Miltiadis
3421 4167 3436 4192 ,
3469 4126 3588 4184 ha:-

283 4235 306 4270 ι
343 4215 524 4285 dices,
570 4231 705 4289 quos
749 4226 1029 4288 propterea
1073 4216 1346 4274 erroribus
1402 4231 1466 4273 ac
1517 4215 1766 4272 sordibus
1815 4213 1882 4270 ad
1988 4212 2137 4268 retici
2165 4213 2441 4283 cujusdam
2471 4218 2799 4273 mentionem
2825 4217 3008 4288 injecit
3051 4217 3338 4290 fragmenti
3367 4233 3586 4290 auctor,

287 4330 308 4364 ι
351 4325 604 4368 nauseam
621 4327 787 4383 usque
807 4311 1044 4381 repletos
1065 4311 1326 4368 intueare.
1347 4310 1426 4366 Ex
1458 4310 1540 4366 his
1565 4325 1670 4366 non
1686 4324 1886 4380 paucos
1989 4305 2128 4363 istud
2188 4306 2327 4363 idem
2372 4317 2684 4380 excerptum
2715 4309 2826 4364 vult
2869 4309 3182 4367 Gallandius
3223 4314 3492 4384 pertinere
3520 4317 3590 4370 ad

286 4423 310 4458 ί
359 4419 469 4476 pra:
509 4405 754 4462 manibus
802 4404 992 4471 habui,
1039 4414 1093 4461 et
1119 4405 1421 4476 exemplum
1475 4405 1672 4460 afferre
1697 4404 1886 4475 juvat,
1989 4400 2406 4471 disputationem
2444 4418 2604 4472 quam
2650 4401 2904 4458 adversus
2927 4401 3591 4464 ProculutnseuProclum

297 4519 319 4554 ι
363 4500 505 4572 quod
538 4517 643 4556 non
686 4516 793 4557 uno
821 4503 1038 4558 nomine
1065 4542 1080 4566 ,
1111 4501 1210 4557 nisi
1252 4500 1380 4555 mihi
1410 4499 1566 4556 fztcile
1594 4499 1843 4554 blandior
1869 4539 1884 4564 ,
1991 4494 2450 4570 Cataphrygarnm
2517 4508 2840 4554 sectatorem
2869 4498 3030 4555 Caius
3058 4505 3381 4574 composuit.
3446 4507 3592 4560 Ano-

291 4611 314 4646 ι
356 4593 530 4649 lucem
552 4609 844 4666 exposcere
875 4594 1102 4651 videtur.
1127 4591 1743 4649 AsservatAmbrosiana
1783 4591 1891 4647 ΜΘ·
1994 4604 2188 4661 nytnus
2223 4591 2365 4646 enim
2419 4591 2650 4662 scriptor
2691 4591 2830 4663 apud
2874 4591 3161 4648 Eusebium
3198 4594 3292 4650 lib.
3328 4612 3356 4648 ν
3424 4597 3590 4664 llisl.,

293 4707 316 4740 ι
360 4686 688 4743 diolanensis
715 4687 1034 4744 bibliotheca
1068 4689 1535 4746 membranacenm
1565 4687 1834 4751 codicem,
1859 4699 1892 4741 e
1994 4697 2043 4739 c.
2081 4684 2164 4750 ιϐ,
2199 4701 2291 4739 seu
2319 4701 2476 4755 supra
2509 4685 2560 4740 in
2589 4685 2696 4739 vol.
2734 4699 2854 4742 meo
2878 4701 2931 4749 ll,
2965 4701 3016 4756 p.
3047 4687 3134 4755 75,
3162 4688 3262 4743 sub
3289 4689 3462 4759 ipsum
3494 4693 3595 4747 iui~

301 4800 322 4834 ι
365 4779 619 4837 Bobieusi
649 4790 926 4851 acceptum
961 4824 976 4846 ,
1031 4781 1184 4852 cujus
1210 4781 1500 4852 antiquitas
1530 4794 1665 4850 pene
1696 4777 1760 4832 ad
1792 4792 1890 4832 an-
1919 4775 1964 4838 C
1999 4777 2130 4831 tium
2160 4777 2374 4847 operis,
2425 4778 2564 4847 quod
2597 4775 3249 4850 adrersus-Cataphrygas
3275 4791 3591 4851 contexuit,

301 4892 323 4926 ι
363 4889 462 4928 nos
506 4873 653 4930 mille
695 4873 955 4930 accedere
999 4874 1131 4930 mihi
1162 4875 1272 4930 visa
1317 4883 1421 4930 est.
1473 4873 1717 4944 Scriptus
1751 4869 1895 4926 enim
2001 4867 2250 4925 haeresim
2307 4870 2546 4926 nominat
2593 4868 2860 4926 Miltiadis.
2923 4869 3077 4936 Quod
3115 4880 3293 4926 tamen
3330 4872 3595 4932 Gallandii

304 4985 325 5017 ε
369 4964 468 5020 fuit
489 4965 680 5024 litteris
702 4967 1014 5039 majusculis
1034 4977 1086 5024 et
1107 4966 1628 5039 quadratis.Titulus
1651 4967 1898 5036 praelixtts
2003 4973 2420 5034 argumentum,
2467 4962 2674 5018 etiamsi
2725 4961 2794 5018 de
2836 4961 3070 5018 lectione
3113 4961 3399 5032 Miltiadis,
3445 4967 3598 5038 cujus

305 5077 326 5112 ι
367 5061 546 5116 omnia
586 5059 772 5117 tribuit
817 5060 1053 5117 Jobauni
1094 5059 1481 5132 Chrysostomo
1505 5103 1520 5128 ,
1567 5059 1662 5115 sed
1713 5059 1901 5113 immc-
2003 5054 2126 5109 loco
2152 5053 2435 5109 Alcibiades
2464 5053 2704 5109 nonnulli
2752 5053 2936 5109 volunt
2964 5069 3257 5124 reponere,
3296 5056 3428 5113 satis
3472 5075 3602 5116 con-

307 5171 329 5206 c
368 5154 494 5221 rito,
529 5171 583 5225 p.
616 5155 744 5211 851.
783 5175 801 5209 ι
843 5155 990 5225 _Tum
1018 5170 1146 5212 vero
1175 5157 1384 5212 caeteris
1418 5156 1730 5211 tractatibus
1758 5196 1772 5223 ,
1811 5153 1902 5224 qui
2009 5146 2206 5202 Stitcrit
2232 5187 2248 5213 ,
2280 5145 2419 5200 haud
2462 5147 2592 5202 satis
2641 5144 2842 5201 valeret
2897 5145 2962 5202 ad
3028 5145 3195 5203 hocce
3246 5148 3600 5220 fragmentum

302 5249 361 5306 in
387 5249 574 5307 codice
613 5251 991 5318 continentur,
1029 5253 1371 5318 memoratis,
1406 5253 1578 5323 pergit
1607 5251 1685 5305 rir
1719 5251 1786 5306 cl.
1834 5250 1841 5304 i

2008 5239 2138 5296 Caio
2167 5239 2566 5296 vindicandum.
2607 5239 2777 5296 Porro
2819 5239 3194 5298 Muraloriaua:
3214 5243 3282 5300 de
3305 5243 3438 5300 Caio
3475 5261 3606 5302 con-

305 5344 551 5401 scribere
584 5363 598 5400 :
633 5362 652 5395 c
687 5344 768 5400 Ex
785 5345 975 5402 eodem
1006 5360 1134 5416 ergo
1160 5346 1346 5402 codice
1370 5361 1472 5418 ego
1502 5345 1744 5416 decerpsi
1773 5343 1910 5415 frag-
2007 5334 2232 5405 jectura:
2262 5341 2586 5406 opposuerat
2614 5349 2733 5388 sese
2760 5332 2824 5388 V.
2859 5333 2920 5387 D.
2953 5332 3254 5390 Everardus
3279 5335 3559 5396 Stoscltius
3588 5383 3604 5408 ,

317 5458 337 5493 ί
374 5448 617 5495 mentum
656 5440 1088 5509 antiquissimum
1120 5483 1134 5504 ,
1178 5440 1244 5496 ad
1295 5454 1556 5496 canttncm
1609 5439 1908 5493 divinarum
2013 5431 2104 5500 qui
2152 5432 2267 5502 ipse
2305 5431 2357 5485 in
2397 5427 2831 5484 Commentatioue
2877 5429 2941 5484 de
2981 5428 3249 5485 Librorum
3280 5431 3418 5488 Novi
3470 5434 3608 5492 Test.

319 5554 340 5587 ι
377 5534 775 5604 Scripturarum
821 5544 1090 5605 spectans.
1150 5534 1288 5589 Nulli
1330 5533 1616 5605 diligentia:
1647 5547 1841 5603 peperc

2014 5523 2262 5592 Conone,
2315 5521 2564 5579 Francol‘.
2614 5521 2681 5576 ad
2742 5520 2993 5577 Viadrum
3045 5524 3179 5579 edit.
3241 5540 3384 5582 anno
3425 5528 3610 5597 1755,

320 5645 343 5680 α
383 5636 443 5683 ut
468 5627 583 5699 ejus
631 5638 903 5684 auctorem
941 5627 1244 5697 detegerem
1273 5668 1288 5693 ,
1340 5627 1605 5695 simulque
1655 5623 1910 5680 rescirem
2016 5618 2370 5690 fragmentum
2424 5627 2545 5687 post
2589 5615 2937 5672 Muratorium
2968 5616 3232 5688 repetivit.
3267 5617 3356 5675 Ait
3383 5621 3528 5676 enim
3559 5621 3614 5677 in

323 5741 344 5774 ι
384 5737 514 5778 num
548 5721 805 5778 hactenus
850 5713 1055 5777 editum
1104 5721 1281 5777 fuerit.
1323 5720 1431 5775 Nisi
1478 5734 1565 5776 me
1612 5717 1915 5774 fefellerunt
2020 5713 2068 5786 §.
2130 5714 2237 5782 65,
2292 5729 2343 5783 p.
2418 5710 2561 5775 199,
2619 5722 2932 5782 argumenta
2979 5728 3100 5783 quzc
3149 5711 3216 5766 ad
3254 5713 3616 5784 conjecturam

325 5835 347 5870 ι
384 5816 568 5880 oculi,
611 5825 704 5872 aut
743 5814 1098 5886 complurium
1143 5814 1400 5870 librorum
1443 5811 1727 5878 defectus,
1757 5823 1917 5880 quem
2023 5820 2174 5860 suam
2237 5802 2720 5861 commendandam
2765 5803 2905 5860 idem
2954 5805 3110 5860 alIert
3160 5804 3518 5871 Muratorius,
3566 5809 3616 5862 ei

330 5927 353 5962 t
390 5925 499 5967 non
528 5909 696 5965 semel
723 5909 915 5975 doleo,
949 5924 1207 5981 nusquam
1239 5905 1566 5980 deprehendi
1589 5905 1920 5976 cvulgatutn,
2028 5914 2215 5973 parum
2249 5898 2637 5975 probabilitatis
2666 5896 2954 5958 conciliare
2983 5919 2996 5955 :
3053 5917 3071 5951 t
3111 5898 3263 5967 Quod
3292 5901 3432 5957 enim
3463 5900 3624 5962 Caius

561 6005 847 6070 PATIOL.
889 6003 999 6068 lli.
3005 5992 3044 6058 ὓ
