3950 6310
331 290 438 353 1θὸ
1166 286 1261 350 DE
1303 292 1459 351 VITA
1490 291 1579 349 ΕΤ
1614 289 1927 349 SCRIPTIS
1956 285 2168 349 HARCI
2205 287 2461 350 MINUCII
2508 289 2799 349 FELICIS.
3527 290 3630 351 196

328 413 686 487 llieronymus
718 412 799 486 (l)
829 414 930 468 hoc
954 411 1130 485 palam
1157 419 1452 482 aperteque
1473 416 1806 466 asseverant.
1836 405 1923 478 lp-
1947 407 2000 469 Α
2025 425 2132 480 quo
2154 418 2397 481 tempore
2414 408 2620 465 scilicet
2640 409 2870 466 etimicze
2888 409 3260 481 superstitioni
3280 416 3427 468 esset
3448 410 3627 467 adhuc

326 516 499 562 semet
525 521 653 561 vero
683 506 943 562 Minucius
976 504 1125 560 initio
1166 504 1245 559 sui
1274 504 1392 558 libri
1436 503 1514 575 (2)
1551 502 1738 558 scribit
1763 501 1926 556 Octa-

326 600 473 656 vium
500 602 565 656 ad
606 616 667 658 se
716 601 938 655 Romam
983 599 1228 665 venisse,
1260 608 1421 670 atque
1452 612 1556 651 una
1587 612 1707 652 cum
1736 610 1802 651 eo
1824 636 1839 659 ,
1870 602 1927 650 et

325 695 496 750 altero
520 695 719 750 comite
743 695 897 765 paulo
924 704 1044 766 post
1079 692 1283 749 Ostiam
1318 692 1571 762 petivisse
1599 707 1614 745 :
1644 704 1661 742 ι
1692 689 1824 746 Cum
1858 687 1926 744 ad

325 787 648 844 vindemiam
673 831 690 856 ,
724 789 925 859 inquit,
956 787 1101 843 feria!
1128 786 1464 858 iudiciariam
1492 801 1676 841 curam
1708 784 1921 840 relaxa-

327 891 530 947 verant,
574 902 594 935 ι
626 882 676 937 id
705 892 805 942 est.
830 897 951 937 cum
978 896 1009 935 a
1036 880 1233 935 forensi
1267 879 1470 943 labore,
1502 893 1607 948 quo
1637 893 1730 947 per
1754 887 1924 931 totum

326 990 524 1030 annmn
570 974 950 1045 occupabatur,
993 970 1382 1027 vindemiarum
1416 975 1657 1040 tempore
1684 976 1921 1024 vacaret.

294 1134 297 1137 ν
324 1068 513 1123 Nonne
539 1068 699 1122 etiam
725 1065 978 1122 Octavius
1006 1064 1074 1121 de
1102 1080 1162 1121 se
1191 1064 1309 1137 ipso
1332 1106 1346 1127 ,
1374 1064 1519 1120 etde
1548 1064 1803 1128 Minucio,
1839 1061 1924 1119 vel

322 1159 500 1231 pOIius
526 1154 740 1214 Minucii
764 1162 970 1214 tantum
992 1158 1209 1214 nomine
1237 1156 1404 1213 dixit:
1441 1174 1458 1207 ι
1495 1144 1611 1215 Non
1644 1163 1819 1210 tamen
1847 1169 1927 1210 sa-

321 1242 551 1323 crilegos
603 1253 816 1323 aliquos
860 1262 914 1308 et
940 1252 1195 1317 incestos,
1230 1249 1524 1320 parricidas
1551 1250 1712 1305 etiam
1735 1248 1924 1303 defen-

321 1344 530 1402 dendus
556 1356 616 1402 et
643 1346 873 1402 tuendos
900 1347 1326 1417 suscipiebamus
1359 1360 1375 1399 :
1405 1345 1504 1399 bes
1535 1358 1685 1410 vero,
1721 1358 1740 1396 δ
1777 1343 1927 1399 scilla

318 1444 410 1495 τοι
438 1436 777 1495 Christianos
802 1481 817 1506 ,
871 1448 890 1493 t
928 1456 1025 1495 nec
1069 1438 1365 1495 audiendos
1394 1443 1445 1493 in
1492 1436 1660 1493 iotqu
1694 1437 1921 1508 putaba-

319 1549 438 1589 mus
454 1533 559 1607 (5).
583 1552 604 1587 ι
631 1518 711 1588 Ex
728 1532 924 1604 quibus
940 1533 1109 1604 liquet
1139 1532 1313 1601 illum,
1334 1547 1456 1587 cum
1482 1532 1731 1588 ethnicus
1749 1530 1925 1586 adhuc

320 1639 490 1694 esset,
514 1625 769 1682 causidici
797 1641 991 1682 munus
1020 1626 1239 1682 obiisse.

390 1715 477 1773 lii.
525 1747 596 1758 —
632 1716 826 1773 Verum
856 1722 1038 1773 uestra
1068 1725 1226 1774 aetate
1251 1717 1333 1774 vi'r
1361 1717 1666 1774 uberrimini
1698 1715 1922 1789 ingenii,

2029 503 2294 571 addictus,
2321 502 2578 560 causidici
2609 518 2832 559 munere
2856 503 3024 560 fuisse
3053 504 3410 574 perfunctum.
3444 504 3626 574 Neque

2030 616 2160 655 vero
2186 600 2307 670 jure
2335 601 2455 671 quis
2504 611 2714 671 regerat
2769 600 3051 656 Octavium
3095 602 3177 655 bic
3208 617 3237 655 a
3283 599 3516 655 Minucio
3556 599 3629 655 ita

2031 691 2339 764 loquentem
2385 694 2601 760 induci;
2646 693 2890 765 adeoque
2922 693 3049 749 illud
3079 710 3243 749 unum
3293 705 3350 749 ut
3396 693 3631 748 maxime

2030 788 2157 843 inde
2179 788 2355 859 colligi
2396 803 2577 856 posse,
2608 787 2887 844 Octavium
2916 788 3157 859 quidem,
3191 800 3299 843 non
3326 796 3503 842 antem
3525 785 3629 841 bli-

2030 880 2243 935 nuciuin
2265 921 2281 947 ,
2326 896 2608 936 causarum
2643 892 2924 951 patronum
2950 881 3146 952 egisse.
3174 881 3305 948 Quis
3331 880 3475 936 enim
3498 923 3513 946 ,
3544 880 3629 934 in-

2031 976 2146 1046 quit
2172 974 2254 1030 vir
2281 960 2524 1030 eruditus
2551 972 2656 1048 (i),
2689 975 2854 1045 probe
2884 991 2989 1030 non
3036 974 3299 1045 intelligat
3349 973 3627 1028 Octavium

2033 1069 2111 1125 vel
2139 1066 2208 1125 de
2231 1078 2291 1126 se
2319 1069 2455 1140 ipso,
2483 1067 2658 1140 deque
2680 1064 2910 1123 Minucio
2933 1067 3116 1131 simul,
3138 1067 3219 1122 vel
3249 1067 3425 1138 potius
3458 1065 3632 1120 Minu-

2030 1163 2100 1219 cii
2134 1173 2337 1220 tautnm
2367 1164 2582 1218 nomine
2606 1162 2839 1230 dixisse,
2869 1181 2887 1215 ι
2921 1177 2979 1217 se
3000 1159 3289 1233 aliquando
3315 1159 3632 1231 sacrilegos,

2030 1265 2085 1311 et
2115 1257 2371 1320 incestos,
2396 1255 2697 1325 parricidas
2719 1256 2906 1320 etiam,
2930 1253 3306 1310 defendendos
3325 1262 3383 1308 et
3403 1251 3633 1307 tuendos

2031 1350 2368 1418 suscepiSse;
2395 1349 2730 1405 Christianos
2758 1361 2885 1405 vero
2910 1362 3011 1404 nec
3048 1346 3346 1403 audiendos
3376 1346 3430 1402 in
3464 1356 3633 1402 totum

2032 1436 2291 1515 putasse?
2326 1448 2345 1497 i

2103 1539 2194 1597 IV.
2236 1560 2320 1582 -σ
2349 1538 2501 1608 Quod
2530 1540 2575 1594 si
2599 1552 2709 1594 rem
2738 1538 2812 1594 ita
2842 1552 2901 1592 se
2935 1535 3133 1592 habere
3171 1535 3515 1606 perspicuum
3544 1534 3635 1599 sit,

2028 1632 2164 1689 illud
2193 1642 2406 1704 quoque
2454 1640 2794 1701 consequens
2824 1630 3018 1695 fuerit,
3044 1627 3331 1683 Minucium
3367 1637 3637 1693 nostrum,

2031 1727 2193 1783 etiam
2221 1734 2342 1797 post
2377 1724 2686 1781 christiana:
2713 1722 2989 1794 religionis
3018 1720 3429 1789 professionem,
3467 1721 3517 1774 in
3547 1735 3641 1776 co-

320 1804 689 1875 lleutnannus,
709 1810 939 1866 dubitari
967 1811 1033 1867 de
1062 1822 1203 1867 statu
1235 1806 1482 1881 Minucii,
1507 1827 1740 1883 eumque
1765 1828 1796 1868 e
1825 1828 1925 1868 nn-

2034 1820 2153 1874 dem
2183 1833 2406 1873 munere
2432 1817 2681 1872 obeundo
2712 1816 3032 1886 perstitisse.
3053 1814 3325 1885 Siquidem
3356 1812 3641 1869 Octavium

322 1917 475 1958 mero
525 1903 919 1959 causidicorum
973 1903 1091 1959 sive
1138 1903 1646 1974 iurisconsultorum
1676 1905 1923 1960 eximen-

319 1994 447 2053 dum
479 2010 602 2053 esse
628 1999 833 2053 censuit
877 1996 982 2069 μ).
1018 1994 1318 2063 Nimirum,
1347 1998 1521 2070 inquit
1553 1998 1922 2062 tleumanuus,

321 2089 666 2157 Lactantius,
700 2091 789 2162 qui
821 2091 1027 2163 primus
1058 2091 1297 2147 omnium
1331 2091 1473 2147 inter
1498 2092 1834 2162 antiquiores
1860 2106 1926 2146 eo

321 2202 547 2242 munere
572 2185 814 2242 functum
843 2201 964 2243 esse
992 2185 1283 2242 Minucium
1314 2187 1600 2257 perbibere
1639 2187 1923 2241 existima-

321 2289 428 2344 tur,
452 2280 689 2350 appellat
720 2280 870 2335 illum
897 2279 1114 2351 quidem
1146 2294 1167 2331 ι
1196 2279 1526 2335 causidicum
1551 2295 1566 2344 ;
1594 2294 1618 2331 ο
1653 2292 1716 2335 ea
1745 2288 1926 2333 tamen

320 2375 550 2447 eleganti
580 2376 805 2431 nutioue
832 2417 847 2443 ,
877 2388 981 2447 qua
1009 2374 1183 2446 ipsum
1218 2376 1323 2429 non
1371 2391 1390 2426 ι
1424 2372 1695 2429 forensem
1723 2415 1737 2438 ,
1774 2388 1792 2423 ι
1830 2364 1928 2427 Sed

326 2484 345 2519 ι
381 2466 691 2523 christiana
741 2467 1021 2538 religionis
1058 2486 1078 2520 ι
1156 2464 1489 2522 causidicum
1534 2466 1721 2521 innuat
1760 2483 1774 2519 :
1818 2479 1927 2536 quo

320 2561 493 2618 semel
523 2562 740 2633 posito,
805 2561 1070 2617 Lactantii
1116 2562 1280 2617 Verba
1326 2572 1610 2631 perperam
1651 2559 1928 2630 accepisse

323 2656 712 2729 Hieronymum
736 2655 1030 2712 arbitratur
1055 2674 1068 2710 :
1104 2656 1233 2727 quin
1262 2662 1315 2709 et
1339 2668 1406 2711 eo
1436 2653 1699 2725 precedit,
1736 2659 1795 2707 ut
1823 2642 1927 2707 sibi

326 2749 715 2820 propemodum
767 2747 1087 2819 persuadeat
1152 2746 1292 2803 baud
1340 2747 1625 2815 scripsisse
1699 2744 1927 2800 Lactan-

327 2844 458 2899 tiutn
492 2860 504 2897 :
539 2863 557 2897 ι
594 2842 858 2899 Minucius
889 2842 1038 2898 Felix
1068 2858 1175 2896 non
1207 2839 1459 2913 ignobilis
1502 2840 1642 2895 inter
1696 2837 1927 2894 causidi-

323 2951 416 2992 cos
448 2936 591 3005 loci,
628 2954 647 2989 ι
708 2921 802 2992 sed
852 2955 872 2987 ι
909 2951 1015 2990 non
1048 2934 1294 3007 ignobilis
1324 2934 1463 2988 inter
1489 2932 1790 2987 causidicos
1819 2932 1924 2987 Ec-

324 3029 505 3086 clesiae
544 3031 662 3085 fuit.
706 3050 725 3083 ι
756 3030 973 3085 Scilicet
996 3030 1104 3097 ait,
1132 3043 1198 3083 ex
1240 3025 1621 3096 compendiosa
1661 3025 1926 3096 scriptura

326 3121 464 3176 Ecce
491 3138 588 3192 pro
617 3120 862 3177 Ecclesia:
887 3163 902 3187 ,
937 3121 1095 3177 facile
1124 3119 1223 3173 loci
1243 3159 1258 3183 ,
1290 3120 1436 3173 nasci
1475 3118 1667 3188 potuit.
1702 3119 1769 3172 At
1797 3131 1928 3187 ope-

2028 1913 2096 1967 ail
2124 1926 2183 1966 se
2215 1911 2439 1965 limnam
2468 1915 2679 1965 venisse
2719 1910 2907 1965 scribit
2938 1908 3019 1978 (Ξ)
3048 1936 3062 1973 ,
3099 1927 3119 1959 ι
3152 1923 3313 1979 quum
3353 1906 3421 1962 ad
3455 1907 3643 1963 vindec

2031 2008 2196 2063 mium
2257 1999 2403 2061 feria:
2452 2003 2788 2076 iudiciariam
2843 2016 3026 2059 curam
3068 2002 3477 2067 relax:iveraut;
3517 2019 3535 2054 ι
3586 2000 3640 2057 id

2033 2112 2149 2168 est,
2181 2116 2303 2156 cum
2334 2117 2363 2155 a
2414 2099 2610 2154 forensi
2661 2097 2879 2165 labore;
2914 2114 3020 2168 quo
3063 2113 3158 2167 per
3203 2094 3469 2166 reliquum
3512 2095 3643 2151 anni

2035 2204 2246 2263 tempus
2274 2192 2651 2256 distinebatur,
2685 2189 3119 2245 incumbentibus
3141 2189 3540 2244 autumnalibus
3563 2188 3644 2244 fe-

2033 2286 2126 2342 riis
2155 2296 2389 2340 vacaret.
2422 2284 2603 2355 Neque
2628 2294 2712 2339 est
2760 2283 2977 2337 demum
3004 2296 3100 2336 cur
3121 2283 3242 2352 quis
3265 2283 3491 2336 miretur
3516 2295 3641 2336 cum

2033 2380 2294 2437 Balduiuo
2323 2381 2433 2451 ('5),
2470 2398 2488 2431 ι
2526 2380 2576 2433 iu
2609 2388 2713 2432 tam
2747 2376 2971 2449 profano
3006 2386 3058 2432 et
3096 2376 3311 2431 inimico
3354 2377 3469 2431 foro
3509 2392 3645 2432 con-

2033 2478 2226 2532 sistere
2255 2473 2582 2529 causidicum
2612 2473 2758 2542 illum
2807 2473 3080 2540 potuisse;
3122 2490 3142 2525 ι
3176 2484 3241 2526 ac
3269 2471 3497 2542 proinde
3527 2485 3639 2526 non

2033 2578 2117 2624 est
2163 2583 2260 2622 cur
2303 2566 2427 2621 inde
2472 2566 2646 2636 potius
2699 2563 2918 2636 colligat
2965 2563 3314 2619 chmannus
3345 2564 3426 2637 (4)
3468 2563 3645 2619 Minu-

2034 2660 2176 2716 cium
2224 2657 2551 2714 causidicum
2578 2654 2805 2712 Romani
2856 2652 2955 2711 fori
3002 2653 3412 2727 liaudquaqUam
3448 2655 3639 2711 fuisse.

2039 2772 2058 2805 ι
2098 2752 2162 2807 lli
2186 2752 2328 2807 enim
2360 2751 2404 2805 si
2447 2748 2820 2813 considerent,
2863 2747 3038 2803 verbis
3090 2756 3209 2802 utor
3236 2746 3518 2803 Mamacbii
3541 2746 3643 2802 viri

2032 2847 2105 2902 cl.
2133 2843 2248 2918 (ὅ),
2304 2859 2479 2915 neque
2531 2856 2749 2913 semper
2794 2842 3147 2911 imperatores
3182 2841 3390 2897 cavisse
3431 2856 3503 2896 ne
3546 2842 3644 2912 qui

2036 2949 2278 2994 nostrum
2313 2938 2539 3007 publicis
2567 2935 2882 2991 muneribus
2907 2935 3281 3007 fungerentur.
3314 2952 3489 3007 neque
3518 2952 3641 2991 om-

2028 3042 2162 3095 nes,
2196 3029 2350 3085 facile
2377 3028 2595 3101 quidem
2626 3028 2774 3084 cel‘te
2802 3026 3201 3084 confitebuntur
3228 3028 3385 3084 tertio
3414 3029 3640 3095 szeculo,

2032 3139 2141 3195 quo
2169 3122 2460 3193 Septimius
2488 3121 2720 3177 Severus
2763 3123 2969 3192 aequior
2994 3119 3289 3191 aliquando
3328 3137 3490 3192 quam
3543 3119 3644 3176 de-

326 3232 440 3272 ram
473 3216 656 3272 ludere
683 3220 765 3271 vir
787 3215 1006 3272 criticus
1024 3215 1372 3286 comperitur.
1403 3211 1553 3267 Mitto
1579 3211 1754 3267 locum
1776 3211 1925 3265 illum
1953 3214 1999 3279 C
2032 3231 2281 3273 cesawes
2324 3214 2406 3271 sui
2452 3223 2887 3280 consueverant,
2937 3211 3274 3284 “5173(6)i
3316 3223 3372 3268 ει
3404 3212 3647 3269 Mena.

326 3309 689 3366 Minuciauiiin
720 3302 879 3364 moue
906 3292 1201 3374 laudatum,
1228 3308 1391 3378 quem
1421 3308 1584 3361 unum
1616 3290 1768 3370 iniit,
1797 3301 1923 3358 aiis-

326 3422 433 3477 que
461 3403 690 3461 detorsit
716 3400 1090 3459 lleumannus.
1120 3398 1271 3457 Licet
1301 3386 1443 3456 enim
1469 3416 1534 3455 ex
1561 3398 1679 3470 eius
1705 3392 1925 3453 seuien-

328 3499 400 3554 tia
429 3499 591 3554 verba
622 3498 769 3553 illius
806 3496 909 3552 luci
936 3496 1115 3550 minus
1153 3504 1276 3565 apta
1303 3493 1699 3556 existimentur,
1731 3490 1925 3563 quibus

326 3592 589 3664 ejusmodi
628 3591 693 3647 lis
731 3591 1044 3657 dirimatur;
1075 3588 1201 3644 alibi
1235 3590 1411 3643 tamen
1442 3586 1579 3641 adeo
1617 3570 1919 3664 luculenter

327 3700 481 3741 suam
509 3699 725 3757 causam
776 3691 992 3754 perorat
1021 3678 1204 3738 noster
1238 3699 1256 3732 ι
1293 3674 1597 3735 causidicus
1621 3720 1636 3746 ,
1675 3696 1693 3730 ι
1730 3687 1784 3733 et
1808 3660 1927 3746 qui-

325 3777 449 3834 dem
477 3795 496 3829 c
532 3792 635 3833 non
666 3775 913 3848 ignobilis
939 3774 1079 3840 loci;
1114 3792 1133 3826 ι
1172 3780 1229 3828 ut
1250 3788 1409 3827 nemo
1438 3771 1595 3841 plane
1621 3768 1783 3825 fuerit
1809 3767 1924 3839 qui,

325 3871 465 3943 :equi
490 3869 688 3942 judicis
718 3873 898 3941 partes
934 3864 1035 3922 sibi
1063 3880 1280 3920 sumens
1304 3906 1320 3932 ,
1352 3863 1502 3933 iuxta
1532 3862 1699 3934 ipsius
1732 3861 1927 3933 placita

326 3963 649 4019 sententiam
690 3961 833 4018 ferre
866 3960 1150 4017 detrectet.
1182 3957 1271 4014 Sic
1300 3957 1459 4029 igitur
1487 3955 1577 4012 ille
1602 3951 1680 4028 (5)
1711 3973 1725 4012 :
1762 3973 1780 4007 ‹
1819 3953 1927 4010 Nos

325 4070 447 4109 cum
477 4053 767 4125 sacrilegos
796 4052 1032 4122 aliquos,
1061 4061 1114 4108 et
1140 4050 1375 4106 incestos
1393 4093 1407 4117 ,
1443 4048 1738 4120 parricidas
1763 4047 1928 4103 etiam

326 4145 697 4203 defendendos
718 4186 732 4213 ,
766 4153 822 4200 et
869 4144 1096 4201 tuendos
1126 4142 1590 4213 suscipiebamus;
1626 4143 1723 4196 bos
1748 4137 1930 4210 (Chri-

323 4239 557 4313 stianos)
588 4254 689 4296 nec
737 4236 1032 4294 audiendos
1064 4238 1117 4292 in
1164 4245 1335 4292 totum
1382 4235 1776 4307 putabainus.i
1826 4229 1930 4287 Ubi

325 4333 621 4389 notandum
663 4332 715 4387 in
751 4331 939 4403 primis
968 4330 1190 4387 verbum
1228 4328 1687 4399 suscipiebamus,
1716 4332 1780 4381 ex
1811 4324 1931 4379 fore

322 4435 627 4498 sumptura,
661 4432 719 4480 ut
745 4422 961 4480 adeum
992 4423 1169 4479 locum
1193 4432 1259 4479 ex
1288 4421 1565 4479 Wowerio
1588 4418 1930 4474 animadver-

322 4532 465 4576 sum.
503 4538 522 4572 ι
551 4517 795 4590 Suscepti
824 4526 845 4571 δ
876 4518 1020 4574 enim
1054 4532 1075 4569 ι
1111 4516 1354 4572 clientes.
1394 4532 1413 4567 ι
1449 4512 1678 4573 Servius
1704 4509 1773 4567 ad
1798 4509 1928 4567 illud

323 4612 677 4685 Yirgilianmn
706 4608 792 4683 (6)
820 4625 835 4665 :

786 4724 851 4777 Et
871 4716 1004 4776 ii-aus
1024 4724 1210 4774 innexa
1232 4721 1402 4773 clienti
1432 4740 1443 4769 .

329 4854 348 4888 ι
386 4833 560 4902 Vult,
601 4832 795 4906 inquit,
855 4828 1074 4902 intelligi
1117 4824 1561 4901 prievariea'tores
1600 4829 1690 4899 qui
1715 4827 1926 4898 patroni

323 4936 452 4986 sunt
477 4927 779 4996 clientium,
819 4940 955 4999 quos
986 4940 1127 4980 nunc
1153 4932 1433 4994 susceptos
1469 4941 1488 4974 ι
1520 4936 1791 4977 vocamus.
1818 4916 1921 4978 Re-

322 5022 465 5093 liqua
495 5035 655 5092 porro
681 5019 967 5075 Minuciani
998 5026 1302 5083 contextus,
1327 5030 1487 5087 quem
1517 5013 1922 5085 descripsimus,

320 5118 395 5173 ita
442 5115 720 5172 cohaerere
748 5122 1045 5170 noscuntur
1082 5108 1346 5182 ejusmodi
1375 5108 1520 5163 Vocis
1564 5107 1703 5163 illius
1731 5121 1924 5177 accep-

322 5213 476 5280 tioni,
506 5218 565 5266 ut
588 5209 827 5282 quisquis
850 5210 1111 5280 integrata
1135 5205 1369 5261 auctoris
1397 5201 1719 5259 sententiam
1751 5201 1924 5272 inspi-

320 5306 447 5376 ciat,
506 5302 736 5359 fateatur
804 5310 1052 5372 Oporteat
1122 5300 1299 5371 ipsum
1366 5296 1656 5367 aliquando
1706 5294 1922 5359 saltem,

318 5434 472 5577 MU)
511 5442 827 5517 Hieronym.
848 5442 900 5499 in
928 5441 1187 5514 Catalog.,
1208 5442 1330 5511 ‘ca'p.
1360 5434 1453 5507 58,
1476 5449 1531 5493 et
1556 5426 1727 5509 Epist.
1759 5433 1830 5491 85
1854 5432 1924 5488 ad

383 5535 598 5577 uanum.
747 5573 751 5577 ,

383 5535 598 5573 uanum.

391 5537 598 5591 agnum.
747 5573 751 5581 _

391 5590 474 5662 (2)
517 5589 715 5662 lilinuc.
744 5584 1053 5662 ῑηρξαιορη
1073 5588 1194 5658 cap.
1215 5583 1272 5640 2.

416 5659 471 5733 5)
514 5660 683 5726 Ideni,
709 5675 827 5730 cap.
855 5659 951 5733 28.
1098 5727 1131 5733 __
1230 5730 1240 5733 Α
1588 5718 1690 5733 MA
1722 5698 1771 5733 Α.

418 5718 472 5803 4)
515 5718 811 5803 lleuoianii.
848 5729 1059 5801 Purerg.
1090 5727 1329 5803 Gmliing.
1363 5741 1415 5795 si,
1441 5741 1560 5800 pag.
1586 5718 1846 5781 208-2l2.

418 5799 474 5870 5)
514 5803 711 5858 Minue.
744 5800 976 5870 Dialem,
1007 5799 1124 5869 cap.
1160 5799 1252 5870 28.
1614 5850 1617 5853 ,

391 5810 450 5877 (5
514 5810 711 5858 Minue.
744 5810 976 5870 Dialem,
1007 5815 1124 5869 cap.
1160 5810 1216 5853 *ἐξ

318 5942 325 5951 ,
392 5810 474 5955 (6i
512 5874 700 5954 Virgil.
732 5873 947 5933 aEneid.
984 5886 1057 5944 v1,
1090 5869 1216 5929 609.

2025 3310 2123 3366 der
2139 3296 2222 3384 (7)
2252 3316 2307 3365 et
2344 3306 2576 3378 Philippi
2608 3306 2873 3378 algoso.
2916 3307 3006 3377 qui
3036 3304 3174 3361 itiliil
3220 3296 3509 3362 adversum
3538 3320 3645 3361 nos

2025 3401 2426 3460 decernendum
2475 3401 2921 3457 existimaverunt
2964 3397 3043 3473 (8)
3072 3440 3087 3465 ,
3137 3398 3315 3470 adepti
3360 3406 3511 3465 sunt,
3558 3397 3646 3453 fas

2027 3495 2196 3553 fuisse
2225 3495 2537 3553 Christiano
2580 3496 2695 3549 viro
2722 3494 2774 3549 in
2816 3492 2988 3549 forum
3012 3492 3218 3561 venire,
3253 3492 3646 3564 patrocinium-

2027 3600 2131 3664 que
2157 3588 2651 3658 eoruin‘suseipei‘e
2700 3592 2841 3658 quos
2895 3593 2987 3640 aut
3022 3584 3215 3655 injuria
3267 3582 3489 3639 allectos
3547 3593 3647 3639 aut

2028 3670 2187 3739 bonis
2213 3683 2410 3753 injuste
2437 3683 2672 3752 privatos
2700 3678 2864 3735 fuisse
2889 3678 3270 3735 arbitraretur.
3313 3697 3333 3730 ι
3370 3664 3645 3732 Arnobius

2018 3779 2309 3834 enimvero
2358 3784 2585 3832 testatur
2647 3772 2726 3847 (9)
2787 3791 2806 3825 ι
2847 3772 3054 3843 magnis
3106 3770 3340 3843 ingeniis
3385 3770 3646 3842 prteditos

2031 3884 2296 3938 oratores,
2322 3881 2378 3927 et
2407 3869 2685 3926 consultos
2710 3868 2846 3940 juris
2881 3867 3185 3938 magisteria
3217 3865 3511 3922 christiana
3540 3882 3646 3923 ex-

2031 3967 2271 4039 petiissc,
2326 3965 2521 4037 spretis
2563 3963 2757 4033 quibus
2800 3960 2962 4032 paulo
3018 3968 3142 4015 ante
3193 3958 3451 4015 lidebant.
3486 3976 3504 4010 ι
3564 3957 3642 4014 Et

2036 4063 2159 4133 quis
2190 4075 2321 4116 vero
2347 4058 2557 4115 dubitet
2587 4054 2883 4113 Arnobium
2912 4052 2998 4109 bis
3037 4052 3219 4108 verbis
3245 4050 3313 4107 ad
3350 4050 3643 4106 Minucium

2034 4166 2274 4211 nostrum
2297 4195 2313 4221 ,
2342 4155 2504 4208 immo
2531 4167 2684 4208 suum
2708 4191 2722 4216 ,
2747 4150 3084 4219 respexisse,
3114 4161 3275 4217 quem
3309 4147 3451 4202 inter
3480 4146 3636 4215 ejus-

2033 4249 2181 4305 modi
2205 4257 2450 4303 oratores
2476 4254 2529 4302 et
2552 4242 2969 4315 iurisconsultus
3002 4240 3199 4312 primas
3228 4234 3416 4295 tulisse
3468 4239 3643 4310 probe

2033 4338 2481 4409 noveratiouid,
2512 4339 2654 4412 quod
2686 4337 3066 4402 Tertullianus,
3096 4353 3114 4388 σ
3147 4332 3397 4390 Hesterni
3421 4346 3639 4401 sumus,

2034 4437 2309 4509 inquiebat
2330 4433 2470 4509 (10),
2498 4442 2554 4489 et
2577 4441 2754 4489 Vestra
2782 4431 2957 4488 omnia
2989 4428 3646 4502 implevi'mus,urbes,in-

2040 4533 2211 4599 sules,
2259 4528 2847 4599 castella,muuicipia,
2879 4514 3255 4593 conciliabula,
3285 4531 3460 4579 castra
3501 4523 3639 4594 ipsa,

1957 4617 2015 4680 Ῑ)
2044 4631 2235 4701 tribus,
2261 4629 2532 4695 decurias,
2559 4635 2825 4693 senatum,
2860 4624 3032 4679 forum
3060 4640 3073 4677 :
3111 4621 3222 4677 sola
3246 4618 3398 4677 vobis
3422 4619 3643 4690 reliqui-

2035 4740 2159 4783 mus
2202 4725 2421 4795 templa.
2464 4740 2483 4775 ›
2539 4721 2725 4778 Deleat
2751 4718 2911 4790 igitur
2953 4732 3021 4773 ex
3071 4715 3182 4770 suis
3211 4710 3455 4783 Parcrgis
3495 4709 3643 4767 ﬂeu-

2029 4833 2260 4876 mannus
2333 4816 2769 4874 observationem
2818 4808 2964 4867 illam
3022 4823 3125 4881 qua
3175 4800 3466 4864 Minucium
3511 4804 3640 4863 albo

2222 4988 2298 5075 Le
2320 4998 2549 5075 Nourry.
2572 4996 3018 5075 dpparalqntom.
3047 5005 3104 5059 ll,
3130 4996 3256 5062 pag.
3294 4987 3384 5045 Η.

2102 5064 2185 5143 (2)
2230 5071 2428 5127 Minue.
2459 5064 2693 5143 Diale}.
2715 5064 2920 5143 cap.

2128 5132 2184 5213 5)
2226 5145 2471 5222 ξξθιιιυίη.
2504 5132 2814 5222 υξτήψμὲ
2837 5132 3257 5222 Μὶηιρξτῇέἐιηξ
3286 5132 3339 5190 Β.

2128 5148 2184 5213 5)
2227 5146 2471 5211 Baliluin.
2504 5146 2725 5195 Dissert.
2749 5146 2814 5193 de
2837 5146 3034 5191 Minue.
3064 5146 3202 5201 Fet,
3226 5146 3257 5206 ς
3286 5146 3339 5190 6.

2125 5223 2182 5289 4)
2226 5215 2525 5271 Heumann.
2557 5215 2659 5267 Ine.
2689 5212 2936 5280 cit.,p:ig.
2962 5205 3088 5262 ‘2l2.

2100 5146 2482 5363 ibiblamncb.
2545 5283 2692 5355 Orig.
2746 5291 2793 5337 et
2849 5280 3023 5344 Antio.
3070 5275 3262 5332 Christ.
3290 5317 3306 5344 ,
3355 5282 3488 5332 tom.
3549 5289 3631 5346 nt,

2027 5359 2290 5440 pa3'1f2g9
2316 5372 2467 5440 seqq.

2126 5432 2181 5503 6)
2223 5422 2535 5503 Tertullian.
2564 5429 2635 5503 qd
2656 5424 2900 5503 Scapti!”
2929 5438 3045 5503 cap:

2131 5490 2186 5575 7)
2226 5503 2437 5575 Euseb.
2455 5500 2527 5555 11.
2554 5498 2622 5554 Ε.
2649 5498 2747 5575 iiii.
2769 5490 2850 5563 'VI,
2875 5490 3088 5566 cup.”
3114 5501 3172 5550 et
3188 5491 3279 5549 28.

2126 5570 2185 5645 si
2222 5574 2301 5631 to.
2332 5571 2462 5629 ibid.
2497 5570 2738 5645 ορμβι.

2032 5686 2047 5715 χ
2223 5646 2426 5702 Arnob.
2466 5634 2583 5700 adv'.
2619 5642 2791 5709 (ient,
2820 5640 2910 5695 lib.
2946 5645 3144 5710 u,’pag.
3170 5634 3265 5705 2!,
3292 5636 3426 5693 edit.
3450 5635 3631 5705 Paris,

2031 5720 2480 5923 Μῗιίέὲὶτςνιυιι.
2530 5785 2794 5858 Apologct.
2852 5792 2969 5855 cap.
3000 5783 3067 5841 57
3093 5825 3107 5853 ,
3149 5780 3236 5840 ed.
3282 5780 3478 5855 Migne,
3511 5784 3551 5837 ι.
3587 5788 3630 5852 ι.

2031 5883 2093 5923 eo
2122 5908 2132 5919 .
2275 5901 2288 5917 .

2030 5883 2132 5925 CUI.
2162 5883 2288 5920 δοῖ.
