3988 6310
242 314 332 375 197

1078 317 1164 373 DE
1209 316 1365 372 \"l'l'.\
1406 312 1489 370 ΕΤ
1528 300 1837 370 SliRll’TiS
1876 302 2086 365 MARCI
2130 300 2387 368 MINUCII
2427 308 2711 371 FELICIS.

3426 314 3528 375 l98

234 435 732 506 jnriseonsultorum
776 434 1104 492 eradendum
1153 433 1421 491 statuebat
1468 453 1481 488 :
1539 435 1819 504 vigentque
1845 426 1901 489 A
1927 438 2128 486 tantum
2153 432 2311 487 habet
2341 441 2395 489 ct
2420 435 2571 490 salis.
2603 433 2880 504 Ingenium
2910 448 2939 488 a
2981 442 3169 490 natura
3202 435 3301 506 ipsi
3346 436 3526 491 datum

236 528 565 597 Firminlani
588 539 644 586 et
674 530 986 604 Hieronymi
1008 526 1706 595 auctoritas,asserentinm
1731 525 1824 580 Mi-

235 622 443 676 nucium
473 620 707 678 Felicem
732 639 837 677 non
863 622 1112 693 ignobilis
1141 621 1243 677 loci
1268 662 1284 687 ,
1314 620 1442 692 quin
1470 628 1526 676 et
1547 619 1815 691 insignem

232 713 367 769 inter
387 716 688 770 causidicos
716 715 899 770 Romae
917 716 1189 771 exstitisse
1216 714 1319 785 (Ι).

297 805 723 864 V.—Minucins
756 809 809 864 in
854 811 1165 880 paganismo
1195 809 1263 865 ab
1283 808 1603 865 incunahilis
1628 808 1825 864 educa-

230 908 311 955 tus
334 899 532 964 fuerat,
563 900 659 958 sed
691 902 744 956 in
792 902 1115 972 provectiori
1156 913 1365 957 aetatea
1405 899 1690 972 gentilium
1735 912 1824 954 su-

228 996 538 1064 perstitione
579 994 796 1062 defecit,
846 1004 904 1053 et
951 995 1301 1051 cbristianam
1339 995 1497 1051 tidem
1544 995 1826 1066 amplexus

226 1096 307 1143 est
327 1105 344 1153 ;
368 1089 818 1158 quemadmodum
847 1090 912 1145 de
941 1090 1119 1160 seipse
1150 1100 1397 1157 testatur,
1428 1089 1516 1144 ubi
1564 1089 1632 1145 de
1667 1088 1827 1145 Octa-

225 1179 309 1235 vio
332 1181 446 1235 haec
465 1180 624 1235 habet
651 1181 731 1253 (2)
765 1199 778 1234 :
813 1200 832 1233 ι
852 1180 1009 1245 Cum,
1039 1182 1282 1237 discussa
1306 1182 1558 1253 caligine,
1579 1180 1649 1239 de
1676 1192 1825 1238 tene-

225 1273 441 1330 brarum
491 1274 757 1346 profundo
802 1277 853 1331 in
906 1277 1077 1333 lucem
1133 1278 1418 1347 sapientiae
1476 1290 1531 1333 et
1582 1277 1827 1333 Veritatis

225 1382 578 1439 emergerem,
602 1384 710 1424 non
737 1369 940 1439 respuit
965 1369 1241 1438 comitem,
1287 1368 1404 1438 sed,
1436 1369 1575 1440 quod
1605 1380 1687 1427 est
1714 1370 1829 1441 glo-

225 1458 419 1525 riosus,
453 1461 751 1529 pracnrrit,
783 1480 802 1512 ι
839 1460 888 1516 id
920 1471 1022 1526 est,
1053 1461 1303 1516 Octavius
1332 1480 1416 1516 uie
1445 1462 1495 1515 in
1518 1461 1829 1517 Clll‘lSliBﬂiB

224 1549 345 1607 lidei
380 1550 711 1623 professione
733 1552 1013 1623 prwce~sit
1045 1572 1054 1604 :
1086 1544 1228 1624 quod
1259 1563 1314 1609 et
1341 1546 1589 1609 Cmcilius
1629 1552 1825 1621 innuit,

227 1641 351 1697 dmn
406 1642 611 1711 Dialogi
668 1644 819 1698 initio
878 1644 1169 1700 Minucium
1221 1655 1373 1716 rogat
1424 1663 1443 1696 ι
1480 1656 1554 1711 ιιι,
1604 1661 1726 1700 cum
1776 1646 1829 1698 in

225 1745 453 1807 utroque
484 1740 605 1791 vitae
646 1752 843 1807 genere
885 1751 1129 1794 versatus
1158 1740 1339 1808 lucris,
1370 1739 1669 1810 repudiaris
1700 1740 1833 1794 alte—

1927 526 2120 579 nonad
2151 526 2476 597 tingendum,
2508 528 2601 582 sed
2628 527 2693 582 ad
2728 529 3006 583 veritatem
3032 527 3334 594 dicendam,
3367 545 3526 599 quam

1926 619 2230 675 adulterare
2268 622 2460 678 nescit.
2499 621 2927 677 Christianorum
2959 621 3257 677 doctrinam
3293 623 3530 679 crimini-

1925 710 2025 768 bus
2073 712 2264 768 liberat
2325 726 2445 784 quae
2487 716 2678 785 pagani
2728 714 2808 769 eis
2864 712 3217 785 obiecerant;
3277 713 3533 770 adversa-

1925 806 2238 874 riorumque
2288 807 2584 862 calumnias
2647 806 2700 862 in
2754 806 2993 878 ipsorum
3051 806 3365 878 religionem
3422 816 3530 861 tam

1926 908 2048 969 apte
2094 907 2311 971 tantque
2352 899 2630 956 evidenter
2674 910 2970 971 retorquet,
3014 911 3179 968 ntse,
3208 917 3328 956 cum
3376 900 3531 956 mala:

1927 1008 2103 1049 causa?
2134 991 2485 1049 fortiSsimum
2516 995 2853 1064 maximeque
2880 994 3174 1050 timendmn
3199 1005 3534 1066 oppugnato—

1928 1104 2067 1154 rem,
2089 1097 2198 1143 tnm
2221 1087 2376 1143 bona:
2404 1088 2794 1144 nobilissimum
2820 1098 3038 1160 praestet
3068 1102 3350 1157 patronum
3375 1086 3475 1160 (l).
3507 1108 3527 1139 ι

2006 1178 2473 1237 Vll.—C:rterum
2500 1179 2569 1237 de
2590 1181 2709 1237 aliis
2733 1180 2946 1237 Minucii
2975 1182 3097 1236 vitae
3122 1181 3307 1251 gestis.
3341 1195 3535 1252 quant-

1930 1273 2021 1329 diu
2049 1275 2259 1339 vixerit,
2291 1275 2623 1345 qualiterque
2653 1276 2892 1330 mortuus
2918 1275 3007 1339 sit,
3041 1274 3206 1329 altum
3256 1271 3395 1345 apud
3440 1289 3538 1328 an-

1933 1367 2111 1437 tiqttos
2141 1377 2193 1423 et
2217 1367 2546 1423 recentiores
2576 1367 2869 1437 scriptores
2904 1365 3175 1422 silentium
3210 1385 3223 1420 :
3256 1370 3433 1433 ireque
3470 1364 3540 1420 de

1934 1468 2094 1515 (etate
2147 1476 2249 1531 qua
2280 1460 2544 1515 Minucius
2574 1458 2721 1513 Felix
2745 1460 2894 1526 vixit,
2947 1460 3270 1530 scriptorum
3313 1458 3540 1513 habetur

1934 1554 2239 1608 consensio.
2305 1548 2565 1608 Henricus
2632 1538 2941 1608 DodWellus
2990 1542 3068 1624 (ξ)
3118 1553 3383 1622 persuasit
3439 1550 3540 1606 sibi

1934 1662 2055 1702 eum
2079 1648 2335 1702 extremis
2360 1647 2517 1701 Marci
2549 1648 2805 1702 Antonini
2839 1648 3168 1717 temporibus
3190 1646 3458 1713 ﬂoruisse,
3487 1656 3545 1703 ct

1937 1737 2101 1793 David
2134 1724 2442 1794 Blotilielltis
2473 1737 2579 1814 (3);
2609 1741 2755 1796 illum
2783 1743 3043 1813 aequalem
3094 1740 3219 1796 fecit
3262 1739 3542 1806 Frontoni,

226 1844 373 1895 rum,
423 1828 651 1882 alterum
702 1829 1092 1901 cowprobaris,
1130 1849 1150 1883 ι
1189 1832 1523 1901 nempelicet
1550 1831 1830 1901 gentilium
1860 1833 1910 1894 B
1938 1833 2027 1902 qui
2050 1818 2143 1890 Μ.
2194 1834 2521 1889 Antoninum
2569 1834 2751 1890 docuit
2778 1835 2922 1891 circa
2944 1850 3143 1890 annum
3174 1833 3370 1890 Christi
3414 1832 3539 1888 160.

223 1922 666 1991 superstitionem
699 1923 1088 1989 repudiaveris,
1110 1930 1349 1978 attamen
1380 1922 1541 1977 ﬁdem
1577 1923 1831 1978 christia-

225 2028 348 2068 nam
408 2014 845 2085 comprobaveris
894 2033 912 2067 ‹
949 2015 1001 2069 in
1052 2012 1461 2084 priiséiitiarttm
1510 2022 1711 2082 tamen,
1761 2016 1832 2070 ita

225 2106 317 2161 tibi
351 2106 723 2162 informandus
753 2119 836 2163 est
864 2109 1097 2171 animus,
1131 2116 1189 2161 ut
1218 2107 1408 2163 libram
1433 2117 1619 2164 teneas
1646 2109 1838 2179 acquis-

224 2199 347 2254 simi
389 2199 621 2269 judit-is,
656 2217 756 2256 nec
791 2200 843 2255 in
879 2201 1103 2255 alteram
1152 2212 1353 2268 partem
1405 2218 1701 2271 prepensns
1751 2203 1836 2256 in-

223 2293 474 2360 cumbas,
499 2308 566 2349 ne
589 2304 697 2350 non
731 2288 839 2350 tam
866 2310 935 2351 ex
971 2295 1172 2350 nostris
1211 2296 1660 2362 disputationibus
1712 2308 1836 2353 n'ota

224 2389 517 2455 sententia,
545 2390 705 2458 quam
732 2398 802 2444 ex
850 2386 1101 2443 scitsibiis
1152 2388 1354 2459 prolata
1397 2385 1639 2443 videatur
1667 2374 1769 2464 (ὅ).
1809 2408 1831 2443 t

224 2480 400 2548 Quam
425 2482 509 2552 pie
548 2492 728 2537 autem
758 2493 812 2537 et
842 2492 1030 2538 sancte
1074 2492 1194 2552 post
1234 2482 1643 2539 conversionem
1684 2498 1836 2538 suam

226 2573 495 2631 Minucius
517 2575 735 2641 vixerit,
767 2576 849 2630 his
878 2575 1200 2642 Eucherius,
1230 2575 1607 2647 Lugdunensis
1633 2576 1840 2645 episco-

226 2684 330 2739 pus
359 2667 517 2723 docet
566 2668 743 2724 verbis
787 2666 873 2744 (4)
907 2688 921 2724 :
964 2688 983 2722 ι
1021 2667 1088 2722 Et
1124 2670 1336 2738 quando
1381 2664 1712 2724 clarissimos
1766 2669 1842 2723 fa-

222 2760 424 2815 cundia
462 2759 813 2827 Firmianum,
844 2761 1156 2827 Minuciutn,
1185 2760 1533 2833 Cyprianum,
1558 2761 1840 2827 Hilarium,

221 2851 516 2921 Joannem,
547 2855 890 2910 Ambrosium
915 2872 981 2911 ex
1012 2855 1104 2910 illo
1132 2855 1406 2912 volumine
1435 2856 1847 2912 numerositatis

222 2927 523 3004 evolvam‘?
556 2948 843 3015 Dixerunt,
876 2949 1074 3005 credo:
1128 2948 1268 3016 Quid
1309 2949 1413 3006 hoc
1452 2949 1574 3005 est?
1619 2958 1848 3021 surgunt

222 3039 438 3097 indocti
473 3050 527 3095 et
553 3043 744 3096 coelum
775 3041 1025 3112 rapiunt;
1058 3052 1110 3097 et
1140 3058 1239 3098 nos
1268 3059 1389 3098 cum
1424 3042 1683 3098 doctrinis
1720 3057 1848 3099 ecce

138 3142 147 3149 ‘
224 3133 323 3188 tibi
356 3134 411 3186 in
435 3148 621 3188 errore
646 3133 953 3188 viiluiamur
992 3143 1045 3189 et
1066 3135 1360 3206 sanguine!
1392 3134 1650 3192 Dixerant
1673 3134 1843 3199 istud;

225 3236 284 3283 et
313 3220 522 3281 idcirco
546 3235 729 3296 postea
753 3228 859 3282 vim
883 3227 1174 3283 intulerunt
1201 3229 1301 3298 ipsi
1332 3244 1523 3301 regno.
1560 3247 1580 3280 ι

296 3312 397 3376 VI.
424 3350 495 3360 —
522 3320 809 3392 Postquam
859 3321 1121 3381 Minucius
1157 3320 1373 3377 Christo
1422 3335 1621 3378 nomen
1652 3320 1840 3389 dedit,

230 3433 248 3465 ι
291 3414 535 3469 nominis
591 3413 748 3483 hujus
797 3416 1151 3471 sacramentis
1204 3416 1498 3481 institutus,
1540 3436 1559 3468 ›
1613 3425 1671 3471 ιιι
1720 3430 1844 3471 cum

222 3504 480 3561 Arnobio
508 3504 586 3579 (5)
633 3507 838 3578 loquar,
883 3508 993 3577 jam
1021 3510 1259 3564 veritatis
1286 3508 1576 3577 vindicem,
1614 3518 1845 3565 asserto-

224 3616 465 3672 remque
495 3616 553 3655 se
595 3598 950 3674 pnchuitlti).
985 3600 1260 3672 Dialogum
1309 3602 1488 3672 itaque
1535 3601 1849 3673 perscripsit

228 3693 378 3749 duas
405 3696 456 3749 in
484 3705 663 3767 partes
690 3693 1021 3759 distinctum,
1051 3711 1277 3767 quarum
1308 3696 1481 3754 altera
1510 3697 1710 3754 Caecilii
1750 3711 1847 3766 pro

225 3787 507 3856 Ethnicis,
547 3789 714 3853 altera
781 3789 986 3845 Octavii
1038 3806 1135 3860 pro
1185 3790 1504 3846 Christianis
1547 3791 1845 3847 orationem

231 3881 659 3951 complectitur;
687 3898 917 3953 eumque
948 3882 1216 3955 inscripsit
1232 3883 1524 3948 OCTAVIUS,
1555 3893 1612 3938 ut
1635 3883 1849 3939 tradunt

225 3972 548 4030 Lactantius
598 3982 651 4029 et
686 3973 1085 4047 Hieronymus:
1115 3977 1353 4031 imitatus
1390 3976 1641 4031 nimirmn
1670 3975 1851 4030 Plato-

224 4083 392 4133 nem,
438 4068 754 4124 Ciceronem
805 4070 1045 4142 aliosque
1094 4080 1323 4137 veteres,
1383 4069 1472 4140 qui
1519 4064 1849 4138 ejuscemodi

222 4156 395 4216 libris
434 4159 487 4214 in
528 4158 723 4232 dialogi
776 4160 1005 4217 formam
1061 4162 1407 4230 compositis,
1459 4161 1602 4217 illius
1649 4175 1848 4217 nomen

223 4255 594 4326 prxiixerunt
613 4256 702 4325 qui
735 4258 1033 4328 praecipuas
1062 4256 1115 4310 in
1143 4257 1223 4313 eis
1251 4255 1359 4327 agit
1387 4265 1587 4326 partes.

314 4367 337 4399 ι
386 4347 481 4401 Est
522 4360 699 4404 autem
740 4348 954 4405 Minucii
983 4350 1248 4421 dialogus,
1287 4368 1306 4401 ι
1341 4349 1513 4422 inquit
1556 4349 1628 4406 cl.
1657 4348 1851 4405 Black-

1939 1929 2186 2000 Pleriqne
2207 1946 2313 1983 non
2344 1930 2464 1984 sine
2500 1929 2709 1985 ratione
2749 1929 2967 2001 quidem
2998 1945 3123 1984 cum
3176 1935 3458 1983 numerant
3494 1926 3546 1981 in

1937 2014 2288 2092 scriptoribus
2310 2022 2491 2077 saeculi
2518 2016 2663 2077 leriii
2694 2023 3116 2086 ecclesiasticis;
3151 2037 3254 2076 non
3295 2024 3425 2076 satis
3465 2030 3546 2076 ta-

1940 2133 2063 2173 men
2092 2126 2293 2172 certum
2321 2126 2375 2172 et
2407 2119 2750 2187 perSpienum
2783 2126 2867 2172 est
2909 2116 3104 2188 quibus
3136 2115 3236 2170 :eri
3266 2115 3421 2186 hujus
3452 2132 3548 2169 an-

1940 2213 2024 2267 nis
2054 2212 2320 2276 ﬂoruerit,
2376 2210 2528 2282 cujus
2571 2210 2904 2278 potissimum
2958 2211 3299 2281 imperatoris
3342 2223 3551 2277 tempo-

1939 2296 2088 2361 ribus
2109 2298 2296 2359 llumrc
2316 2288 2531 2359 vixerit.
2553 2302 2694 2359 Gilil.
2724 2302 2933 2359 Caveas
2958 2302 3038 2377 (1)
3061 2304 3191 2358 dicit
3224 2322 3237 2357 :
3268 2322 3284 2354 ι
3301 2294 3376 2358 De
3392 2311 3552 2359 a'tatc

1941 2400 2058 2470 ejus
2085 2441 2101 2467 ,
2149 2416 2251 2471 qua
2308 2382 2461 2464 vixit,
2519 2396 2651 2452 nihil
2698 2394 2868 2452 habeo
2898 2396 3038 2468 quod
3070 2412 3169 2468 pro
3212 2395 3360 2451 ccr'to
3400 2397 3549 2450 afﬁr-

1946 2509 2095 2548 mare
2127 2493 2335 2557 ausim;
2361 2494 2403 2546 si
2436 2502 2610 2547 tamen
2642 2492 2694 2546 in
2720 2508 2780 2547 re
2817 2491 3044 2547 obscura
3076 2490 3342 2559 dubiaque
3371 2488 3550 2544 hario-

1947 2587 2045 2642 lari
2109 2587 2288 2653 liceat,
2351 2586 2656 2655 conjiciam,
2734 2584 2908 2650 illum,
2963 2595 3149 2653 utpOte
3217 2581 3550 2638 Tertulliano

1945 2697 2256 2754 supparcm,
2287 2680 2559 2755 Cypriano
2613 2678 2970 2749 antiquiorem
3015 2678 3157 2733 circa
3206 2692 3404 2733 annum
3444 2674 3554 2730 29.0

1946 2777 2225 2832 claruisse.
2265 2795 2284 2829 ι
2327 2775 2414 2831 Jo.
2467 2772 2590 2830 ΛΗ).
2636 2772 2913 2827 Fabricius
2963 2768 3044 2845 (5)
3095 2770 3367 2836 observat,
3410 2768 3556 2841 quod

1948 2885 2137 2927 omnes
2159 2872 2518 2933 consentiant,
2543 2868 2830 2924 Minucium
2854 2883 2882 2920 a
2907 2865 3239 2937 temporibus
3265 2866 3551 2931 Antonini,

1949 2963 2231 3018 Commodi
2279 2978 2343 3018 ac
2368 2962 2554 3019 Severi
2604 2977 2711 3016 non
2755 2960 2911 3029 longe
2962 2959 3218 3015 abfuisse.
3260 2955 3555 3029 Zephyrini

1950 3054 2225 3112 Pontiﬁcis
2269 3056 2496 3111 Romani
2567 3065 2723 3111 mtate
2782 3053 3069 3110 Minucimn
3111 3053 3297 3108 Horme
3357 3051 3557 3106 vixisse

1950 3150 2169 3219 conjicit
2208 3148 2508 3206 Ceillierius
2529 3146 2610 3224 (6)
2639 3164 2705 3204 ex
2733 3147 3082 3219 Hieronymo,
3106 3146 3196 3218 qui
3225 3145 3277 3200 in
3309 3144 3555 3214 catalogo

1874 3235 1919 3299 C
1952 3241 2017 3296 de
2073 3241 2204 3297 Viris
2258 3242 2539 3298 iltnstribus
2587 3240 2875 3297 Minucium
2924 3240 3063 3295 inter
3116 3238 3413 3309 scriptores
3464 3234 3556 3306 qui

1950 3336 2006 3392 id
2051 3338 2307 3407 temporis
2340 3338 2619 3400 exstitere,
2666 3337 2952 3393 recensuit.
2997 3333 3252 3405 Ejusdem
3275 3332 3558 3388 sententias

1948 3429 2099 3485 luere
2126 3430 2221 3485 viri
2244 3431 2539 3487 doetissimi
2582 3431 2845 3487 Barouius
2872 3430 2952 3503 (7)
2975 3428 3424 3485 etTillemontius
3447 3421 3552 3498 (8).

1946 3522 2140 3580 Nostra
2157 3533 2316 3580 aetate
2340 3526 2420 3580 vir
2449 3526 2520 3581 cl.
2553 3524 2639 3582 ιο.
2680 3522 2867 3580 Daniel
2896 3523 2963 3579 ab
2995 3521 3182 3579 Hoven
3222 3521 3273 3575 in
3325 3515 3557 3588 epistula

1949 3616 2018 3673 ad
2072 3616 2408 3673 Gerbardum
2465 3618 2796 3684 Meermann,
2850 3615 3135 3672 Minucium
3194 3613 3557 3682 Athenagora:

1950 3711 2212 3779 aqua'cm
2268 3708 2436 3769 {uisae
2486 3711 2771 3781 eidemque
2833 3708 3127 3779 principem
3173 3708 3317 3762 inter
3364 3705 3558 3760 latinos

1951 3798 2245 3870 scriptores
2271 3804 2593 3861 christianos
2621 3805 2796 3860 locum
2819 3802 3094 3858 vindicare
3109 3800 3428 3856 allaboravit
3450 3797 3555 3871 (9).

2024 3897 2453 3955 VlL—Prazter
2499 3898 2768 3969 dialogum
2816 3895 2976 3961 hunc,
3030 3893 3192 3949 alium
3234 3890 3449 3947 Minucii
3492 3889 3559 3944 li-

1954 3994 2107 4050 brum
2137 3993 2202 4047 dc
2249 3990 2399 4061 Fato,
2446 3992 2529 4046 vel
2559 4001 2737 4045 contra
2765 3988 3160 4044 Mathematicus
3192 3986 3555 4057 Hieronymus

1953 4088 2016 4143 de
2060 4084 2194 4140 Viris
2243 4083 2528 4141 illustribus
2578 4083 2754 4155 capite
2803 4082 2873 4138 58
2906 4124 2920 4151 ,
2980 4082 3052 4137 ita
3081 4089 3342 4137 enarrat:
3393 4097 3412 4131 ι
3446 4075 3556 4134 Sed

1952 4192 2008 4239 et
2026 4182 2167 4237 alius
2192 4180 2293 4237 sub
2329 4179 2547 4235 nomine
2575 4177 2692 4249 ejus
2741 4177 2911 4234 fertur
2965 4177 3028 4231 de
3055 4174 3191 4233 Fato
3210 4216 3227 4246 ,
3254 4176 3339 4233 vel
3376 4185 3559 4230 contra

1957 4275 2377 4340 Mathematicus,
2418 4274 2509 4343 qui
2544 4287 2666 4328 cum
2718 4272 2788 4326 sit
2824 4281 2881 4327 et
2924 4272 3038 4343 ipse
3071 4271 3260 4327 diserti
3297 4268 3555 4338 hominis,

1956 4386 2063 4428 non
2094 4369 2222 4425 mihi
2252 4367 2464 4425 videtur
2510 4382 2633 4424 cum
2679 4365 2976 4437 superioris
3005 4365 3127 4422 libri
3168 4364 3309 4438 stylo
3353 4379 3556 4421 conve-

224 4441 482 4527 svallius,
522 4461 542 4495 ι
565 4452 738 4509 acute,
766 4443 1042 4515 eleganter
1068 4460 1132 4499 ac
1162 4444 1441 4516 perspicue
1466 4445 1726 4516 digestus.
1749 4444 1853 4501 Tot

1957 4464 2093 4520 nire.
2130 4481 2150 4515 ι
2182 4461 2343 4518 Liber
2367 4460 2475 4528 hic,
2503 4461 2658 4533 cujus
2679 4460 3033 4533 Hieronymus
3055 4461 3221 4516 etiam
3247 4459 3302 4515 in
3328 4454 3559 4528 epistola

224 4524 359 4590 fere
412 4534 561 4591 ineo
595 4551 788 4607 graves
839 4539 1131 4593 sententias
1178 4532 1309 4609 quoi
1345 4536 1600 4608 periodos
1652 4540 1850 4611 depre-

1956 4558 2023 4614 ad
2046 4556 2288 4628 Magnum
2333 4554 2666 4612 mentionem
2694 4554 2821 4611 facit
2855 4556 2994 4628 (l0),
3019 4554 3182 4611 hodie
3229 4568 3335 4611 non
3378 4560 3556 4609 exstat

223 4624 462 4694 luendis,
505 4638 560 4683 et
587 4629 868 4685 sententiae
911 4630 1149 4702 quidem,
1205 4640 1398 4701 sponte
1440 4647 1506 4688 ex
1534 4637 1931 4704 argumentoD

227 4714 599 4793 proﬂuentes,
650 4723 879 4780 solerter
921 4725 1147 4779 orationi
1192 4736 1320 4781 sunt
1386 4727 1621 4781 intextzc.
1665 4726 1850 4784 Ratio-

226 4814 413 4872 nibus
448 4808 499 4870 et
540 4828 741 4888 pugnat
793 4830 847 4875 et
887 4818 1083 4886 vincit,
1136 4828 1501 4891 quantumque
1552 4822 1843 4889 acuminis,

315 4950 411 5023 (1)
453 4952 689 5008 Videnda
724 4952 800 5007 Μ.
825 4950 1041 5007 Minucii
1072 4950 1259 5008 Felicis
1291 4968 1384 5022 pro
1424 4970 1481 5009 se
1505 4964 1556 5010 et
1588 4960 1723 5009 stulti
1752 4970 1846 5009 suo

220 5023 490 5096 Epistolis
524 5025 808 5096 Apolqgica
831 5026 898 5079 ad
924 5023 990 5081 Ρ.
1025 5026 1089 5079 0.
1131 5024 1210 5079 Μ.
1260 5026 1309 5081 id
1356 5036 1466 5093 est,
1514 5025 1846 5081 Fridericum

218 5088 499 5150 Gitonem
529 5088 897 5151 M'enclicnium
920 5138 935 5160 ,
965 5111 1093 5168 qua,
1122 5098 1380 5168 adversus
1414 5088 1708 5152 ll'enmanni
1748 5099 1842 5152 ob-

220 5168 631 5235 servationem,
666 5162 998 5223 monstratur
1026 5170 1309 5224 Minucium
1336 5162 1570 5225 Felicem
1594 5169 1841 5238 iuterju-

218 5240 586 5311 recensultos
610 5255 678 5311 ac
700 5248 981 5295 causarum
1014 5251 1268 5311 patronos
1291 5243 1412 5311 jure
1434 5245 1731 5309 meritoque
1760 5241 1841 5295 lo-

221 5325 371 5380 cpm
401 5310 560 5367 tueri.
602 5309 729 5371 Hoc
781 5309 1026 5380 epistula
1050 5309 1306 5368 translata
1339 5323 1425 5370 est
1466 5315 1520 5368 in
1550 5327 1688 5369 nova
1718 5313 1847 5367 Acta

224 5378 523 5455 Εηεᾴἱζρῖ.
563 5380 723 5455 1738,
756 5378 871 5455 pag.
906 5384 1031 5439 210.

312 5401 523 5437 ἀαιιον.
563 5401 723 5448 1106,
791 5401 871 5455 ag.
906 5401 1031 5439 zw.

312 5450 403 5527 (ᾖ)
433 5452 625 5527 Minue.
660 5453 712 5508 in
740 5401 967 5526 Biulog.,
993 5460 1112 5527 Cap.
1151 5457 1201 5510 1.

313 5526 410 5592 (5)
439 5524 609 5591 Idem,
642 5538 762 5596 cap.
795 5526 849 5582 5.

318 5596 408 5670 (4)
446 5597 614 5670 Eucti.
670 5598 914 5669 Lngdnn.
946 5598 1113 5670 Epist.
1155 5599 1224 5655 ad
1260 5598 1603 5669 Valerianum,
1648 5609 1781 5657 tom.
1822 5615 1855 5656 v

222 5666 500 5740 ΒίὺζξοΙΙι.
526 5667 668 5738 ΡΡ.,
700 5666 818 5740 pag.
845 5672 970 5726 771.

320 5738 410 5810 (5)
441 5740 627 5805 Arnul,
664 5738 885 5797 loc.‘cit.

316 5812 416 5882 (li)
445 5811 518 5868 Le
542 5813 772 5890 Nourry.
807 5815 1057 5888 Apparat.
1114 5816 1184 5872 ad
1227 5815 1474 5874 Biblioth.
1514 5815 1660 5875 Max.
1710 5814 1856 5890 PP.,

232 5895 397 5947 ωω.
424 5898 497 5956 ιν,
532 5902 653 5960 pag.
687 5888 774 5941 19.

2027 4734 2105 4808 (1)
2153 4732 2467 4808 Bla_cltwal.,
2505 4734 2587 4808 de;
2617 4733 2927 4793 Praestantia
2981 4732 3257 4790 Classicor.
3315 4731 3557 4803 Ariston,

1950 4805 2202 4880 θερέω,
2234 4805 2261 4880 §
2290 4807 2343 4874 5,
2373 4822 2496 4880 pag.
2530 4806 2654 4863 495.

2044 4878 2102 4952 ἓ)
2134 4875 2385 4952 liod'vveh
2401 4875 2674 4952 Dissertat.
2695 4877 3021 4952 Cyprianica.
3042 4893 3121 4952 Ill,
3144 4876 3181 4952 ᾗ
3198 4877 3285 4943 16,
3312 4886 3434 4949 pag.
3458 4875 3552 4933 12.

2050 4948 2104 5017 3)
2130 4951 2417 5008 Blondell..
2442 4952 2505 5005 de
2531 4948 2903 5012 Eucharistia.,
2934 4966 3052 5017 pag.
3084 4948 3212 5006 119.

2046 5020 2104 5094 4)
2132 5024 2289 5085 Cave,
2316 5021 2452 5076 Hist.
2473 5024 2690 5078 lillerar.
2720 5025 2897 5094 script.
2921 5022 3083 5086 Eccl.,
3113 5034 3246 5094 toni.
3275 5038 3312 5094 ι2
3338 5037 3391 5092 p.
3428 5020 3554 5094 101.

2023 5091 2341 5169 (5)7Fabric.
2363 5094 2484 5169 Not.
2514 5091 3003 5169 ieratigmum,
3025 5097 3088 5148 de
3116 5091 3253 5149 Viris
3272 5091 3559 5149 illustribus

2023 5112 2103 5169 (θ)
2134 5112 2341 5150 ram-lc.
2363 5112 2484 5148 nor.
2514 5112 2592 5148 Λα
2615 5112 2807 5149 meron
2849 5112 3003 5157 mum,
3025 5112 3088 5148 ae

1946 5183 2064 5237 cap.
2097 5166 2186 5233 58,
2219 5182 2335 5237 pag.
2373 5165 2493 5220 153.
2524 5162 2780 5237 Biblioth.
2807 5112 3116 5222 Ecclesiast.

2019 5236 2102 5310 (ϐ)
2129 5239 2280 5292 iteini
2306 5236 2543 5310 Ceillier,
2577 5236 2714 5293 Hist.
2742 5237 2829 5293 des
2856 5237 3075 5293 Auteurs
3096 5236 3293 5293 Ecclés.
3323 5245 3455 5293 tom.
3484 5252 3547 5305 ir,

1948 5309 2105 5379 chap.
2136 5311 2228 5376 25,
2253 5324 2374 5381 pag.
2406 5309 2536 5366 222.
2780 5380 2783 5381 γ
2828 5364 2835 5369 .

2023 5380 2105 5457 (1)
2134 5380 2341 5457 paron.
2359 5382 2427 5436 ad
2453 5381 2735 5457 attn._21l.
2768 5380 2852 5453 §5
2878 5390 2933 5436 et
2952 5380 3007 5436 4.

2025 5446 2101 5525 (8)
2132 5450 2467 5519 'l‘illemont.,
2500 5446 2925 5521 Mémoir.,'tom.
2957 5469 3035 5508 nt.
3068 5446 3205 5510 Note
3220 5470 3309 5509 sur
3325 5450 3550 5523 Minuta,

1958 5526 2274 5683 Ρῗῗεδῖῗὶῗῖω
2302 5597 2531 5683 μάρτυρι
2562 5596 2739 5683 rosam
2765 5607 2990 5683 οοςιμνθι
3019 5596 3071 5680 ξεί
3107 5596 3171 5683 Y:
3203 5596 3267 5652 υ·
3300 5594 3560 5683 Mess

1959 5667 2102 5735 sibits
2125 5685 2238 5724 She
2266 5667 2540 5741 spicilegiis
2570 5670 3109 5741 critico-antiquariis.
3124 5669 3363 5741 Campis,
3364 5669 3415 5741 _l
3428 5667 3556 5741 766.

1962 5742 2161 5824 Exstat
2194 5738 2459 5824 etia_in_iu
2502 5738 2760 5797 Lindneri
2804 5738 3040 5797 secunda
3093 5740 3306 5796 Minucii
3363 5739 3560 5795 Felicis

1961 5813 2220 5876 editione,
2256 5812 2412 5868 1775.

2037 5886 2152 5963 (tu)
2180 5904 2198 5938 ι
2218 5884 2481 5945 Minucius
2500 5885 2655 5946 Felix
2668 5884 2723 5945 in
2740 5885 2880 5945 libro
2894 5886 2978 5945 cui
2996 5886 3179 5948 titulus
3190 5893 3274 5946 est
3289 5882 3553 5957 Octavius,

2087 4881 2104 5089 ξ
