3988 6310
490 320 591 375 199

1599 261 1687 367 DF
1727 308 1983 367 MINUCII
2024 305 2287 365 FELICIS
2322 306 2621 365 OCTAVIO
3659 310 3746 368 200

488 438 619 509 Ejus
644 437 928 494 Minucium
962 435 1127 493 fuisse
1158 442 1452 497 auctorem,
1477 447 1583 488 non
1608 442 1813 488 certum
1834 427 2049 501 quidem
2070 468 2086 495 ,
2115 430 2167 491 Λ
2195 427 2285 495 rit,
2312 436 2366 484 et
2384 444 2451 482 an
2484 434 2759 492 tractatus,
2789 423 2877 497 qui
2906 422 3218 497 Hieronymi
3248 423 3567 494 temporibus
3600 434 3748 481 exsta-

490 532 668 589 simile
697 542 873 588 tamen
901 546 1030 588 vero
1091 539 1195 586 est.
1227 528 1346 601 Ipse
1376 527 1519 585 enim
1558 526 1760 581 indicat
1788 539 1849 579 se
1878 522 1945 579 de
1985 520 2092 577 fato
2192 521 2303 589 bat,
2338 522 2384 578 is
2421 530 2569 578 esset
2621 536 2781 594 quem
2823 519 3164 592 promiserat,
3207 534 3273 573 an
3309 516 3483 589 potius
3518 516 3634 573 inde
3675 533 3750 576 an-

488 626 840 681 commentari
882 623 1131 689 voluisse,
1174 622 1258 677 his
1301 619 1631 691 verbis(l):
1680 636 1698 668 (
1733 620 1811 673 Ac
1858 614 1927 671 de
1979 613 2089 670 fato

489 720 641 785 satis,
673 718 755 775 vel
786 718 831 775 si
863 732 1028 789 pauca
1059 732 1155 787 pro
1189 724 1452 786 tempore,
1482 710 1800 783 disputaturi
1845 708 2000 771 alias,
2034 714 2090 762 et

489 815 708 872 uberius
736 822 790 871 et
834 813 1059 885 plenius.
1100 809 1402 880 i}.Verum,
1442 806 1763 861 observante
1801 802 1875 859 cl.
1928 799 2090 871 Dupi-

491 908 581 965 nio
608 911 714 983 (2),
746 917 920 965 utrum
944 906 995 961 in
1020 905 1127 960 alio
1148 903 1286 959 libro
1314 902 1378 959 de
1401 899 1533 955 Fato
1564 897 1794 969 amplius
1819 895 2089 952 disserue-

491 1077 546 1124 ct
574 1068 624 1123 in
653 1066 820 1123 altero
849 1075 1025 1120 contra
1052 1061 1462 1125 Matltematicos,
1510 1059 1553 1114 si
1582 1067 1756 1112 tamen
1815 1051 2091 1123 inscriptio

490 1154 597 1195 non
622 1140 877 1195 mentitur
905 1147 1202 1201 auctorem,
1234 1133 1360 1204 quid
1393 1132 1670 1204 gentilium
1686 1128 2090 1204 _scriptura_r_um

490 1211 692 1267 dimisit
724 1212 1002 1265 intactum.
1035 1229 1054 1261 ι
1092 1198 1409 1277 Hieronymi
1436 1203 1535 1273 Ep.
1564 1201 1922 1277 adgb‘laguum.
1951 1198 2042 1253 85.

564 1279 643 1354 (Ι)
679 1281 982 1354 Minuc.,ju
1009 1272 1450 1354 _0¢:t_av._Di&fag.,
1475 1272 1594 1345 cap.
1626 1272 1715 1328 56.

564 1340 643 1428 (2)
678 1340 1146 1424 υυρίη.’ΒὲὁιὶοιΙι.
1178 1350 1265 1403 des
1305 1340 1557 1413 Au'teurs,
1588 1357 1715 1401 tom.
1742 1360 1780 1412 ι,
1815 1359 1935 1415 pag.
1969 1340 2091 1399 189.

1481 1610 1923 1687 W466

852 1532 2097 1556 ——.—_.-—g————..,__——-—_——__—_

2190 635 2307 676 sam
2339 618 2656 690 arripuisset
2680 628 2869 674 auctor
2889 615 3085 686 aliquis
3138 612 3425 686 quemdam
3454 611 3651 668 Minucii
3673 629 3751 669 no-

2191 712 2760 786 minc'supponendi,
2815 712 3083 768 incertum
3131 719 3235 765 est.
3285 707 3419 763 Cum
3467 722 3590 763 vero
3646 706 3753 763 satis

2189 819 2434 878 apertum
2467 809 2536 863 sit
2565 808 2665 864 boc
2694 805 2891 877 ingenii
2942 812 3347 860 monumentum
3374 801 3644 867 interiisse,
3669 800 3753 856 mi-

2191 916 2310 957 rum
2339 916 2471 957 sane
2519 899 2659 972 quod
2700 900 2911 957 Sebast.
2954 897 3137 953 Nanus
3188 895 3557 953 'l‘illemontius
3583 895 3653 966 (Ι)
3703 891 3756 951 de

2195 994 2427 1051 Minucio
2452 994 2673 1066 ejusque
2727 992 2945 1063 Dialogo
3016 990 3229 1048 erudite
3279 990 3566 1059 disserens,
3628 988 3760 1045 addat

2195 1086 2349 1143 illud
2401 1088 2504 1160 legi
2578 1087 2718 1161 typis
2774 1086 3101 1158 exscriptum
3161 1085 3216 1141 in
3276 1082 3505 1156 quadam
3568 1082 3759 1140 Arnobii

2198 1180 2455 1238 editione.

2274 1335 2353 1411 (l)
2386 1336 2719 1408 Tillcmont.,
2748 1336 3009 1406 Mémoir.,
3044 1345 3174 1395 tom.
3208 1353 3287 1405 ιη,
3319 1352 3438 1409 pag.
3468 1335 3559 1392 75.

3440 1525 3680 1537 ——-m

1423 1669 2572 1840 ἔῖιᾞῇὸίεοῖᾝᾼιυυιξι
2600 1716 2785 1788 -Jc.

1064 1895 1124 1945 Θ

1278 1844 3004 2107 ΜεεΕΒΤᾸΤΙο

642 2269 914 2430 DE
987 2270 1788 2424 MINUCII
1868 2260 2630 2413 FELICIS
2702 2257 3657 2414 OCTAVIO.

571 2718 638 2777 Ut
683 2712 978 2786 buncisive
1006 2709 1243 2767 libellum
1263 2749 1277 2773 ,
1307 2705 1422 2763 sive
1451 2700 1721 2772 dialogum
1740 2741 1754 2766 ,
1786 2696 1877 2769 qui
1910 2694 2094 2752 multis
2123 2696 2172 2756 B
2200 2695 2539 2768 snbreptmn,
2574 2696 2861 2769 alteriqne,
2890 2711 2998 2754 non
3026 2698 3266 2765 domino,
3314 2698 3516 2770 injuste
3558 2698 3767 2769 adscrip-

491 2815 603 2886 jani
657 2810 868 2867 saeculis
907 2807 1045 2863 falso
1086 2802 1321 2860 creditus
1351 2810 1433 2857 est
1474 2797 1755 2866 dictusque
1799 2807 1921 2849 esse
1948 2800 2098 2847 octa-

496 2922 598 2962 vus
637 2903 861 2961 Arnnbii
904 2900 1164 2956 adversus
1192 2895 1421 2959 Gentes,
1481 2900 1536 2947 et
1590 2888 1980 2950 inscriberent,
2042 2892 2099 2939 et

497 3019 619 3060 esse
651 3001 810 3074 plane
836 2995 1149 3068 liquidoque
1179 2992 1506 3045 al‘tirmarem
1532 2985 1615 3040 'M.
1659 2982 1873 3039 Minucii
1905 2978 2099 3034 Felicis

502 3072 791 3160 Octauium,
859 3091 1014 3147 facile
1072 3086 1204 3143 mibi
1264 3088 1648 3157 persuaserunt
1692 3078 1800 3134 duo
1844 3085 1899 3131 et
1928 3072 2094 3139 boni,

499 3197 555 3245 et
575 3186 778 3254 antiqui
800 3229 813 3253 ,
842 3192 900 3240 et
938 3195 1128 3254 graves
1160 3188 1323 3235 testes
1346 3183 1737 3245 auctoresque,
1790 3170 2099 3225 Lactantius

499 3292 661 3353 atque
698 3278 1077 3348 Hieronymus.
1118 3273 1213 3329 Ille
1252 3268 1395 3326 enim
1446 3280 1666 3323 suarum
1708 3262 2099 3318 Institntionnm

498 3377 597 3433 lib.
627 3391 666 3442 ι,
690 3390 811 3445 cap.
849 3373 940 3434 li.
968 3372 1099 3427 citat
1127 3386 1146 3419 ε
1184 3364 1474 3421 Minucium
1517 3359 1750 3417 Felicem
1800 3357 1853 3411 in
1893 3372 1994 3423 eo,
2041 3362 2101 3409 ut

500 3470 617 3536 ait,
676 3469 843 3530 libro,
900 3465 988 3536 qui
1059 3460 1299 3516 Octavius
1363 3454 1695 3513 inscribitur.
1735 3471 1753 3504 ι
1808 3450 1870 3505 Et
1920 3463 1983 3504 ex
2034 3461 2100 3501 eo

503 3563 668 3622 verba
700 3559 941 3633 qumdam
968 3556 1236 3626 descripta
1288 3551 1481 3608 recitat
1533 3563 1654 3620 qua:
1683 3560 1790 3601 non
1824 3543 2102 3616 patiuntur

503 3674 605 3716 nos
631 3666 724 3712 aut
748 3652 909 3709 alium
935 3649 1168 3718 aliquem
1193 3689 1209 3714 ,
1243 3654 1334 3701 aut
1357 3643 1577 3699 alterius
1607 3640 1923 3711 cujusquam
1947 3678 1960 3701 ,
1992 3634 2102 3692 0c-

501 3752 702 3808 tavium
753 3748 974 3818 tingere.
1022 3744 1166 3799 ldem
1220 3740 1313 3796 lib.
1365 3754 1419 3803 v,
1475 3751 1593 3808 cap.
1650 3734 1701 3799 l,
1758 3732 1981 3802 loquens
2034 3728 2103 3784 de

501 3845 934 3903 Cbristianorum
986 3851 1123 3909 quos
1165 3833 1356 3903 legerit
1386 3826 1726 3900 eloquentia,
1784 3824 1960 3896 primo
1983 3824 2103 3878 loco

503 3940 647 3997 hunc
696 3936 983 3995 Minucium
1015 3930 1218 3988 laudat.
1250 3947 1270 3980 «
1309 3925 1604 3992 Minucius,
1657 3922 1864 3994 inquit,
1914 3919 2102 3988 Felix,

504 4054 614 4095 non
636 4034 886 4108 ignobilis
937 4032 1077 4087 inter
1120 4024 1420 4084 causidicos
1453 4022 1555 4078 loci
1587 4019 1705 4076 fuit.
1743 4011 1913 4088 llnjus
1937 4015 2096 4097 liber,

2204 2800 2312 2845 tum
2347 2808 2360 2857 ;
2398 2800 2456 2846 ut
2499 2803 2554 2847 et
2598 2794 2773 2865 plagio
2801 2803 2857 2851 et
2903 2802 3058 2864 partu
3103 2795 3381 2865 supposito
3427 2795 3567 2850 facta
3613 2804 3769 2849 nostro

2202 2885 2433 2942 Minucio
2460 2886 2656 2959 duplex
2692 2888 2886 2959 injuria
2918 2904 3039 2945 esse
3066 2887 3329 2944 videatur.
3373 2888 3484 2945 Sed
3533 2888 3641 2945 brec
3688 2888 3770 2943 frc-

2202 2995 2374 3050 quens
2401 2989 2481 3036 est
2526 2981 2741 3052 querela
2788 2981 2856 3037 de
2909 2981 3251 3037 librariorum
3300 2981 3435 3037 nihil
3471 2998 3576 3037 non
3601 2992 3772 3037 temere

2204 3074 2545 3130 miscentium
2593 3075 2943 3131 facinoribus.
2973 3075 3256 3142 Fortasse,
3303 3085 3361 3131 ut
3391 3075 3539 3132 hunc
3565 3075 3771 3131 libellum

2202 3170 2444 3226 Arnobio
2473 3168 2690 3241 quidam
2728 3169 3124 3235 adscriberent,
3175 3168 3421 3241 quaedam
3453 3170 3576 3240 styli
3623 3176 3672 3225 et
3703 3183 3773 3223 ar-

2204 3264 2444 3333 gumenti
2494 3262 2824 3330 similitudo,
2854 3279 2974 3334 qua:
3020 3263 3297 3333 imperitos
3344 3277 3588 3334 persaepe
3625 3261 3770 3327 fallit,

2202 3356 2329 3412 fecit
2381 3375 2395 3409 :
2441 3364 2496 3411 et
2537 3371 2657 3411 cum
2700 3356 2941 3427 legerent
3008 3354 3304 3423 Octavium,
3350 3356 3536 3412 statim
3577 3354 3776 3411 somnia-

2204 3460 2331 3507 runt
2380 3459 2629 3506 octavum
2681 3451 2913 3520 aliquem
2963 3465 3085 3505 esse
3140 3449 3355 3504 librum.
3399 3448 3647 3505 Ridicule
3674 3463 3773 3518 pro-

2204 3545 2345 3601 fecto
2383 3556 2438 3601 et
2463 3545 2665 3616 inepte.
2707 3543 2911 3601 Saltem
2954 3543 3195 3600 Arnobio
3242 3554 3504 3615 perpetua
3558 3543 3775 3600 oratione

2205 3642 2375 3695 utenti
2420 3639 2690 3711 dialogum
2750 3648 2959 3695 temere
3019 3637 3438 3695 adscribendum
3519 3656 3622 3695 non
3680 3650 3776 3693 esse

2207 3734 2553 3804 cogitassent.
2580 3731 2777 3788 Verum
2824 3731 3052 3787 iuseitim
3077 3740 3185 3786 tam
3236 3745 3378 3787 cmca
3429 3748 3591 3804 quam
3637 3727 3775 3786 conii-

2206 3824 2342 3881 dens
2367 3835 2451 3881 est
2503 3824 2745 3881 audacia.
2801 3825 2942 3881 Sane
2981 3824 3341 3897 Hieronymus
3401 3825 3592 3881 scribit
3636 3822 3779 3892 Nepo-

2202 3919 2412 3975 tianum
2448 3935 2603 3976 suum
2634 3928 2741 3975 tam
2791 3919 2843 3974 in
2890 3916 3245 3990 scriptoribus
3271 3915 3650 3974 ecclesiasticis
3674 3913 3774 3971 dili-

2208 4022 2399 4084 genter
2425 4022 2699 4069 versatum
2731 4010 2917 4077 fuisse,
2946 4018 3023 4077 ut,
3046 4010 3091 4066 si
3122 4010 3245 4079 quid
3269 4025 3335 4066 ex
3365 4010 3431 4065 iis
3454 4012 3773 4082 proferretur,

428 4194 433 4197 _
505 4130 593 4187 cui
655 4092 900 4184 δειπνῆτε
948 4122 1132 4178 titulus
1191 4129 1304 4186 est,
1373 4114 1616 4174 declarat
1676 4127 1834 4183 quam
1881 4092 2177 4164 idoneusC
2211 4107 2391 4161 statim
2411 4115 2731 4177 agnosceret
2757 4116 2917 4175 atque
2938 4104 3441 4176 discerneret,quid
3468 4100 3774 4164 Tertulliani,

504 4221 746 4281 veritatis
771 4226 1008 4276 assertor
1032 4229 1150 4271 esse
1176 4213 1473 4285 potuisset,
1506 4210 1550 4264 si
1598 4222 1657 4263 se
1709 4215 1876 4261 totum
1924 4201 1989 4257 ad
2044 4199 2100 4256 id

506 4318 741 4377 studium
769 4314 1102 4372 contulisset.
1140 4329 1160 4364 ι
1195 4307 1371 4364 Testis
1415 4305 1554 4359 alter
1578 4310 1662 4359 est
1700 4300 2064 4371 Hieronymus
2085 4336 2100 4362 ,

504 4415 595 4488 qui
639 4413 802 4478 hunc,
847 4407 1001 4465 sicuti
1028 4406 1145 4476 ipse
1175 4401 1409 4465 fatetur,
1462 4396 1799 4452 Lactantium
1848 4401 2099 4456 secutus,

505 4482 560 4565 in
611 4504 848 4575 catalogo
899 4499 1219 4570 Scriptorum
1272 4491 1727 4548 ecclesiasticarum
1775 4486 1893 4541 ait:
1930 4503 1949 4537 (
1997 4482 2097 4538 Mi-

506 4599 695 4657 nucius
719 4595 908 4661 Felix,
972 4591 1157 4646 “enim
1208 4584 1431 4656 insignis
1485 4581 1827 4645 causidicus,
1886 4577 2105 4649 scripsit

509 4696 788 4765 Dialogum
836 4685 1130 4745 Christiani
1178 4691 1233 4740 et
1271 4678 1480 4737 Ethnici
1534 4676 1919 4748 disputantium
1948 4717 1964 4743 ,
2014 4674 2105 4745 qui

512 4788 751 4845 Octavius
802 4781 1135 4841 inscribitur.
1172 4797 1192 4831 ι
1264 4774 1411 4831 ldem
1484 4774 1537 4829 in
1595 4770 1821 4843 cpistola
1867 4769 1935 4823 ad
1983 4765 2105 4822 Ma-

508 4902 687 4960 gnum,
742 4890 1015 4941 oratorem
1071 4876 1405 4941 Romanum,
1462 4890 1482 4923 ι
1540 4869 1834 4932 Minucius,
1876 4864 2104 4936 inquit,

512 4981 662 5038 Felix
683 5023 697 5045 ,
730 4975 1036 5036 causidicus
1061 4970 1287 5027 Romani
1317 4967 1416 5024 fori
1440 5009 1456 5036 ,
1496 4966 1551 5022 in
1583 4965 1721 5020 libro
1744 5007 1758 5031 ,
1806 4963 1893 5019 cui
1925 4960 2108 5018 titulus

516 5072 755 5128 Octavius
796 5078 900 5137 est,
946 5065 1072 5139 quid
1134 5061 1411 5135 gentilium
1466 5059 1851 5129 scripturarum
1907 5052 2109 5110 dimisit

510 5164 813 5224 intactum?
858 5181 877 5216 ι
912 5161 1028 5218 Jam
1050 5166 1229 5214 autem
1270 5170 1378 5211 non
1422 5167 1543 5209 esse
1570 5151 1714 5206 hunc
1755 5150 1951 5206 librum
2002 5147 2107 5201 Ar-

510 5260 681 5323 nobii,
714 5257 843 5311 satis
867 5264 1043 5326 patet,
1070 5267 1191 5308 cum
1214 5247 1428 5305 Minucii
1454 5260 1574 5302 esse
1603 5251 1843 5315 apparet.
1864 5240 1929 5295 Et
1957 5252 2107 5304 vero,

2206 4197 2337 4268 quid
2382 4198 2675 4271 Cypriani,
2706 4198 2832 4270 quid
2875 4196 3171 4265 Lactantii,
3214 4197 3341 4268 quid
3380 4196 3630 4266 Minucii,
3676 4192 3776 4267 quid

2207 4292 2497 4361 Victorini,
2526 4292 2652 4364 quid
2684 4293 2903 4349 Arnobii
2933 4302 3096 4349 esset.
3129 4292 3421 4361 Czeterum,
3456 4302 3604 4349 tanto
3643 4286 3778 4357 magis

2205 4387 2374 4441 miror
2398 4386 2681 4442 Erasmum
2713 4402 2781 4443 eo
2831 4387 2982 4456 loco,
3027 4385 3179 4441 illum
3230 4385 3352 4441 dico
3391 4387 3669 4442 Erasmum
3703 4380 3781 4436 bo-

2207 4480 2409 4535 minem
2440 4481 2705 4536 acerrimo
2737 4480 2939 4550 judicio
2983 4479 3291 4553 praeditum,
3320 4489 3377 4537 et
3419 4482 3604 4537 talium
3631 4477 3776 4547 scrip-

2209 4584 2382 4631 torum
2415 4574 2636 4630 minime
2661 4574 2913 4631 obtusmn
2953 4589 3258 4643 censorem,
3321 4586 3615 4633 annotasse
3652 4570 3779 4642 hujus

2207 4668 2424 4726 Minucii
2455 4668 2587 4723 nihil
2611 4683 2754 4724 nunc
2777 4678 3017 4724 exstare.

2279 4762 2446 4833 Cujus
2467 4762 2803 4834 p0tissimum
2853 4761 3195 4833 imperatoris
3236 4762 3571 4835 temporibus
3617 4759 3778 4817 Roma:

2209 4854 2403 4909 vixerit
2427 4866 2612 4910 noster
2638 4854 2923 4920 Minucius,
2977 4855 3212 4910 nondum
3262 4855 3398 4910 mihi
3438 4856 3572 4910 satis
3617 4854 3775 4923 liquet.

2210 4948 2567 5020 Hieronymus
2610 4949 2666 5005 in
2712 4963 2811 5004 suo
2851 4948 3127 5019 catalogo,
3176 4962 3283 5019 quo
3311 4948 3606 5018 scriptores
3629 4942 3780 5002 eccle-

2211 5047 2456 5103 siasticos
2484 5060 2550 5102 eo
2588 5041 2681 5115 qui
2736 5042 2986 5098 vixerunt
3024 5040 3214 5096 ordine
3242 5055 3529 5098 recensere
3577 5038 3774 5100 videtur,

2214 5142 2360 5198 illum
2407 5140 2626 5209 Origeui
2672 5139 3001 5210 proximum,
3045 5133 3316 5208 Cypriano
3347 5137 3579 5206 priorem
3606 5132 3776 5196 fuisse,

2214 5234 2441 5290 obscure
2480 5232 2765 5303 signiﬁcnt.
2810 5229 2916 5286 Sed
2961 5229 3118 5300 hujus
3165 5227 3362 5299 alioqui
3422 5227 3521 5283 vel-
3556 5224 3778 5282 sreculunt

512 5314 1044 5425 quod'llieronymus
1082 5346 1135 5399 in
1177 5340 1366 5399 eadem
1408 5339 1635 5411 epistola
1676 5314 1930 5407 subiicit,
1973 5329 2114 5386 indi-
2214 5327 2298 5383 vel
2326 5335 2538 5382 {etatem
2570 5341 2675 5381 non
2716 5323 2933 5379 indicat.
2962 5322 3123 5379 Certe
3152 5322 3205 5377 in
3236 5319 3488 5394 Cypriani
3517 5320 3585 5376 de
3624 5314 3776 5372 ldola.

514 5410 640 5503 care
670 5441 865 5513 alioqui
892 5410 1111 5510 poterat
1136 5433 1358 5493 Arnobii
1402 5410 1508 5489 non
1560 5445 1703 5496 esse,
1744 5443 1866 5483 cum
1896 5422 2111 5496 quidem
2215 5438 2330 5475 rum
2388 5421 2608 5474 vanitate
2656 5416 2838 5473 libello
2889 5415 3117 5488 plurima
3174 5422 3303 5470 sunt
3373 5428 3493 5487 qua:
3544 5422 3619 5468 tot
3660 5410 3775 5466 idem

514 5558 623 5599 non
676 5497 1062 5602 nisi-septem,
1108 5531 1197 5601 qui
1250 5538 1306 5586 et
1345 5528 1585 5601 jamnnm
1637 5531 1885 5585 exstant,
1941 5510 2184 5573 librosD
2210 5514 2387 5571 verbis
2418 5512 2476 5568 in
2507 5511 2728 5569 Octavio
2755 5510 2967 5566 Minucii
2998 5510 3283 5582 leguntur;
3337 5523 3561 5566 necesse
3602 5497 3775 5577 utxsitf,

516 5636 776 5695 adversus
813 5598 1015 5688 Gentes
1044 5598 1354 5684 Arnobiumv
1373 5620 1656 5694 scripsisse
1682 5624 1927 5674 testetur.
1948 5611 2114 5668 Cum-
2216 5620 2308 5664 aut
2334 5610 2476 5663 bunc
2522 5606 2590 5661 ab
2629 5605 2719 5661 illo
2744 5646 2757 5672 ,
2811 5612 2903 5659 aut
2932 5603 3078 5659 illum
3126 5603 3195 5658 ab
3225 5603 3326 5660 hoc
3375 5617 3439 5659 ea
3489 5598 3773 5670 sumpsisse.

518 5745 623 5804 que
654 5728 878 5785 alterum
921 5719 1204 5795 quemdam
1235 5718 1428 5774 librum
1473 5684 1704 5770 Minucio
1750 5717 1938 5766 nostro
1977 5704 2114 5760 falso
2221 5701 2577 5774 Hieronymus
2603 5714 2730 5754 vero
2761 5698 2815 5753 in
2847 5697 3070 5767 epistola
3100 5695 3167 5750 ad
3196 5693 3247 5750 Μ
3258 5712 3463 5766 agnum,
3496 5694 3706 5764 loquens
3722 5684 3776 5741 de

523 5785 839 5896 i'nscriptum
868 5785 1029 5874 fuisse
1067 5823 1279 5880 narret,
1310 5820 1458 5867 tanto
1498 5810 1663 5864 miror
1687 5804 1953 5874 doleoque
1999 5804 2111 5856 ma-
2219 5794 2418 5884 latinis
2456 5791 2808 5862 scriptoribus
2858 5788 3147 5857 Ecclesiae,
3194 5788 3295 5844 etsi
3347 5785 3629 5843 Minucium
3675 5785 3776 5835 ante

529 5925 611 6004 gis
637 5877 812 5989 hihic,
840 5904 933 5990 qui
976 5910 1093 5985 ejus
1136 5877 1468 5968 eratvunicus
1497 5907 1577 5959 κιὶ
1613 5912 1818 5970 γνήσιος,
1848 5897 2013 5955 fuisse
2043 5893 2116 5949 illi
2221 5877 2547 5964 Cyprianum
2576 5886 2785 5957 laudet,
2810 5893 2987 5942 tamen
3021 5885 3162 5941 iliam
3201 5881 3271 5942 de
3297 5881 3451 5942 idolis
3496 5877 3768 5940 orationem
