  <div class='ocr_page' id='page_1' title='image "/cluster/home/n/w/nwhite01/storage/ocr_20150623/3/hvd.32044015471212/150.png"; bbox 0 0 3988 6310; ppageno 0'>
   <div class='ocr_carea' id='block_1_1' title="bbox 250 269 342 325">
    <p class='ocr_par' dir='ltr' id='par_1_1' title="bbox 250 269 342 325">
     <span class='ocr_line' id='line_1_1' title="bbox 250 269 342 325; baseline 0.011 -1"><span class='ocrx_word' id='word_1_1' title='bbox 250 269 342 325; x_wconf 71' lang='grc'><strong>201</strong></span> 
     </span>
    </p>
   </div>
   <div class='ocr_carea' id='block_1_2' title="bbox 248 474 1841 548">
    <p class='ocr_par' dir='ltr' id='par_1_2' title="bbox 248 474 1841 548">
     <span class='ocr_line' id='line_1_2' title="bbox 248 474 1841 548; baseline -0.001 -18"><span class='ocrx_word' id='word_1_2' title='bbox 248 477 326 548; x_wconf 89' lang='lat' dir='ltr'><strong>gia</strong></span> <span class='ocrx_word' id='word_1_3' title='bbox 356 491 452 546; x_wconf 89' lang='lat' dir='ltr'><strong>pro</strong></span> <span class='ocrx_word' id='word_1_4' title='bbox 481 475 592 530; x_wconf 78' lang='lat' dir='ltr'><strong>Suis</strong></span> <span class='ocrx_word' id='word_1_5' title='bbox 615 477 874 531; x_wconf 86' lang='lat' dir='ltr'><strong>adversus</strong></span> <span class='ocrx_word' id='word_1_6' title='bbox 922 474 1262 530; x_wconf 84' lang='lat' dir='ltr'><strong>Jovinianum</strong></span> <span class='ocrx_word' id='word_1_7' title='bbox 1291 475 1442 530; x_wconf 87' lang='lat' dir='ltr'><strong>libris</strong></span> <span class='ocrx_word' id='word_1_8' title='bbox 1466 518 1482 541; x_wconf 92' lang='lat'><strong>,</strong></span> <span class='ocrx_word' id='word_1_9' title='bbox 1517 477 1693 545; x_wconf 90' lang='lat' dir='ltr'><strong>primo</strong></span> <span class='ocrx_word' id='word_1_10' title='bbox 1722 476 1841 530; x_wconf 89' lang='lat' dir='ltr'><strong>loco</strong></span> 
     </span>
    </p>
   </div>
   <div class='ocr_carea' id='block_1_3' title="bbox 252 569 1841 641">
    <p class='ocr_par' dir='ltr' id='par_1_3' title="bbox 252 569 1841 641">
     <span class='ocr_line' id='line_1_3' title="bbox 252 569 1841 641; baseline -0.003 -13"><span class='ocrx_word' id='word_1_11' title='bbox 252 571 668 638; x_wconf 87' lang='lat' dir='ltr'><strong>Tertullianutn,</strong></span> <span class='ocrx_word' id='word_1_12' title='bbox 707 569 944 625; x_wconf 88' lang='lat' dir='ltr'><strong>secundo</strong></span> <span class='ocrx_word' id='word_1_13' title='bbox 987 570 1335 641; x_wconf 86' lang='lat' dir='ltr'><strong>Cyprianum,</strong></span> <span class='ocrx_word' id='word_1_14' title='bbox 1362 569 1520 624; x_wconf 88' lang='lat' dir='ltr'><strong>tertio</strong></span> <span class='ocrx_word' id='word_1_15' title='bbox 1553 569 1841 624; x_wconf 74' lang='lat' dir='ltr'><strong>Minucium</strong></span> 
     </span>
    </p>
   </div>
   <div class='ocr_carea' id='block_1_4' title="bbox 248 663 1845 728">
    <p class='ocr_par' dir='ltr' id='par_1_4' title="bbox 248 663 1845 728">
     <span class='ocr_line' id='line_1_4' title="bbox 248 663 1845 728; baseline -0.001 -7"><span class='ocrx_word' id='word_1_16' title='bbox 248 673 653 721; x_wconf 85' lang='lat' dir='ltr'><strong>commemorat.</strong></span> <span class='ocrx_word' id='word_1_17' title='bbox 708 663 1040 728; x_wconf 87' lang='lat' dir='ltr'><strong>Sabellicus,</strong></span> <span class='ocrx_word' id='word_1_18' title='bbox 1087 663 1182 720; x_wconf 85' lang='lat' dir='ltr'><strong>sed</strong></span> <span class='ocrx_word' id='word_1_19' title='bbox 1223 666 1341 720; x_wconf 83' lang='lat' dir='ltr'><strong>sine</strong></span> <span class='ocrx_word' id='word_1_20' title='bbox 1394 674 1564 725; x_wconf 85' lang='lat' dir='ltr'><strong>teste.</strong></span> <span class='ocrx_word' id='word_1_21' title='bbox 1612 665 1845 719; x_wconf 79' lang='lat' dir='ltr'><strong>afﬁrmat</strong></span> 
     </span>
    </p>
   </div>
   <div class='ocr_carea' id='block_1_5' title="bbox 247 755 1844 829">
    <p class='ocr_par' dir='ltr' id='par_1_5' title="bbox 247 755 1844 829">
     <span class='ocr_line' id='line_1_5' title="bbox 247 755 1844 829; baseline 0 -15"><span class='ocrx_word' id='word_1_22' title='bbox 247 773 368 814; x_wconf 90' lang='lat' dir='ltr'><strong>eum</strong></span> <span class='ocrx_word' id='word_1_23' title='bbox 414 757 601 813; x_wconf 76' lang='lat' dir='ltr'><strong>Roma:</strong></span> <span class='ocrx_word' id='word_1_24' title='bbox 651 755 896 813; x_wconf 80' lang='lat' dir='ltr'><strong>ﬂoruisse</strong></span> <span class='ocrx_word' id='word_1_25' title='bbox 924 772 1031 828; x_wconf 94' lang='lat' dir='ltr'><strong>quo</strong></span> <span class='ocrx_word' id='word_1_26' title='bbox 1065 767 1309 829; x_wconf 90' lang='lat' dir='ltr'><strong>tempore</strong></span> <span class='ocrx_word' id='word_1_27' title='bbox 1352 756 1600 813; x_wconf 82' lang='lat' dir='ltr'><strong>Urbanus</strong></span> <span class='ocrx_word' id='word_1_28' title='bbox 1631 758 1701 812; x_wconf 90' lang='lat' dir='ltr'><strong>ibi</strong></span> <span class='ocrx_word' id='word_1_29' title='bbox 1729 767 1844 814; x_wconf 84' lang='lat' dir='ltr'><strong>erat</strong></span> 
     </span>
    </p>
   </div>
   <div class='ocr_carea' id='block_1_6' title="bbox 250 851 1846 922">
    <p class='ocr_par' dir='ltr' id='par_1_6' title="bbox 250 851 1846 922">
     <span class='ocr_line' id='line_1_6' title="bbox 250 851 1846 922; baseline -0.001 -14"><span class='ocrx_word' id='word_1_30' title='bbox 250 853 564 922; x_wconf 87' lang='lat' dir='ltr'><strong>episcopus,</strong></span> <span class='ocrx_word' id='word_1_31' title='bbox 617 853 720 907; x_wconf 86' lang='lat' dir='ltr'><strong>lioc</strong></span> <span class='ocrx_word' id='word_1_32' title='bbox 764 861 878 918; x_wconf 91' lang='lat' dir='ltr'><strong>est,</strong></span> <span class='ocrx_word' id='word_1_33' title='bbox 932 852 1263 922; x_wconf 85' lang='lat' dir='ltr'><strong>temporibus</strong></span> <span class='ocrx_word' id='word_1_34' title='bbox 1307 851 1603 907; x_wconf 77' lang='lat' dir='ltr'><strong>Alexandri</strong></span> <span class='ocrx_word' id='word_1_35' title='bbox 1659 851 1846 907; x_wconf 91' lang='lat' dir='ltr'><strong>Severi</strong></span> 
     </span>
    </p>
   </div>
   <div class='ocr_carea' id='block_1_7' title="bbox 251 942 1848 1015">
    <p class='ocr_par' dir='ltr' id='par_1_7' title="bbox 251 942 1848 1015">
     <span class='ocr_line' id='line_1_7' title="bbox 251 942 1848 1015; baseline -0.001 -15"><span class='ocrx_word' id='word_1_36' title='bbox 251 945 610 1015; x_wconf 74' lang='lat' dir='ltr'><strong>imperatoris.</strong></span> <span class='ocrx_word' id='word_1_37' title='bbox 659 942 714 1000; x_wconf 92' lang='lat' dir='ltr'><strong>Si</strong></span> <span class='ocrx_word' id='word_1_38' title='bbox 765 945 833 998; x_wconf 91' lang='lat' dir='ltr'><strong>ita</strong></span> <span class='ocrx_word' id='word_1_39' title='bbox 865 953 1029 1010; x_wconf 85' lang='lat' dir='ltr'><strong>esset,</strong></span> <span class='ocrx_word' id='word_1_40' title='bbox 1063 954 1208 999; x_wconf 83' lang='lat' dir='ltr'><strong>esset</strong></span> <span class='ocrx_word' id='word_1_41' title='bbox 1262 944 1524 999; x_wconf 85' lang='lat' dir='ltr'><strong>Minucius</strong></span> <span class='ocrx_word' id='word_1_42' title='bbox 1576 944 1848 1014; x_wconf 88' lang='lat' dir='ltr'><strong>antiquior</strong></span> 
     </span>
    </p>
   </div>
   <div class='ocr_carea' id='block_1_8' title="bbox 249 1033 1847 1108">
    <p class='ocr_par' dir='ltr' id='par_1_8' title="bbox 249 1033 1847 1108">
     <span class='ocr_line' id='line_1_8' title="bbox 249 1033 1847 1108; baseline -0.001 -16"><span class='ocrx_word' id='word_1_43' title='bbox 249 1033 536 1108; x_wconf 83' lang='lat' dir='ltr'><strong>Cypriano,</strong></span> <span class='ocrx_word' id='word_1_44' title='bbox 565 1035 784 1107; x_wconf 66' lang='lat' dir='ltr'><strong>aequalis</strong></span> <span class='ocrx_word' id='word_1_45' title='bbox 810 1034 1174 1100; x_wconf 84' lang='lat' dir='ltr'><strong>Tertulliano,</strong></span> <span class='ocrx_word' id='word_1_46' title='bbox 1215 1036 1521 1105; x_wconf 83' lang='lat' dir='ltr'><strong>nostrisque</strong></span> <span class='ocrx_word' id='word_1_47' title='bbox 1569 1035 1704 1092; x_wconf 90' lang='lat' dir='ltr'><strong>adeo</strong></span> <span class='ocrx_word' id='word_1_48' title='bbox 1750 1035 1847 1091; x_wconf 78' lang='lat' dir='ltr'><strong>Ju-</strong></span> 
     </span>
    </p>
   </div>
   <div class='ocr_carea' id='block_1_9' title="bbox 250 1127 1848 1200">
    <p class='ocr_par' dir='ltr' id='par_1_9' title="bbox 250 1127 1848 1200">
     <span class='ocr_line' id='line_1_9' title="bbox 250 1127 1848 1200; baseline 0.001 -16"><span class='ocrx_word' id='word_1_49' title='bbox 250 1130 476 1185; x_wconf 88' lang='lat' dir='ltr'><strong>riscons.</strong></span> <span class='ocrx_word' id='word_1_50' title='bbox 505 1129 734 1200; x_wconf 85' lang='lat' dir='ltr'><strong>Ulpiano</strong></span> <span class='ocrx_word' id='word_1_51' title='bbox 760 1137 816 1184; x_wconf 87' lang='lat' dir='ltr'><strong>et</strong></span> <span class='ocrx_word' id='word_1_52' title='bbox 864 1129 1046 1184; x_wconf 87' lang='lat' dir='ltr'><strong>Paulo.</strong></span> <span class='ocrx_word' id='word_1_53' title='bbox 1101 1127 1300 1184; x_wconf 84' lang='lat' dir='ltr'><strong>Verum</strong></span> <span class='ocrx_word' id='word_1_54' title='bbox 1353 1129 1453 1185; x_wconf 89' lang='lat' dir='ltr'><strong>etsi</strong></span> <span class='ocrx_word' id='word_1_55' title='bbox 1497 1131 1848 1199; x_wconf 88' lang='lat' dir='ltr'><strong>posteriorem</strong></span> 
     </span>
    </p>
   </div>
   <div class='ocr_carea' id='block_1_10' title="bbox 251 1222 1847 1294">
    <p class='ocr_par' dir='ltr' id='par_1_10' title="bbox 251 1222 1847 1294">
     <span class='ocr_line' id='line_1_10' title="bbox 251 1222 1847 1294; baseline 0.001 -16"><span class='ocrx_word' id='word_1_56' title='bbox 251 1222 418 1278; x_wconf 78' lang='lat' dir='ltr'><strong>fuisse</strong></span> <span class='ocrx_word' id='word_1_57' title='bbox 441 1222 658 1278; x_wconf 87' lang='lat' dir='ltr'><strong>credam</strong></span> <span class='ocrx_word' id='word_1_58' title='bbox 680 1266 694 1290; x_wconf 95' lang='lat'><strong>,</strong></span> <span class='ocrx_word' id='word_1_59' title='bbox 729 1232 905 1278; x_wconf 89' lang='lat' dir='ltr'><strong>tamen</strong></span> <span class='ocrx_word' id='word_1_60' title='bbox 948 1223 1195 1294; x_wconf 83' lang='lat' dir='ltr'><strong>proxima</strong></span> <span class='ocrx_word' id='word_1_61' title='bbox 1223 1223 1313 1278; x_wconf 91' lang='lat' dir='ltr'><strong>illa</strong></span> <span class='ocrx_word' id='word_1_62' title='bbox 1342 1232 1579 1294; x_wconf 87' lang='lat' dir='ltr'><strong>tempora</strong></span> <span class='ocrx_word' id='word_1_63' title='bbox 1607 1233 1847 1280; x_wconf 90' lang='lat' dir='ltr'><strong>secutum</strong></span> 
     </span>
    </p>
   </div>
   <div class='ocr_carea' id='block_1_11' title="bbox 253 1318 1850 1388">
    <p class='ocr_par' dir='ltr' id='par_1_11' title="bbox 253 1318 1850 1388">
     <span class='ocr_line' id='line_1_11' title="bbox 253 1318 1850 1388; baseline 0 -14"><span class='ocrx_word' id='word_1_64' title='bbox 253 1333 376 1374; x_wconf 89' lang='lat' dir='ltr'><strong>esse</strong></span> <span class='ocrx_word' id='word_1_65' title='bbox 400 1318 650 1373; x_wconf 79' lang='lat' dir='ltr'><strong>existimo</strong></span> <span class='ocrx_word' id='word_1_66' title='bbox 677 1336 691 1372; x_wconf 94' lang='lat'><strong>:</strong></span> <span class='ocrx_word' id='word_1_67' title='bbox 721 1325 904 1373; x_wconf 90' lang='lat' dir='ltr'><strong>nostra</strong></span> <span class='ocrx_word' id='word_1_68' title='bbox 953 1332 1080 1373; x_wconf 89' lang='lat' dir='ltr'><strong>vero</strong></span> <span class='ocrx_word' id='word_1_69' title='bbox 1103 1333 1209 1372; x_wconf 91' lang='lat' dir='ltr'><strong>non</strong></span> <span class='ocrx_word' id='word_1_70' title='bbox 1248 1319 1509 1388; x_wconf 89' lang='lat' dir='ltr'><strong>attingere</strong></span> <span class='ocrx_word' id='word_1_71' title='bbox 1540 1319 1643 1374; x_wconf 90' lang='lat' dir='ltr'><strong>nisi</strong></span> <span class='ocrx_word' id='word_1_72' title='bbox 1688 1320 1850 1374; x_wconf 84' lang='lat' dir='ltr'><strong>inter-</strong></span> 
     </span>
    </p>
   </div>
   <div class='ocr_carea' id='block_1_12' title="bbox 253 1411 1774 1483">
    <p class='ocr_par' dir='ltr' id='par_1_12' title="bbox 253 1411 1774 1483">
     <span class='ocr_line' id='line_1_12' title="bbox 253 1411 1774 1483; baseline -0.001 -17"><span class='ocrx_word' id='word_1_73' title='bbox 253 1412 398 1466; x_wconf 88' lang='lat' dir='ltr'><strong>vallo</strong></span> <span class='ocrx_word' id='word_1_74' title='bbox 426 1411 761 1483; x_wconf 89' lang='lat' dir='ltr'><strong>longissimo,</strong></span> <span class='ocrx_word' id='word_1_75' title='bbox 791 1411 893 1467; x_wconf 94' lang='lat' dir='ltr'><strong>hoc</strong></span> <span class='ocrx_word' id='word_1_76' title='bbox 918 1421 1032 1477; x_wconf 86' lang='lat' dir='ltr'><strong>est,</strong></span> <span class='ocrx_word' id='word_1_77' title='bbox 1054 1426 1316 1466; x_wconf 91' lang='lat' dir='ltr'><strong>annorum</strong></span> <span class='ocrx_word' id='word_1_78' title='bbox 1349 1427 1514 1481; x_wconf 87' lang='lat' dir='ltr'><strong>prope</strong></span> <span class='ocrx_word' id='word_1_79' title='bbox 1545 1426 1631 1467; x_wconf 85' lang='lat' dir='ltr'><strong>eia</strong></span> <span class='ocrx_word' id='word_1_80' title='bbox 1658 1425 1774 1467; x_wconf 89' lang='lat' dir='ltr'><strong>ccc.</strong></span> 
     </span>
    </p>
   </div>
   <div class='ocr_carea' id='block_1_13' title="bbox 325 1503 1846 1576">
    <p class='ocr_par' dir='ltr' id='par_1_13' title="bbox 325 1503 1846 1576">
     <span class='ocr_line' id='line_1_13' title="bbox 325 1503 1846 1576; baseline 0 -16"><span class='ocrx_word' id='word_1_81' title='bbox 325 1505 610 1561; x_wconf 85' lang='lat' dir='ltr'><strong>Minuciam</strong></span> <span class='ocrx_word' id='word_1_82' title='bbox 641 1516 854 1576; x_wconf 79' lang='lat' dir='ltr'><strong>gentem</strong></span> <span class='ocrx_word' id='word_1_83' title='bbox 898 1504 1023 1560; x_wconf 89' lang='lat' dir='ltr'><strong>olim</strong></span> <span class='ocrx_word' id='word_1_84' title='bbox 1050 1504 1236 1560; x_wconf 66' lang='lat' dir='ltr'><strong>Romae</strong></span> <span class='ocrx_word' id='word_1_85' title='bbox 1264 1505 1496 1560; x_wconf 82' lang='lat' dir='ltr'><strong>nobilem</strong></span> <span class='ocrx_word' id='word_1_86' title='bbox 1528 1503 1693 1561; x_wconf 79' lang='lat' dir='ltr'><strong>fuisse</strong></span> <span class='ocrx_word' id='word_1_87' title='bbox 1733 1520 1846 1560; x_wconf 90' lang='lat' dir='ltr'><strong>me-</strong></span> 
     </span>
    </p>
   </div>
   <div class='ocr_carea' id='block_1_14' title="bbox 253 1597 1850 1670">
    <p class='ocr_par' dir='ltr' id='par_1_14' title="bbox 253 1597 1850 1670">
     <span class='ocr_line' id='line_1_14' title="bbox 253 1597 1850 1670; baseline -0.001 -15"><span class='ocrx_word' id='word_1_88' title='bbox 253 1599 410 1662; x_wconf 91' lang='lat' dir='ltr'><strong>mini,</strong></span> <span class='ocrx_word' id='word_1_89' title='bbox 445 1601 498 1653; x_wconf 89' lang='lat' dir='ltr'><strong>in</strong></span> <span class='ocrx_word' id='word_1_90' title='bbox 524 1614 626 1670; x_wconf 85' lang='lat' dir='ltr'><strong>qua</strong></span> <span class='ocrx_word' id='word_1_91' title='bbox 655 1609 887 1670; x_wconf 90' lang='lat' dir='ltr'><strong>quatuor</strong></span> <span class='ocrx_word' id='word_1_92' title='bbox 909 1598 1158 1654; x_wconf 88' lang='lat' dir='ltr'><strong>consules</strong></span> <span class='ocrx_word' id='word_1_93' title='bbox 1181 1597 1396 1654; x_wconf 81' lang='lat' dir='ltr'><strong>Minucii</strong></span> <span class='ocrx_word' id='word_1_94' title='bbox 1428 1597 1686 1668; x_wconf 77' lang='lat' dir='ltr'><strong>Augurini</strong></span> <span class='ocrx_word' id='word_1_95' title='bbox 1714 1598 1850 1653; x_wconf 90' lang='lat' dir='ltr'><strong>intra</strong></span> 
     </span>
    </p>
   </div>
   <div class='ocr_carea' id='block_1_15' title="bbox 253 1690 1852 1763">
    <p class='ocr_par' dir='ltr' id='par_1_15' title="bbox 253 1690 1852 1763">
     <span class='ocr_line' id='line_1_15' title="bbox 253 1690 1852 1763; baseline -0.001 -15"><span class='ocrx_word' id='word_1_96' title='bbox 253 1708 430 1748; x_wconf 87' lang='lat' dir='ltr'><strong>annos</strong></span> <span class='ocrx_word' id='word_1_97' title='bbox 459 1691 806 1763; x_wconf 73' lang='lat' dir='ltr'><strong>quadraginta</strong></span> <span class='ocrx_word' id='word_1_98' title='bbox 837 1693 1108 1747; x_wconf 91' lang='lat' dir='ltr'><strong>numerari</strong></span> <span class='ocrx_word' id='word_1_99' title='bbox 1140 1699 1378 1760; x_wconf 83' lang='lat' dir='ltr'><strong>possunt.</strong></span> <span class='ocrx_word' id='word_1_100' title='bbox 1435 1690 1540 1747; x_wconf 89' lang='lat' dir='ltr'><strong>Sed</strong></span> <span class='ocrx_word' id='word_1_101' title='bbox 1584 1703 1639 1748; x_wconf 93' lang='lat' dir='ltr'><strong>et</strong></span> <span class='ocrx_word' id='word_1_102' title='bbox 1676 1691 1852 1747; x_wconf 80' lang='lat' dir='ltr'><strong>Mittit-</strong></span> 
     </span>
    </p>
   </div>
   <div class='ocr_carea' id='block_1_16' title="bbox 1393 256 2389 325">
    <p class='ocr_par' dir='ltr' id='par_1_16' title="bbox 1393 256 2389 325">
     <span class='ocr_line' id='line_1_16' title="bbox 1393 256 2389 325; baseline 0.002 -5"><span class='ocrx_word' id='word_1_103' title='bbox 1393 264 1454 323; x_wconf 85' lang='lat' dir='ltr'><strong>F.</strong></span> <span class='ocrx_word' id='word_1_104' title='bbox 1525 258 1847 320; x_wconf 82' lang='lat' dir='ltr'><strong>BALDUINI</strong></span> <span class='ocrx_word' id='word_1_105' title='bbox 1923 256 2389 325; x_wconf 77' lang='lat' dir='ltr'><strong>DISSERTATIO.</strong></span> 
     </span>
    </p>
   </div>
   <div class='ocr_carea' id='block_1_17' title="bbox 249 379 1923 455">
    <p class='ocr_par' dir='ltr' id='par_1_17' title="bbox 249 379 1923 455">
     <span class='ocr_line' id='line_1_17' title="bbox 249 379 1923 455; baseline -0.003 -18"><span class='ocrx_word' id='word_1_106' title='bbox 249 382 550 440; x_wconf 81' lang='lat' dir='ltr'><strong>adscribere</strong></span> <span class='ocrx_word' id='word_1_107' title='bbox 575 381 843 455; x_wconf 85' lang='lat' dir='ltr'><strong>Cypriane</strong></span> <span class='ocrx_word' id='word_1_108' title='bbox 868 381 1038 451; x_wconf 89' lang='lat' dir='ltr'><strong>magis</strong></span> <span class='ocrx_word' id='word_1_109' title='bbox 1081 379 1310 436; x_wconf 89' lang='lat' dir='ltr'><strong>videtur.</strong></span> <span class='ocrx_word' id='word_1_110' title='bbox 1339 379 1446 437; x_wconf 87' lang='lat' dir='ltr'><strong>Sed</strong></span> <span class='ocrx_word' id='word_1_111' title='bbox 1475 389 1530 436; x_wconf 90' lang='lat' dir='ltr'><strong>et</strong></span> <span class='ocrx_word' id='word_1_112' title='bbox 1558 382 1608 436; x_wconf 95' lang='lat' dir='ltr'><strong>in</strong></span> <span class='ocrx_word' id='word_1_113' title='bbox 1653 382 1848 452; x_wconf 82' lang='lat' dir='ltr'><strong>Apolo-</strong></span> <span class='ocrx_word' id='word_1_114' title='bbox 1875 382 1923 442; x_wconf 86' lang='grc' dir='ltr'>Λ</span> 
     </span>
    </p>
   </div>
   <div class='ocr_carea' id='block_1_18' title="bbox 3438 278 3545 337">
    <p class='ocr_par' dir='ltr' id='par_1_18' title="bbox 3438 278 3545 337">
     <span class='ocr_line' id='line_1_18' title="bbox 3438 278 3545 337; baseline 0 -2"><span class='ocrx_word' id='word_1_115' title='bbox 3438 278 3545 337; x_wconf 71' lang='grc'><strong>202</strong></span> 
     </span>
    </p>
   </div>
   <div class='ocr_carea' id='block_1_19' title="bbox 2026 382 3547 462">
    <p class='ocr_par' dir='ltr' id='par_1_19' title="bbox 2026 382 3547 462">
     <span class='ocr_line' id='line_1_19' title="bbox 2026 382 3547 462; baseline 0.008 -26"><span class='ocrx_word' id='word_1_116' title='bbox 2026 382 2313 439; x_wconf 80' lang='lat' dir='ltr'><strong>Minucium</strong></span> <span class='ocrx_word' id='word_1_117' title='bbox 2364 392 2604 439; x_wconf 86' lang='lat' dir='ltr'><strong>nostrum</strong></span> <span class='ocrx_word' id='word_1_118' title='bbox 2654 382 2842 440; x_wconf 62' lang='lat' dir='ltr'><strong>Romae</strong></span> <span class='ocrx_word' id='word_1_119' title='bbox 2888 400 3078 444; x_wconf 85' lang='lat' dir='ltr'><strong>causas</strong></span> <span class='ocrx_word' id='word_1_120' title='bbox 3126 390 3336 462; x_wconf 84' lang='lat' dir='ltr'><strong>egisse,</strong></span> <span class='ocrx_word' id='word_1_121' title='bbox 3387 394 3547 462; x_wconf 88' lang='lat' dir='ltr'><strong>paulo</strong></span> 
     </span>
    </p>
   </div>
   <div class='ocr_carea' id='block_1_20' title="bbox 1947 476 3547 555">
    <p class='ocr_par' dir='ltr' id='par_1_20' title="bbox 1947 476 3547 555">
     <span class='ocr_line' id='line_1_20' title="bbox 1947 476 3547 555; baseline 0.009 -27"><span class='ocrx_word' id='word_1_122' title='bbox 1947 483 2072 530; x_wconf 87' lang='lat' dir='ltr'><strong>ante</strong></span> <span class='ocrx_word' id='word_1_123' title='bbox 2126 493 2189 530; x_wconf 82' lang='lat' dir='ltr'><strong>ex</strong></span> <span class='ocrx_word' id='word_1_124' title='bbox 2240 476 2516 532; x_wconf 90' lang='lat' dir='ltr'><strong>Lactantio</strong></span> <span class='ocrx_word' id='word_1_125' title='bbox 2545 486 2599 533; x_wconf 91' lang='lat' dir='ltr'><strong>et</strong></span> <span class='ocrx_word' id='word_1_126' title='bbox 2647 477 2971 552; x_wconf 86' lang='lat' dir='ltr'><strong>Hieronymo</strong></span> <span class='ocrx_word' id='word_1_127' title='bbox 2992 481 3190 537; x_wconf 86' lang='lat' dir='ltr'><strong>dictum</strong></span> <span class='ocrx_word' id='word_1_128' title='bbox 3219 493 3341 539; x_wconf 89' lang='lat' dir='ltr'><strong>est:</strong></span> <span class='ocrx_word' id='word_1_129' title='bbox 3373 500 3547 555; x_wconf 90' lang='lat' dir='ltr'><strong>neque</strong></span> 
     </span>
    </p>
   </div>
   <div class='ocr_carea' id='block_1_21' title="bbox 1951 566 3542 637">
    <p class='ocr_par' dir='ltr' id='par_1_21' title="bbox 1951 566 3542 637">
     <span class='ocr_line' id='line_1_21' title="bbox 1951 566 3542 637; baseline 0.01 -18"><span class='ocrx_word' id='word_1_130' title='bbox 1951 566 2054 622; x_wconf 84' lang='lat' dir='ltr'><strong>lioc</strong></span> <span class='ocrx_word' id='word_1_131' title='bbox 2098 567 2211 637; x_wconf 90' lang='lat' dir='ltr'><strong>ipse</strong></span> <span class='ocrx_word' id='word_1_132' title='bbox 2239 567 2559 635; x_wconf 87' lang='lat' dir='ltr'><strong>dissimulat,</strong></span> <span class='ocrx_word' id='word_1_133' title='bbox 2609 586 2730 626; x_wconf 92' lang='lat' dir='ltr'><strong>cum</strong></span> <span class='ocrx_word' id='word_1_134' title='bbox 2763 572 3151 629; x_wconf 87' lang='lat' dir='ltr'><strong>vindemiarum</strong></span> <span class='ocrx_word' id='word_1_135' title='bbox 3178 575 3326 631; x_wconf 81' lang='lat' dir='ltr'><strong>feriis</strong></span> <span class='ocrx_word' id='word_1_136' title='bbox 3356 593 3542 635; x_wconf 85' lang='lat' dir='ltr'><strong>curam</strong></span> 
     </span>
    </p>
   </div>
   <div class='ocr_carea' id='block_1_22' title="bbox 1944 659 3548 729">
    <p class='ocr_par' dir='ltr' id='par_1_22' title="bbox 1944 659 3548 729">
     <span class='ocr_line' id='line_1_22' title="bbox 1944 659 3548 729; baseline 0.009 -17"><span class='ocrx_word' id='word_1_137' title='bbox 1944 659 2281 729; x_wconf 81' lang='lat' dir='ltr'><strong>judiciariam</strong></span> <span class='ocrx_word' id='word_1_138' title='bbox 2310 659 2410 717; x_wconf 89' lang='lat' dir='ltr'><strong>sibi</strong></span> <span class='ocrx_word' id='word_1_139' title='bbox 2443 663 2721 717; x_wconf 88' lang='lat' dir='ltr'><strong>remissam</strong></span> <span class='ocrx_word' id='word_1_140' title='bbox 2762 662 2927 720; x_wconf 80' lang='lat' dir='ltr'><strong>fuisse</strong></span> <span class='ocrx_word' id='word_1_141' title='bbox 2965 675 3163 722; x_wconf 91' lang='lat' dir='ltr'><strong>narrat.</strong></span> <span class='ocrx_word' id='word_1_142' title='bbox 3198 666 3288 723; x_wconf 88' lang='lat' dir='ltr'><strong>Sic</strong></span> <span class='ocrx_word' id='word_1_143' title='bbox 3316 669 3460 724; x_wconf 91' lang='lat' dir='ltr'><strong>enim</strong></span> <span class='ocrx_word' id='word_1_144' title='bbox 3492 679 3548 726; x_wconf 91' lang='lat' dir='ltr'><strong>et</strong></span> 
     </span>
    </p>
   </div>
   <div class='ocr_carea' id='block_1_23' title="bbox 1949 755 3546 833">
    <p class='ocr_par' dir='ltr' id='par_1_23' title="bbox 1949 755 3546 833">
     <span class='ocr_line' id='line_1_23' title="bbox 1949 755 3546 833; baseline 0.006 -21"><span class='ocrx_word' id='word_1_145' title='bbox 1949 755 2207 826; x_wconf 87' lang='lat' dir='ltr'><strong>Ulpianus</strong></span> <span class='ocrx_word' id='word_1_146' title='bbox 2262 757 2312 812; x_wconf 93' lang='lat' dir='ltr'><strong>in</strong></span> <span class='ocrx_word' id='word_1_147' title='bbox 2382 758 2665 815; x_wconf 87' lang='lat' dir='ltr'><strong>Pandectis</strong></span> <span class='ocrx_word' id='word_1_148' title='bbox 2716 759 2834 829; x_wconf 84' lang='lat' dir='ltr'><strong>lege</strong></span> <span class='ocrx_word' id='word_1_149' title='bbox 2887 775 2904 813; x_wconf 82' lang='grc' dir='ltr'><strong><em>ι</em></strong></span> <span class='ocrx_word' id='word_1_150' title='bbox 2956 761 3020 814; x_wconf 89' lang='lat' dir='ltr'><strong>de</strong></span> <span class='ocrx_word' id='word_1_151' title='bbox 3099 760 3265 817; x_wconf 73' lang='lat' dir='ltr'><strong>Feriis</strong></span> <span class='ocrx_word' id='word_1_152' title='bbox 3317 765 3546 833; x_wconf 83' lang='lat' dir='ltr'><strong>scribit,</strong></span> 
     </span>
    </p>
   </div>
   <div class='ocr_carea' id='block_1_24' title="bbox 1951 848 3548 925">
    <p class='ocr_par' dir='ltr' id='par_1_24' title="bbox 1951 848 3548 925">
     <span class='ocr_line' id='line_1_24' title="bbox 1951 848 3548 925; baseline 0.007 -22"><span class='ocrx_word' id='word_1_153' title='bbox 1951 848 2019 904; x_wconf 89' lang='lat' dir='ltr'><strong>M.</strong></span> <span class='ocrx_word' id='word_1_154' title='bbox 2054 850 2307 904; x_wconf 76' lang='lat' dir='ltr'><strong>Antonini</strong></span> <span class='ocrx_word' id='word_1_155' title='bbox 2343 850 2682 920; x_wconf 83' lang='lat' dir='ltr'><strong>imperatoris</strong></span> <span class='ocrx_word' id='word_1_156' title='bbox 2725 854 2967 906; x_wconf 89' lang='lat' dir='ltr'><strong>oratione</strong></span> <span class='ocrx_word' id='word_1_157' title='bbox 2997 868 3312 924; x_wconf 81' lang='lat' dir='ltr'><strong>expressum</strong></span> <span class='ocrx_word' id='word_1_158' title='bbox 3345 857 3510 913; x_wconf 81' lang='lat' dir='ltr'><strong>fuisse</strong></span> <span class='ocrx_word' id='word_1_159' title='bbox 3531 901 3548 925; x_wconf 95' lang='lat'><strong>,</strong></span> 
     </span>
    </p>
   </div>
   <div class='ocr_carea' id='block_1_25' title="bbox 1957 943 3551 1018">
    <p class='ocr_par' dir='ltr' id='par_1_25' title="bbox 1957 943 3551 1018">
     <span class='ocr_line' id='line_1_25' title="bbox 1957 943 3551 1018; baseline 0.007 -22"><span class='ocrx_word' id='word_1_160' title='bbox 1957 961 1975 996; x_wconf 79' lang='grc' dir='ltr'>ι</span> <span class='ocrx_word' id='word_1_161' title='bbox 2013 958 2078 998; x_wconf 93' lang='lat' dir='ltr'><strong>ne</strong></span> <span class='ocrx_word' id='word_1_162' title='bbox 2101 943 2220 1014; x_wconf 90' lang='lat' dir='ltr'><strong>quis</strong></span> <span class='ocrx_word' id='word_1_163' title='bbox 2252 945 2504 999; x_wconf 91' lang='lat' dir='ltr'><strong>messium</strong></span> <span class='ocrx_word' id='word_1_164' title='bbox 2547 954 2639 999; x_wconf 89' lang='lat' dir='ltr'><strong>aut</strong></span> <span class='ocrx_word' id='word_1_165' title='bbox 2668 945 3056 1002; x_wconf 74' lang='lat' dir='ltr'><strong>vindemiarum</strong></span> <span class='ocrx_word' id='word_1_166' title='bbox 3089 957 3328 1018; x_wconf 91' lang='lat' dir='ltr'><strong>tempore</strong></span> <span class='ocrx_word' id='word_1_167' title='bbox 3354 951 3551 1006; x_wconf 87' lang='lat' dir='ltr'><strong>adver-</strong></span> 
     </span>
    </p>
   </div>
   <div class='ocr_carea' id='block_1_26' title="bbox 1950 1039 3551 1110">
    <p class='ocr_par' dir='ltr' id='par_1_26' title="bbox 1950 1039 3551 1110">
     <span class='ocr_line' id='line_1_26' title="bbox 1950 1039 3551 1110; baseline 0.003 -16"><span class='ocrx_word' id='word_1_168' title='bbox 1950 1040 2150 1094; x_wconf 88' lang='lat' dir='ltr'><strong>sarium</strong></span> <span class='ocrx_word' id='word_1_169' title='bbox 2196 1048 2413 1110; x_wconf 87' lang='lat' dir='ltr'><strong>cogeret</strong></span> <span class='ocrx_word' id='word_1_170' title='bbox 2457 1039 2523 1094; x_wconf 89' lang='lat' dir='ltr'><strong>ad</strong></span> <span class='ocrx_word' id='word_1_171' title='bbox 2559 1039 2816 1109; x_wconf 86' lang='lat' dir='ltr'><strong>judicium</strong></span> <span class='ocrx_word' id='word_1_172' title='bbox 2846 1041 3047 1097; x_wconf 90' lang='lat' dir='ltr'><strong>venire.</strong></span> <span class='ocrx_word' id='word_1_173' title='bbox 3088 1059 3107 1092; x_wconf 79' lang='grc'><strong>»</strong></span> <span class='ocrx_word' id='word_1_174' title='bbox 3144 1040 3307 1097; x_wconf 87' lang='lat' dir='ltr'><strong>Sicuti</strong></span> <span class='ocrx_word' id='word_1_175' title='bbox 3337 1053 3392 1098; x_wconf 91' lang='lat' dir='ltr'><strong>et</strong></span> <span class='ocrx_word' id='word_1_176' title='bbox 3417 1044 3551 1100; x_wconf 90' lang='lat' dir='ltr'><strong>Sue-</strong></span> 
     </span>
    </p>
   </div>
   <div class='ocr_carea' id='block_1_27' title="bbox 1951 1133 3555 1206">
    <p class='ocr_par' dir='ltr' id='par_1_27' title="bbox 1951 1133 3555 1206">
     <span class='ocr_line' id='line_1_27' title="bbox 1951 1133 3555 1206; baseline 0.003 -18"><span class='ocrx_word' id='word_1_177' title='bbox 1951 1134 2130 1190; x_wconf 88' lang='lat' dir='ltr'><strong>tonius</strong></span> <span class='ocrx_word' id='word_1_178' title='bbox 2185 1133 2323 1206; x_wconf 87' lang='lat' dir='ltr'><strong>(cap.</strong></span> <span class='ocrx_word' id='word_1_179' title='bbox 2386 1133 2478 1204; x_wconf 73' lang='lat'><strong>35)</strong></span> <span class='ocrx_word' id='word_1_180' title='bbox 2529 1146 2706 1189; x_wconf 88' lang='lat' dir='ltr'><strong>narrat</strong></span> <span class='ocrx_word' id='word_1_181' title='bbox 2749 1137 3044 1206; x_wconf 89' lang='lat' dir='ltr'><strong>Augustum</strong></span> <span class='ocrx_word' id='word_1_182' title='bbox 3101 1136 3373 1200; x_wconf 87' lang='lat' dir='ltr'><strong>statuisse,</strong></span> <span class='ocrx_word' id='word_1_183' title='bbox 3432 1156 3450 1189; x_wconf 73' lang='grc' dir='ltr'>ι</span> <span class='ocrx_word' id='word_1_184' title='bbox 3485 1151 3555 1193; x_wconf 91' lang='lat' dir='ltr'><strong>ne</strong></span> 
     </span>
    </p>
   </div>
   <div class='ocr_carea' id='block_1_28' title="bbox 1952 1227 3552 1297">
    <p class='ocr_par' dir='ltr' id='par_1_28' title="bbox 1952 1227 3552 1297">
     <span class='ocr_line' id='line_1_28' title="bbox 1952 1227 3552 1297; baseline 0.003 -15"><span class='ocrx_word' id='word_1_185' title='bbox 1952 1227 2254 1297; x_wconf 89' lang='lat' dir='ltr'><strong>Septembri</strong></span> <span class='ocrx_word' id='word_1_186' title='bbox 2286 1227 2573 1283; x_wconf 88' lang='lat' dir='ltr'><strong>Octobrive</strong></span> <span class='ocrx_word' id='word_1_187' title='bbox 2621 1244 2805 1285; x_wconf 88' lang='lat' dir='ltr'><strong>mense</strong></span> <span class='ocrx_word' id='word_1_188' title='bbox 2844 1243 3070 1284; x_wconf 91' lang='lat' dir='ltr'><strong>necesse</strong></span> <span class='ocrx_word' id='word_1_189' title='bbox 3117 1239 3262 1286; x_wconf 88' lang='lat' dir='ltr'><strong>esset</strong></span> <span class='ocrx_word' id='word_1_190' title='bbox 3296 1249 3314 1284; x_wconf 69' lang='grc' dir='ltr'><strong><em>ι</em></strong></span> <span class='ocrx_word' id='word_1_191' title='bbox 3374 1231 3427 1287; x_wconf 90' lang='lat' dir='ltr'><strong>in</strong></span> <span class='ocrx_word' id='word_1_192' title='bbox 3460 1246 3552 1287; x_wconf 88' lang='lat' dir='ltr'><strong>se-</strong></span> 
     </span>
    </p>
   </div>
   <div class='ocr_carea' id='block_1_29' title="bbox 1953 1321 3554 1394">
    <p class='ocr_par' dir='ltr' id='par_1_29' title="bbox 1953 1321 3554 1394">
     <span class='ocr_line' id='line_1_29' title="bbox 1953 1321 3554 1394; baseline 0.001 -17"><span class='ocrx_word' id='word_1_193' title='bbox 1953 1332 2134 1377; x_wconf 91' lang='lat' dir='ltr'><strong>natum</strong></span> <span class='ocrx_word' id='word_1_194' title='bbox 2173 1322 2374 1376; x_wconf 86' lang='lat' dir='ltr'><strong>venire.</strong></span> <span class='ocrx_word' id='word_1_195' title='bbox 2428 1321 2598 1376; x_wconf 91' lang='lat' dir='ltr'><strong>Immo</strong></span> <span class='ocrx_word' id='word_1_196' title='bbox 2633 1336 2763 1376; x_wconf 92' lang='lat' dir='ltr'><strong>vero</strong></span> <span class='ocrx_word' id='word_1_197' title='bbox 2799 1331 2855 1377; x_wconf 90' lang='lat' dir='ltr'><strong>et</strong></span> <span class='ocrx_word' id='word_1_198' title='bbox 2895 1322 3008 1391; x_wconf 88' lang='lat' dir='ltr'><strong>ipse</strong></span> <span class='ocrx_word' id='word_1_199' title='bbox 3044 1322 3366 1394; x_wconf 78' lang='lat' dir='ltr'><strong>Cyprianus,</strong></span> <span class='ocrx_word' id='word_1_200' title='bbox 3412 1332 3554 1378; x_wconf 84' lang='lat' dir='ltr'><strong>tani-</strong></span> 
     </span>
    </p>
   </div>
   <div class='ocr_carea' id='block_1_30' title="bbox 1952 1414 3555 1486">
    <p class='ocr_par' dir='ltr' id='par_1_30' title="bbox 1952 1414 3555 1486">
     <span class='ocr_line' id='line_1_30' title="bbox 1952 1414 3555 1486; baseline 0.002 -17"><span class='ocrx_word' id='word_1_201' title='bbox 1952 1431 2110 1486; x_wconf 91' lang='lat' dir='ltr'><strong>quam</strong></span> <span class='ocrx_word' id='word_1_202' title='bbox 2139 1415 2274 1470; x_wconf 89' lang='lat' dir='ltr'><strong>alter</strong></span> <span class='ocrx_word' id='word_1_203' title='bbox 2313 1414 2596 1477; x_wconf 89' lang='lat' dir='ltr'><strong>Minucius,</strong></span> <span class='ocrx_word' id='word_1_204' title='bbox 2655 1415 2705 1468; x_wconf 90' lang='lat' dir='ltr'><strong>in</strong></span> <span class='ocrx_word' id='word_1_205' title='bbox 2750 1429 2844 1470; x_wconf 88' lang='lat' dir='ltr'><strong>sua</strong></span> <span class='ocrx_word' id='word_1_206' title='bbox 2890 1414 3126 1483; x_wconf 89' lang='lat' dir='ltr'><strong>Epistola</strong></span> <span class='ocrx_word' id='word_1_207' title='bbox 3175 1417 3240 1470; x_wconf 88' lang='lat' dir='ltr'><strong>ad</strong></span> <span class='ocrx_word' id='word_1_208' title='bbox 3289 1417 3555 1472; x_wconf 88' lang='lat' dir='ltr'><strong>Donatum</strong></span> 
     </span>
    </p>
   </div>
   <div class='ocr_carea' id='block_1_31' title="bbox 1953 1505 3557 1580">
    <p class='ocr_par' dir='ltr' id='par_1_31' title="bbox 1953 1505 3557 1580">
     <span class='ocr_line' id='line_1_31' title="bbox 1953 1505 3557 1580; baseline 0.002 -20"><span class='ocrx_word' id='word_1_209' title='bbox 1953 1505 2122 1580; x_wconf 84' lang='lat' dir='ltr'><strong>(Edit.</strong></span> <span class='ocrx_word' id='word_1_210' title='bbox 2147 1506 2314 1562; x_wconf 70' lang='lat' dir='ltr'><strong>Oxon.</strong></span> <span class='ocrx_word' id='word_1_211' title='bbox 2340 1505 2585 1562; x_wconf 79' lang='lat' dir='ltr'><strong>Tractatu</strong></span> <span class='ocrx_word' id='word_1_212' title='bbox 2611 1507 2673 1561; x_wconf 85' lang='lat' dir='ltr'><strong>de</strong></span> <span class='ocrx_word' id='word_1_213' title='bbox 2689 1507 2890 1573; x_wconf 81' lang='lat' dir='ltr'><strong>Gratia,</strong></span> <span class='ocrx_word' id='word_1_214' title='bbox 2917 1524 3035 1578; x_wconf 84' lang='lat' dir='ltr'><strong>pag.</strong></span> <span class='ocrx_word' id='word_1_215' title='bbox 3072 1507 3148 1579; x_wconf 83' lang='lat'><strong>1.)</strong></span> <span class='ocrx_word' id='word_1_216' title='bbox 3171 1506 3412 1563; x_wconf 87' lang='lat' dir='ltr'><strong>meminit</strong></span> <span class='ocrx_word' id='word_1_217' title='bbox 3438 1509 3557 1578; x_wconf 91' lang='lat' dir='ltr'><strong>ejus</strong></span> 
     </span>
    </p>
   </div>
   <div class='ocr_carea' id='block_1_32' title="bbox 1955 1601 3554 1671">
    <p class='ocr_par' dir='ltr' id='par_1_32' title="bbox 1955 1601 3554 1671">
     <span class='ocr_line' id='line_1_32' title="bbox 1955 1601 3554 1671; baseline 0.001 -16"><span class='ocrx_word' id='word_1_218' title='bbox 1955 1601 2214 1671; x_wconf 89' lang='lat' dir='ltr'><strong>temporis</strong></span> <span class='ocrx_word' id='word_1_219' title='bbox 2263 1615 2406 1671; x_wconf 89' lang='lat' dir='ltr'><strong>quo,</strong></span> <span class='ocrx_word' id='word_1_220' title='bbox 2460 1610 2518 1655; x_wconf 92' lang='lat' dir='ltr'><strong>ut</strong></span> <span class='ocrx_word' id='word_1_221' title='bbox 2568 1602 2672 1666; x_wconf 89' lang='lat' dir='ltr'><strong>ait,</strong></span> <span class='ocrx_word' id='word_1_222' title='bbox 2710 1621 2727 1652; x_wconf 77' lang='grc' dir='ltr'>ι</span> <span class='ocrx_word' id='word_1_223' title='bbox 2770 1602 3077 1670; x_wconf 83' lang='lat' dir='ltr'><strong>indulgente</strong></span> <span class='ocrx_word' id='word_1_224' title='bbox 3139 1602 3404 1657; x_wconf 84' lang='lat' dir='ltr'><strong>vindemia</strong></span> <span class='ocrx_word' id='word_1_225' title='bbox 3465 1617 3554 1656; x_wconf 88' lang='lat' dir='ltr'><strong>so-</strong></span> 
     </span>
    </p>
   </div>
   <div class='ocr_carea' id='block_1_33' title="bbox 1957 1692 3560 1762">
    <p class='ocr_par' dir='ltr' id='par_1_33' title="bbox 1957 1692 3560 1762">
     <span class='ocr_line' id='line_1_33' title="bbox 1957 1692 3560 1762; baseline 0 -14"><span class='ocrx_word' id='word_1_226' title='bbox 1957 1694 2103 1748; x_wconf 92' lang='lat' dir='ltr'><strong>lutus</strong></span> <span class='ocrx_word' id='word_1_227' title='bbox 2129 1694 2341 1747; x_wconf 89' lang='lat' dir='ltr'><strong>animus</strong></span> <span class='ocrx_word' id='word_1_228' title='bbox 2382 1693 2432 1746; x_wconf 94' lang='lat' dir='ltr'><strong>in</strong></span> <span class='ocrx_word' id='word_1_229' title='bbox 2465 1693 2723 1762; x_wconf 91' lang='lat' dir='ltr'><strong>quietem,</strong></span> <span class='ocrx_word' id='word_1_230' title='bbox 2781 1693 3053 1748; x_wconf 90' lang='lat' dir='ltr'><strong>solemnes</strong></span> <span class='ocrx_word' id='word_1_231' title='bbox 3104 1703 3160 1748; x_wconf 92' lang='lat' dir='ltr'><strong>et</strong></span> <span class='ocrx_word' id='word_1_232' title='bbox 3211 1702 3375 1748; x_wconf 89' lang='lat' dir='ltr'><strong>statas</strong></span> <span class='ocrx_word' id='word_1_233' title='bbox 3429 1692 3560 1748; x_wconf 89' lang='lat' dir='ltr'><strong>anni</strong></span> 
     </span>
    </p>
   </div>
   <div class='ocr_carea' id='block_1_34' title="bbox 253 1783 3560 1858">
    <p class='ocr_par' dir='ltr' id='par_1_34' title="bbox 253 1783 3560 1858">
     <span class='ocr_line' id='line_1_34' title="bbox 253 1783 3560 1858; baseline -0 -16"><span class='ocrx_word' id='word_1_234' title='bbox 253 1787 373 1842; x_wconf 92' lang='lat' dir='ltr'><strong>cios</strong></span> <span class='ocrx_word' id='word_1_235' title='bbox 401 1785 586 1849; x_wconf 77' lang='lat' dir='ltr'><strong>Rufos,</strong></span> <span class='ocrx_word' id='word_1_236' title='bbox 617 1796 671 1840; x_wconf 92' lang='lat' dir='ltr'><strong>et</strong></span> <span class='ocrx_word' id='word_1_237' title='bbox 713 1784 969 1840; x_wconf 84' lang='lat' dir='ltr'><strong>Minucios</strong></span> <span class='ocrx_word' id='word_1_238' title='bbox 995 1784 1257 1840; x_wconf 87' lang='lat' dir='ltr'><strong>Thermos</strong></span> <span class='ocrx_word' id='word_1_239' title='bbox 1288 1785 1339 1840; x_wconf 93' lang='lat' dir='ltr'><strong>in</strong></span> <span class='ocrx_word' id='word_1_240' title='bbox 1391 1784 1564 1840; x_wconf 79' lang='lat' dir='ltr'><strong>Fastis</strong></span> <span class='ocrx_word' id='word_1_241' title='bbox 1607 1786 1856 1842; x_wconf 77' lang='lat' dir='ltr'><strong>consula-</strong></span> <span class='ocrx_word' id='word_1_242' title='bbox 1885 1783 1930 1843; x_wconf 91' lang='lat' dir='ltr'><strong>B</strong></span> <span class='ocrx_word' id='word_1_243' title='bbox 1959 1786 2485 1858; x_wconf 81' lang='lat' dir='ltr'><strong>fatigantisinducias</strong></span> <span class='ocrx_word' id='word_1_244' title='bbox 2510 1790 2750 1842; x_wconf 89' lang='lat' dir='ltr'><strong>sortitur.</strong></span> <span class='ocrx_word' id='word_1_245' title='bbox 2791 1805 2809 1839; x_wconf 73' lang='grc' dir='ltr'><strong><em>ι</em></strong></span> <span class='ocrx_word' id='word_1_246' title='bbox 2845 1788 2913 1840; x_wconf 89' lang='lat' dir='ltr'><strong>At</strong></span> <span class='ocrx_word' id='word_1_247' title='bbox 2941 1797 3050 1841; x_wconf 89' lang='lat' dir='ltr'><strong>tum</strong></span> <span class='ocrx_word' id='word_1_248' title='bbox 3073 1786 3291 1855; x_wconf 87' lang='lat' dir='ltr'><strong>quidem</strong></span> <span class='ocrx_word' id='word_1_249' title='bbox 3313 1801 3560 1842; x_wconf 82' lang='lat' dir='ltr'><strong>secessus</strong></span> 
     </span>
    </p>
   </div>
   <div class='ocr_carea' id='block_1_35' title="bbox 258 1875 1856 1947">
    <p class='ocr_par' dir='ltr' id='par_1_35' title="bbox 258 1875 1856 1947">
     <span class='ocr_line' id='line_1_35' title="bbox 258 1875 1856 1947; baseline 0.001 -15"><span class='ocrx_word' id='word_1_250' title='bbox 258 1877 412 1932; x_wconf 88' lang='lat' dir='ltr'><strong>ribus</strong></span> <span class='ocrx_word' id='word_1_251' title='bbox 461 1877 599 1947; x_wconf 85' lang='lat' dir='ltr'><strong>lego.</strong></span> <span class='ocrx_word' id='word_1_252' title='bbox 671 1876 906 1947; x_wconf 88' lang='lat' dir='ltr'><strong>Denique</strong></span> <span class='ocrx_word' id='word_1_253' title='bbox 954 1885 1009 1932; x_wconf 92' lang='lat' dir='ltr'><strong>et</strong></span> <span class='ocrx_word' id='word_1_254' title='bbox 1058 1875 1320 1932; x_wconf 85' lang='lat' dir='ltr'><strong>Minucius</strong></span> <span class='ocrx_word' id='word_1_255' title='bbox 1365 1877 1654 1933; x_wconf 86' lang='lat' dir='ltr'><strong>Fundanus</strong></span> <span class='ocrx_word' id='word_1_256' title='bbox 1714 1879 1856 1933; x_wconf 76' lang='lat' dir='ltr'><strong>Asize</strong></span> 
     </span>
    </p>
   </div>
   <div class='ocr_carea' id='block_1_36' title="bbox 257 1967 1859 2042">
    <p class='ocr_par' dir='ltr' id='par_1_36' title="bbox 257 1967 1859 2042">
     <span class='ocr_line' id='line_1_36' title="bbox 257 1967 1859 2042; baseline 0.002 -19"><span class='ocrx_word' id='word_1_257' title='bbox 257 1983 462 2039; x_wconf 59' lang='lat' dir='ltr'><strong>praises</strong></span> <span class='ocrx_word' id='word_1_258' title='bbox 503 1967 602 2022; x_wconf 77' lang='lat' dir='ltr'><strong>fuit</strong></span> <span class='ocrx_word' id='word_1_259' title='bbox 629 1967 869 2034; x_wconf 87' lang='lat' dir='ltr'><strong>illustris,</strong></span> <span class='ocrx_word' id='word_1_260' title='bbox 913 1967 979 2021; x_wconf 90' lang='lat' dir='ltr'><strong>ad</strong></span> <span class='ocrx_word' id='word_1_261' title='bbox 1005 1983 1164 2036; x_wconf 89' lang='lat' dir='ltr'><strong>quem</strong></span> <span class='ocrx_word' id='word_1_262' title='bbox 1217 1968 1516 2026; x_wconf 80' lang='lat' dir='ltr'><strong>Hadrianus</strong></span> <span class='ocrx_word' id='word_1_263' title='bbox 1569 1971 1859 2042; x_wconf 87' lang='lat' dir='ltr'><strong>imperator</strong></span> 
     </span>
    </p>
   </div>
   <div class='ocr_carea' id='block_1_37' title="bbox 258 2059 1856 2134">
    <p class='ocr_par' dir='ltr' id='par_1_37' title="bbox 258 2059 1856 2134">
     <span class='ocr_line' id='line_1_37' title="bbox 258 2059 1856 2134; baseline 0.001 -17"><span class='ocrx_word' id='word_1_264' title='bbox 258 2075 370 2117; x_wconf 87' lang='lat' dir='ltr'><strong>n0n</strong></span> <span class='ocrx_word' id='word_1_265' title='bbox 423 2061 657 2132; x_wconf 90' lang='lat' dir='ltr'><strong>iniquam</strong></span> <span class='ocrx_word' id='word_1_266' title='bbox 713 2059 781 2116; x_wconf 90' lang='lat' dir='ltr'><strong>de</strong></span> <span class='ocrx_word' id='word_1_267' title='bbox 835 2059 1157 2116; x_wconf 86' lang='lat' dir='ltr'><strong>Christianis</strong></span> <span class='ocrx_word' id='word_1_268' title='bbox 1207 2061 1378 2133; x_wconf 84' lang='lat' dir='ltr'><strong>legem</strong></span> <span class='ocrx_word' id='word_1_269' title='bbox 1431 2063 1618 2118; x_wconf 89' lang='lat' dir='ltr'><strong>misit:</strong></span> <span class='ocrx_word' id='word_1_270' title='bbox 1651 2073 1706 2118; x_wconf 90' lang='lat' dir='ltr'><strong>ut</strong></span> <span class='ocrx_word' id='word_1_271' title='bbox 1747 2064 1856 2134; x_wconf 87' lang='lat' dir='ltr'><strong>jam</strong></span> 
     </span>
    </p>
   </div>
   <div class='ocr_carea' id='block_1_38' title="bbox 263 2151 1858 2225">
    <p class='ocr_par' dir='ltr' id='par_1_38' title="bbox 263 2151 1858 2225">
     <span class='ocr_line' id='line_1_38' title="bbox 263 2151 1858 2225; baseline 0.003 -18"><span class='ocrx_word' id='word_1_272' title='bbox 263 2152 401 2207; x_wconf 81' lang='lat' dir='ltr'><strong>nihil</strong></span> <span class='ocrx_word' id='word_1_273' title='bbox 432 2151 605 2207; x_wconf 89' lang='lat' dir='ltr'><strong>dicam</strong></span> <span class='ocrx_word' id='word_1_274' title='bbox 631 2152 697 2208; x_wconf 92' lang='lat' dir='ltr'><strong>de</strong></span> <span class='ocrx_word' id='word_1_275' title='bbox 724 2169 790 2207; x_wconf 88' lang='lat' dir='ltr'><strong>eo</strong></span> <span class='ocrx_word' id='word_1_276' title='bbox 821 2153 976 2223; x_wconf 88' lang='lat' dir='ltr'><strong>cujus</strong></span> <span class='ocrx_word' id='word_1_277' title='bbox 1006 2155 1058 2209; x_wconf 91' lang='lat' dir='ltr'><strong>in</strong></span> <span class='ocrx_word' id='word_1_278' title='bbox 1089 2155 1344 2224; x_wconf 84' lang='lat' dir='ltr'><strong>Epistolis</strong></span> <span class='ocrx_word' id='word_1_279' title='bbox 1373 2158 1616 2212; x_wconf 90' lang='lat' dir='ltr'><strong>meminit</strong></span> <span class='ocrx_word' id='word_1_280' title='bbox 1637 2157 1858 2225; x_wconf 86' lang='lat' dir='ltr'><strong>Plinius,</strong></span> 
     </span>
    </p>
   </div>
   <div class='ocr_carea' id='block_1_39' title="bbox 258 2243 1860 2315">
    <p class='ocr_par' dir='ltr' id='par_1_39' title="bbox 258 2243 1860 2315">
     <span class='ocr_line' id='line_1_39' title="bbox 258 2243 1860 2315; baseline 0.005 -18"><span class='ocrx_word' id='word_1_281' title='bbox 258 2243 350 2300; x_wconf 88' lang='lat' dir='ltr'><strong>vel</strong></span> <span class='ocrx_word' id='word_1_282' title='bbox 377 2259 536 2312; x_wconf 89' lang='lat' dir='ltr'><strong>quem</strong></span> <span class='ocrx_word' id='word_1_283' title='bbox 570 2245 658 2299; x_wconf 90' lang='lat' dir='ltr'><strong>ille</strong></span> <span class='ocrx_word' id='word_1_284' title='bbox 679 2255 864 2300; x_wconf 89' lang='lat' dir='ltr'><strong>noster</strong></span> <span class='ocrx_word' id='word_1_285' title='bbox 890 2245 1069 2301; x_wconf 88' lang='lat' dir='ltr'><strong>laudat</strong></span> <span class='ocrx_word' id='word_1_286' title='bbox 1095 2245 1361 2313; x_wconf 86' lang='lat' dir='ltr'><strong>Julianus,</strong></span> <span class='ocrx_word' id='word_1_287' title='bbox 1394 2248 1545 2315; x_wconf 91' lang='lat' dir='ltr'><strong>cujus</strong></span> <span class='ocrx_word' id='word_1_288' title='bbox 1594 2249 1659 2305; x_wconf 87' lang='lat' dir='ltr'><strong>ad</strong></span> <span class='ocrx_word' id='word_1_289' title='bbox 1688 2249 1860 2306; x_wconf 79' lang='lat' dir='ltr'><strong>Minu-</strong></span> 
     </span>
    </p>
   </div>
   <div class='ocr_carea' id='block_1_40' title="bbox 259 2335 1576 2396">
    <p class='ocr_par' dir='ltr' id='par_1_40' title="bbox 259 2335 1576 2396">
     <span class='ocr_line' id='line_1_40' title="bbox 259 2335 1576 2396; baseline 0.003 -4"><span class='ocrx_word' id='word_1_290' title='bbox 259 2336 411 2392; x_wconf 88' lang='lat' dir='ltr'><strong>cium</strong></span> <span class='ocrx_word' id='word_1_291' title='bbox 436 2335 675 2392; x_wconf 74' lang='lat' dir='ltr'><strong>Natalem</strong></span> <span class='ocrx_word' id='word_1_292' title='bbox 705 2337 824 2393; x_wconf 89' lang='lat' dir='ltr'><strong>libri</strong></span> <span class='ocrx_word' id='word_1_293' title='bbox 859 2337 926 2394; x_wconf 91' lang='lat' dir='ltr'><strong>de</strong></span> <span class='ocrx_word' id='word_1_294' title='bbox 953 2337 1081 2394; x_wconf 82' lang='lat' dir='ltr'><strong>Jnre</strong></span> <span class='ocrx_word' id='word_1_295' title='bbox 1111 2339 1250 2394; x_wconf 87' lang='lat' dir='ltr'><strong>civili</strong></span> <span class='ocrx_word' id='word_1_296' title='bbox 1277 2341 1576 2396; x_wconf 88' lang='lat' dir='ltr'><strong>laudantur.</strong></span> 
     </span>
    </p>
   </div>
   <div class='ocr_carea' id='block_1_41' title="bbox 337 2428 1864 2502">
    <p class='ocr_par' dir='ltr' id='par_1_41' title="bbox 337 2428 1864 2502">
     <span class='ocr_line' id='line_1_41' title="bbox 337 2428 1864 2502; baseline 0.005 -18"><span class='ocrx_word' id='word_1_297' title='bbox 337 2428 436 2484; x_wconf 84' lang='lat' dir='ltr'><strong>His</strong></span> <span class='ocrx_word' id='word_1_298' title='bbox 466 2444 598 2485; x_wconf 91' lang='lat' dir='ltr'><strong>vero</strong></span> <span class='ocrx_word' id='word_1_299' title='bbox 627 2430 878 2486; x_wconf 89' lang='lat' dir='ltr'><strong>onmibus</strong></span> <span class='ocrx_word' id='word_1_300' title='bbox 902 2447 1066 2486; x_wconf 89' lang='lat' dir='ltr'><strong>unum</strong></span> <span class='ocrx_word' id='word_1_301' title='bbox 1109 2428 1396 2488; x_wconf 78' lang='lat' dir='ltr'><strong>Minucium</strong></span> <span class='ocrx_word' id='word_1_302' title='bbox 1449 2432 1718 2502; x_wconf 82' lang='lat' dir='ltr'><strong>Felicem,</strong></span> <span class='ocrx_word' id='word_1_303' title='bbox 1763 2437 1864 2492; x_wconf 83' lang='lat' dir='ltr'><strong>etsi</strong></span> 
     </span>
    </p>
   </div>
   <div class='ocr_carea' id='block_1_42' title="bbox 263 2521 1868 2594">
    <p class='ocr_par' dir='ltr' id='par_1_42' title="bbox 263 2521 1868 2594">
     <span class='ocr_line' id='line_1_42' title="bbox 263 2521 1868 2594; baseline 0.004 -16"><span class='ocrx_word' id='word_1_304' title='bbox 263 2535 378 2578; x_wconf 92' lang='lat' dir='ltr'><strong>non</strong></span> <span class='ocrx_word' id='word_1_305' title='bbox 409 2521 569 2578; x_wconf 76' lang='lat' dir='ltr'><strong>fuerit</strong></span> <span class='ocrx_word' id='word_1_306' title='bbox 613 2521 853 2593; x_wconf 91' lang='lat' dir='ltr'><strong>ejusdem</strong></span> <span class='ocrx_word' id='word_1_307' title='bbox 901 2533 994 2578; x_wconf 88' lang='lat' dir='ltr'><strong>aut</strong></span> <span class='ocrx_word' id='word_1_308' title='bbox 1035 2523 1209 2594; x_wconf 90' lang='lat' dir='ltr'><strong>gentis</strong></span> <span class='ocrx_word' id='word_1_309' title='bbox 1253 2533 1346 2580; x_wconf 92' lang='lat' dir='ltr'><strong>aut</strong></span> <span class='ocrx_word' id='word_1_310' title='bbox 1403 2525 1654 2591; x_wconf 67' lang='lat' dir='ltr'><strong>familiae,</strong></span> <span class='ocrx_word' id='word_1_311' title='bbox 1711 2527 1868 2585; x_wconf 77' lang='lat' dir='ltr'><strong>facile</strong></span> 
     </span>
    </p>
   </div>
   <div class='ocr_carea' id='block_1_43' title="bbox 262 2615 1870 2687">
    <p class='ocr_par' dir='ltr' id='par_1_43' title="bbox 262 2615 1870 2687">
     <span class='ocr_line' id='line_1_43' title="bbox 262 2615 1870 2687; baseline 0.002 -16"><span class='ocrx_word' id='word_1_312' title='bbox 262 2625 568 2687; x_wconf 89' lang='lat' dir='ltr'><strong>antepono,</strong></span> <span class='ocrx_word' id='word_1_313' title='bbox 607 2625 764 2672; x_wconf 59' lang='lat' dir='ltr'><strong>astate</strong></span> <span class='ocrx_word' id='word_1_314' title='bbox 793 2615 1010 2686; x_wconf 88' lang='lat' dir='ltr'><strong>quidem</strong></span> <span class='ocrx_word' id='word_1_315' title='bbox 1060 2618 1449 2687; x_wconf 88' lang='lat' dir='ltr'><strong>posteriorem,</strong></span> <span class='ocrx_word' id='word_1_316' title='bbox 1502 2620 1743 2675; x_wconf 88' lang='lat' dir='ltr'><strong>doctrina</strong></span> <span class='ocrx_word' id='word_1_317' title='bbox 1789 2631 1870 2676; x_wconf 83' lang='lat' dir='ltr'><strong>ta-</strong></span> 
     </span>
    </p>
   </div>
   <div class='ocr_carea' id='block_1_44' title="bbox 262 2709 1866 2781">
    <p class='ocr_par' dir='ltr' id='par_1_44' title="bbox 262 2709 1866 2781">
     <span class='ocr_line' id='line_1_44' title="bbox 262 2709 1866 2781; baseline 0 -13"><span class='ocrx_word' id='word_1_318' title='bbox 262 2725 419 2779; x_wconf 85' lang='lat' dir='ltr'><strong>men,</strong></span> <span class='ocrx_word' id='word_1_319' title='bbox 451 2711 649 2766; x_wconf 88' lang='lat' dir='ltr'><strong>virtute</strong></span> <span class='ocrx_word' id='word_1_320' title='bbox 676 2721 750 2777; x_wconf 89' lang='lat' dir='ltr'><strong>et,</strong></span> <span class='ocrx_word' id='word_1_321' title='bbox 782 2709 924 2779; x_wconf 87' lang='lat' dir='ltr'><strong>quod</strong></span> <span class='ocrx_word' id='word_1_322' title='bbox 965 2712 1150 2781; x_wconf 81' lang='lat' dir='ltr'><strong>primo</strong></span> <span class='ocrx_word' id='word_1_323' title='bbox 1176 2712 1296 2767; x_wconf 94' lang='lat' dir='ltr'><strong>loco</strong></span> <span class='ocrx_word' id='word_1_324' title='bbox 1322 2713 1711 2768; x_wconf 91' lang='lat' dir='ltr'><strong>numerandum</strong></span> <span class='ocrx_word' id='word_1_325' title='bbox 1749 2722 1866 2779; x_wconf 90' lang='lat' dir='ltr'><strong>est,</strong></span> 
     </span>
    </p>
   </div>
   <div class='ocr_carea' id='block_1_45' title="bbox 264 2804 1871 2879">
    <p class='ocr_par' dir='ltr' id='par_1_45' title="bbox 264 2804 1871 2879">
     <span class='ocr_line' id='line_1_45' title="bbox 264 2804 1871 2879; baseline 0.002 -19"><span class='ocrx_word' id='word_1_326' title='bbox 264 2806 474 2875; x_wconf 86' lang='lat' dir='ltr'><strong>pietate</strong></span> <span class='ocrx_word' id='word_1_327' title='bbox 517 2804 682 2859; x_wconf 86' lang='lat' dir='ltr'><strong>multo</strong></span> <span class='ocrx_word' id='word_1_328' title='bbox 727 2805 1080 2874; x_wconf 89' lang='lat' dir='ltr'><strong>superiorem.</strong></span> <span class='ocrx_word' id='word_1_329' title='bbox 1133 2805 1253 2860; x_wconf 87' lang='lat' dir='ltr'><strong>Fuit</strong></span> <span class='ocrx_word' id='word_1_330' title='bbox 1296 2807 1438 2862; x_wconf 92' lang='lat' dir='ltr'><strong>enim</strong></span> <span class='ocrx_word' id='word_1_331' title='bbox 1468 2823 1572 2862; x_wconf 91' lang='lat' dir='ltr'><strong>non</strong></span> <span class='ocrx_word' id='word_1_332' title='bbox 1601 2807 1762 2862; x_wconf 88' lang='lat' dir='ltr'><strong>modo</strong></span> <span class='ocrx_word' id='word_1_333' title='bbox 1783 2808 1871 2879; x_wconf 84' lang='lat' dir='ltr'><strong>ju-</strong></span> 
     </span>
    </p>
   </div>
   <div class='ocr_carea' id='block_1_46' title="bbox 264 2897 1870 2970">
    <p class='ocr_par' dir='ltr' id='par_1_46' title="bbox 264 2897 1870 2970">
     <span class='ocr_line' id='line_1_46' title="bbox 264 2897 1870 2970; baseline 0.001 -18"><span class='ocrx_word' id='word_1_334' title='bbox 264 2897 629 2952; x_wconf 85' lang='lat' dir='ltr'><strong>risconsultus</strong></span> <span class='ocrx_word' id='word_1_335' title='bbox 675 2911 919 2967; x_wconf 88' lang='lat' dir='ltr'><strong>magnus,</strong></span> <span class='ocrx_word' id='word_1_336' title='bbox 961 2910 1015 2952; x_wconf 87' lang='lat' dir='ltr'><strong>et</strong></span> <span class='ocrx_word' id='word_1_337' title='bbox 1035 2898 1308 2954; x_wconf 81' lang='lat' dir='ltr'><strong>excellens</strong></span> <span class='ocrx_word' id='word_1_338' title='bbox 1333 2915 1431 2954; x_wconf 92' lang='lat' dir='ltr'><strong>suo</strong></span> <span class='ocrx_word' id='word_1_339' title='bbox 1463 2910 1704 2970; x_wconf 87' lang='lat' dir='ltr'><strong>tempore</strong></span> <span class='ocrx_word' id='word_1_340' title='bbox 1743 2915 1870 2955; x_wconf 83' lang='lat' dir='ltr'><strong>ora-</strong></span> 
     </span>
    </p>
   </div>
   <div class='ocr_carea' id='block_1_47' title="bbox 265 2988 1859 3060">
    <p class='ocr_par' dir='ltr' id='par_1_47' title="bbox 265 2988 1859 3060">
     <span class='ocr_line' id='line_1_47' title="bbox 265 2988 1859 3060; baseline 0.001 -15"><span class='ocrx_word' id='word_1_341' title='bbox 265 2997 360 3045; x_wconf 84' lang='lat' dir='ltr'><strong>tor</strong></span> <span class='ocrx_word' id='word_1_342' title='bbox 387 3007 400 3044; x_wconf 91' lang='lat'><strong>:</strong></span> <span class='ocrx_word' id='word_1_343' title='bbox 425 2988 520 3044; x_wconf 88' lang='lat' dir='ltr'><strong>sed</strong></span> <span class='ocrx_word' id='word_1_344' title='bbox 546 2999 633 3055; x_wconf 92' lang='lat' dir='ltr'><strong>et,</strong></span> <span class='ocrx_word' id='word_1_345' title='bbox 679 2988 820 3060; x_wconf 90' lang='lat' dir='ltr'><strong>quod</strong></span> <span class='ocrx_word' id='word_1_346' title='bbox 851 2988 1023 3059; x_wconf 91' lang='lat' dir='ltr'><strong>majus</strong></span> <span class='ocrx_word' id='word_1_347' title='bbox 1050 3000 1151 3056; x_wconf 84' lang='lat' dir='ltr'><strong>est,</strong></span> <span class='ocrx_word' id='word_1_348' title='bbox 1203 2990 1300 3045; x_wconf 79' lang='lat' dir='ltr'><strong>fuit</strong></span> <span class='ocrx_word' id='word_1_349' title='bbox 1338 2992 1482 3048; x_wconf 92' lang='lat' dir='ltr'><strong>serio</strong></span> <span class='ocrx_word' id='word_1_350' title='bbox 1503 2992 1859 3048; x_wconf 75' lang='lat' dir='ltr'><strong>Christianus.</strong></span> 
     </span>
    </p>
   </div>
   <div class='ocr_carea' id='block_1_48' title="bbox 266 3081 1870 3153">
    <p class='ocr_par' dir='ltr' id='par_1_48' title="bbox 266 3081 1870 3153">
     <span class='ocr_line' id='line_1_48' title="bbox 266 3081 1870 3153; baseline 0.001 -13"><span class='ocrx_word' id='word_1_351' title='bbox 266 3081 469 3140; x_wconf 77' lang='lat' dir='ltr'><strong>Afrum</strong></span> <span class='ocrx_word' id='word_1_352' title='bbox 500 3081 666 3140; x_wconf 80' lang='lat' dir='ltr'><strong>fuisse</strong></span> <span class='ocrx_word' id='word_1_353' title='bbox 695 3083 957 3153; x_wconf 78' lang='lat' dir='ltr'><strong>suapicor,</strong></span> <span class='ocrx_word' id='word_1_354' title='bbox 990 3085 1114 3139; x_wconf 89' lang='lat' dir='ltr'><strong>licet</strong></span> <span class='ocrx_word' id='word_1_355' title='bbox 1159 3082 1212 3138; x_wconf 89' lang='lat' dir='ltr'><strong>id</strong></span> <span class='ocrx_word' id='word_1_356' title='bbox 1243 3084 1510 3141; x_wconf 76' lang='lat' dir='ltr'><strong>afﬁrmare</strong></span> <span class='ocrx_word' id='word_1_357' title='bbox 1543 3101 1646 3142; x_wconf 93' lang='lat' dir='ltr'><strong>non</strong></span> <span class='ocrx_word' id='word_1_358' title='bbox 1675 3087 1870 3142; x_wconf 90' lang='lat' dir='ltr'><strong>ausim.</strong></span> 
     </span>
    </p>
   </div>
   <div class='ocr_carea' id='block_1_49' title="bbox 1961 1880 3564 1951">
    <p class='ocr_par' dir='ltr' id='par_1_49' title="bbox 1961 1880 3564 1951">
     <span class='ocr_line' id='line_1_49' title="bbox 1961 1880 3564 1951; baseline -0.001 -16"><span class='ocrx_word' id='word_1_359' title='bbox 1961 1895 2204 1937; x_wconf 79' lang='lat' dir='ltr'><strong>aintenos</strong></span> <span class='ocrx_word' id='word_1_360' title='bbox 2233 1892 2451 1951; x_wconf 85' lang='lat' dir='ltr'><strong>captare</strong></span> <span class='ocrx_word' id='word_1_361' title='bbox 2479 1896 2537 1936; x_wconf 93' lang='lat' dir='ltr'><strong>se</strong></span> <span class='ocrx_word' id='word_1_362' title='bbox 2555 1881 2648 1944; x_wconf 87' lang='lat' dir='ltr'><strong>ait,</strong></span> <span class='ocrx_word' id='word_1_363' title='bbox 2697 1881 2786 1934; x_wconf 91' lang='lat' dir='ltr'><strong>ubi</strong></span> <span class='ocrx_word' id='word_1_364' title='bbox 2832 1880 2898 1933; x_wconf 88' lang='lat' dir='ltr'><strong>de</strong></span> <span class='ocrx_word' id='word_1_365' title='bbox 2931 1880 3094 1935; x_wconf 87' lang='lat' dir='ltr'><strong>rebus</strong></span> <span class='ocrx_word' id='word_1_366' title='bbox 3121 1880 3317 1935; x_wconf 82' lang='lat' dir='ltr'><strong>divinis</strong></span> <span class='ocrx_word' id='word_1_367' title='bbox 3347 1880 3564 1948; x_wconf 81' lang='lat' dir='ltr'><strong>cogitet.</strong></span> 
     </span>
    </p>
   </div>
   <div class='ocr_carea' id='block_1_50' title="bbox 1961 1971 3570 2030">
    <p class='ocr_par' dir='ltr' id='par_1_50' title="bbox 1961 1971 3570 2030">
     <span class='ocr_line' id='line_1_50' title="bbox 1961 1971 3570 2030; baseline -0.001 -1"><span class='ocrx_word' id='word_1_368' title='bbox 1961 1973 2077 2029; x_wconf 88' lang='lat' dir='ltr'><strong>Non</strong></span> <span class='ocrx_word' id='word_1_369' title='bbox 2106 1973 2384 2029; x_wconf 91' lang='lat' dir='ltr'><strong>dissimilis</strong></span> <span class='ocrx_word' id='word_1_370' title='bbox 2423 1984 2506 2030; x_wconf 91' lang='lat' dir='ltr'><strong>est</strong></span> <span class='ocrx_word' id='word_1_371' title='bbox 2552 1973 2791 2028; x_wconf 84' lang='lat' dir='ltr'><strong>narratio</strong></span> <span class='ocrx_word' id='word_1_372' title='bbox 2846 1973 3014 2028; x_wconf 87' lang='lat' dir='ltr'><strong>nostri</strong></span> <span class='ocrx_word' id='word_1_373' title='bbox 3068 1973 3304 2028; x_wconf 85' lang='lat' dir='ltr'><strong>Minucii.</strong></span> <span class='ocrx_word' id='word_1_374' title='bbox 3361 1971 3570 2028; x_wconf 85' lang='lat' dir='ltr'><strong>Felices</strong></span> 
     </span>
    </p>
   </div>
   <div class='ocr_carea' id='block_1_51' title="bbox 1965 2063 3569 2136">
    <p class='ocr_par' dir='ltr' id='par_1_51' title="bbox 1965 2063 3569 2136">
     <span class='ocr_line' id='line_1_51' title="bbox 1965 2063 3569 2136; baseline 0 -16"><span class='ocrx_word' id='word_1_375' title='bbox 1965 2081 2092 2122; x_wconf 91' lang='lat' dir='ltr'><strong>vero</strong></span> <span class='ocrx_word' id='word_1_376' title='bbox 2123 2067 2227 2121; x_wconf 68' lang='lat' dir='ltr'><strong>illa:</strong></span> <span class='ocrx_word' id='word_1_377' title='bbox 2251 2065 2419 2131; x_wconf 71' lang='lat' dir='ltr'><strong>ierim,</strong></span> <span class='ocrx_word' id='word_1_378' title='bbox 2449 2066 2641 2136; x_wconf 87' lang='lat' dir='ltr'><strong>quibus</strong></span> <span class='ocrx_word' id='word_1_379' title='bbox 2671 2079 2700 2118; x_wconf 89' lang='lat' dir='ltr'><strong>a</strong></span> <span class='ocrx_word' id='word_1_380' title='bbox 2732 2064 2849 2119; x_wconf 84' lang='lat' dir='ltr'><strong>foro</strong></span> <span class='ocrx_word' id='word_1_381' title='bbox 2898 2063 3274 2134; x_wconf 90' lang='lat' dir='ltr'><strong>subselliisque</strong></span> <span class='ocrx_word' id='word_1_382' title='bbox 3301 2063 3569 2120; x_wconf 87' lang='lat' dir='ltr'><strong>abductus</strong></span> 
     </span>
    </p>
   </div>
   <div class='ocr_carea' id='block_1_52' title="bbox 1966 2155 3572 2226">
    <p class='ocr_par' dir='ltr' id='par_1_52' title="bbox 1966 2155 3572 2226">
     <span class='ocr_line' id='line_1_52' title="bbox 1966 2155 3572 2226; baseline -0.004 -12"><span class='ocrx_word' id='word_1_383' title='bbox 1966 2159 2331 2214; x_wconf 88' lang='lat' dir='ltr'><strong>nobilissimus</strong></span> <span class='ocrx_word' id='word_1_384' title='bbox 2368 2156 2672 2211; x_wconf 80' lang='lat' dir='ltr'><strong>causidicus</strong></span> <span class='ocrx_word' id='word_1_385' title='bbox 2697 2167 2774 2210; x_wconf 79' lang='lat' dir='ltr'><strong>est</strong></span> <span class='ocrx_word' id='word_1_386' title='bbox 2824 2155 2888 2210; x_wconf 89' lang='lat' dir='ltr'><strong>ad</strong></span> <span class='ocrx_word' id='word_1_387' title='bbox 2919 2155 3226 2226; x_wconf 82' lang='lat' dir='ltr'><strong>religiOsam</strong></span> <span class='ocrx_word' id='word_1_388' title='bbox 3279 2155 3391 2210; x_wconf 92' lang='lat' dir='ltr'><strong>sive</strong></span> <span class='ocrx_word' id='word_1_389' title='bbox 3421 2169 3572 2209; x_wconf 86' lang='lat' dir='ltr'><strong>com-</strong></span> 
     </span>
    </p>
   </div>
   <div class='ocr_carea' id='block_1_53' title="bbox 1967 2249 3573 2322">
    <p class='ocr_par' dir='ltr' id='par_1_53' title="bbox 1967 2249 3573 2322">
     <span class='ocr_line' id='line_1_53' title="bbox 1967 2249 3573 2322; baseline -0.001 -12"><span class='ocrx_word' id='word_1_390' title='bbox 1967 2254 2354 2310; x_wconf 85' lang='lat' dir='ltr'><strong>mentationem</strong></span> <span class='ocrx_word' id='word_1_391' title='bbox 2393 2252 2508 2307; x_wconf 85' lang='lat' dir='ltr'><strong>sive</strong></span> <span class='ocrx_word' id='word_1_392' title='bbox 2539 2251 2976 2317; x_wconf 88' lang='lat' dir='ltr'><strong>disputationem.</strong></span> <span class='ocrx_word' id='word_1_393' title='bbox 3007 2249 3198 2307; x_wconf 88' lang='lat' dir='ltr'><strong>Cicero</strong></span> <span class='ocrx_word' id='word_1_394' title='bbox 3219 2293 3234 2316; x_wconf 89' lang='lat'><strong>,</strong></span> <span class='ocrx_word' id='word_1_395' title='bbox 3281 2252 3424 2322; x_wconf 89' lang='lat' dir='ltr'><strong>quod</strong></span> <span class='ocrx_word' id='word_1_396' title='bbox 3474 2250 3573 2309; x_wconf 88' lang='lat' dir='ltr'><strong>abs</strong></span> 
     </span>
    </p>
   </div>
   <div class='ocr_carea' id='block_1_54' title="bbox 1968 2339 3572 2414">
    <p class='ocr_par' dir='ltr' id='par_1_54' title="bbox 1968 2339 3572 2414">
     <span class='ocr_line' id='line_1_54' title="bbox 1968 2339 3572 2414; baseline -0.002 -13"><span class='ocrx_word' id='word_1_397' title='bbox 1968 2354 2154 2401; x_wconf 91' lang='lat' dir='ltr'><strong>nostro</strong></span> <span class='ocrx_word' id='word_1_398' title='bbox 2189 2342 2426 2399; x_wconf 71' lang='lat' dir='ltr'><strong>Scaevola</strong></span> <span class='ocrx_word' id='word_1_399' title='bbox 2465 2343 2703 2412; x_wconf 86' lang='lat' dir='ltr'><strong>accepit,</strong></span> <span class='ocrx_word' id='word_1_400' title='bbox 2747 2350 2931 2396; x_wconf 87' lang='lat' dir='ltr'><strong>narrat</strong></span> <span class='ocrx_word' id='word_1_401' title='bbox 2985 2339 3110 2414; x_wconf 83' lang='lat' dir='ltr'><strong>(lib.</strong></span> <span class='ocrx_word' id='word_1_402' title='bbox 3145 2357 3181 2396; x_wconf 87' lang='lat' dir='ltr'><strong>tt</strong></span> <span class='ocrx_word' id='word_1_403' title='bbox 3228 2343 3291 2396; x_wconf 87' lang='lat' dir='ltr'><strong>de</strong></span> <span class='ocrx_word' id='word_1_404' title='bbox 3332 2342 3572 2408; x_wconf 83' lang='lat' dir='ltr'><strong>Oratore,</strong></span> 
     </span>
    </p>
   </div>
   <div class='ocr_carea' id='block_1_55' title="bbox 1970 2434 3575 2509">
    <p class='ocr_par' dir='ltr' id='par_1_55' title="bbox 1970 2434 3575 2509">
     <span class='ocr_line' id='line_1_55' title="bbox 1970 2434 3575 2509; baseline -0.001 -18"><span class='ocrx_word' id='word_1_405' title='bbox 1970 2454 2088 2509; x_wconf 85' lang='lat' dir='ltr'><strong>cap.</strong></span> <span class='ocrx_word' id='word_1_406' title='bbox 2120 2438 2198 2506; x_wconf 85' lang='lat'><strong>6).</strong></span> <span class='ocrx_word' id='word_1_407' title='bbox 2229 2455 2248 2488; x_wconf 76' lang='grc' dir='ltr'>ι</span> <span class='ocrx_word' id='word_1_408' title='bbox 2280 2435 2501 2492; x_wconf 65' lang='lat' dir='ltr'><strong>Laelium</strong></span> <span class='ocrx_word' id='word_1_409' title='bbox 2542 2450 2664 2489; x_wconf 90' lang='lat' dir='ltr'><strong>eum</strong></span> <span class='ocrx_word' id='word_1_410' title='bbox 2703 2434 2958 2504; x_wconf 90' lang='lat' dir='ltr'><strong>Scipione</strong></span> <span class='ocrx_word' id='word_1_411' title='bbox 2986 2434 3202 2489; x_wconf 92' lang='lat' dir='ltr'><strong>solitum</strong></span> <span class='ocrx_word' id='word_1_412' title='bbox 3234 2450 3356 2491; x_wconf 91' lang='lat' dir='ltr'><strong>esse</strong></span> <span class='ocrx_word' id='word_1_413' title='bbox 3407 2435 3575 2490; x_wconf 88' lang='lat' dir='ltr'><strong>rusti-</strong></span> 
     </span>
    </p>
   </div>
   <div class='ocr_carea' id='block_1_56' title="bbox 1969 2527 3571 2599">
    <p class='ocr_par' dir='ltr' id='par_1_56' title="bbox 1969 2527 3571 2599">
     <span class='ocr_line' id='line_1_56' title="bbox 1969 2527 3571 2599; baseline -0.002 -13"><span class='ocrx_word' id='word_1_414' title='bbox 1969 2532 2079 2586; x_wconf 89' lang='lat' dir='ltr'><strong>cari</strong></span> <span class='ocrx_word' id='word_1_415' title='bbox 2111 2547 2124 2585; x_wconf 94' lang='lat'>:</span> <span class='ocrx_word' id='word_1_416' title='bbox 2155 2543 2355 2599; x_wconf 89' lang='lat' dir='ltr'><strong>eosque</strong></span> <span class='ocrx_word' id='word_1_417' title='bbox 2383 2527 2768 2583; x_wconf 89' lang='lat' dir='ltr'><strong>incredibiliter</strong></span> <span class='ocrx_word' id='word_1_418' title='bbox 2790 2542 3172 2597; x_wconf 87' lang='lat' dir='ltr'><strong>repuerascere</strong></span> <span class='ocrx_word' id='word_1_419' title='bbox 3199 2542 3320 2583; x_wconf 89' lang='lat' dir='ltr'><strong>esse</strong></span> <span class='ocrx_word' id='word_1_420' title='bbox 3359 2527 3571 2595; x_wconf 90' lang='lat' dir='ltr'><strong>solitos,</strong></span> 
     </span>
    </p>
   </div>
   <div class='ocr_carea' id='block_1_57' title="bbox 1971 2619 3576 2690">
    <p class='ocr_par' dir='ltr' id='par_1_57' title="bbox 1971 2619 3576 2690">
     <span class='ocr_line' id='line_1_57' title="bbox 1971 2619 3576 2690; baseline -0.001 -14"><span class='ocrx_word' id='word_1_421' title='bbox 1971 2637 2092 2677; x_wconf 90' lang='lat' dir='ltr'><strong>cum</strong></span> <span class='ocrx_word' id='word_1_422' title='bbox 2135 2637 2228 2676; x_wconf 90' lang='lat' dir='ltr'><strong>rus</strong></span> <span class='ocrx_word' id='word_1_423' title='bbox 2264 2635 2331 2675; x_wconf 84' lang='lat' dir='ltr'><strong>ex</strong></span> <span class='ocrx_word' id='word_1_424' title='bbox 2373 2621 2525 2686; x_wconf 90' lang='lat' dir='ltr'><strong>urbe,</strong></span> <span class='ocrx_word' id='word_1_425' title='bbox 2565 2629 2834 2690; x_wconf 88' lang='lat' dir='ltr'><strong>tamquam</strong></span> <span class='ocrx_word' id='word_1_426' title='bbox 2862 2633 2927 2674; x_wconf 78' lang='lat' dir='ltr'><strong>ex</strong></span> <span class='ocrx_word' id='word_1_427' title='bbox 2966 2619 3191 2674; x_wconf 90' lang='lat' dir='ltr'><strong>vinculis</strong></span> <span class='ocrx_word' id='word_1_428' title='bbox 3222 2619 3522 2674; x_wconf 88' lang='lat' dir='ltr'><strong>evolassent</strong></span> <span class='ocrx_word' id='word_1_429' title='bbox 3561 2635 3576 2673; x_wconf 90' lang='lat'><strong>:</strong></span> 
     </span>
    </p>
   </div>
   <div class='ocr_carea' id='block_1_58' title="bbox 1972 2709 3582 2776">
    <p class='ocr_par' dir='ltr' id='par_1_58' title="bbox 1972 2709 3582 2776">
     <span class='ocr_line' id='line_1_58' title="bbox 1972 2709 3582 2776; baseline -0.001 -8"><span class='ocrx_word' id='word_1_430' title='bbox 1972 2712 2206 2768; x_wconf 88' lang='lat' dir='ltr'><strong>conchas</strong></span> <span class='ocrx_word' id='word_1_431' title='bbox 2235 2731 2254 2765; x_wconf 72' lang='grc' dir='ltr'><strong><em>ι</em></strong></span> <span class='ocrx_word' id='word_1_432' title='bbox 2289 2712 2473 2776; x_wconf 92' lang='lat' dir='ltr'><strong>etiam,</strong></span> <span class='ocrx_word' id='word_1_433' title='bbox 2509 2729 2529 2762; x_wconf 74' lang='grc' dir='ltr'>ι</span> <span class='ocrx_word' id='word_1_434' title='bbox 2565 2718 2621 2766; x_wconf 90' lang='lat' dir='ltr'><strong>et</strong></span> <span class='ocrx_word' id='word_1_435' title='bbox 2650 2711 2935 2767; x_wconf 89' lang='lat' dir='ltr'><strong>umbilicos</strong></span> <span class='ocrx_word' id='word_1_436' title='bbox 2979 2710 3045 2766; x_wconf 92' lang='lat' dir='ltr'><strong>ad</strong></span> <span class='ocrx_word' id='word_1_437' title='bbox 3090 2709 3349 2776; x_wconf 88' lang='lat' dir='ltr'><strong>Caietam,</strong></span> <span class='ocrx_word' id='word_1_438' title='bbox 3405 2723 3459 2766; x_wconf 87' lang='lat' dir='ltr'><strong>et</strong></span> <span class='ocrx_word' id='word_1_439' title='bbox 3509 2709 3582 2767; x_wconf 87' lang='lat' dir='ltr'><strong>ad</strong></span> 
     </span>
    </p>
   </div>
   <div class='ocr_carea' id='block_1_59' title="bbox 1973 2803 3580 2875">
    <p class='ocr_par' dir='ltr' id='par_1_59' title="bbox 1973 2803 3580 2875">
     <span class='ocr_line' id='line_1_59' title="bbox 1973 2803 3580 2875; baseline -0.002 -14"><span class='ocrx_word' id='word_1_440' title='bbox 1973 2805 2262 2862; x_wconf 88' lang='lat' dir='ltr'><strong>Lucrinum</strong></span> <span class='ocrx_word' id='word_1_441' title='bbox 2293 2803 2474 2875; x_wconf 88' lang='lat' dir='ltr'><strong>legere</strong></span> <span class='ocrx_word' id='word_1_442' title='bbox 2510 2817 2822 2870; x_wconf 89' lang='lat' dir='ltr'><strong>consuesse,</strong></span> <span class='ocrx_word' id='word_1_443' title='bbox 2853 2813 2906 2857; x_wconf 91' lang='lat' dir='ltr'><strong>et</strong></span> <span class='ocrx_word' id='word_1_444' title='bbox 2940 2804 3006 2858; x_wconf 87' lang='lat' dir='ltr'><strong>ad</strong></span> <span class='ocrx_word' id='word_1_445' title='bbox 3039 2819 3252 2858; x_wconf 90' lang='lat' dir='ltr'><strong>omnem</strong></span> <span class='ocrx_word' id='word_1_446' title='bbox 3280 2805 3444 2858; x_wconf 89' lang='lat' dir='ltr'><strong>animi</strong></span> <span class='ocrx_word' id='word_1_447' title='bbox 3487 2819 3580 2858; x_wconf 85' lang='lat' dir='ltr'><strong>re-</strong></span> 
     </span>
    </p>
   </div>
   <div class='ocr_carea' id='block_1_60' title="bbox 1976 2896 3584 2966">
    <p class='ocr_par' dir='ltr' id='par_1_60' title="bbox 1976 2896 3584 2966">
     <span class='ocr_line' id='line_1_60' title="bbox 1976 2896 3584 2966; baseline -0.002 -13"><span class='ocrx_word' id='word_1_448' title='bbox 1976 2899 2286 2954; x_wconf 90' lang='lat' dir='ltr'><strong>missionem</strong></span> <span class='ocrx_word' id='word_1_449' title='bbox 2317 2897 2609 2966; x_wconf 89' lang='lat' dir='ltr'><strong>ludumque</strong></span> <span class='ocrx_word' id='word_1_450' title='bbox 2635 2896 2984 2951; x_wconf 89' lang='lat' dir='ltr'><strong>descendere.</strong></span> <span class='ocrx_word' id='word_1_451' title='bbox 3023 2915 3042 2948; x_wconf 81' lang='grc'><strong>»</strong></span> <span class='ocrx_word' id='word_1_452' title='bbox 3075 2897 3204 2966; x_wconf 87' lang='lat' dir='ltr'><strong>Ejus</strong></span> <span class='ocrx_word' id='word_1_453' title='bbox 3240 2912 3371 2951; x_wconf 90' lang='lat' dir='ltr'><strong>vero</strong></span> <span class='ocrx_word' id='word_1_454' title='bbox 3397 2911 3584 2952; x_wconf 77' lang='lat' dir='ltr'><strong>exem-</strong></span> 
     </span>
    </p>
   </div>
   <div class='ocr_carea' id='block_1_61' title="bbox 1979 2987 3574 3066">
    <p class='ocr_par' dir='ltr' id='par_1_61' title="bbox 1979 2987 3574 3066">
     <span class='ocr_line' id='line_1_61' title="bbox 1979 2987 3574 3066; baseline -0.001 -23"><span class='ocrx_word' id='word_1_455' title='bbox 1979 2991 2047 3061; x_wconf 91' lang='lat' dir='ltr'><strong>pli</strong></span> <span class='ocrx_word' id='word_1_456' title='bbox 2080 2988 2260 3044; x_wconf 88' lang='lat' dir='ltr'><strong>statim</strong></span> <span class='ocrx_word' id='word_1_457' title='bbox 2313 2989 2442 3042; x_wconf 89' lang='lat' dir='ltr'><strong>milii</strong></span> <span class='ocrx_word' id='word_1_458' title='bbox 2473 2987 2525 3042; x_wconf 94' lang='lat' dir='ltr'><strong>in</strong></span> <span class='ocrx_word' id='word_1_459' title='bbox 2577 2998 2838 3066; x_wconf 20' lang='lat' dir='ltr'><strong>mentem.</strong></span> <span class='ocrx_word' id='word_1_460' title='bbox 2870 2990 3042 3054; x_wconf 89' lang='lat' dir='ltr'><strong>venit,</strong></span> <span class='ocrx_word' id='word_1_461' title='bbox 3102 3004 3224 3042; x_wconf 85' lang='lat' dir='ltr'><strong>cum</strong></span> <span class='ocrx_word' id='word_1_462' title='bbox 3283 2989 3574 3043; x_wconf 85' lang='lat' dir='ltr'><strong>Minucium</strong></span> 
     </span>
    </p>
   </div>
   <div class='ocr_carea' id='block_1_62' title="bbox 1978 3079 3579 3151">
    <p class='ocr_par' dir='ltr' id='par_1_62' title="bbox 1978 3079 3579 3151">
     <span class='ocr_line' id='line_1_62' title="bbox 1978 3079 3579 3151; baseline 0.001 -14"><span class='ocrx_word' id='word_1_463' title='bbox 1978 3081 2242 3148; x_wconf 87' lang='lat' dir='ltr'><strong>audirem,</strong></span> <span class='ocrx_word' id='word_1_464' title='bbox 2276 3081 2464 3136; x_wconf 90' lang='lat' dir='ltr'><strong>relicto</strong></span> <span class='ocrx_word' id='word_1_465' title='bbox 2494 3082 2722 3151; x_wconf 87' lang='lat' dir='ltr'><strong>strepitu</strong></span> <span class='ocrx_word' id='word_1_466' title='bbox 2748 3079 2982 3148; x_wconf 78' lang='lat' dir='ltr'><strong>forensi,</strong></span> <span class='ocrx_word' id='word_1_467' title='bbox 3033 3096 3156 3135; x_wconf 90' lang='lat' dir='ltr'><strong>cum</strong></span> <span class='ocrx_word' id='word_1_468' title='bbox 3207 3095 3305 3136; x_wconf 92' lang='lat' dir='ltr'><strong>suo</strong></span> <span class='ocrx_word' id='word_1_469' title='bbox 3354 3081 3579 3138; x_wconf 89' lang='lat' dir='ltr'><strong>Octavio</strong></span> 
     </span>
    </p>
   </div>
   <div class='ocr_carea' id='block_1_63' title="bbox 266 3172 3584 3249">
    <p class='ocr_par' dir='ltr' id='par_1_63' title="bbox 266 3172 3584 3249">
     <span class='ocr_line' id='line_1_63' title="bbox 266 3172 3584 3249; baseline 0 -17"><span class='ocrx_word' id='word_1_470' title='bbox 266 3176 438 3233; x_wconf 84' lang='lat' dir='ltr'><strong>Certe</strong></span> <span class='ocrx_word' id='word_1_471' title='bbox 476 3177 758 3232; x_wconf 76' lang='lat' dir='ltr'><strong>Frontonis</strong></span> <span class='ocrx_word' id='word_1_472' title='bbox 785 3176 1047 3233; x_wconf 85' lang='lat' dir='ltr'><strong>Cirtensis</strong></span> <span class='ocrx_word' id='word_1_473' title='bbox 1082 3178 1247 3249; x_wconf 86' lang='lat' dir='ltr'><strong>(Cirta</strong></span> <span class='ocrx_word' id='word_1_474' title='bbox 1278 3189 1453 3235; x_wconf 86' lang='lat' dir='ltr'><strong>autem</strong></span> <span class='ocrx_word' id='word_1_475' title='bbox 1502 3181 1598 3236; x_wconf 79' lang='lat' dir='ltr'><strong>fuit</strong></span> <span class='ocrx_word' id='word_1_476' title='bbox 1649 3183 1875 3237; x_wconf 88' lang='lat' dir='ltr'><strong>nobilis-</strong></span> <span class='ocrx_word' id='word_1_477' title='bbox 1903 3180 1948 3244; x_wconf 91' lang='lat' dir='ltr'><strong>C</strong></span> <span class='ocrx_word' id='word_1_478' title='bbox 1983 3173 2262 3239; x_wconf 74' lang='lat' dir='ltr'><strong>rusﬁcari,</strong></span> <span class='ocrx_word' id='word_1_479' title='bbox 2316 3182 2371 3228; x_wconf 75' lang='lat' dir='ltr'><strong>et</strong></span> <span class='ocrx_word' id='word_1_480' title='bbox 2421 3173 2472 3226; x_wconf 86' lang='lat' dir='ltr'><strong>in</strong></span> <span class='ocrx_word' id='word_1_481' title='bbox 2529 3173 2708 3228; x_wconf 81' lang='lat' dir='ltr'><strong>littore</strong></span> <span class='ocrx_word' id='word_1_482' title='bbox 2767 3172 3000 3229; x_wconf 77' lang='lat' dir='ltr'><strong>OSIiensi</strong></span> <span class='ocrx_word' id='word_1_483' title='bbox 3046 3173 3282 3228; x_wconf 81' lang='lat' dir='ltr'><strong>suaviter</strong></span> <span class='ocrx_word' id='word_1_484' title='bbox 3333 3182 3584 3243; x_wconf 81' lang='lat' dir='ltr'><strong>spectare</strong></span> 
     </span>
    </p>
   </div>
   <div class='ocr_carea' id='block_1_64' title="bbox 267 3268 1877 3342">
    <p class='ocr_par' dir='ltr' id='par_1_64' title="bbox 267 3268 1877 3342">
     <span class='ocr_line' id='line_1_64' title="bbox 267 3268 1877 3342; baseline 0.002 -16"><span class='ocrx_word' id='word_1_485' title='bbox 267 3270 417 3326; x_wconf 86' lang='lat' dir='ltr'><strong>sima</strong></span> <span class='ocrx_word' id='word_1_486' title='bbox 448 3268 712 3326; x_wconf 76' lang='lat' dir='ltr'><strong>Numidia:</strong></span> <span class='ocrx_word' id='word_1_487' title='bbox 738 3272 949 3338; x_wconf 88' lang='lat' dir='ltr'><strong>civitas,</strong></span> <span class='ocrx_word' id='word_1_488' title='bbox 982 3271 1134 3342; x_wconf 90' lang='lat' dir='ltr'><strong>cujus</strong></span> <span class='ocrx_word' id='word_1_489' title='bbox 1178 3282 1232 3327; x_wconf 93' lang='lat' dir='ltr'><strong>et</strong></span> <span class='ocrx_word' id='word_1_490' title='bbox 1259 3273 1310 3327; x_wconf 93' lang='lat' dir='ltr'><strong>in</strong></span> <span class='ocrx_word' id='word_1_491' title='bbox 1363 3273 1645 3328; x_wconf 87' lang='lat' dir='ltr'><strong>Pandectis</strong></span> <span class='ocrx_word' id='word_1_492' title='bbox 1676 3276 1877 3331; x_wconf 89' lang='lat' dir='ltr'><strong>mentio</strong></span> 
     </span>
    </p>
   </div>
   <div class='ocr_carea' id='block_1_65' title="bbox 272 3363 1878 3430">
    <p class='ocr_par' dir='ltr' id='par_1_65' title="bbox 272 3363 1878 3430">
     <span class='ocr_line' id='line_1_65' title="bbox 272 3363 1878 3430; baseline 0.003 -12"><span class='ocrx_word' id='word_1_493' title='bbox 272 3363 383 3430; x_wconf 84' lang='lat' dir='ltr'><strong>ﬁt)</strong></span> <span class='ocrx_word' id='word_1_494' title='bbox 434 3363 505 3419; x_wconf 89' lang='lat' dir='ltr'><strong>ita</strong></span> <span class='ocrx_word' id='word_1_495' title='bbox 537 3366 801 3429; x_wconf 82' lang='lat' dir='ltr'><strong>meminit,</strong></span> <span class='ocrx_word' id='word_1_496' title='bbox 854 3375 912 3420; x_wconf 92' lang='lat' dir='ltr'><strong>ut</strong></span> <span class='ocrx_word' id='word_1_497' title='bbox 961 3366 1012 3420; x_wconf 92' lang='lat' dir='ltr'><strong>in</strong></span> <span class='ocrx_word' id='word_1_498' title='bbox 1041 3365 1223 3420; x_wconf 74' lang='lat' dir='ltr'><strong>Africa</strong></span> <span class='ocrx_word' id='word_1_499' title='bbox 1269 3378 1540 3422; x_wconf 88' lang='lat' dir='ltr'><strong>versatum</strong></span> <span class='ocrx_word' id='word_1_500' title='bbox 1568 3383 1627 3422; x_wconf 91' lang='lat' dir='ltr'><strong>se</strong></span> <span class='ocrx_word' id='word_1_501' title='bbox 1649 3383 1769 3423; x_wconf 76' lang='lat' dir='ltr'><strong>esse</strong></span> <span class='ocrx_word' id='word_1_502' title='bbox 1800 3368 1878 3423; x_wconf 91' lang='lat' dir='ltr'><strong>si-</strong></span> 
     </span>
    </p>
   </div>
   <div class='ocr_carea' id='block_1_66' title="bbox 270 3455 1877 3529">
    <p class='ocr_par' dir='ltr' id='par_1_66' title="bbox 270 3455 1877 3529">
     <span class='ocr_line' id='line_1_66' title="bbox 270 3455 1877 3529; baseline 0.002 -18"><span class='ocrx_word' id='word_1_503' title='bbox 270 3456 524 3528; x_wconf 81' lang='lat' dir='ltr'><strong>gniﬁcet.</strong></span> <span class='ocrx_word' id='word_1_504' title='bbox 555 3455 757 3525; x_wconf 86' lang='lat' dir='ltr'><strong>Estque</strong></span> <span class='ocrx_word' id='word_1_505' title='bbox 779 3472 950 3527; x_wconf 89' lang='lat' dir='ltr'><strong>genus</strong></span> <span class='ocrx_word' id='word_1_506' title='bbox 975 3456 1187 3513; x_wconf 90' lang='lat' dir='ltr'><strong>dicendi</strong></span> <span class='ocrx_word' id='word_1_507' title='bbox 1225 3457 1604 3529; x_wconf 86' lang='lat' dir='ltr'><strong>scribendique</strong></span> <span class='ocrx_word' id='word_1_508' title='bbox 1641 3468 1877 3526; x_wconf 90' lang='lat' dir='ltr'><strong>secutus,</strong></span> 
     </span>
    </p>
   </div>
   <div class='ocr_carea' id='block_1_67' title="bbox 272 3546 1877 3620">
    <p class='ocr_par' dir='ltr' id='par_1_67' title="bbox 272 3546 1877 3620">
     <span class='ocr_line' id='line_1_67' title="bbox 272 3546 1877 3620; baseline 0.001 -17"><span class='ocrx_word' id='word_1_509' title='bbox 272 3549 445 3619; x_wconf 86' lang='lat' dir='ltr'><strong>quale</strong></span> <span class='ocrx_word' id='word_1_510' title='bbox 473 3548 580 3603; x_wconf 78' lang='lat' dir='ltr'><strong>Afri</strong></span> <span class='ocrx_word' id='word_1_511' title='bbox 624 3547 738 3615; x_wconf 88' lang='lat' dir='ltr'><strong>illi,</strong></span> <span class='ocrx_word' id='word_1_512' title='bbox 766 3549 1158 3616; x_wconf 88' lang='lat' dir='ltr'><strong>Tertullianus,</strong></span> <span class='ocrx_word' id='word_1_513' title='bbox 1190 3546 1524 3620; x_wconf 87' lang='lat' dir='ltr'><strong>Cyprianus,</strong></span> <span class='ocrx_word' id='word_1_514' title='bbox 1573 3550 1877 3605; x_wconf 86' lang='lat' dir='ltr'><strong>Arnobius:</strong></span> 
     </span>
    </p>
   </div>
   <div class='ocr_carea' id='block_1_68' title="bbox 275 3641 1881 3713">
    <p class='ocr_par' dir='ltr' id='par_1_68' title="bbox 275 3641 1881 3713">
     <span class='ocr_line' id='line_1_68' title="bbox 275 3641 1881 3713; baseline 0.001 -16"><span class='ocrx_word' id='word_1_515' title='bbox 275 3653 339 3697; x_wconf 91' lang='lat' dir='ltr'><strong>ut</strong></span> <span class='ocrx_word' id='word_1_516' title='bbox 394 3641 504 3711; x_wconf 90' lang='lat' dir='ltr'><strong>jam</strong></span> <span class='ocrx_word' id='word_1_517' title='bbox 548 3641 616 3696; x_wconf 90' lang='lat' dir='ltr'><strong>de</strong></span> <span class='ocrx_word' id='word_1_518' title='bbox 647 3641 1034 3710; x_wconf 84' lang='lat' dir='ltr'><strong>posterioribus</strong></span> <span class='ocrx_word' id='word_1_519' title='bbox 1081 3657 1187 3696; x_wconf 92' lang='lat' dir='ltr'><strong>non</strong></span> <span class='ocrx_word' id='word_1_520' title='bbox 1243 3642 1454 3713; x_wconf 89' lang='lat' dir='ltr'><strong>loquar,</strong></span> <span class='ocrx_word' id='word_1_521' title='bbox 1507 3657 1644 3713; x_wconf 90' lang='lat' dir='ltr'><strong>quos</strong></span> <span class='ocrx_word' id='word_1_522' title='bbox 1691 3641 1881 3698; x_wconf 86' lang='lat' dir='ltr'><strong>eadem</strong></span> 
     </span>
    </p>
   </div>
   <div class='ocr_carea' id='block_1_69' title="bbox 277 3732 1885 3805">
    <p class='ocr_par' dir='ltr' id='par_1_69' title="bbox 277 3732 1885 3805">
     <span class='ocr_line' id='line_1_69' title="bbox 277 3732 1885 3805; baseline -0.001 -13"><span class='ocrx_word' id='word_1_523' title='bbox 277 3736 419 3792; x_wconf 88' lang='lat' dir='ltr'><strong>olim</strong></span> <span class='ocrx_word' id='word_1_524' title='bbox 471 3735 604 3789; x_wconf 87' lang='lat' dir='ltr'><strong>aluit</strong></span> <span class='ocrx_word' id='word_1_525' title='bbox 649 3734 848 3801; x_wconf 80' lang='lat' dir='ltr'><strong>Africa,</strong></span> <span class='ocrx_word' id='word_1_526' title='bbox 900 3735 1012 3801; x_wconf 89' lang='lat' dir='ltr'><strong>illa,</strong></span> <span class='ocrx_word' id='word_1_527' title='bbox 1061 3735 1300 3800; x_wconf 88' lang='lat' dir='ltr'><strong>inquam,</strong></span> <span class='ocrx_word' id='word_1_528' title='bbox 1359 3732 1486 3789; x_wconf 82' lang='lat' dir='ltr'><strong>felix</strong></span> <span class='ocrx_word' id='word_1_529' title='bbox 1533 3733 1885 3805; x_wconf 60' lang='lat' dir='ltr'><strong>fecundaque</strong></span> 
     </span>
    </p>
   </div>
   <div class='ocr_carea' id='block_1_70' title="bbox 277 3825 1883 3899">
    <p class='ocr_par' dir='ltr' id='par_1_70' title="bbox 277 3825 1883 3899">
     <span class='ocr_line' id='line_1_70' title="bbox 277 3825 1883 3899; baseline -0.001 -16"><span class='ocrx_word' id='word_1_530' title='bbox 277 3827 493 3890; x_wconf 76' lang='lat' dir='ltr'><strong>Africa,</strong></span> <span class='ocrx_word' id='word_1_531' title='bbox 541 3842 659 3897; x_wconf 65' lang='lat' dir='ltr'><strong>quae</strong></span> <span class='ocrx_word' id='word_1_532' title='bbox 711 3837 770 3882; x_wconf 90' lang='lat' dir='ltr'><strong>ut</strong></span> <span class='ocrx_word' id='word_1_533' title='bbox 815 3842 1027 3896; x_wconf 84' lang='lat' dir='ltr'><strong>semper</strong></span> <span class='ocrx_word' id='word_1_534' title='bbox 1065 3826 1267 3899; x_wconf 91' lang='lat' dir='ltr'><strong>aliquid</strong></span> <span class='ocrx_word' id='word_1_535' title='bbox 1312 3827 1434 3882; x_wconf 90' lang='lat' dir='ltr'><strong>novi</strong></span> <span class='ocrx_word' id='word_1_536' title='bbox 1466 3825 1707 3895; x_wconf 80' lang='lat' dir='ltr'><strong>proferre</strong></span> <span class='ocrx_word' id='word_1_537' title='bbox 1733 3827 1883 3882; x_wconf 85' lang='lat' dir='ltr'><strong>dice-</strong></span> 
     </span>
    </p>
   </div>
   <div class='ocr_carea' id='block_1_71' title="bbox 279 3918 1885 3990">
    <p class='ocr_par' dir='ltr' id='par_1_71' title="bbox 279 3918 1885 3990">
     <span class='ocr_line' id='line_1_71' title="bbox 279 3918 1885 3990; baseline -0.002 -14"><span class='ocrx_word' id='word_1_538' title='bbox 279 3921 473 3988; x_wconf 82' lang='lat' dir='ltr'><strong>batur,</strong></span> <span class='ocrx_word' id='word_1_539' title='bbox 499 3920 578 3975; x_wconf 90' lang='lat' dir='ltr'><strong>sic</strong></span> <span class='ocrx_word' id='word_1_540' title='bbox 613 3919 772 3974; x_wconf 88' lang='lat' dir='ltr'><strong>etiam</strong></span> <span class='ocrx_word' id='word_1_541' title='bbox 805 3919 1078 3990; x_wconf 84' lang='lat' dir='ltr'><strong>religionis</strong></span> <span class='ocrx_word' id='word_1_542' title='bbox 1115 3929 1313 3974; x_wconf 79' lang='lat' dir='ltr'><strong>nostrae</strong></span> <span class='ocrx_word' id='word_1_543' title='bbox 1348 3918 1588 3973; x_wconf 86' lang='lat' dir='ltr'><strong>vindices</strong></span> <span class='ocrx_word' id='word_1_544' title='bbox 1619 3929 1671 3974; x_wconf 86' lang='lat' dir='ltr'><strong>et</strong></span> <span class='ocrx_word' id='word_1_545' title='bbox 1700 3929 1885 3989; x_wconf 78' lang='lat' dir='ltr'><strong>patro-</strong></span> 
     </span>
    </p>
   </div>
   <div class='ocr_carea' id='block_1_72' title="bbox 296 4011 1888 4082">
    <p class='ocr_par' dir='ltr' id='par_1_72' title="bbox 296 4011 1888 4082">
     <span class='ocr_line' id='line_1_72' title="bbox 296 4011 1888 4082; baseline -0.001 -14"><span class='ocrx_word' id='word_1_546' title='bbox 296 4025 408 4068; x_wconf 86' lang='lat' dir='ltr'><strong>nos</strong></span> <span class='ocrx_word' id='word_1_547' title='bbox 446 4011 788 4066; x_wconf 88' lang='lat' dir='ltr'><strong>doctissimos</strong></span> <span class='ocrx_word' id='word_1_548' title='bbox 823 4012 1222 4082; x_wconf 87' lang='lat' dir='ltr'><strong>acerrimosque</strong></span> <span class='ocrx_word' id='word_1_549' title='bbox 1247 4011 1486 4081; x_wconf 89' lang='lat' dir='ltr'><strong>pr0tulit,</strong></span> <span class='ocrx_word' id='word_1_550' title='bbox 1519 4020 1572 4066; x_wconf 89' lang='lat' dir='ltr'><strong>et</strong></span> <span class='ocrx_word' id='word_1_551' title='bbox 1607 4011 1672 4065; x_wconf 90' lang='lat' dir='ltr'><strong>ad</strong></span> <span class='ocrx_word' id='word_1_552' title='bbox 1720 4011 1888 4081; x_wconf 80' lang='lat' dir='ltr'><strong>ipsius</strong></span> 
     </span>
    </p>
   </div>
   <div class='ocr_carea' id='block_1_73' title="bbox 282 4103 1891 4178">
    <p class='ocr_par' dir='ltr' id='par_1_73' title="bbox 282 4103 1891 4178">
     <span class='ocr_line' id='line_1_73' title="bbox 282 4103 1891 4178; baseline -0.001 -17"><span class='ocrx_word' id='word_1_553' title='bbox 282 4121 509 4178; x_wconf 84' lang='lat' dir='ltr'><strong>quoque</strong></span> <span class='ocrx_word' id='word_1_554' title='bbox 543 4103 801 4160; x_wconf 68' lang='lat' dir='ltr'><strong>Romanae</strong></span> <span class='ocrx_word' id='word_1_555' title='bbox 841 4105 1098 4160; x_wconf 64' lang='lat' dir='ltr'><strong>Ecclesiae</strong></span> <span class='ocrx_word' id='word_1_556' title='bbox 1153 4103 1463 4174; x_wconf 69' lang='lat' dir='ltr'><strong>praesidium</strong></span> <span class='ocrx_word' id='word_1_557' title='bbox 1512 4113 1673 4173; x_wconf 89' lang='lat' dir='ltr'><strong>atque</strong></span> <span class='ocrx_word' id='word_1_558' title='bbox 1701 4103 1891 4160; x_wconf 74' lang='lat' dir='ltr'><strong>defen-</strong></span> 
     </span>
    </p>
   </div>
   <div class='ocr_carea' id='block_1_74' title="bbox 282 4197 1893 4266">
    <p class='ocr_par' dir='ltr' id='par_1_74' title="bbox 282 4197 1893 4266">
     <span class='ocr_line' id='line_1_74' title="bbox 282 4197 1893 4266; baseline -0.003 -9"><span class='ocrx_word' id='word_1_559' title='bbox 282 4201 503 4257; x_wconf 85' lang='lat' dir='ltr'><strong>sionem</strong></span> <span class='ocrx_word' id='word_1_560' title='bbox 533 4201 731 4266; x_wconf 87' lang='lat' dir='ltr'><strong>emisit,</strong></span> <span class='ocrx_word' id='word_1_561' title='bbox 773 4213 893 4254; x_wconf 91' lang='lat' dir='ltr'><strong>nam</strong></span> <span class='ocrx_word' id='word_1_562' title='bbox 924 4206 979 4254; x_wconf 91' lang='lat' dir='ltr'><strong>et</strong></span> <span class='ocrx_word' id='word_1_563' title='bbox 1025 4212 1088 4253; x_wconf 80' lang='lat' dir='ltr'><strong>ex</strong></span> <span class='ocrx_word' id='word_1_564' title='bbox 1143 4197 1330 4253; x_wconf 90' lang='lat' dir='ltr'><strong>eadem</strong></span> <span class='ocrx_word' id='word_1_565' title='bbox 1377 4197 1558 4252; x_wconf 79' lang='lat' dir='ltr'><strong>Africa</strong></span> <span class='ocrx_word' id='word_1_566' title='bbox 1611 4197 1893 4266; x_wconf 87' lang='lat' dir='ltr'><strong>prodibant</strong></span> 
     </span>
    </p>
   </div>
   <div class='ocr_carea' id='block_1_75' title="bbox 283 4289 1890 4362">
    <p class='ocr_par' dir='ltr' id='par_1_75' title="bbox 283 4289 1890 4362">
     <span class='ocr_line' id='line_1_75' title="bbox 283 4289 1890 4362; baseline -0.004 -13"><span class='ocrx_word' id='word_1_567' title='bbox 283 4293 485 4349; x_wconf 88' lang='lat' dir='ltr'><strong>hostes</strong></span> <span class='ocrx_word' id='word_1_568' title='bbox 515 4293 733 4348; x_wconf 88' lang='lat' dir='ltr'><strong>minime</strong></span> <span class='ocrx_word' id='word_1_569' title='bbox 780 4290 984 4362; x_wconf 84' lang='lat' dir='ltr'><strong>ignavi,</strong></span> <span class='ocrx_word' id='word_1_570' title='bbox 1017 4304 1191 4359; x_wconf 90' lang='lat' dir='ltr'><strong>neque</strong></span> <span class='ocrx_word' id='word_1_571' title='bbox 1218 4289 1451 4360; x_wconf 90' lang='lat' dir='ltr'><strong>improbi</strong></span> <span class='ocrx_word' id='word_1_572' title='bbox 1483 4289 1659 4343; x_wconf 90' lang='lat' dir='ltr'><strong>minus</strong></span> <span class='ocrx_word' id='word_1_573' title='bbox 1681 4330 1694 4354; x_wconf 93' lang='lat'><strong>,</strong></span> <span class='ocrx_word' id='word_1_574' title='bbox 1730 4303 1890 4358; x_wconf 92' lang='lat' dir='ltr'><strong>quam</strong></span> 
     </span>
    </p>
   </div>
   <div class='ocr_carea' id='block_1_76' title="bbox 286 4381 1890 4454">
    <p class='ocr_par' dir='ltr' id='par_1_76' title="bbox 286 4381 1890 4454">
     <span class='ocr_line' id='line_1_76' title="bbox 286 4381 1890 4454; baseline -0.003 -12"><span class='ocrx_word' id='word_1_575' title='bbox 286 4386 644 4443; x_wconf 81' lang='lat' dir='ltr'><strong>vehementes</strong></span> <span class='ocrx_word' id='word_1_576' title='bbox 672 4385 1104 4443; x_wconf 88' lang='lat' dir='ltr'><strong>calumniatores.</strong></span> <span class='ocrx_word' id='word_1_577' title='bbox 1125 4384 1321 4454; x_wconf 83' lang='lat' dir='ltr'><strong>qualis,</strong></span> <span class='ocrx_word' id='word_1_578' title='bbox 1353 4399 1420 4439; x_wconf 90' lang='lat' dir='ltr'><strong>ne</strong></span> <span class='ocrx_word' id='word_1_579' title='bbox 1449 4382 1657 4453; x_wconf 86' lang='lat' dir='ltr'><strong>longius</strong></span> <span class='ocrx_word' id='word_1_580' title='bbox 1677 4381 1890 4449; x_wconf 87' lang='lat' dir='ltr'><strong>abeam,</strong></span> 
     </span>
    </p>
   </div>
   <div class='ocr_carea' id='block_1_77' title="bbox 286 4476 1892 4552">
    <p class='ocr_par' dir='ltr' id='par_1_77' title="bbox 286 4476 1892 4552">
     <span class='ocr_line' id='line_1_77' title="bbox 286 4476 1892 4552; baseline -0.004 -15"><span class='ocrx_word' id='word_1_581' title='bbox 286 4481 402 4538; x_wconf 76' lang='lat' dir='ltr'><strong>fuit</strong></span> <span class='ocrx_word' id='word_1_582' title='bbox 446 4482 552 4548; x_wconf 88' lang='lat' dir='ltr'><strong>ille,</strong></span> <span class='ocrx_word' id='word_1_583' title='bbox 585 4479 737 4552; x_wconf 81' lang='lat' dir='ltr'><strong>cujus</strong></span> <span class='ocrx_word' id='word_1_584' title='bbox 773 4479 883 4549; x_wconf 88' lang='lat' dir='ltr'><strong>jam</strong></span> <span class='ocrx_word' id='word_1_585' title='bbox 932 4478 1172 4543; x_wconf 89' lang='lat' dir='ltr'><strong>memini,</strong></span> <span class='ocrx_word' id='word_1_586' title='bbox 1209 4476 1410 4532; x_wconf 88' lang='lat' dir='ltr'><strong>Fronto</strong></span> <span class='ocrx_word' id='word_1_587' title='bbox 1441 4495 1454 4532; x_wconf 88' lang='lat'>:</span> <span class='ocrx_word' id='word_1_588' title='bbox 1486 4492 1646 4547; x_wconf 91' lang='lat' dir='ltr'><strong>quem</strong></span> <span class='ocrx_word' id='word_1_589' title='bbox 1678 4476 1892 4544; x_wconf 84' lang='lat' dir='ltr'><strong>quidem</strong></span> 
     </span>
    </p>
   </div>
   <div class='ocr_carea' id='block_1_78' title="bbox 1982 3264 3584 3342">
    <p class='ocr_par' dir='ltr' id='par_1_78' title="bbox 1982 3264 3584 3342">
     <span class='ocr_line' id='line_1_78' title="bbox 1982 3264 3584 3342; baseline -0.002 -18"><span class='ocrx_word' id='word_1_590' title='bbox 1982 3269 2271 3342; x_wconf 88' lang='lat' dir='ltr'><strong>puerilem,</strong></span> <span class='ocrx_word' id='word_1_591' title='bbox 2301 3283 2458 3338; x_wconf 89' lang='lat' dir='ltr'><strong>quem</strong></span> <span class='ocrx_word' id='word_1_592' title='bbox 2487 3266 2774 3330; x_wconf 75' lang='lat' dir='ltr'><strong>describit,</strong></span> <span class='ocrx_word' id='word_1_593' title='bbox 2807 3265 3012 3322; x_wconf 90' lang='lat' dir='ltr'><strong>ludum.</strong></span> <span class='ocrx_word' id='word_1_594' title='bbox 3064 3265 3171 3321; x_wconf 89' lang='lat' dir='ltr'><strong>Sed</strong></span> <span class='ocrx_word' id='word_1_595' title='bbox 3219 3280 3341 3321; x_wconf 92' lang='lat' dir='ltr'><strong>cum</strong></span> <span class='ocrx_word' id='word_1_596' title='bbox 3387 3264 3584 3320; x_wconf 86' lang='lat' dir='ltr'><strong>deinde</strong></span> 
     </span>
    </p>
   </div>
   <div class='ocr_carea' id='block_1_79' title="bbox 1981 3356 3586 3432">
    <p class='ocr_par' dir='ltr' id='par_1_79' title="bbox 1981 3356 3586 3432">
     <span class='ocr_line' id='line_1_79' title="bbox 1981 3356 3586 3432; baseline -0.004 -15"><span class='ocrx_word' id='word_1_597' title='bbox 1981 3363 2140 3417; x_wconf 86' lang='lat' dir='ltr'><strong>audio</strong></span> <span class='ocrx_word' id='word_1_598' title='bbox 2187 3376 2348 3432; x_wconf 89' lang='lat' dir='ltr'><strong>quam</strong></span> <span class='ocrx_word' id='word_1_599' title='bbox 2405 3361 2458 3415; x_wconf 93' lang='lat' dir='ltr'><strong>in</strong></span> <span class='ocrx_word' id='word_1_600' title='bbox 2508 3360 2599 3415; x_wconf 92' lang='lat' dir='ltr'><strong>illo</strong></span> <span class='ocrx_word' id='word_1_601' title='bbox 2651 3373 2864 3415; x_wconf 89' lang='lat' dir='ltr'><strong>secessu</strong></span> <span class='ocrx_word' id='word_1_602' title='bbox 2909 3369 2958 3412; x_wconf 90' lang='lat' dir='ltr'><strong>et</strong></span> <span class='ocrx_word' id='word_1_603' title='bbox 3013 3360 3188 3426; x_wconf 83' lang='lat' dir='ltr'><strong>gravis</strong></span> <span class='ocrx_word' id='word_1_604' title='bbox 3233 3368 3288 3413; x_wconf 92' lang='lat' dir='ltr'><strong>et</strong></span> <span class='ocrx_word' id='word_1_605' title='bbox 3333 3359 3472 3412; x_wconf 81' lang='lat' dir='ltr'><strong>seria</strong></span> <span class='ocrx_word' id='word_1_606' title='bbox 3514 3356 3586 3411; x_wconf 84' lang='lat' dir='ltr'><strong>de</strong></span> 
     </span>
    </p>
   </div>
   <div class='ocr_carea' id='block_1_80' title="bbox 1983 3451 3577 3526">
    <p class='ocr_par' dir='ltr' id='par_1_80' title="bbox 1983 3451 3577 3526">
     <span class='ocr_line' id='line_1_80' title="bbox 1983 3451 3577 3526; baseline -0.004 -15"><span class='ocrx_word' id='word_1_607' title='bbox 1983 3456 2241 3526; x_wconf 87' lang='lat' dir='ltr'><strong>religione</strong></span> <span class='ocrx_word' id='word_1_608' title='bbox 2267 3453 2556 3524; x_wconf 72' lang='lat' dir='ltr'><strong>disputatio</strong></span> <span class='ocrx_word' id='word_1_609' title='bbox 2590 3453 2782 3520; x_wconf 78' lang='lat' dir='ltr'><strong>fuerit,</strong></span> <span class='ocrx_word' id='word_1_610' title='bbox 2833 3461 2888 3508; x_wconf 89' lang='lat' dir='ltr'><strong>et</strong></span> <span class='ocrx_word' id='word_1_611' title='bbox 2935 3452 3093 3523; x_wconf 89' lang='lat' dir='ltr'><strong>quale</strong></span> <span class='ocrx_word' id='word_1_612' title='bbox 3139 3452 3208 3506; x_wconf 88' lang='lat' dir='ltr'><strong>sit</strong></span> <span class='ocrx_word' id='word_1_613' title='bbox 3258 3452 3310 3505; x_wconf 92' lang='lat' dir='ltr'><strong>in</strong></span> <span class='ocrx_word' id='word_1_614' title='bbox 3358 3451 3577 3505; x_wconf 86' lang='lat' dir='ltr'><strong>deserto</strong></span> 
     </span>
    </p>
   </div>
   <div class='ocr_carea' id='block_1_81' title="bbox 1985 3543 3581 3616">
    <p class='ocr_par' dir='ltr' id='par_1_81' title="bbox 1985 3543 3581 3616">
     <span class='ocr_line' id='line_1_81' title="bbox 1985 3543 3581 3616; baseline -0.003 -12"><span class='ocrx_word' id='word_1_615' title='bbox 1985 3548 2188 3604; x_wconf 82' lang='lat' dir='ltr'><strong>fornice</strong></span> <span class='ocrx_word' id='word_1_616' title='bbox 2213 3547 2495 3602; x_wconf 88' lang='lat' dir='ltr'><strong>consilium</strong></span> <span class='ocrx_word' id='word_1_617' title='bbox 2516 3589 2530 3613; x_wconf 92' lang='lat'><strong>,</strong></span> <span class='ocrx_word' id='word_1_618' title='bbox 2560 3546 2732 3600; x_wconf 90' lang='lat' dir='ltr'><strong>sentio</strong></span> <span class='ocrx_word' id='word_1_619' title='bbox 2781 3561 3070 3616; x_wconf 88' lang='lat' dir='ltr'><strong>numquam</strong></span> <span class='ocrx_word' id='word_1_620' title='bbox 3104 3553 3348 3599; x_wconf 87' lang='lat' dir='ltr'><strong>coactum</strong></span> <span class='ocrx_word' id='word_1_621' title='bbox 3395 3543 3581 3599; x_wconf 64' lang='lat' dir='ltr'><strong>Roma:</strong></span> 
     </span>
    </p>
   </div>
   <div class='ocr_carea' id='block_1_82' title="bbox 1985 3638 3581 3711">
    <p class='ocr_par' dir='ltr' id='par_1_82' title="bbox 1985 3638 3581 3711">
     <span class='ocr_line' id='line_1_82' title="bbox 1985 3638 3581 3711; baseline -0.005 -11"><span class='ocrx_word' id='word_1_622' title='bbox 1985 3645 2150 3701; x_wconf 82' lang='lat' dir='ltr'><strong>fuisse</strong></span> <span class='ocrx_word' id='word_1_623' title='bbox 2200 3653 2446 3699; x_wconf 77' lang='lat' dir='ltr'><strong>senatum</strong></span> <span class='ocrx_word' id='word_1_624' title='bbox 2501 3642 2689 3711; x_wconf 89' lang='lat' dir='ltr'><strong>majori</strong></span> <span class='ocrx_word' id='word_1_625' title='bbox 2739 3640 2806 3695; x_wconf 90' lang='lat' dir='ltr'><strong>de</strong></span> <span class='ocrx_word' id='word_1_626' title='bbox 2855 3655 2914 3695; x_wconf 92' lang='lat' dir='ltr'><strong>re</strong></span> <span class='ocrx_word' id='word_1_627' title='bbox 2947 3659 2962 3694; x_wconf 88' lang='lat'><strong>:</strong></span> <span class='ocrx_word' id='word_1_628' title='bbox 2997 3641 3312 3711; x_wconf 91' lang='lat' dir='ltr'><strong>nullumque</strong></span> <span class='ocrx_word' id='word_1_629' title='bbox 3367 3638 3581 3705; x_wconf 81' lang='lat' dir='ltr'><strong>forum,</strong></span> 
     </span>
    </p>
   </div>
   <div class='ocr_carea' id='block_1_83' title="bbox 1987 3731 3590 3802">
    <p class='ocr_par' dir='ltr' id='par_1_83' title="bbox 1987 3731 3590 3802">
     <span class='ocr_line' id='line_1_83' title="bbox 1987 3731 3590 3802; baseline -0.004 -9"><span class='ocrx_word' id='word_1_630' title='bbox 1987 3741 2174 3793; x_wconf 75' lang='lat' dir='ltr'><strong>urbem</strong></span> <span class='ocrx_word' id='word_1_631' title='bbox 2203 3737 2406 3791; x_wconf 91' lang='lat' dir='ltr'><strong>nullam</strong></span> <span class='ocrx_word' id='word_1_632' title='bbox 2428 3775 2444 3801; x_wconf 95' lang='lat'><strong>,</strong></span> <span class='ocrx_word' id='word_1_633' title='bbox 2473 3734 2676 3788; x_wconf 92' lang='lat' dir='ltr'><strong>nullum</strong></span> <span class='ocrx_word' id='word_1_634' title='bbox 2711 3735 3005 3802; x_wconf 87' lang='lat' dir='ltr'><strong>negotium,</strong></span> <span class='ocrx_word' id='word_1_635' title='bbox 3033 3731 3110 3785; x_wconf 91' lang='lat' dir='ltr'><strong>illi</strong></span> <span class='ocrx_word' id='word_1_636' title='bbox 3136 3732 3254 3786; x_wconf 85' lang='lat' dir='ltr'><strong>sive</strong></span> <span class='ocrx_word' id='word_1_637' title='bbox 3298 3731 3429 3797; x_wconf 92' lang='lat' dir='ltr'><strong>otio,</strong></span> <span class='ocrx_word' id='word_1_638' title='bbox 3473 3733 3590 3787; x_wconf 89' lang='lat' dir='ltr'><strong>sive</strong></span> 
     </span>
    </p>
   </div>
   <div class='ocr_carea' id='block_1_84' title="bbox 1988 3823 3590 3899">
    <p class='ocr_par' dir='ltr' id='par_1_84' title="bbox 1988 3823 3590 3899">
     <span class='ocr_line' id='line_1_84' title="bbox 1988 3823 3590 3899; baseline -0.003 -14"><span class='ocrx_word' id='word_1_639' title='bbox 1988 3830 2261 3885; x_wconf 89' lang='lat' dir='ltr'><strong>solitudini</strong></span> <span class='ocrx_word' id='word_1_640' title='bbox 2289 3828 2578 3899; x_wconf 82' lang='lat' dir='ltr'><strong>praetulero</strong></span> <span class='ocrx_word' id='word_1_641' title='bbox 2609 3846 2620 3880; x_wconf 90' lang='lat'><strong>:</strong></span> <span class='ocrx_word' id='word_1_642' title='bbox 2657 3825 2960 3894; x_wconf 66' lang='lat' dir='ltr'><strong>smpiusque</strong></span> <span class='ocrx_word' id='word_1_643' title='bbox 3003 3833 3058 3878; x_wconf 92' lang='lat' dir='ltr'><strong>ut</strong></span> <span class='ocrx_word' id='word_1_644' title='bbox 3105 3823 3473 3893; x_wconf 89' lang='lat' dir='ltr'><strong>jurisconsulli</strong></span> <span class='ocrx_word' id='word_1_645' title='bbox 3522 3839 3590 3880; x_wconf 92' lang='lat' dir='ltr'><strong>eo</strong></span> 
     </span>
    </p>
   </div>
   <div class='ocr_carea' id='block_1_85' title="bbox 1990 3915 3590 3987">
    <p class='ocr_par' dir='ltr' id='par_1_85' title="bbox 1990 3915 3590 3987">
     <span class='ocr_line' id='line_1_85' title="bbox 1990 3915 3590 3987; baseline -0.004 -9"><span class='ocrx_word' id='word_1_646' title='bbox 1990 3923 2152 3979; x_wconf 89' lang='lat' dir='ltr'><strong>modo</strong></span> <span class='ocrx_word' id='word_1_647' title='bbox 2209 3921 2428 3986; x_wconf 81' lang='lat' dir='ltr'><strong>feriari,</strong></span> <span class='ocrx_word' id='word_1_648' title='bbox 2475 3917 2732 3974; x_wconf 90' lang='lat' dir='ltr'><strong>secedere</strong></span> <span class='ocrx_word' id='word_1_649' title='bbox 2788 3929 2947 3987; x_wconf 90' lang='lat' dir='ltr'><strong>atque</strong></span> <span class='ocrx_word' id='word_1_650' title='bbox 2994 3916 3238 3970; x_wconf 86' lang='lat' dir='ltr'><strong>rusticari</strong></span> <span class='ocrx_word' id='word_1_651' title='bbox 3300 3915 3590 3986; x_wconf 88' lang='lat' dir='ltr'><strong>aliqu.me</strong></span> 
     </span>
    </p>
   </div>
   <div class='ocr_carea' id='block_1_86' title="bbox 1991 4008 3590 4083">
    <p class='ocr_par' dir='ltr' id='par_1_86' title="bbox 1991 4008 3590 4083">
     <span class='ocr_line' id='line_1_86' title="bbox 1991 4008 3590 4083; baseline -0.004 -13"><span class='ocrx_word' id='word_1_652' title='bbox 1991 4016 2178 4081; x_wconf 90' lang='lat' dir='ltr'><strong>velint,</strong></span> <span class='ocrx_word' id='word_1_653' title='bbox 2202 4024 2387 4083; x_wconf 84' lang='lat' dir='ltr'><strong>Optare</strong></span> <span class='ocrx_word' id='word_1_654' title='bbox 2409 4027 2591 4082; x_wconf 86' lang='lat' dir='ltr'><strong>cogor.</strong></span> <span class='ocrx_word' id='word_1_655' title='bbox 2617 4015 2697 4064; x_wconf 87' lang='lat' dir='ltr'><strong>An</strong></span> <span class='ocrx_word' id='word_1_656' title='bbox 2722 4010 2772 4062; x_wconf 94' lang='lat' dir='ltr'><strong>in</strong></span> <span class='ocrx_word' id='word_1_657' title='bbox 2812 4023 2997 4064; x_wconf 91' lang='lat' dir='ltr'><strong>eorum</strong></span> <span class='ocrx_word' id='word_1_658' title='bbox 3025 4008 3234 4063; x_wconf 91' lang='lat' dir='ltr'><strong>animos</strong></span> <span class='ocrx_word' id='word_1_659' title='bbox 3262 4008 3455 4064; x_wconf 87' lang='lat' dir='ltr'><strong>cadere</strong></span> <span class='ocrx_word' id='word_1_660' title='bbox 3483 4023 3590 4064; x_wconf 88' lang='lat' dir='ltr'><strong>non</strong></span> 
     </span>
    </p>
   </div>
   <div class='ocr_carea' id='block_1_87' title="bbox 1994 4100 3589 4180">
    <p class='ocr_par' dir='ltr' id='par_1_87' title="bbox 1994 4100 3589 4180">
     <span class='ocr_line' id='line_1_87' title="bbox 1994 4100 3589 4180; baseline -0.004 -18"><span class='ocrx_word' id='word_1_661' title='bbox 1994 4117 2167 4180; x_wconf 89' lang='lat' dir='ltr'><strong>potest</strong></span> <span class='ocrx_word' id='word_1_662' title='bbox 2198 4115 2383 4162; x_wconf 82' lang='lat' dir='ltr'><strong>sancta</strong></span> <span class='ocrx_word' id='word_1_663' title='bbox 2407 4104 2580 4172; x_wconf 87' lang='lat' dir='ltr'><strong>aliqua</strong></span> <span class='ocrx_word' id='word_1_664' title='bbox 2611 4112 2663 4157; x_wconf 92' lang='lat' dir='ltr'><strong>et</strong></span> <span class='ocrx_word' id='word_1_665' title='bbox 2692 4101 2939 4171; x_wconf 88' lang='lat' dir='ltr'><strong>religiosa</strong></span> <span class='ocrx_word' id='word_1_666' title='bbox 2981 4112 3034 4154; x_wconf 85' lang='lat' dir='ltr'><strong>et</strong></span> <span class='ocrx_word' id='word_1_667' title='bbox 3064 4111 3275 4156; x_wconf 91' lang='lat' dir='ltr'><strong>secreto</strong></span> <span class='ocrx_word' id='word_1_668' title='bbox 3305 4116 3402 4156; x_wconf 87' lang='lat' dir='ltr'><strong>suo</strong></span> <span class='ocrx_word' id='word_1_669' title='bbox 3431 4100 3589 4171; x_wconf 86' lang='lat' dir='ltr'><strong>digna</strong></span> 
     </span>
    </p>
   </div>
   <div class='ocr_carea' id='block_1_88' title="bbox 1994 4194 3587 4264">
    <p class='ocr_par' dir='ltr' id='par_1_88' title="bbox 1994 4194 3587 4264">
     <span class='ocr_line' id='line_1_88' title="bbox 1994 4194 3587 4264; baseline -0.006 -7"><span class='ocrx_word' id='word_1_670' title='bbox 1994 4217 2174 4257; x_wconf 88' lang='lat' dir='ltr'><strong>rerum</strong></span> <span class='ocrx_word' id='word_1_671' title='bbox 2200 4200 2500 4255; x_wconf 90' lang='lat' dir='ltr'><strong>divinarum</strong></span> <span class='ocrx_word' id='word_1_672' title='bbox 2554 4194 2848 4264; x_wconf 80' lang='lat' dir='ltr'><strong>cogitatio?</strong></span> <span class='ocrx_word' id='word_1_673' title='bbox 2889 4195 3199 4251; x_wconf 88' lang='lat' dir='ltr'><strong>Lactantius</strong></span> <span class='ocrx_word' id='word_1_674' title='bbox 3247 4196 3438 4259; x_wconf 90' lang='lat' dir='ltr'><strong>innuit,</strong></span> <span class='ocrx_word' id='word_1_675' title='bbox 3494 4194 3587 4248; x_wconf 83' lang='lat' dir='ltr'><strong>Mi-</strong></span> 
     </span>
    </p>
   </div>
   <div class='ocr_carea' id='block_1_89' title="bbox 1996 4286 3594 4349">
    <p class='ocr_par' dir='ltr' id='par_1_89' title="bbox 1996 4286 3594 4349">
     <span class='ocr_line' id='line_1_89' title="bbox 1996 4286 3594 4349; baseline -0.004 -1"><span class='ocrx_word' id='word_1_676' title='bbox 1996 4293 2212 4349; x_wconf 90' lang='lat' dir='ltr'><strong>nucium</strong></span> <span class='ocrx_word' id='word_1_677' title='bbox 2243 4306 2365 4347; x_wconf 88' lang='lat' dir='ltr'><strong>sese</strong></span> <span class='ocrx_word' id='word_1_678' title='bbox 2413 4299 2579 4343; x_wconf 89' lang='lat' dir='ltr'><strong>totum</strong></span> <span class='ocrx_word' id='word_1_679' title='bbox 2625 4302 2727 4342; x_wconf 92' lang='lat' dir='ltr'><strong>non</strong></span> <span class='ocrx_word' id='word_1_680' title='bbox 2769 4287 3061 4343; x_wconf 90' lang='lat' dir='ltr'><strong>contulisse</strong></span> <span class='ocrx_word' id='word_1_681' title='bbox 3111 4287 3178 4342; x_wconf 91' lang='lat' dir='ltr'><strong>ad</strong></span> <span class='ocrx_word' id='word_1_682' title='bbox 3209 4286 3444 4341; x_wconf 91' lang='lat' dir='ltr'><strong>studium</strong></span> <span class='ocrx_word' id='word_1_683' title='bbox 3506 4301 3594 4341; x_wconf 83' lang='lat' dir='ltr'><strong>re-</strong></span> 
     </span>
    </p>
   </div>
   <div class='ocr_carea' id='block_1_90' title="bbox 1997 4379 3595 4448">
    <p class='ocr_par' dir='ltr' id='par_1_90' title="bbox 1997 4379 3595 4448">
     <span class='ocr_line' id='line_1_90' title="bbox 1997 4379 3595 4448; baseline -0.004 -10"><span class='ocrx_word' id='word_1_684' title='bbox 1997 4400 2113 4438; x_wconf 92' lang='lat' dir='ltr'><strong>rum</strong></span> <span class='ocrx_word' id='word_1_685' title='bbox 2137 4382 2643 4440; x_wconf 81' lang='lat' dir='ltr'><strong>ecclesiasticarum.</strong></span> <span class='ocrx_word' id='word_1_686' title='bbox 2672 4379 2777 4435; x_wconf 89' lang='lat' dir='ltr'><strong>Sed</strong></span> <span class='ocrx_word' id='word_1_687' title='bbox 2809 4389 2955 4434; x_wconf 92' lang='lat' dir='ltr'><strong>tanto</strong></span> <span class='ocrx_word' id='word_1_688' title='bbox 3000 4379 3232 4434; x_wconf 83' lang='lat' dir='ltr'><strong>nobilior</strong></span> <span class='ocrx_word' id='word_1_689' title='bbox 3277 4379 3394 4448; x_wconf 79' lang='lat' dir='ltr'><strong>ejus</strong></span> <span class='ocrx_word' id='word_1_690' title='bbox 3430 4379 3595 4446; x_wconf 86' lang='lat' dir='ltr'><strong>juris-</strong></span> 
     </span>
    </p>
   </div>
   <div class='ocr_carea' id='block_1_91' title="bbox 1998 4471 3595 4549">
    <p class='ocr_par' dir='ltr' id='par_1_91' title="bbox 1998 4471 3595 4549">
     <span class='ocr_line' id='line_1_91' title="bbox 1998 4471 3595 4549; baseline -0.004 -16"><span class='ocrx_word' id='word_1_691' title='bbox 1998 4478 2283 4549; x_wconf 88' lang='lat' dir='ltr'><strong>prudentia</strong></span> <span class='ocrx_word' id='word_1_692' title='bbox 2316 4475 2413 4529; x_wconf 81' lang='lat' dir='ltr'><strong>fuit</strong></span> <span class='ocrx_word' id='word_1_693' title='bbox 2433 4517 2445 4538; x_wconf 91' lang='lat'><strong>,</strong></span> <span class='ocrx_word' id='word_1_694' title='bbox 2473 4490 2622 4544; x_wconf 67' lang='lat' dir='ltr'><strong>quae,</strong></span> <span class='ocrx_word' id='word_1_695' title='bbox 2647 4474 2817 4544; x_wconf 89' lang='lat' dir='ltr'><strong>qualis</strong></span> <span class='ocrx_word' id='word_1_696' title='bbox 2847 4489 2966 4528; x_wconf 75' lang='lat' dir='ltr'><strong>esse</strong></span> <span class='ocrx_word' id='word_1_697' title='bbox 2995 4471 3192 4537; x_wconf 90' lang='lat' dir='ltr'><strong>debet,</strong></span> <span class='ocrx_word' id='word_1_698' title='bbox 3226 4471 3276 4525; x_wconf 96' lang='lat' dir='ltr'><strong>in</strong></span> <span class='ocrx_word' id='word_1_699' title='bbox 3323 4471 3595 4541; x_wconf 81' lang='lat' dir='ltr'><strong>republica</strong></span> 
     </span>
    </p>
   </div>
   <div class='ocr_carea' id='block_1_92' title="bbox 288 4566 3598 4645">
    <p class='ocr_par' dir='ltr' id='par_1_92' title="bbox 288 4566 3598 4645">
     <span class='ocr_line' id='line_1_92' title="bbox 288 4566 3598 4645; baseline -0.004 -14"><span class='ocrx_word' id='word_1_700' title='bbox 288 4591 411 4633; x_wconf 79' lang='lat' dir='ltr'><strong>tam</strong></span> <span class='ocrx_word' id='word_1_701' title='bbox 441 4575 802 4645; x_wconf 86' lang='lat' dir='ltr'><strong>impudentem</strong></span> <span class='ocrx_word' id='word_1_702' title='bbox 828 4572 1117 4634; x_wconf 86' lang='lat' dir='ltr'><strong>rhetorem,</strong></span> <span class='ocrx_word' id='word_1_703' title='bbox 1164 4587 1320 4641; x_wconf 89' lang='lat' dir='ltr'><strong>quam</strong></span> <span class='ocrx_word' id='word_1_704' title='bbox 1372 4569 1593 4640; x_wconf 90' lang='lat' dir='ltr'><strong>impium</strong></span> <span class='ocrx_word' id='word_1_705' title='bbox 1635 4567 1894 4624; x_wconf 84' lang='lat' dir='ltr'><strong>Cliristia-</strong></span> <span class='ocrx_word' id='word_1_706' title='bbox 1920 4579 1973 4640; x_wconf 82' lang='lat'><strong>1)</strong></span> <span class='ocrx_word' id='word_1_707' title='bbox 2002 4571 2098 4626; x_wconf 80' lang='lat' dir='ltr'><strong>fuit</strong></span> <span class='ocrx_word' id='word_1_708' title='bbox 2125 4589 2137 4625; x_wconf 95' lang='lat'>:</span> <span class='ocrx_word' id='word_1_709' title='bbox 2163 4579 2217 4624; x_wconf 91' lang='lat' dir='ltr'><strong>et</strong></span> <span class='ocrx_word' id='word_1_710' title='bbox 2259 4583 2438 4624; x_wconf 91' lang='lat' dir='ltr'><strong>rerum</strong></span> <span class='ocrx_word' id='word_1_711' title='bbox 2479 4567 2776 4621; x_wconf 89' lang='lat' dir='ltr'><strong>divinarum</strong></span> <span class='ocrx_word' id='word_1_712' title='bbox 2809 4566 3268 4631; x_wconf 64' lang='lat' dir='ltr'><strong>humanarumque</strong></span> <span class='ocrx_word' id='word_1_713' title='bbox 3307 4578 3490 4616; x_wconf 85' lang='lat' dir='ltr'><strong>curam</strong></span> <span class='ocrx_word' id='word_1_714' title='bbox 3541 4571 3598 4618; x_wconf 91' lang='lat' dir='ltr'><strong>et</strong></span> 
     </span>
    </p>
   </div>
   <div class='ocr_carea' id='block_1_93' title="bbox 291 4661 1892 4729">
    <p class='ocr_par' dir='ltr' id='par_1_93' title="bbox 291 4661 1892 4729">
     <span class='ocr_line' id='line_1_93' title="bbox 291 4661 1892 4729; baseline -0.008 -3"><span class='ocrx_word' id='word_1_715' title='bbox 291 4682 496 4726; x_wconf 87' lang='lat' dir='ltr'><strong>norum</strong></span> <span class='ocrx_word' id='word_1_716' title='bbox 525 4665 889 4722; x_wconf 87' lang='lat' dir='ltr'><strong>adversarium</strong></span> <span class='ocrx_word' id='word_1_717' title='bbox 918 4664 1101 4728; x_wconf 74' lang='lat' dir='ltr'><strong>fuisse,</strong></span> <span class='ocrx_word' id='word_1_718' title='bbox 1130 4679 1197 4718; x_wconf 82' lang='lat' dir='ltr'><strong>ex</strong></span> <span class='ocrx_word' id='word_1_719' title='bbox 1225 4662 1454 4717; x_wconf 81' lang='lat' dir='ltr'><strong>Minucio</strong></span> <span class='ocrx_word' id='word_1_720' title='bbox 1511 4661 1892 4729; x_wconf 90' lang='lat' dir='ltr'><strong>intelligemus.</strong></span> 
     </span>
    </p>
   </div>
   <div class='ocr_carea' id='block_1_94' title="bbox 290 4754 1900 4827">
    <p class='ocr_par' dir='ltr' id='par_1_94' title="bbox 290 4754 1900 4827">
     <span class='ocr_line' id='line_1_94' title="bbox 290 4754 1900 4827; baseline -0.007 -7"><span class='ocrx_word' id='word_1_721' title='bbox 290 4761 511 4820; x_wconf 84' lang='lat' dir='ltr'><strong>Nollem</strong></span> <span class='ocrx_word' id='word_1_722' title='bbox 543 4759 680 4815; x_wconf 89' lang='lat' dir='ltr'><strong>hunc</strong></span> <span class='ocrx_word' id='word_1_723' title='bbox 708 4758 874 4814; x_wconf 80' lang='lat' dir='ltr'><strong>fuisse</strong></span> <span class='ocrx_word' id='word_1_724' title='bbox 907 4758 1177 4827; x_wconf 88' lang='lat' dir='ltr'><strong>Papirium</strong></span> <span class='ocrx_word' id='word_1_725' title='bbox 1231 4757 1580 4820; x_wconf 90' lang='lat' dir='ltr'><strong>Frontonem,</strong></span> <span class='ocrx_word' id='word_1_726' title='bbox 1629 4754 1900 4823; x_wconf 85' lang='lat' dir='ltr'><strong>juriscon-</strong></span> 
     </span>
    </p>
   </div>
   <div class='ocr_carea' id='block_1_95' title="bbox 291 4846 1902 4923">
    <p class='ocr_par' dir='ltr' id='par_1_95' title="bbox 291 4846 1902 4923">
     <span class='ocr_line' id='line_1_95' title="bbox 291 4846 1902 4923; baseline -0.007 -11"><span class='ocrx_word' id='word_1_727' title='bbox 291 4850 729 4923; x_wconf 73' lang='lat' dir='ltr'><strong>sultum,quiin</strong></span> <span class='ocrx_word' id='word_1_728' title='bbox 761 4850 1041 4906; x_wconf 90' lang='lat' dir='ltr'><strong>Pandectis</strong></span> <span class='ocrx_word' id='word_1_729' title='bbox 1089 4848 1356 4904; x_wconf 89' lang='lat' dir='ltr'><strong>laudatur.</strong></span> <span class='ocrx_word' id='word_1_730' title='bbox 1407 4846 1664 4916; x_wconf 90' lang='lat' dir='ltr'><strong>Suspicor</strong></span> <span class='ocrx_word' id='word_1_731' title='bbox 1723 4847 1902 4916; x_wconf 84' lang='lat' dir='ltr'><strong>potius</strong></span> 
     </span>
    </p>
   </div>
   <div class='ocr_carea' id='block_1_96' title="bbox 295 4939 1904 5010">
    <p class='ocr_par' dir='ltr' id='par_1_96' title="bbox 295 4939 1904 5010">
     <span class='ocr_line' id='line_1_96' title="bbox 295 4939 1904 5010; baseline -0.006 -8"><span class='ocrx_word' id='word_1_732' title='bbox 295 4946 474 5003; x_wconf 78' lang='lat' dir='ltr'><strong>fuisse</strong></span> <span class='ocrx_word' id='word_1_733' title='bbox 496 4944 802 5001; x_wconf 84' lang='lat' dir='ltr'><strong>Cornelium</strong></span> <span class='ocrx_word' id='word_1_734' title='bbox 848 4942 1172 4998; x_wconf 86' lang='lat' dir='ltr'><strong>Frontonem</strong></span> <span class='ocrx_word' id='word_1_735' title='bbox 1202 4941 1495 5005; x_wconf 90' lang='lat' dir='ltr'><strong>rhetorem,</strong></span> <span class='ocrx_word' id='word_1_736' title='bbox 1543 4955 1700 5009; x_wconf 89' lang='lat' dir='ltr'><strong>quem</strong></span> <span class='ocrx_word' id='word_1_737' title='bbox 1745 4939 1904 5010; x_wconf 85' lang='lat' dir='ltr'><strong>Capi-</strong></span> 
     </span>
    </p>
   </div>
   <div class='ocr_carea' id='block_1_97' title="bbox 299 5031 1903 5106">
    <p class='ocr_par' dir='ltr' id='par_1_97' title="bbox 299 5031 1903 5106">
     <span class='ocr_line' id='line_1_97' title="bbox 299 5031 1903 5106; baseline -0.006 -11"><span class='ocrx_word' id='word_1_738' title='bbox 299 5037 510 5096; x_wconf 87' lang='lat' dir='ltr'><strong>tolinus</strong></span> <span class='ocrx_word' id='word_1_739' title='bbox 555 5046 736 5093; x_wconf 90' lang='lat' dir='ltr'><strong>narrat</strong></span> <span class='ocrx_word' id='word_1_740' title='bbox 783 5035 946 5092; x_wconf 77' lang='lat' dir='ltr'><strong>fuisse</strong></span> <span class='ocrx_word' id='word_1_741' title='bbox 979 5045 1360 5106; x_wconf 62' lang='lat' dir='ltr'><strong>praceptorem</strong></span> <span class='ocrx_word' id='word_1_742' title='bbox 1397 5032 1466 5086; x_wconf 84' lang='lat' dir='ltr'><strong>M.</strong></span> <span class='ocrx_word' id='word_1_743' title='bbox 1499 5031 1748 5087; x_wconf 80' lang='lat' dir='ltr'><strong>Antonini</strong></span> <span class='ocrx_word' id='word_1_744' title='bbox 1782 5032 1903 5101; x_wconf 86' lang='lat' dir='ltr'><strong>plii-</strong></span> 
     </span>
    </p>
   </div>
   <div class='ocr_carea' id='block_1_98' title="bbox 299 5123 1908 5200">
    <p class='ocr_par' dir='ltr' id='par_1_98' title="bbox 299 5123 1908 5200">
     <span class='ocr_line' id='line_1_98' title="bbox 299 5123 1908 5200; baseline -0.007 -12"><span class='ocrx_word' id='word_1_745' title='bbox 299 5129 563 5200; x_wconf 84' lang='lat' dir='ltr'><strong>losoplii,</strong></span> <span class='ocrx_word' id='word_1_746' title='bbox 616 5128 994 5200; x_wconf 87' lang='lat' dir='ltr'><strong>imperatoris,</strong></span> <span class='ocrx_word' id='word_1_747' title='bbox 1059 5136 1114 5183; x_wconf 89' lang='lat' dir='ltr'><strong>et</strong></span> <span class='ocrx_word' id='word_1_748' title='bbox 1163 5141 1228 5182; x_wconf 84' lang='lat' dir='ltr'><strong>ex</strong></span> <span class='ocrx_word' id='word_1_749' title='bbox 1282 5127 1435 5195; x_wconf 91' lang='lat' dir='ltr'><strong>cujus</strong></span> <span class='ocrx_word' id='word_1_750' title='bbox 1503 5127 1664 5178; x_wconf 88' lang='lat' dir='ltr'><strong>etiam</strong></span> <span class='ocrx_word' id='word_1_751' title='bbox 1723 5123 1908 5178; x_wconf 88' lang='lat' dir='ltr'><strong>schola</strong></span> 
     </span>
    </p>
   </div>
   <div class='ocr_carea' id='block_1_99' title="bbox 300 5215 1906 5291">
    <p class='ocr_par' dir='ltr' id='par_1_99' title="bbox 300 5215 1906 5291">
     <span class='ocr_line' id='line_1_99' title="bbox 300 5215 1906 5291; baseline -0.005 -13"><span class='ocrx_word' id='word_1_752' title='bbox 300 5225 543 5279; x_wconf 81' lang='lat' dir='ltr'><strong>oratoria</strong></span> <span class='ocrx_word' id='word_1_753' title='bbox 568 5222 871 5291; x_wconf 88' lang='lat' dir='ltr'><strong>accepimus</strong></span> <span class='ocrx_word' id='word_1_754' title='bbox 899 5219 1160 5290; x_wconf 89' lang='lat' dir='ltr'><strong>prodiisse</strong></span> <span class='ocrx_word' id='word_1_755' title='bbox 1203 5219 1352 5290; x_wconf 85' lang='lat' dir='ltr'><strong>illum</strong></span> <span class='ocrx_word' id='word_1_756' title='bbox 1381 5226 1622 5272; x_wconf 66' lang='lat' dir='ltr'><strong>nostrum</strong></span> <span class='ocrx_word' id='word_1_757' title='bbox 1660 5216 1736 5289; x_wconf 82' lang='lat'><strong>(1)</strong></span> <span class='ocrx_word' id='word_1_758' title='bbox 1755 5215 1906 5270; x_wconf 84' lang='lat' dir='ltr'><strong>Meli-</strong></span> 
     </span>
    </p>
   </div>
   <div class='ocr_carea' id='block_1_100' title="bbox 306 5311 1911 5386">
    <p class='ocr_par' dir='ltr' id='par_1_100' title="bbox 306 5311 1911 5386">
     <span class='ocr_line' id='line_1_100' title="bbox 306 5311 1911 5386; baseline -0.007 -11"><span class='ocrx_word' id='word_1_759' title='bbox 306 5328 519 5382; x_wconf 89' lang='lat' dir='ltr'><strong>tonem,</strong></span> <span class='ocrx_word' id='word_1_760' title='bbox 547 5315 640 5386; x_wconf 92' lang='lat' dir='ltr'><strong>qui</strong></span> <span class='ocrx_word' id='word_1_761' title='bbox 667 5315 734 5369; x_wconf 89' lang='lat' dir='ltr'><strong>ad</strong></span> <span class='ocrx_word' id='word_1_762' title='bbox 773 5314 1200 5370; x_wconf 88' lang='lat' dir='ltr'><strong>Christianorum</strong></span> <span class='ocrx_word' id='word_1_763' title='bbox 1227 5311 1619 5377; x_wconf 81' lang='lat' dir='ltr'><strong>defensionem,</strong></span> <span class='ocrx_word' id='word_1_764' title='bbox 1654 5311 1911 5379; x_wconf 91' lang='lat' dir='ltr'><strong>eloquen-</strong></span> 
     </span>
    </p>
   </div>
   <div class='ocr_carea' id='block_1_101' title="bbox 309 5406 1914 5478">
    <p class='ocr_par' dir='ltr' id='par_1_101' title="bbox 309 5406 1914 5478">
     <span class='ocr_line' id='line_1_101' title="bbox 309 5406 1914 5478; baseline -0.004 -12"><span class='ocrx_word' id='word_1_765' title='bbox 309 5411 449 5466; x_wconf 76' lang='lat' dir='ltr'><strong>tiam</strong></span> <span class='ocrx_word' id='word_1_766' title='bbox 481 5425 630 5464; x_wconf 86' lang='lat' dir='ltr'><strong>suam</strong></span> <span class='ocrx_word' id='word_1_767' title='bbox 659 5408 960 5464; x_wconf 64' lang='lat' dir='ltr'><strong>convortit:</strong></span> <span class='ocrx_word' id='word_1_768' title='bbox 992 5416 1050 5460; x_wconf 87' lang='lat' dir='ltr'><strong>nt</strong></span> <span class='ocrx_word' id='word_1_769' title='bbox 1091 5406 1231 5478; x_wconf 86' lang='lat' dir='ltr'><strong>quod</strong></span> <span class='ocrx_word' id='word_1_770' title='bbox 1261 5407 1364 5462; x_wconf 73' lang='lat' dir='ltr'><strong>illis</strong></span> <span class='ocrx_word' id='word_1_771' title='bbox 1396 5407 1590 5475; x_wconf 88' lang='lat' dir='ltr'><strong>impius</strong></span> <span class='ocrx_word' id='word_1_772' title='bbox 1614 5413 1914 5475; x_wconf 62' lang='lat' dir='ltr'><strong>praeceptor</strong></span> 
     </span>
    </p>
   </div>
   <div class='ocr_carea' id='block_1_102' title="bbox 309 5497 1918 5576">
    <p class='ocr_par' dir='ltr' id='par_1_102' title="bbox 309 5497 1918 5576">
     <span class='ocr_line' id='line_1_102' title="bbox 309 5497 1918 5576; baseline -0.003 -17"><span class='ocrx_word' id='word_1_773' title='bbox 309 5505 574 5576; x_wconf 83' lang='lat' dir='ltr'><strong>probrum</strong></span> <span class='ocrx_word' id='word_1_774' title='bbox 612 5510 913 5572; x_wconf 88' lang='lat' dir='ltr'><strong>asperserat</strong></span> <span class='ocrx_word' id='word_1_775' title='bbox 959 5499 1348 5564; x_wconf 78' lang='lat' dir='ltr'><strong>maledicendi),</strong></span> <span class='ocrx_word' id='word_1_776' title='bbox 1399 5499 1570 5554; x_wconf 91' lang='lat' dir='ltr'><strong>bonus</strong></span> <span class='ocrx_word' id='word_1_777' title='bbox 1625 5497 1918 5567; x_wconf 89' lang='lat' dir='ltr'><strong>discipulus</strong></span> 
     </span>
    </p>
   </div>
   <div class='ocr_carea' id='block_1_103' title="bbox 314 5591 1088 5666">
    <p class='ocr_par' dir='ltr' id='par_1_103' title="bbox 314 5591 1088 5666">
     <span class='ocr_line' id='line_1_103' title="bbox 314 5591 1088 5666; baseline -0.009 -13"><span class='ocrx_word' id='word_1_778' title='bbox 314 5597 662 5666; x_wconf 80' lang='lat' dir='ltr'><strong>abStei-geret</strong></span> <span class='ocrx_word' id='word_1_779' title='bbox 689 5591 1088 5664; x_wconf 88' lang='lat' dir='ltr'><strong>respondendo.</strong></span> 
     </span>
    </p>
   </div>
   <div class='ocr_carea' id='block_1_104' title="bbox 400 5731 1924 5808">
    <p class='ocr_par' dir='ltr' id='par_1_104' title="bbox 400 5731 1924 5808">
     <span class='ocr_line' id='line_1_104' title="bbox 400 5731 1924 5808; baseline -0.003 -17"><span class='ocrx_word' id='word_1_780' title='bbox 400 5733 480 5808; x_wconf 82' lang='lat'><strong>(1)</strong></span> <span class='ocrx_word' id='word_1_781' title='bbox 511 5732 833 5808; x_wconf 82' lang='lat' dir='ltr'><strong>Sardensem</strong></span> <span class='ocrx_word' id='word_1_782' title='bbox 857 5733 1190 5808; x_wconf 84' lang='lat' dir='ltr'><strong>episcopum,</strong></span> <span class='ocrx_word' id='word_1_783' title='bbox 1218 5740 1495 5788; x_wconf 89' lang='lat' dir='ltr'><strong>auctorem</strong></span> <span class='ocrx_word' id='word_1_784' title='bbox 1526 5731 1798 5803; x_wconf 74' lang='lat' dir='ltr'><strong>Apologite</strong></span> <span class='ocrx_word' id='word_1_785' title='bbox 1827 5745 1924 5802; x_wconf 90' lang='lat' dir='ltr'><strong>pro</strong></span> 
     </span>
    </p>
   </div>
   <div class='ocr_carea' id='block_1_105' title="bbox 321 5805 1277 5876">
    <p class='ocr_par' dir='ltr' id='par_1_105' title="bbox 321 5805 1277 5876">
     <span class='ocr_line' id='line_1_105' title="bbox 321 5805 1277 5876; baseline -0.004 -13"><span class='ocrx_word' id='word_1_786' title='bbox 321 5805 667 5864; x_wconf 67' lang='lat' dir='ltr'><strong>Cill‘lSliilniS.</strong></span> <span class='ocrx_word' id='word_1_787' title='bbox 702 5806 1015 5875; x_wconf 84' lang='lat' dir='ltr'><strong>Hieronym.</strong></span> <span class='ocrx_word' id='word_1_788' title='bbox 1042 5805 1277 5876; x_wconf 73' lang='lat' dir='ltr'><strong>Catulog.</strong></span> 
     </span>
    </p>
   </div>
   <div class='ocr_carea' id='block_1_106' title="bbox 777 5899 1233 5972">
    <p class='ocr_par' dir='ltr' id='par_1_106' title="bbox 777 5899 1233 5972">
     <span class='ocr_line' id='line_1_106' title="bbox 777 5899 1233 5972; baseline -0.011 -9"><span class='ocrx_word' id='word_1_789' title='bbox 777 5901 1058 5963; x_wconf 70' lang='lat' dir='ltr'><strong>Parnon.</strong></span> <span class='ocrx_word' id='word_1_790' title='bbox 1091 5899 1233 5972; x_wconf 32' lang='lat'><strong>111.,</strong></span> 
     </span>
    </p>
   </div>
   <div class='ocr_carea' id='block_1_107' title="bbox 1999 4658 3596 4733">
    <p class='ocr_par' dir='ltr' id='par_1_107' title="bbox 1999 4658 3596 4733">
     <span class='ocr_line' id='line_1_107' title="bbox 1999 4658 3596 4733; baseline -0.005 -14"><span class='ocrx_word' id='word_1_791' title='bbox 1999 4662 2358 4733; x_wconf 87' lang='lat' dir='ltr'><strong>cognitionem</strong></span> <span class='ocrx_word' id='word_1_792' title='bbox 2411 4661 2734 4730; x_wconf 72' lang='lat' dir='ltr'><strong>conjunxit:</strong></span> <span class='ocrx_word' id='word_1_793' title='bbox 2783 4669 3034 4728; x_wconf 90' lang='lat' dir='ltr'><strong>tantoque</strong></span> <span class='ocrx_word' id='word_1_794' title='bbox 3094 4665 3374 4728; x_wconf 84' lang='lat' dir='ltr'><strong>propterea</strong></span> <span class='ocrx_word' id='word_1_795' title='bbox 3425 4658 3596 4727; x_wconf 79' lang='lat' dir='ltr'><strong>magis</strong></span> 
     </span>
    </p>
   </div>
   <div class='ocr_carea' id='block_1_108' title="bbox 2001 4749 3594 4828">
    <p class='ocr_par' dir='ltr' id='par_1_108' title="bbox 2001 4749 3594 4828">
     <span class='ocr_line' id='line_1_108' title="bbox 2001 4749 3594 4828; baseline -0.006 -16"><span class='ocrx_word' id='word_1_796' title='bbox 2001 4758 2118 4828; x_wconf 88' lang='lat' dir='ltr'><strong>ejus</strong></span> <span class='ocrx_word' id='word_1_797' title='bbox 2145 4755 2451 4826; x_wconf 78' lang='lat' dir='ltr'><strong>exemplum</strong></span> <span class='ocrx_word' id='word_1_798' title='bbox 2483 4753 2649 4809; x_wconf 86' lang='lat' dir='ltr'><strong>nostri</strong></span> <span class='ocrx_word' id='word_1_799' title='bbox 2672 4751 2876 4808; x_wconf 91' lang='lat' dir='ltr'><strong>ordinis</strong></span> <span class='ocrx_word' id='word_1_800' title='bbox 2904 4749 3208 4805; x_wconf 89' lang='lat' dir='ltr'><strong>hominibus</strong></span> <span class='ocrx_word' id='word_1_801' title='bbox 3235 4749 3555 4803; x_wconf 91' lang='lat' dir='ltr'><strong>commendo</strong></span> <span class='ocrx_word' id='word_1_802' title='bbox 3576 4793 3594 4817; x_wconf 91' lang='lat'><strong>,</strong></span> 
     </span>
    </p>
   </div>
   <div class='ocr_carea' id='block_1_109' title="bbox 2003 4842 3601 4910">
    <p class='ocr_par' dir='ltr' id='par_1_109' title="bbox 2003 4842 3601 4910">
     <span class='ocr_line' id='line_1_109' title="bbox 2003 4842 3601 4910; baseline -0.006 -5"><span class='ocrx_word' id='word_1_803' title='bbox 2003 4863 2061 4906; x_wconf 87' lang='lat' dir='ltr'><strong>ttt</strong></span> <span class='ocrx_word' id='word_1_804' title='bbox 2087 4851 2278 4904; x_wconf 89' lang='lat' dir='ltr'><strong>saltem</strong></span> <span class='ocrx_word' id='word_1_805' title='bbox 2315 4849 2502 4903; x_wconf 71' lang='lat' dir='ltr'><strong>dii-bus</strong></span> <span class='ocrx_word' id='word_1_806' title='bbox 2543 4845 2763 4900; x_wconf 76' lang='lat' dir='ltr'><strong>nefastis</strong></span> <span class='ocrx_word' id='word_1_807' title='bbox 2795 4845 2844 4898; x_wconf 92' lang='lat' dir='ltr'><strong>in</strong></span> <span class='ocrx_word' id='word_1_808' title='bbox 2887 4845 2997 4897; x_wconf 90' lang='lat' dir='ltr'><strong>otio</strong></span> <span class='ocrx_word' id='word_1_809' title='bbox 3045 4842 3284 4897; x_wconf 88' lang='lat' dir='ltr'><strong>melioris</strong></span> <span class='ocrx_word' id='word_1_810' title='bbox 3323 4842 3601 4910; x_wconf 75' lang='lat' dir='ltr'><strong>religionis</strong></span> 
     </span>
    </p>
   </div>
   <div class='ocr_carea' id='block_1_110' title="bbox 2007 4935 3596 5010">
    <p class='ocr_par' dir='ltr' id='par_1_110' title="bbox 2007 4935 3596 5010">
     <span class='ocr_line' id='line_1_110' title="bbox 2007 4935 3596 5010; baseline -0.006 -12"><span class='ocrx_word' id='word_1_811' title='bbox 2007 4944 2170 5000; x_wconf 79' lang='lat' dir='ltr'><strong>fastos</strong></span> <span class='ocrx_word' id='word_1_812' title='bbox 2218 4943 2484 5006; x_wconf 84' lang='lat' dir='ltr'><strong>excolam,</strong></span> <span class='ocrx_word' id='word_1_813' title='bbox 2518 4941 2684 5010; x_wconf 88' lang='lat' dir='ltr'><strong>iisque</strong></span> <span class='ocrx_word' id='word_1_814' title='bbox 2727 4953 2786 4993; x_wconf 86' lang='lat' dir='ltr'><strong>se</strong></span> <span class='ocrx_word' id='word_1_815' title='bbox 2828 4937 2957 4992; x_wconf 92' lang='lat' dir='ltr'><strong>dent</strong></span> <span class='ocrx_word' id='word_1_816' title='bbox 2993 4946 3152 5006; x_wconf 89' lang='lat' dir='ltr'><strong>atque</strong></span> <span class='ocrx_word' id='word_1_817' title='bbox 3182 4935 3451 4990; x_wconf 90' lang='lat' dir='ltr'><strong>addicant.</strong></span> <span class='ocrx_word' id='word_1_818' title='bbox 3486 4935 3596 4990; x_wconf 79' lang='lat' dir='ltr'><strong>Ha-</strong></span> 
     </span>
    </p>
   </div>
   <div class='ocr_carea' id='block_1_111' title="bbox 2009 5029 3598 5091">
    <p class='ocr_par' dir='ltr' id='par_1_111' title="bbox 2009 5029 3598 5091">
     <span class='ocr_line' id='line_1_111' title="bbox 2009 5029 3598 5091; baseline -0.004 -1"><span class='ocrx_word' id='word_1_819' title='bbox 2009 5037 2207 5091; x_wconf 85' lang='lat' dir='ltr'><strong>bebant</strong></span> <span class='ocrx_word' id='word_1_820' title='bbox 2248 5036 2375 5090; x_wconf 92' lang='lat' dir='ltr'><strong>olim</strong></span> <span class='ocrx_word' id='word_1_821' title='bbox 2424 5033 2678 5088; x_wconf 82' lang='lat' dir='ltr'><strong>feriantes</strong></span> <span class='ocrx_word' id='word_1_822' title='bbox 2724 5031 2948 5085; x_wconf 81' lang='lat' dir='ltr'><strong>Romani</strong></span> <span class='ocrx_word' id='word_1_823' title='bbox 2978 5045 3129 5085; x_wconf 88' lang='lat' dir='ltr'><strong>suam</strong></span> <span class='ocrx_word' id='word_1_824' title='bbox 3165 5048 3184 5080; x_wconf 74' lang='grc' dir='ltr'>ί</span> <span class='ocrx_word' id='word_1_825' title='bbox 3221 5029 3598 5084; x_wconf 87' lang='lat' dir='ltr'><strong>decursionem</strong></span> 
     </span>
    </p>
   </div>
   <div class='ocr_carea' id='block_1_112' title="bbox 2011 5120 3603 5196">
    <p class='ocr_par' dir='ltr' id='par_1_112' title="bbox 2011 5120 3603 5196">
     <span class='ocr_line' id='line_1_112' title="bbox 2011 5120 3603 5196; baseline -0.005 -12"><span class='ocrx_word' id='word_1_826' title='bbox 2011 5128 2341 5189; x_wconf 86' lang='lat' dir='ltr'><strong>Tiberinam,</strong></span> <span class='ocrx_word' id='word_1_827' title='bbox 2374 5143 2392 5178; x_wconf 75' lang='lat' dir='ltr'><strong>i</strong></span> <span class='ocrx_word' id='word_1_828' title='bbox 2441 5125 2594 5196; x_wconf 85' lang='lat' dir='ltr'><strong>cujus</strong></span> <span class='ocrx_word' id='word_1_829' title='bbox 2629 5125 2874 5178; x_wconf 91' lang='lat' dir='ltr'><strong>meminit</strong></span> <span class='ocrx_word' id='word_1_830' title='bbox 2899 5121 3086 5176; x_wconf 91' lang='lat' dir='ltr'><strong>Cicero</strong></span> <span class='ocrx_word' id='word_1_831' title='bbox 3127 5121 3252 5186; x_wconf 81' lang='lat' dir='ltr'><strong>(lib.</strong></span> <span class='ocrx_word' id='word_1_832' title='bbox 3292 5137 3325 5175; x_wconf 91' lang='lat' dir='ltr'><strong>v</strong></span> <span class='ocrx_word' id='word_1_833' title='bbox 3366 5122 3428 5175; x_wconf 86' lang='lat' dir='ltr'><strong>de</strong></span> <span class='ocrx_word' id='word_1_834' title='bbox 3477 5120 3603 5178; x_wconf 81' lang='lat' dir='ltr'><strong>Fin.</strong></span> 
     </span>
    </p>
   </div>
   <div class='ocr_carea' id='block_1_113' title="bbox 2013 5211 3608 5292">
    <p class='ocr_par' dir='ltr' id='par_1_113' title="bbox 2013 5211 3608 5292">
     <span class='ocr_line' id='line_1_113' title="bbox 2013 5211 3608 5292; baseline -0.005 -18"><span class='ocrx_word' id='word_1_835' title='bbox 2013 5237 2128 5292; x_wconf 87' lang='lat' dir='ltr'><strong>cap.</strong></span> <span class='ocrx_word' id='word_1_836' title='bbox 2151 5219 2294 5288; x_wconf 57' lang='lat'><strong>94.),</strong></span> <span class='ocrx_word' id='word_1_837' title='bbox 2325 5225 2679 5287; x_wconf 82' lang='lat' dir='ltr'><strong>suamque.ut</strong></span> <span class='ocrx_word' id='word_1_838' title='bbox 2705 5215 2850 5282; x_wconf 77' lang='lat' dir='ltr'><strong>leges</strong></span> <span class='ocrx_word' id='word_1_839' title='bbox 2875 5211 3169 5285; x_wconf 73' lang='lat' dir='ltr'><strong>(‘2)nostrte</strong></span> <span class='ocrx_word' id='word_1_840' title='bbox 3190 5221 3414 5280; x_wconf 86' lang='lat' dir='ltr'><strong>vocant,</strong></span> <span class='ocrx_word' id='word_1_841' title='bbox 3453 5231 3470 5264; x_wconf 74' lang='grc' dir='ltr'>α</span> <span class='ocrx_word' id='word_1_842' title='bbox 3501 5212 3608 5267; x_wconf 86' lang='lat' dir='ltr'><strong>Ma-</strong></span> 
     </span>
    </p>
   </div>
   <div class='ocr_carea' id='block_1_114' title="bbox 2012 5303 3612 5384">
    <p class='ocr_par' dir='ltr' id='par_1_114' title="bbox 2012 5303 3612 5384">
     <span class='ocr_line' id='line_1_114' title="bbox 2012 5303 3612 5384; baseline -0.004 -18"><span class='ocrx_word' id='word_1_843' title='bbox 2012 5316 2216 5384; x_wconf 88' lang='lat' dir='ltr'><strong>jumam</strong></span> <span class='ocrx_word' id='word_1_844' title='bbox 2255 5327 2275 5362; x_wconf 74' lang='grc' dir='ltr'><strong><em>ι</em></strong></span> <span class='ocrx_word' id='word_1_845' title='bbox 2316 5308 2383 5364; x_wconf 85' lang='lat' dir='ltr'><strong>ad</strong></span> <span class='ocrx_word' id='word_1_846' title='bbox 2434 5308 2660 5363; x_wconf 82' lang='lat' dir='ltr'><strong>Ostiam.</strong></span> <span class='ocrx_word' id='word_1_847' title='bbox 2711 5305 2817 5361; x_wconf 90' lang='lat' dir='ltr'><strong>Sed</strong></span> <span class='ocrx_word' id='word_1_848' title='bbox 2866 5305 3115 5359; x_wconf 82' lang='lat' dir='ltr'><strong>excursio</strong></span> <span class='ocrx_word' id='word_1_849' title='bbox 3168 5304 3335 5359; x_wconf 89' lang='lat' dir='ltr'><strong>nostri</strong></span> <span class='ocrx_word' id='word_1_850' title='bbox 3396 5303 3612 5360; x_wconf 86' lang='lat' dir='ltr'><strong>Minucii</strong></span> 
     </span>
    </p>
   </div>
   <div class='ocr_carea' id='block_1_115' title="bbox 2017 5395 3613 5479">
    <p class='ocr_par' dir='ltr' id='par_1_115' title="bbox 2017 5395 3613 5479">
     <span class='ocr_line' id='line_1_115' title="bbox 2017 5395 3613 5479; baseline -0.006 -17"><span class='ocrx_word' id='word_1_851' title='bbox 2017 5422 2179 5479; x_wconf 90' lang='lat' dir='ltr'><strong>quam</strong></span> <span class='ocrx_word' id='word_1_852' title='bbox 2234 5404 2455 5460; x_wconf 89' lang='lat' dir='ltr'><strong>minime</strong></span> <span class='ocrx_word' id='word_1_853' title='bbox 2506 5408 2597 5455; x_wconf 92' lang='lat' dir='ltr'><strong>aut</strong></span> <span class='ocrx_word' id='word_1_854' title='bbox 2648 5399 2818 5455; x_wconf 88' lang='lat' dir='ltr'><strong>otiosa</strong></span> <span class='ocrx_word' id='word_1_855' title='bbox 2867 5406 2959 5452; x_wconf 85' lang='lat' dir='ltr'><strong>aut</strong></span> <span class='ocrx_word' id='word_1_856' title='bbox 3005 5396 3206 5452; x_wconf 90' lang='lat' dir='ltr'><strong>ludicra</strong></span> <span class='ocrx_word' id='word_1_857' title='bbox 3255 5395 3387 5451; x_wconf 79' lang='lat' dir='ltr'><strong>fuit?</strong></span> <span class='ocrx_word' id='word_1_858' title='bbox 3447 5397 3613 5468; x_wconf 84' lang='lat' dir='ltr'><strong>Digna</strong></span> 
     </span>
    </p>
   </div>
   <div class='ocr_carea' id='block_1_116' title="bbox 2099 5578 3618 5659">
    <p class='ocr_par' dir='ltr' id='par_1_116' title="bbox 2099 5578 3618 5659">
     <span class='ocr_line' id='line_1_116' title="bbox 2099 5578 3618 5659; baseline -0.004 -18"><span class='ocrx_word' id='word_1_859' title='bbox 2099 5586 2182 5659; x_wconf 74' lang='lat'><strong>(‘2)</strong></span> <span class='ocrx_word' id='word_1_860' title='bbox 2211 5583 2386 5659; x_wconf 87' lang='lat' dir='ltr'><strong>Titqu</strong></span> <span class='ocrx_word' id='word_1_861' title='bbox 2415 5582 2688 5659; x_wconf 79' lang='lat' dir='ltr'><strong>utriusque</strong></span> <span class='ocrx_word' id='word_1_862' title='bbox 2737 5578 2951 5659; x_wconf 75' lang='lat' dir='ltr'><strong>Codicis</strong></span> <span class='ocrx_word' id='word_1_863' title='bbox 2978 5579 3067 5659; x_wconf 82' lang='lat' dir='ltr'><strong>__de</strong></span> <span class='ocrx_word' id='word_1_864' title='bbox 3109 5578 3361 5649; x_wconf 83' lang='lat' dir='ltr'><strong>Majuma.</strong></span> <span class='ocrx_word' id='word_1_865' title='bbox 3425 5578 3618 5635; x_wconf 71' lang='lat' dir='ltr'><strong>Suidas</strong></span> 
     </span>
    </p>
   </div>
   <div class='ocr_carea' id='block_1_117' title="bbox 2031 5650 3618 5721">
    <p class='ocr_par' dir='ltr' id='par_1_117' title="bbox 2031 5650 3618 5721">
     <span class='ocr_line' id='line_1_117' title="bbox 2031 5650 3618 5721; baseline -0.007 -6"><span class='ocrx_word' id='word_1_866' title='bbox 2031 5650 2188 5715; x_wconf 61' lang='lat' dir='ltr'><strong>0535a:</strong></span> <span class='ocrx_word' id='word_1_867' title='bbox 2226 5672 2320 5711; x_wconf 90' lang='lat' dir='ltr'><strong>eos</strong></span> <span class='ocrx_word' id='word_1_868' title='bbox 2363 5654 2516 5708; x_wconf 87' lang='lat' dir='ltr'><strong>ludos</strong></span> <span class='ocrx_word' id='word_1_869' title='bbox 2543 5653 2844 5706; x_wconf 75' lang='lat' dir='ltr'><strong>ei-leliraIOs</strong></span> <span class='ocrx_word' id='word_1_870' title='bbox 2889 5650 3072 5716; x_wconf 84' lang='lat' dir='ltr'><strong>addit,</strong></span> <span class='ocrx_word' id='word_1_871' title='bbox 3129 5666 3356 5721; x_wconf 86' lang='lat' dir='ltr'><strong>quorum</strong></span> <span class='ocrx_word' id='word_1_872' title='bbox 3409 5666 3618 5706; x_wconf 60' lang='lat' dir='ltr'><strong>summa</strong></span> 
     </span>
    </p>
   </div>
   <div class='ocr_carea' id='block_1_118' title="bbox 2029 5727 3624 5792">
    <p class='ocr_par' dir='ltr' id='par_1_118' title="bbox 2029 5727 3624 5792">
     <span class='ocr_line' id='line_1_118' title="bbox 2029 5727 3624 5792; baseline -0.008 -5"><span class='ocrx_word' id='word_1_873' title='bbox 2029 5734 2126 5788; x_wconf 71' lang='lat' dir='ltr'><strong>fuit</strong></span> <span class='ocrx_word' id='word_1_874' title='bbox 2165 5733 2420 5792; x_wconf 70' lang='grc' dir='ltr'>ἡδυπαθεῖν</span> <span class='ocrx_word' id='word_1_875' title='bbox 2448 5732 2491 5780; x_wconf 73' lang='grc' dir='ltr'><strong>ἓν</strong></span> <span class='ocrx_word' id='word_1_876' title='bbox 2529 5729 2628 5787; x_wconf 83' lang='grc' dir='ltr'><strong>τοῖς</strong></span> <span class='ocrx_word' id='word_1_877' title='bbox 2665 5730 2939 5785; x_wconf 72' lang='grc' dir='ltr'><strong>θαλαττίοις</strong></span> <span class='ocrx_word' id='word_1_878' title='bbox 2980 5727 3164 5788; x_wconf 76' lang='grc' dir='ltr'><strong>ὕδασιν,</strong></span> <span class='ocrx_word' id='word_1_879' title='bbox 3198 5728 3424 5785; x_wconf 63' lang='grc' dir='ltr'><strong>ἀλλήλους</strong></span> <span class='ocrx_word' id='word_1_880' title='bbox 3447 5730 3624 5792; x_wconf 68' lang='grc' dir='ltr'><strong>ἰμϐάλ-</strong></span> 
     </span>
    </p>
   </div>
   <div class='ocr_carea' id='block_1_119' title="bbox 2035 5809 2208 5863">
    <p class='ocr_par' dir='ltr' id='par_1_119' title="bbox 2035 5809 2208 5863">
     <span class='ocr_line' id='line_1_119' title="bbox 2035 5809 2208 5863; baseline -0.006 -7"><span class='ocrx_word' id='word_1_881' title='bbox 2035 5809 2208 5863; x_wconf 54' lang='lat' dir='ltr'><strong>hinec.</strong></span> 
     </span>
    </p>
   </div>
   <div class='ocr_carea' id='block_1_120' title="bbox 3195 5886 3235 5948">
    <p class='ocr_par' dir='ltr' id='par_1_120' title="bbox 3195 5886 3235 5948">
     <span class='ocr_line' id='line_1_120' title="bbox 3195 5886 3235 5948; baseline 0 -2"><span class='ocrx_word' id='word_1_882' title='bbox 3195 5886 3235 5948; x_wconf 82' lang='grc' dir='ltr'><em>Ἰ</em></span> 
     </span>
    </p>
   </div>
  </div>
