3950 6310
459 238 568 301 203

1599 238 1689 298 DE
1726 238 1988 299 MINUCII
2024 241 2292 305 FELICIS
2327 244 2630 305 OCTAVIO

3616 258 3705 322 θοι

461 351 734 439 profecto,
763 352 916 425 cujus
953 350 1177 425 vestigia
1220 351 1452 409 libenter
1488 352 1826 446 conspiceret
1873 354 2057 425 Augu-
2087 358 2135 419 Α
2165 356 2368 414 sidicus
2423 368 2568 416 esset
2626 360 2788 426 nllus,
2844 362 2929 418 vel
2973 365 3066 435 jus
3102 367 3401 438 postulandi
3461 372 3705 446 quisquam

462 434 636 502 Stiitus
671 463 683 499 :
718 456 771 502 et
803 447 951 500 illum
979 461 1284 510 recessum,
1317 446 1368 498 in
1397 459 1503 515 quo
1548 444 1727 499 habita
1752 456 1836 500 est
1873 446 2056 516 dispu-

467 540 617 609 tatio,
653 538 947 609 salutaret,
996 555 1117 597 cum
1169 538 1222 593 in
1270 538 1495 595 ecclesia
1545 539 1780 595 Ostiensi
1830 551 2057 594 matrem

463 646 616 687 suam
668 631 931 687 Monicam
991 631 1263 701 sepeliiet.
1324 630 1587 701 Equidem
1645 630 1881 702 religiosi
1942 631 2060 702 ejus

461 724 750 796 colloquii,
779 724 921 795 quod
950 732 1134 778 sancta
1181 722 1296 778 haec
1342 730 1587 777 matrona
1625 738 1747 779 cum
1804 725 1913 780 lilio
1962 738 2060 780 suo

462 815 653 873 habuit
723 818 788 872 ad
851 818 984 872 ostia
1037 817 1126 872 illa
1176 816 1424 873 Tiberina
1472 814 1651 889 (sieuti
1710 819 1824 888 ipse
1875 820 2062 874 recitat

455 913 554 969 lii).
608 929 662 969 ll
702 911 1049 984 Confession.)
1106 911 1418 968 meminisse
1463 912 1646 980 soleo,
1692 912 1903 983 quoties
1934 911 2058 967 Dia-

463 1006 645 1081 logum
673 1006 815 1061 hunc
843 1005 1202 1062 Minucianuin
1227 1006 1365 1076 lego.

531 1099 788 1173 Quaenam
864 1108 1008 1154 esset
1066 1098 1292 1154 Romani
1337 1097 1438 1154 fori
1495 1099 1764 1165 conditio,
1815 1114 1978 1168 quum
2002 1097 2059 1154 in

459 1207 525 1247 eo
588 1204 893 1249 verSaretur
946 1190 1245 1257 Minucius,
1295 1206 1522 1262 qumque
1566 1193 1821 1247 Ecclesia
1888 1192 1942 1244 in
1994 1205 2056 1246 ea

454 1286 589 1341 urbe
634 1294 759 1340 tunc
794 1284 959 1341 facies
980 1295 1156 1352 eSset,
1204 1287 1321 1355 ejus
1363 1288 1536 1343 tetatis
1582 1286 1840 1341 memoria
1899 1286 2056 1357 plane

450 1377 718 1437 ostendit:
780 1388 834 1433 et
881 1393 1000 1448 quae
1058 1378 1344 1448 aliquando
1387 1378 1578 1448 scripsi
1618 1379 1686 1435 ad
1744 1377 1931 1434 Edicta
1961 1394 2051 1433 ve-

446 1479 620 1526 terum
660 1470 971 1540 Principum
1026 1470 1183 1526 Rom.
1226 1470 1294 1526 de
1337 1470 1695 1538 Christianis,
1748 1485 1867 1527 eam
1928 1485 2050 1527 rem

446 1565 740 1620 illustrant.
797 1563 984 1634 Neque
1032 1564 1210 1635 ignOta
1259 1577 1344 1620 est
1416 1566 1636 1620 historia
1707 1574 2049 1635 temporum,

446 1658 645 1729 quibus
701 1658 894 1714 Decius
923 1667 1017 1712 aut
1046 1657 1366 1714 Valerianus
1391 1658 1690 1727 imperavit.
1724 1659 1871 1715 Bene
1922 1675 2051 1715 vero

2166 449 2422 517 haberet,
2472 454 2560 523 qui
2628 454 2967 513 Christianus
3033 476 3140 516 non
3185 474 3344 519 esset.
3398 464 3566 537 (Lege
3611 484 3709 525 vui.

2163 544 2294 601 Cod.
2349 547 2413 602 de
2478 545 2870 620 Postulando.)
2938 552 3109 622 Quam
3173 555 3269 610 fitit
3332 556 3498 627 itaque
3560 561 3710 618 nobile

2161 635 2374 694 Minucii
2423 641 2591 695 nostri
2636 642 2964 712 exemplum,
3018 645 3111 715 qni
3160 647 3412 703 bonarum
3473 651 3707 721 partium,

2162 740 2417 798 quantum
2473 733 2662 800 potuit,
2694 745 2953 801 patratius
2979 736 3165 792 Roma:
3216 740 3329 803 fuit,
3379 756 3480 811 quo
3507 753 3713 813 tempore

2164 820 2399 875 nondum
2439 822 2657 893 impune
2708 823 2811 881 hoc
2840 827 3075 886 licebat!
3107 841 3255 887 certe
3280 831 3583 889 Christianis
3604 846 3711 894 tunc

2171 920 2288 968 erat
2362 912 2708 972 interdictum
2760 918 2899 984 foro,
2958 937 3135 991 neque
3208 922 3273 977 iis
3313 923 3400 993 jus
3449 926 3713 994 postulandi

2162 1018 2364 1076 praetor
2409 1008 2592 1065 dabat.
2628 1011 2827 1068 Verum
2885 1016 2988 1070 etsi
3040 1019 3208 1088 magis
3250 1018 3323 1073 illi
3373 1018 3555 1088 palliati
3582 1036 3714 1091 quam

2171 1102 2329 1171 togati
2378 1117 2500 1160 esse
2549 1105 2831 1162 solerent:
2883 1116 3061 1165 tamen
3116 1111 3241 1179 quia
3318 1110 3380 1165 iis
3446 1112 3711 1182 respublica

2163 1205 2309 1262 saepe
2349 1208 2536 1251 carere
2570 1212 2677 1252 non
2715 1206 2943 1267 poterat,
3021 1200 3309 1273 aliquando
3379 1211 3570 1272 tegatos
3618 1220 3717 1262 esse

2160 1298 2277 1351 eos,
2330 1297 2383 1341 et
2425 1302 2613 1344 eorum
2655 1291 2916 1361 quosdam
2962 1294 3180 1363 aliquod
3225 1296 3281 1351 in
3329 1297 3525 1365 republ.
3553 1313 3717 1355 munus

2157 1375 2309 1431 obire
2334 1378 2480 1450 passi
2522 1381 2751 1436 subinde
2776 1394 2899 1438 sunt
2923 1383 3122 1441 ethnici
3171 1388 3458 1460 principes.
3483 1388 3714 1446 Christia-

2157 1470 2211 1523 ni
2264 1470 2621 1540 imperatores
2685 1473 2881 1533 deindc
2929 1479 3099 1535 multo
3131 1481 3280 1537 luere
3319 1481 3715 1553 indulgentiores,

2166 1565 2253 1632 qui
2302 1580 2397 1619 eos
2447 1574 2501 1620 et
2527 1568 2777 1625 consules
2832 1578 2886 1624 et
2917 1570 3200 1641 praefectos
3228 1575 3344 1631 urbi
3388 1584 3540 1647 atque
3577 1578 3713 1633 etiam

2156 1657 2411 1725 praetorio
2454 1659 2721 1716 interdum
2770 1663 3047 1729 creabant,
3078 1681 3216 1737 quos
3253 1668 3450 1738 alioqui
3474 1684 3570 1725 non
3590 1669 3720 1740 igno-

444 1751 638 1809 habet'
690 1751 1133 1819 Jurisconsultis,
1189 1767 1417 1825 quorum
1459 1752 1527 1807 de
1571 1751 1694 1823 jure
1743 1751 1886 1809 civili
1930 1767 2047 1807 res-
2078 1760 2126 1821 Β
2154 1749 2341 1805 rabaut
2380 1766 2503 1808 esse
2550 1757 2847 1812 acerrimos
2896 1757 3081 1815 hostes
3119 1761 3416 1832 religionis,
3465 1764 3596 1834 quod
3644 1765 3715 1819 iu-

440 1860 614 1921 ponsa
672 1843 922 1915 legimus,
978 1860 1083 1898 non
1140 1845 1313 1898 solum
1381 1843 1449 1899 ab
1500 1843 1759 1915 religione
1818 1844 2049 1910 alienis,

441 1935 541 1992 sed
591 1945 647 1993 et
682 1936 799 2007 ejus
850 1936 1128 1993 acerrimis
1154 1936 1515 2002 adversariis,
1548 1937 1873 1992 successisse
1902 1935 2049 1991 chri-

443 2030 680 2085 SIianum
746 2029 1119 2086 causidicum:
1162 2040 1215 2085 et
1265 2028 1395 2083 illud
1437 2029 1551 2084 sive
1579 2028 1753 2084 forum
1794 2030 1905 2083 sive
1930 2029 2046 2084 col-

439 2120 638 2193 legium
690 2122 851 2178 Rom.
915 2135 1050 2194 togae
1097 2132 1254 2194 atque
1318 2124 1721 2187 advocationis,
1771 2121 1915 2194 quod
1965 2131 2044 2176 tot

434 2213 549 2286 jam
595 2215 750 2269 annis
810 2230 1155 2285 conSpersum
1199 2215 1369 2270 fueiat
1394 2216 1654 2286 sanguine
1684 2224 1739 2270 et
1774 2216 2047 2271 cineribus

442 2310 654 2380 piorum
704 2310 1006 2373 hominum,
1062 2310 1273 2365 tandem
1306 2310 1595 2383 aliquando
1622 2326 1753 2368 voce
1779 2320 1835 2367 et
1880 2310 2043 2367 vesti-

440 2404 543 2475 giis
609 2404 890 2460 christiani
945 2403 1244 2476 jurisperiti
1305 2406 1579 2475 expiatum
1630 2414 1792 2476 atque
1854 2419 2045 2462 conse-

434 2510 645 2557 cratum
691 2498 876 2555 fuisse.
939 2500 1210 2555 Arnobius
1233 2498 1372 2557 libro
1419 2499 1591 2568 primo
1633 2500 1931 2569 gloriatur,
1983 2508 2040 2554 et

442 2603 691 2649 oratores
737 2602 792 2648 et
843 2591 1288 2662 juriseonsultos,
1344 2592 1584 2662 magnis,
1632 2603 1688 2645 ut
1729 2593 1834 2658 ait,
1892 2594 2039 2663 inge-

435 2688 544 2743 niis
571 2686 846 2757 prteditos,
879 2686 1157 2742 transiisse
1182 2685 1250 2741 ad
1282 2685 1600 2741 Ecclesium.
1648 2685 1827 2745 Credo
1888 2688 2042 2755 equi-

432 2781 557 2838 dem
586 2822 600 2844 .
661 2797 782 2835 cum
842 2780 892 2834 id
955 2779 1246 2845 scriberet,
1280 2777 1351 2837 de
1391 2778 1624 2833 Minucio
1665 2793 1791 2835 eum
1823 2764 1921 2835 sino
1944 2793 2040 2833 co-

431 2875 654 2944 gitasse.
702 2871 898 2928 Multos
940 2875 1059 2941 ejus
1106 2870 1312 2926 ordinis
1337 2870 1569 2926 fortasse
1621 2885 1909 2929 numerare
1947 2872 2040 2929 vix

430 2968 717 3038 potuisset.
769 2965 878 3021 Sed
918 2964 1135 3021 Minucii
1182 2972 1358 3020 tamen
1402 2964 1714 3034 exemplum
1776 2964 2038 3033 quosdam

431 3070 651 3117 secutos
701 3073 823 3115 esse
873 3058 1070 3113 credo:
1128 3068 1185 3113 ut
1236 3066 1290 3112 et
1345 3056 1607 3113 Minucius
1646 3056 1852 3121 habuit,
1900 3072 2038 3128 quos

2159 1844 2325 1915 telligi
2381 1856 2557 1915 potest
2602 1848 2685 1902 vel
2742 1865 2808 1905 ex
2865 1851 3022 1909 unius
3070 1854 3377 1925 Symmachi
3422 1856 3715 1913 conditione.

2160 1936 2267 1993 Sed
2322 1938 2450 1995 facti
2504 1942 2718 1999 tandem
2782 1946 3071 2016 aliquando
3115 1958 3240 2004 sunt
3301 1953 3621 2017 severiores,
3672 1959 3717 2006 et

2151 2041 2398 2086 senatum
2450 2032 2735 2106 forumque
2786 2037 2943 2095 Rom.
2994 2055 3385 2113 perpurgarnnt
3413 2056 3466 2100 et
3490 2044 3717 2100 Minucios

2149 2124 2409 2192 quosdam
2463 2140 2586 2183 esse
2641 2128 2953 2198 jusserunt,
3007 2133 3337 2207 quicumque
3386 2137 3465 2192 vel
3516 2136 3596 2207 jus
3648 2137 3716 2191 di-

2149 2226 2335 2270 cerent
2355 2257 2370 2283 ,
2418 2218 2505 2273 vel
2541 2236 2733 2275 causas
2758 2233 3002 2293 agerent.
3031 2227 3194 2282 Aram
3223 2228 3490 2291 Victoriae.
3537 2246 3643 2301 qua:
3668 2231 3712 2285 in

2149 2309 2412 2365 vestibulo
2454 2314 2617 2368 curiae
2661 2318 2870 2382 stabat,
2911 2329 2964 2373 et
3010 2320 3078 2375 ad
3117 2336 3279 2392 quam
3327 2336 3539 2381 senatus
3559 2325 3715 2395 jurare

2149 2411 2307 2473 atque
2347 2405 2653 2463 sacrificare
2696 2409 2944 2474 solebat.
2990 2413 3314 2485 jampridem
3381 2427 3699 2483 everterant,

2150 2493 2266 2564 ipso
2312 2500 2470 2552 etiam
2520 2515 2571 2556 et
2602 2500 2927 2573 Symmacho
2952 2503 3032 2578 (5)
3062 2516 3120 2561 et
3167 2519 3357 2564 senatu
3395 2513 3706 2566 reclamante.

2156 2589 2262 2647 Sed
2312 2589 2608 2647 elicuerunt
2650 2605 2944 2665 postremo,
2999 2608 3057 2654 ut
3116 2615 3223 2656 non
3272 2602 3433 2658 modo
3470 2618 3501 2658 a
3539 2602 3619 2658 tali
3639 2618 3714 2657 su-

2146 2683 2464 2757 perstitione
2516 2687 2676 2745 liberi
2728 2702 2910 2747 essent
2953 2708 3143 2750 omnes
3187 2698 3354 2768 togati
3381 2739 3396 2765 ,
3447 2697 3536 2753 sed
3576 2700 3711 2754 etiam

2146 2787 2205 2833 ut
2249 2778 2395 2833 nulla
2425 2781 2477 2833 in
2531 2780 2648 2836 i'oro
2686 2783 2788 2837 nisi
2834 2784 3127 2842 christiana
3153 2799 3300 2846 esset
3340 2790 3428 2846 illa
3472 2791 3712 2861 jurispru-

2144 2866 2349 2934 deutia,
2404 2872 2563 2940 cujus
2624 2874 2737 2944 jam
2789 2878 2918 2933 olim
2956 2880 3133 2950 aliqua
3183 2882 3237 2937 in
3286 2883 3513 2941 Minucio
3555 2894 3714 2940 nostro

2142 2958 2347 3029 effigies
2387 2963 2584 3021 fuerat.

2213 3052 2499 3110 Minuciani
2533 3056 2687 3126 hujus
2713 3058 2882 3117 libelli
2914 3062 3215 3135 inscriptio,
3244 3078 3303 3124 et
3322 3068 3515 3142 dialogi
3535 3068 3709 3136 forma,

431 3154 491 3209 in
538 3153 728 3210 eodem
787 3151 963 3208 stadio
1021 3160 1361 3221 sequeretur.
1407 3150 1607 3207 Saltem
1675 3150 2111 3222 Hieronymusc
2141 3144 2418 3215 antiquum
2473 3150 2855 3223 eruditumque
2932 3158 3199 3214 scribendi
3278 3177 3485 3218 rnorem
3553 3162 3710 3219 refert.

432 3246 503 3303 ad
560 3246 831 3317 Magnum,
884 3245 971 3299 ubi
1024 3244 1313 3303 Minucium
1357 3244 1554 3308 laudat,
1604 3244 1847 3300 meminit
1897 3244 2031 3298 duo-

432 3355 555 3395 rum
606 3340 861 3392 Romana:
902 3337 1051 3391 urbis
1097 3348 1441 3401 senatorum,
1498 3335 1769 3409 Hippolyti
1812 3345 1870 3395 et
1921 3340 2032 3407 Ap-

430 3432 676 3498 pollouii.
719 3432 834 3501 qui,
877 3441 932 3485 ut
984 3440 1039 3486 et
1087 3431 1224 3484 inter
1267 3429 1572 3500 Scriptores
1640 3433 2035 3489 ecclesiasticos

432 3525 783 3588 referrentur,
824 3524 997 3578 meriti
1045 3527 1171 3577 sint.
1202 3523 1341 3591 Quid
1369 3523 1542 3577 dicam
1566 3522 1635 3578 de
1670 3524 1762 3577 illo
1789 3522 1869 3593 (t)
1905 3523 2034 3580 Vet-

433 3618 510 3672 tio
553 3615 832 3686 Epagatlto
887 3614 1262 3685 Lugdunensi,
1314 3616 1405 3685 qtti
1435 3615 1561 3669 olim
1601 3629 1656 3671 et
1691 3616 1871 3671 multis
1909 3617 2025 3688 qui-

433 3709 555 3767 dem
605 3717 732 3764 ante
782 3707 1067 3762 Minucium
1107 3709 1264 3761 annis
1318 3716 1375 3760 et
1419 3706 1518 3761 fuit
1547 3719 1601 3760 et
1654 3708 1845 3776 partim
1878 3708 2032 3778 igno-

435 3804 653 3871 uiinize,
722 3800 916 3872 partim
966 3800 1184 3855 honoris
1232 3815 1391 3856 causa
1434 3800 1516 3872 (ut
1544 3802 1689 3855 varia
1713 3811 1839 3857 tunc
1879 3814 2035 3858 erant

432 3895 713 3953 hominum
765 3895 833 3952 de
881 3894 1139 3965 religione
1174 3892 1403 3963 judicia)
1457 3894 1670 3965 publice
1731 3895 2034 3967 appellatus

431 3998 516 4047 est
586 3987 666 4061 (2)
749 4000 1060 4043 amoenus
1121 3988 1597 4043 caatsruuoacn?
1693 3986 1777 4044 Au
1840 3988 2035 4044 horum

431 4095 650 4137 causam
688 4078 981 4148 aliquando
1032 4079 1084 4132 in
1140 4076 1260 4132 foro
1315 4077 1546 4133 Roman.
1591 4079 1855 4136 Minucius
1905 4097 2033 4154 ege-

430 4175 525 4239 rit,
568 4172 771 4229 nescio.
818 4173 973 4228 Certe
1004 4170 1361 4229 Tertullianus
1406 4172 1491 4226 vix
1533 4171 1635 4228 hoc
1663 4174 1882 4230 licuisse
1921 4177 2032 4246 sig-

2137 3234 2321 3299 Genus
2358 3239 2570 3296 dicendi
2610 3252 2695 3299 est
2744 3256 2993 3317 argutum
3020 3291 3036 3316 ,
3085 3266 3247 3315 acre.
3278 3255 3592 3313 vehemens:
3640 3262 3712 3311 est

2138 3348 2405 3402 pressum,
2431 3334 2657 3393 densum
2679 3378 2697 3406 ,
2729 3355 3046 3410 nervosum,
3077 3347 3258 3402 crebis
3283 3335 3561 3405 sententiis
3581 3360 3711 3405 com-

2138 3434 2384 3503 pactum,
2425 3430 2777 3502 omniumque
2836 3437 3219 3507 antiquitatum
3272 3452 3436 3513 atque
3480 3443 3708 3498 historia-

2138 3535 2257 3575 rum
2300 3526 2562 3578 memoria
2617 3524 2907 3594 refertum,
2963 3540 3018 3586 et
3058 3532 3113 3587 in
3168 3548 3277 3604 quo
3320 3537 3501 3607 plures
3522 3547 3713 3593 senten-

2138 3612 2242 3669 tias
2304 3630 2463 3685 quam
2526 3619 2778 3688 periodos
2818 3638 3106 3681 numerare
3140 3632 3335 3698 possis.
3388 3631 3517 3686 Nam
3562 3644 3712 3700 neque

2139 3709 2357 3763 verbosi
2411 3710 2541 3764 olim
2608 3713 2826 3770 fuerunt
2874 3716 3190 3784 Christiani.
3241 3725 3334 3794 qui
3393 3728 3551 3781 verba
3602 3726 3712 3779 dare

2139 3799 2374 3855 nondum
2420 3801 2749 3862 didicerant:
2806 3818 2863 3867 et
2897 3824 3089 3867 eorum
3140 3820 3354 3885 patroni
3405 3828 3554 3875 erant
3625 3819 3710 3872 ho-

2137 3895 2314 3952 mines
2363 3896 2531 3964 docti,
2589 3915 2674 3964 ac,
2734 3915 2792 3958 ut
2818 3920 2927 3961 uno
2952 3909 3122 3963 verbo
3173 3911 3376 3979 dicam,
3438 3912 3709 3986 polyltisto-

2138 4007 2245 4051 res.
2293 3994 2445 4062 Quod
2490 3998 2558 4054 ad
2613 3999 2749 4056 falsa
2786 4005 3012 4060 crimina
3061 4010 3271 4075 attinet,
3333 4026 3440 4068 non
3470 4020 3571 4067 tam
3609 4022 3711 4065 ver-

2140 4086 2221 4142 bis
2258 4099 2312 4142 et
2366 4090 2584 4158 libellis,
2635 4110 2797 4164 quam
2855 4096 2963 4153 vita
3012 4109 3069 4155 et
3134 4116 3194 4159 re
3253 4103 3375 4176 ipsa
3425 4104 3711 4162 refellcbant

2137 4180 2496 4239 adversarios.

432 4268 640 4323 mlicat.
676 4265 808 4320 Tam
854 4265 1042 4319 odiosa
1100 4275 1224 4319 tunc
1271 4275 1387 4320 erat
1432 4281 1616 4320 eorum
1668 4266 1780 4323 sive
1821 4270 2031 4339 religio,

432 4360 547 4415 sive
575 4358 846 4425 Ecclesia,
876 4358 958 4411 cui
992 4366 1161 4411 status
1188 4356 1496 4425 reipublicae
1526 4359 1845 4429 imperiique
1873 4359 2031 4416 Rom.
2137 4366 2312 4435 agitur
2358 4384 2546 4440 magna
2594 4381 2694 4442 est,
2752 4375 2818 4429 de
2888 4379 3148 4451 religione
3204 4399 3403 4456 nempe
3460 4356 3580 4442 vero
3632 4391 3709 4436 an!

434 4451 822 4507 adversabatur
843 4491 871 4552 ,.
903 4458 1083 4552 totque
1108 4448 1227 4551 jam.
1428 4449 1656 4552 publicis
1710 4452 2035 4521 piacjudiciis
2140 4458 2291 4514 falsa.
2363 4466 2636 4521 Acerrima
2684 4472 2952 4543 utrimque
2993 4448 3090 4532 est
3128 4479 3269 4533 actio
3513 4489 3709 4536 conten-

432 4545 707 4606 confossi,
752 4552 811 4599 ut
862 4543 1032 4613 ipsius
1086 4542 1318 4597 nominis
1347 4543 1639 4598 Christiani
1664 4545 1936 4602 confessio
1962 4551 2029 4605 ad
2053 4551 2110 4615 D
2138 4554 2231 4608 tio.
2290 4556 2475 4612 Exitus
2515 4573 2569 4614 et
2607 4562 2825 4617 victoria
2868 4542 2956 4622 est
3001 4570 3177 4637 qualis
3230 4587 3354 4629 esse
3389 4542 3590 4636 debet.
3632 4568 3708 4625 tibi

434 4639 835 4694 damnationem
885 4637 1018 4690 satis
1064 4647 1226 4690 esset.
1271 4634 1499 4691 Tantum
1536 4639 1709 4703 abest,
1761 4648 1819 4695 ut
1873 4642 2032 4713 hujus
2141 4664 2326 4702 verum
2375 4665 2495 4704 cum
2548 4652 2686 4709 falso
2726 4658 2986 4729 conﬂigit.
3022 4634 3311 4719 VMuiarum
3362 4634 3586 4737 partium
3625 4676 3706 4717 ve-

430 4729 707 4800 religionis
754 4737 920 4827 esset,
981 4742 1101 4797 qna:
1149 4726 1412 4827 libertatis
1465 4738 1599 4797 erat,
1631 4735 1880 4791 assertio.
1923 4736 2030 4793 Sed
2138 4742 2362 4799 hemens
2422 4758 2697 4817 patronus,
2757 4763 2812 4807 et
2862 4726 3125 4812 bonarum
3176 4726 3376 4827 gravis.
3411 4760 3574 4814 hostis
3636 4762 3708 4811 est

431 4830 580 4879 tanto
625 4822 797 4921 magis
853 4821 1055 4921 interea
1103 4821 1268 4873 miror
1411 4832 1516 4876 tam
1563 4825 1782 4893 profano
1837 4837 1895 4884 et
1931 4831 2030 4886 ini—
2134 4832 2385 4892 Caecilius
2437 4838 2659 4897 Natalis.
2706 4843 2906 4901 Harum
2958 4863 3144 4906 contra
3177 4821 3412 4921 ‘Viiidtx,
3442 4862 3495 4909 et
3520 4852 3705 4907 illarum

430 4917 573 4973 "lico
620 4914 738 4969 foro
812 4912 1110 5015 consistere
1175 4911 1504 5014 causidicum
1575 4916 1720 4985 piunt
1769 4922 2025 4988 potuisse.
2134 4944 2414 4987 accusator
2468 4938 2765 4993 acerrimus
2809 4952 2970 5013 atque
3002 4946 3336 5015 justissimus
3368 4911 3705 5007 estOCtaritts

431 5012 620 5065 Mirum
673 5024 822 5070 vero.
873 5021 994 5062 cum
1016 5005 1127 5075 jam
1175 5005 1329 5061 uultis
1385 5020 1550 5078 prope
1598 5009 1847 5069 ducentis
1883 5018 2029 5074 orbis

2161 5030 2433 5082 auuarius.
2482 5029 2685 5087 Medius
2731 5037 2882 5092 sedet
2930 5039 3098 5095 bonus
3165 5044 3331 5112 judex
3381 5057 3535 5115 atque
3582 5041 3699 5099 arbi-

427 5103 706 5158 Routanus
755 5109 810 5153 et
862 5099 1035 5167 palam
1076 5105 1130 5152 et
1188 5096 1399 5166 publice
1445 5111 1499 5153 et
1569 5100 1740 5160 libere
1814 5105 2033 5165 Christo

2154 5133 2221 5173 er
2272 5120 2533 5179 Minucius
2566 5124 2735 5183 Felix.
2769 5131 3142 5192 Contentionis
3168 5140 3385 5196 occasio
3415 5096 3531 5207 biit,
3555 5133 3700 5209 quod,

429 5211 628 5252 nomen
682 5190 942 5256 dedisset,
1004 5191 1319 5247 auctoribus
1382 5193 1511 5263 ipsis
1572 5195 2029 5267 imperatoribus.
2136 5225 2257 5263 cum
2321 5215 2409 5267 hic
2448 5231 2568 5270 cum
2613 5219 2823 5277 duobus
2871 5181 3602 5297 illis,-quovsvhyoi‘ninavi,,iii

425 5305 598 5347 Visam
664 5301 785 5343 esse
851 5287 1023 5356 legem
1081 5288 1463 5357 necessariam,
1518 5305 1640 5360 qua:
1698 5304 1752 5349 et
1815 5297 2028 5354 tandem

2154 5318 2254 5361 ore
2287 5306 2520 5365 Ostiensi
2562 5315 2893 5384 ambularet,
2939 5321 3007 5376 ab
3035 5287 3258 5383 Cctavio
3283 5327 3583 5384 Christiano
3622 5337 3701 5379 re-

430 5387 538 5443 lata
579 5394 683 5451 est,
732 5388 792 5437 ut
833 5378 887 5436 in
940 5380 1085 5436 nullo
1133 5380 1252 5437 fore
1293 5381 1378 5438 vel
1427 5384 1719 5443 advocatus
1765 5390 1846 5447 vel
1898 5408 2024 5450 cuu-
2132 5400 2431 5467 prehensus
2496 5406 2567 5461 sit
2614 5378 3251 5488 Cmcilius'ethuieus,"
3280 5378 3704 5493 qui-“occurrens

2125 5493 2267 5551 idolo
2336 5500 2632 5573 Serapidis,
2681 5506 2815 5563 illud
2865 5512 3046 5571 colere
3073 5532 3133 5573 se
3185 5520 3550 5590 significasset.
3576 5517 3702 5574 Sane

2210 4274 2448 4340 Qumstiu
2492 4294 2611 4349 quas
2661 4280 2747 4336 hic
2792 4287 3129 4355 proponitur,
3184 4298 3238 4345 et
3306 4307 3471 4349 causa
3531 4287 3709 4364 quade

495 5561 794 5635 (I)Martyr
850 5556 1379 5635 hiigtiuncnsitsub
1412 5561 1482 5618 Μ.
1540 5567 1775 5624 Antoniu
1827 5583 1885 5629 et
1946 5577 2007 5632 L.

412 5630 603 5710 vero;
623 5630 812 5686 Testes
846 5630 1048 5710 Euseb.
1102 5633 1163 5685 li.
1225 5632 1287 5689 E.
1332 5634 1501 5710 li|_i.wv.
1527 5654 1644 5710 cap.
1700 5644 1749 5708 l,
1779 5654 1832 5700 et
1874 5630 2011 5705 Gre?

411 5704 909 5781 gor._'l‘urouensis,
948 5700 1052 5781 lib.
1104 5718 1140 5767 t,
1182 5721 1329 5781 capL
1368 5707 1457 5781 ~29}

485 5779 562 5857 (εὶ)
590 5784 891 5854 παράκλητος
913 5780 1231 5844 Χριστιανῶν.
1290 5777 1489 5835 Euseb.
1538 5780 1592 5836 tl.
1624 5783 1660 5837 Ι.

2197 5658 2660 5742 (5)n._\'ym_mat_:htts
2715 5668 2804 5742 lib.
2851 5687 2909 5728 χ.
2965 5676 3117 5742 epist.
3212 5678 3302 5736 54.
3369 5679 3449 5735 ed.
3523 5674 3695 5738 Jurei‘i,

2115 5727 2458 5822 siverit.
2515 5737 2750 5822 Scioppi,
2796 5743 2863 5799 ad
2899 5727 3304 5822 iva'len't'inum:
3351 5727 3695 5808 modestia

2111 5809 2169 5857 et
2219 5804 2509 5865 Arcadium
2546 5804 2708 5870 AA'A'.
