3988 6310
295 266 403 328 305

1463 260 1527 318 F.
1567 254 1893 318 BALDIJINI
1929 252 2404 315 DISSERTA'I’IO.

3438 267 3584 335 ’206

294 388 427 445 olim
481 384 675 440 Pisone
721 390 779 440 et
817 381 1047 441 Gabinio
1092 395 1236 439 coss.
1282 379 1556 451 Serapidis
1597 392 1749 435 sacra
1779 375 1883 431 ει·
1909 372 1967 432 Δ
2060 372 2307 432 Caecilius
2347 377 2608 450 principio
2630 380 2813 437 laudat
2837 383 3019 440 nescio
3045 399 3202 458 quam
3231 389 3345 446 sive
3370 392 3581 451 Acade-

297 482 486 554 pitolio
533 490 587 535 et
643 481 774 536 urbe
828 479 1039 535 fuerant
1110 478 1318 549 ejecta:
1374 475 1469 531 sed
1524 484 1708 545 postea
1776 471 1891 526 fue-

296 584 425 631 runt
484 574 749 643 restituta,
811 585 865 629 et
905 575 958 628 in
1029 572 1300 629 suburbiis
1358 570 1517 626 facile
1593 567 1887 622 hauebant.

298 668 683 740 Reprehensos
721 666 965 724 Cateilius
1012 667 1212 733 fremit,
1262 675 1318 721 et
1343 676 1613 736 tamquam
1653 661 1891 717 irritatus

296 764 536 834 graviter
604 764 656 817 in
720 761 1147 817 Christianorum
1201 759 1511 830 religionem
1575 754 1888 811 invehitur:

306 872 575 927 suamque
619 858 777 912 simul
840 855 1279 927 superstitionem
1340 852 1671 919 defendens,
1729 850 1891 906 Octa-

299 951 444 1005 vium
488 950 653 1005 veluti
706 948 937 1005 lacessit.
993 948 1098 1006 Sed
1170 945 1482 1017 imprudens
1548 944 1771 1000 incurrit
1839 942 1892 998 in

294 1044 670 1102 adversarium
703 1041 898 1100 fortem
951 1048 1007 1099 et
1072 1057 1286 1098 acrem:
1355 1050 1412 1097 et
1482 1050 1574 1107 ut,
1651 1039 1740 1095 ille
1797 1038 1893 1104 ait,

802 1155 983 1220 Fragili
1006 1156 1211 1220 cupiens
1230 1153 1682 1220 illideredentem,

617 1219 830 1285 quregit
848 1213 1020 1270 solido.
1071 1213 1085 1220 ’
1173 1219 1370 1283 (Horat.
1391 1214 1476 1268 lib.
1501 1231 1552 1278 ιι,
1580 1215 1717 1267 satir.
1742 1213 1811 1277 1.)

374 1329 567 1385 Causas
594 1337 775 1384 status
799 1342 905 1381 non
934 1338 1071 1381 unus
1098 1336 1196 1381 est.
1229 1324 1479 1379 Czeeilius
1512 1325 1661 1378 varie
1690 1332 1744 1378 et
1769 1336 1900 1377 con-

297 1425 421 1480 fuse
462 1425 564 1495 agit
607 1424 676 1478 de
721 1423 922 1477 multis.
990 1420 1244 1476 Octavius
1282 1419 1541 1492 pleraque
1581 1427 1636 1473 et
1680 1418 1903 1487 depellit

294 1522 421 1579 sola
452 1520 799 1585 inliciatione,
829 1528 885 1575 et
937 1524 1214 1588 retorquet
1251 1515 1393 1586 justa
1442 1512 1897 1569 recriminatione.

298 1614 561 1685 Quaedam
594 1615 822 1685 ingenue
846 1609 1165 1666 confitetur:
1198 1609 1291 1665 sed
1327 1609 1453 1680 jure
1491 1607 1747 1663 defendit.
1802 1606 1904 1662 ita-

300 1723 411 1781 que
439 1708 558 1762 haec
585 1706 903 1776 disceptatio
931 1706 1118 1774 partim
1151 1702 1297 1769 facti,
1346 1702 1537 1772 partim
1564 1701 1700 1771 juris
1728 1715 1900 1771 quaes-

314 1774 557 1855 tionibus
604 1774 833 1854 constat.
879 1796 1238 1852 Tertullianus
1259 1804 1437 1859 antea,
1462 1804 1517 1849 et
1542 1805 1669 1850 ante
1694 1794 1905 1849 Tertul—
1931 1774 1983 1837 Β

302 1892 511 1949 lianum
541 1892 782 1949 Justinus
808 1902 863 1946 et
890 1891 1278 1960 Athenagoras.
1298 1900 1524 1958 quorum
1547 1897 1759 1943 exstant
1781 1902 1910 1957 apo-

302 1986 524 2056 logetici
547 1986 733 2052 libelli,
773 1993 828 2040 et
853 1994 1034 2054 postea
1050 1984 1348 2055 Cyprianus
1371 1981 1564 2053 partim
1587 1989 1774 2036 contra
1807 1979 1908 2035 De-

303 2088 656 2141 metrianum.
689 2078 879 2147 partim
906 2078 957 2132 in
988 2077 1166 2134 libello
1186 2077 1254 2131 de
1272 2075 1517 2131 Vanitate
1544 2074 1835 2140 Idolorum,
1858 2081 1915 2129 et

306 2172 485 2227 multo
513 2171 711 2227 deinde
751 2172 918 2242 magis
945 2172 1211 2226 Arnobius
1240 2181 1400 2241 atque
1427 2170 1732 2224 Lactantius
1778 2169 1915 2222 hanc

306 2278 553 2321 causam.
575 2271 801 2335 egerunt
832 2281 845 2318 :
878 2273 933 2318 et
960 2264 1040 2319 usi
1067 2265 1375 2335 plerumque
1410 2271 1534 2317 sunt
1579 2275 1684 2317 non
1727 2260 1915 2316 iisdem

310 2360 482 2416 modo
508 2374 560 2415 et
584 2359 864 2415 sententiis
888 2370 939 2414 et
958 2359 1306 2430 argumentis,
1331 2358 1424 2412 sed
1445 2370 1499 2413 et
1524 2355 1702 2411 verbis
1731 2365 1785 2411 et
1811 2354 1920 2409 for-

314 2452 506 2509 mulis.
564 2453 653 2511 Sic
674 2456 815 2509 enim
844 2453 1074 2525 majores
1109 2454 1274 2509 nostri
1325 2453 1511 2509 eadem
1533 2452 1602 2508 de
1625 2450 1836 2518 iisdem,
1862 2458 1922 2505 ut

312 2547 414 2604 ille
436 2547 567 2604 olim
586 2548 814 2615 dicebat,
848 2549 1027 2604 dicere
1056 2548 1321 2603 solebant.

397 2645 575 2712 Atque
617 2642 818 2697 utinam
870 2643 1155 2712 posteritas
1200 2641 1305 2695 tale
1348 2640 1687 2694 observasset
1737 2649 1921 2692 exem-

311 2734 505 2806 plum,
556 2732 835 2788 ambitiosa
892 2735 1098 2788 novitas
1144 2732 1337 2787 bonam
1388 2729 1760 2801 antiquitatem
1816 2741 1922 2781 non

315 2829 677 2899 inquinasset.
716 2824 884 2882 Velim
914 2843 1045 2883 sane
1073 2827 1360 2897 Apologias
1388 2838 1600 2891 eorum,
1633 2836 1768 2893 quos
1791 2821 1921 2887 dixi,

315 2936 454 2979 cum
497 2923 598 2977 hoc
626 2921 930 2977 Minuciano
989 2920 1171 2976 libello
1208 2918 1439 2975 conferri
1466 2935 1479 2973 :
1509 2925 1565 2971 ut
1598 2917 1759 2971 alium
1790 2930 1927 2969 nunc

318 3013 773 3072 commentarium
821 3015 1078 3086 colligere
1114 3028 1217 3067 non
1255 3012 1319 3067 sit
1361 3025 1600 3066 necesse.
1653 3008 1818 3063 Multa
1861 3024 1926 3063 ex

317 3116 573 3163 veterum
641 3105 1081 3177 philosophorum
1131 3103 1599 3175 disputationibus.
1640 3108 1693 3157 et
1738 3106 1924 3171 poeta-

1992 467 2184 523 micam
2201 473 2571 541 ἀκαταληψίαν,
2621 476 2734 530 sive
2757 474 3141 548 Pyrrhonicam
3170 487 3376 552 ιποχθτν,
3430 486 3584 555 quasi

1992 563 2139 618 nulla
2180 576 2323 620 esset
2371 568 2643 637 religionis
2679 573 2944 639 scientia;
2984 584 3039 630 et
3072 576 3326 645 Epicurea
3359 578 3585 634 audacia

1992 654 2225 744 exagitat
2249 657 2343 713 Dei
2368 660 2776 730 providentiam,
2800 681 2963 734 prope
2980 679 3039 722 ut
3062 668 3152 724 ille
3170 670 3418 744 (l)(lotta
3444 670 3585 740 apud

1995 743 2307 804 Cicer0nent
2339 750 2389 804 in
2416 751 2568 809 libris
2591 753 2660 810 de
2686 754 2880 811 Natura
2900 757 3154 826 Deorum,
3183 743 3434 818 Octavius
3449 762 3585 817 Pro-

1996 837 2284 896 videntiam
2300 842 2535 901 defendit
2563 866 2573 899 :
2594 846 2775 920 Neque
2797 850 2861 906 iis
2883 852 3041 906 etiam
3063 859 3394 926 argumentis
3414 857 3487 910 uti
3503 855 3593 911 de-

1996 932 2264 1004 dignatur,
2285 939 2475 1007 quibus
2497 942 2728 998 Velleius
2743 947 2882 1013 apud
2899 950 3145 1005 eutndem
3164 952 3477 1009 Ciceronem
3506 971 3592 1012 re-

1997 1027 2137 1084 fellit
2155 1032 2324 1088 Cottas
2347 1035 2651 1091 vanitatem.
2677 1038 2924 1096 Ctecilius
2939 1046 3312 1113 exprobrabat,
3334 1045 3595 1103 Christia-

2000 1140 2100 1181 nos
2118 1127 2247 1197 Deo,
2265 1139 2322 1185 ut
2343 1132 2557 1202 quidam
2576 1133 2728 1201 Fato,
2743 1134 3010 1206 addicere,
3029 1140 3283 1211 quidquid
3304 1144 3483 1216 agitur
3495 1158 3593 1215 ge-

2001 1221 2222 1279 riturve.
2237 1223 2351 1283 Abs
2366 1226 2531 1282 verbo
2549 1225 2684 1294 Fati,
2706 1231 2915 1286 tametsi
2932 1231 3121 1288 odioso
3136 1244 3352 1307 propter
3368 1236 3596 1308 ineptias

2002 1321 2325 1386 Stoicorum.
2382 1324 2471 1395 qui
2523 1340 2585 1380 ea
2620 1341 2752 1382 voce
2793 1329 3166 1394 abolebantur,
3208 1346 3313 1386 non
3343 1333 3601 1389 abhorret

2002 1414 2279 1472 Octavius.
2341 1417 2449 1474 Sed
2477 1418 2769 1490 longiorem
2797 1437 2859 1477 ea
2894 1423 2963 1480 de
3007 1439 3066 1479 re
3109 1424 3519 1495 disputationem
3548 1426 3602 1482 in

2004 1510 2146 1565 aliud
2191 1519 2401 1581 tempus
2450 1512 2643 1583 rejicit,
2686 1523 2739 1568 et
2781 1529 2901 1569 eum
2937 1516 3101 1572 veluti
3140 1521 3416 1589 scapulnm
3448 1531 3605 1576 caute

2005 1605 2221 1677 refugit.
2262 1607 2405 1665 Sane
2432 1608 2787 1681 Hieronymus
2813 1611 2864 1666 in
2892 1611 3163 1684 Catalogo,
3194 1625 3242 1669 et
3272 1613 3337 1669 ad
3356 1614 3603 1686 Magnum

2007 1697 2225 1773 (Epist.
2280 1701 2513 1777 Lxxxtv)
2570 1703 2723 1760 teStis
2752 1715 2853 1770 est,
2906 1706 3191 1776 quemdam
3242 1708 3309 1762 de
3358 1709 3491 1765 Fato
3542 1708 3609 1765 li-

2015 1792 2166 1847 brum
2213 1796 2342 1849 olim
2393 1795 2624 1853 Minucio
2662 1799 2975 1870 inscriptum
3030 1799 3194 1857 fuisse
3224 1818 3237 1857 :
3266 1802 3361 1856 sed
3419 1802 3604 1858 falsam

2013 1884 2178 1942 fuisse
2207 1888 2608 1960 inscriptionem
2640 1905 2840 1947 monet.
2906 1893 3080 1948 Credo
3122 1894 3194 1949 illi
3235 1909 3265 1948 a
3294 1894 3610 1967 quibusdam

2013 1994 2134 2037 esse
2162 1981 2512 2054 adscriptum,
2550 1987 2671 2056 quia
2701 1985 2786 2041 hic
2814 1985 3092 2043 videbatur
3126 1988 3230 2042 tale
3256 1988 3452 2056 aliquid
3493 2002 3615 2044 esse

2017 2075 2311 2145 pollicitus.
2378 2077 2667 2143 Arnobius,
2724 2095 2880 2148 quem
2932 2080 3145 2137 Minucii
3204 2080 3522 2151 discipulum
3564 2091 3618 2136 et

2019 2170 2343 2226 imitatorem
2372 2172 2645 2243 appellare
2674 2174 2841 2239 soleo,
2871 2175 3030 2230 modo
3061 2176 3397 2231 adversarios
3422 2176 3490 2232 de
3514 2176 3619 2232 fato

2018 2271 2255 2328 accusat,
2283 2262 2443 2319 modo
2472 2266 2630 2320 etiam
2649 2265 2982 2323 Christianos
3004 2268 3192 2323 eodem
3217 2270 3435 2325 nomine
3458 2285 3620 2325 accu-

2021 2366 2168 2412 satos
2220 2356 2384 2412 fnisse
2414 2357 2689 2413 ostendit:
2736 2366 2789 2415 et
2830 2361 2881 2414 in
2933 2372 3158 2432 utraque
3216 2374 3391 2417 tamen
3437 2377 3621 2429 causa,

2023 2464 2145 2506 cum
2172 2448 2238 2503 ad
2269 2465 2380 2506 rem
2414 2460 2633 2507 ventum
2664 2460 2767 2515 est,
2801 2452 2971 2509 haeret
3016 2462 3070 2510 et
3120 2454 3302 2511 nescio
3355 2454 3626 2526 quomodo

2024 2548 2282 2603 attonitus
2323 2556 2501 2618 ιπέχει.
2550 2546 2679 2602 Nam
2717 2546 2886 2618 (juvat
2924 2549 3067 2603 enim
3097 2561 3313 2621 propter
3339 2548 3625 2605 Minucium

2026 2648 2080 2693 et
2104 2639 2361 2709 (lliﬂadllln
2389 2642 2524 2693 alios
2556 2639 2729 2694 obiter
2762 2638 2845 2693 hic
2878 2639 3088 2711 notare)
3141 2640 3233 2695 lib.
3271 2654 3365 2707 vn,
3412 2650 3627 2711 postea-

2028 2747 2187 2802 quam
2218 2733 2503 2802 exagitavit
2537 2731 2723 2797 fatum,
2758 2733 3053 2801 praesertim
3083 2733 3239 2804 quale
3266 2732 3428 2790 Stoici
3462 2733 3639 2803 ﬁnge--

2030 2825 2196 2880 bant:
2237 2843 2255 2876 ι
2306 2822 2400 2878 has
2443 2828 2642 2891 tamen,
2677 2826 2864 2896 inquit,
2899 2832 3095 2893 partes,
3130 2828 3249 2894 quia
3280 2840 3367 2880 res
3408 2827 3631 2881 nimium

2030 2917 2175 2989 longi
2208 2928 2289 2973 est
2317 2917 2577 2987 multique
2607 2918 2893 2983 sermonis,
2925 2918 3269 2987 inexpliratas
3308 2919 3632 2974 transcurri-

2030 3026 2152 3066 mus
2200 3020 2360 3081 atque
2408 3011 2656 3065 intactas.
2695 3029 2715 3062 ι
2752 3010 2895 3065 idem
2956 3009 3050 3064 lib.
3102 3026 3159 3076 ιι,
3201 3024 3321 3064 cum
3372 3010 3639 3065 scriberet

2033 3104 2369 3161 Christianos
2423 3105 2599 3175 urgeri
2647 3116 2890 3176 rogatos,
2946 3119 3014 3158 an
3054 3104 3171 3158 sine
3211 3103 3482 3158 voluntate
3537 3103 3630 3157 Dei

320 3216 456 3259 rum
489 3201 677 3255 fabulis
705 3209 761 3255 et
808 3200 1050 3255 Romana
1080 3198 1377 3268 Graecaque
1415 3195 1637 3251 historia
1667 3195 1932 3250 subtiliter
1957 3168 2004 3234 Ο
2036 3200 2326 3271 quidquam
2373 3168 2562 3254 fieret?
2603 3168 2739 3252 tam-
2765 3213 2825 3253 se
2856 3168 3122 3269 utrimque
3153 3198 3318 3266 premi
3345 3195 3526 3261 sentit,
3560 3203 3636 3261 ut,

325 3300 396 3349 et
429 3291 589 3347 docte
615 3292 701 3347 hic
726 3300 1061 3363 repetuntur.
1106 3290 1302 3346 Verum
1332 3289 1570 3358 ineptum
1599 3294 1743 3342 esset
1772 3286 1836 3341 iis
1868 3285 1935 3341 de

324 3386 503 3442 rebus
516 3386 887 3441 aunotationes’
912 3385 1109 3440 multas
1131 3391 1184 3438 et
1199 3382 1399 3437 otiosas
1428 3380 1528 3435 hoc
1557 3378 1679 3435 loco
1703 3378 1938 3434 inculca-

326 3493 419 3541 re.
438 3480 651 3536 Mallem
672 3494 792 3549 quae
816 3478 884 3534 ad
900 3477 1277 3548 antiquitatum
1291 3473 1718 3529 Christianarum
1735 3486 1938 3527 memo-

328 3575 477 3632 riam
524 3577 819 3646 pertinent,
876 3575 1096 3645 copiose
1147 3571 1437 3641 esplicare.
1497 3566 1603 3623 Sed
1645 3576 1699 3622 et
1749 3568 1938 3621 harum

327 3669 745 3724 commentariis
785 3666 919 3722 alius
960 3666 1171 3720 dabitur
1197 3663 1417 3719 liberior
1443 3661 1633 3716 locus:
1682 3675 1806 3714 nam
1854 3658 1939 3723 iis,

332 3778 482 3835 quos
499 3762 608 3832 jam
639 3760 905 3827 inchoavi,
934 3756 1274 3813 absolvendis
1296 3754 1586 3825 aliquando
1615 3768 1700 3807 me
1725 3750 1939 3806 dedam.

332 3855 467 3912 Jam
505 3869 634 3910 vero
673 3863 866 3925 praeter
906 3851 1049 3916 illos,
1090 3863 1227 3921 quos
1252 3848 1381 3911 dixi,
1416 3847 1626 3902 libellos
1672 3845 1823 3898 valde
1855 3858 1944 3897 ve-

335 3951 440 4008 lim
465 3951 625 4006 etiam
658 3949 744 4004 hic
769 3948 871 4020 legi
901 3957 956 4002 et
974 3944 1276 4018 comparari
1305 3944 1644 3999 adversarius
1669 3940 1947 3995 orationes

337 4045 657 4119 Symmachi
715 4052 773 4099 et
811 4040 1125 4097 Ambrosii:
1170 4048 1229 4093 ut
1275 4052 1435 4109 quam
1483 4047 1700 4090 causam
1747 4033 1946 4087 acriter

341 4141 589 4212 quidem,
616 4137 709 4193 sed
737 4136 985 4208 privatim
1017 4143 1195 4189 tamen
1218 4145 1325 4203 quo
1353 4136 1597 4200 tempore
1627 4124 1947 4182 Christianis

343 4233 526 4305 palam
556 4246 679 4288 esse
720 4231 809 4285 vix
854 4228 1066 4288 licebat,
1122 4235 1294 4280 actam
1327 4237 1445 4278 esse
1495 4236 1564 4275 ex
1593 4218 1826 4275 Minucio
1853 4231 1947 4270 au-

346 4326 599 4381 diemus:
632 4321 875 4379 eamdem
904 4320 1084 4375 multis
1108 4329 1223 4388 post
1255 4316 1409 4371 annis
1437 4315 1646 4385 publice
1684 4313 1735 4367 in
1777 4310 1950 4366 aulico

346 4418 678 4478 consistorio
704 4419 898 4473 iterum
927 4415 1228 4482 iterumque
1251 4412 1505 4481 agitatam
1532 4422 1545 4461 :
1581 4407 1633 4461 in
1663 4420 1831 4476 eaque
1855 4418 1951 4457 no-

348 4513 520 4569 liilem
562 4511 921 4566 Romanorum
950 4521 1226 4563 sacrorum
1266 4514 1571 4575 patronum,
1604 4501 1695 4571 qui
1725 4507 1780 4554 et
1809 4497 1950 4552 Pon-

2036 3294 2105 3349 ad
2155 3290 2497 3361 elabendum,
2556 3292 2934 3363 deprecatione
2986 3288 3263 3361 cujusdam
3320 3289 3638 3359 ignorantia:

2038 3392 2241 3440 utatur.
2289 3403 2307 3436 ι
2347 3384 2425 3450 Si,
2460 3384 2650 3452 inquit,
2684 3391 2874 3438 cuncta
2904 3383 3022 3453 ejus
3050 3382 3323 3436 voluntate
3347 3379 3642 3437 centiciun-

2040 3486 2146 3547 tur,
2198 3495 2296 3535 nec
2325 3480 2458 3535 citra
2499 3477 2620 3549 ejus
2647 3486 2833 3533 nutum
2865 3475 3149 3548 quidquam
3178 3483 3353 3546 potest
3391 3475 3443 3528 in
3481 3473 3641 3530 rebus

2041 3574 2127 3629 vel
2173 3573 2458 3645 provenire
2527 3573 2609 3629 vel
2665 3572 2878 3639 cadere,
2940 3571 3247 3626 necessario
3297 3571 3536 3639 sequitur
3586 3578 3647 3625 ut

2045 3669 2183 3724 mala
2214 3669 2375 3724 etiam
2404 3679 2593 3723 cuncta
2644 3668 2917 3722 voluntate
2964 3664 3081 3736 ejus
3113 3662 3477 3735 intelligantur
3506 3678 3641 3718 eua-

2047 3766 2121 3823 sci
2148 3780 2164 3831 ;
2198 3764 2279 3820 sin
2308 3770 2484 3816 autem
2511 3761 2691 3816 dicere
2734 3757 3080 3823 voluerimus,
3106 3758 3458 3827 pessimorum
3486 3756 3553 3810 ab
3580 3770 3647 3811 eo

2047 3862 2350 3931 rejicientes
2373 3870 2584 3921 causas,
2618 3852 2740 3909 mali
2770 3868 2889 3908 esse
2919 3852 3212 3912 conscium.
3244 3861 3647 3921 generatorem-

2047 3968 2151 4024 que
2179 3951 2418 4006 nullius:
2450 3946 2705 4016 incipient
2734 3943 2902 3998 videri
2945 3952 3035 3997 aut
3059 3957 3124 3998 eo
3164 3942 3333 3997 invito
3362 3956 3446 3996 res
3477 3940 3648 4011 pessi-

2050 4062 2151 4101 mte
2181 4044 2317 4110 fieri,
2352 4052 2461 4107 aut,
2491 4037 2633 4111 quod
2660 4038 2730 4093 sit
2777 4038 3010 4093 immane
3055 4035 3280 4104 dixisse,
3333 4035 3640 4101 nesciente,

2051 4141 2260 4213 ignaro,
2290 4152 2353 4191 ac
2378 4133 2578 4190 nescio.
2621 4150 2639 4183 ι

2123 4231 2259 4301 Quid
2301 4231 2460 4301 igitur
2498 4225 2711 4281 tandem
2747 4224 2888 4279 inter
2929 4223 3024 4279 bas
3070 4223 3236 4280 veluti
3277 4222 3649 4296 symplegadas

2053 4326 2396 4389 constricuts,
2443 4318 2722 4392 quwstioni
2765 4316 3093 4386 respondet?
3126 4334 3144 4368 t
3180 4316 3643 4386 Respondi-auius,

2056 4419 2243 4491 inquit,
2289 4429 2509 4472 necesse
2537 4422 2633 4466 est.
2679 4411 2885 4465 nescire
2910 4425 3007 4463 nos
3035 4410 3153 4470 ista,
3202 4419 3306 4464 etc.
3342 4426 3363 4462 ι
3409 4407 3651 4463 Justinus

2055 4528 2209 4573 antea
2236 4514 2287 4569 in
2328 4526 2422 4567 sua
2462 4505 2719 4578 Apologia
2749 4520 2853 4558 non
2890 4502 3227 4558 dubitaverat
3269 4514 3355 4558 τὴν
3381 4518 3463 4565 15,;
3485 4507 3653 4571 εἱμαρ-

352 4604 489 4661 tifex
528 4604 793 4659 maximus
818 4610 871 4656 et
898 4599 1181 4670 prmfectus
1226 4597 1340 4650 urbi
1368 4604 1504 4658 erat,
1551 4608 1674 4646 cum
1722 4568 2031 4645 tnaximoD
2056 4622 2196 4683 μένης
2246 4615 2467 4675 ἀνάγκη,
2516 4568 2846 4670 ίηοιιιιριιίιι,
2881 4605 3064 4666 aperte
3096 4596 3340 4655 inliciari.
3386 4568 3652 4666 planeque

352 4706 416 4754 et
444 4697 708 4754 acerrimo
737 4695 989 4750 Atttistite
1022 4691 1340 4748 Christiane
1378 4685 1656 4756 religionis
1702 4683 1958 4739 commis-

356 4805 501 4855 sum,
531 4803 638 4860 quo
666 4786 1101 4859 tempore‘nostri
1130 4784 1283 4837 liberi
1312 4790 1487 4845 erant,
1534 4788 1591 4834 et
1616 4778 1752 4833 bona
1779 4790 1960 4844 mqua-

359 4898 472 4957 que
493 4882 802 4939 conditione
840 4923 858 4948 ,
885 4878 1163 4934 audiamus
1191 4894 1204 4929 :
1238 4874 1534 4946 prtesertim
1572 4888 1692 4928 cum
1714 4870 1879 4943 judex
1907 4875 1963 4923 et

359 4978 567 5033 arbiter
605 4975 841 5041 sederet,
871 4988 979 5029 non
1010 4973 1171 5027 modo
1220 4980 1327 5024 tam
1361 4969 1644 5039 religiosus
1677 4982 1835 5040 quam
1867 4960 1964 5020 Mi.

361 5073 582 5139 nucius,
638 5070 733 5126 sed
763 5070 930 5124 multo
967 5068 1185 5139 majoris
1230 5067 1580 5131 auctoritatis,
1623 5073 1675 5120 et
1714 5066 1803 5136 qui
1846 5081 1959 5120 rem

361 5164 820 5235 benejudicatatn
861 5167 1102 5235 exsequi,
1134 5172 1188 5218 et
1226 5160 1518 5216 adversarii
1562 5158 1966 5214 calumniatoris

366 5259 720 5332 petulantiam
750 5258 1046 5329 reprimere
1066 5267 1223 5327 atque
1248 5268 1503 5311 coercere
1533 5261 1729 5322 posset.
1761 5251 1815 5307 Si
1849 5253 1968 5319 quis

367 5354 605 5423 denique
631 5353 717 5408 hic
740 5351 991 5421 adjungat
1019 5352 1292 5421 Augustini
1312 5350 1476 5403 libros
1501 5346 1569 5401 de
1596 5346 1824 5401 Civitate
1852 5344 1969 5409 Dei,

378 5445 449 5501 ad
478 5444 686 5501 Octavii
714 5445 1133 5514 disputationem
1164 5442 1389 5496 multum
1419 5439 1555 5495 lucis
1586 5446 1642 5494 et
1669 5437 1973 5507 splendoris

374 5539 704 5609 adiunxerit,
753 5553 852 5609 ego
875 5538 928 5591 in
956 5535 1149 5591 talibus
1177 5535 1577 5590 commentariis
1611 5549 1752 5587 nunc
1776 5532 1981 5587 descri-

376 5633 573 5689 bendis
598 5648 702 5686 non
734 5631 1094 5695 immorabor;
1141 5628 1233 5684 sed
1282 5628 1517 5683 breviter
1549 5635 1753 5681 tantum
1779 5625 1983 5680 deliba-

377 5724 454 5782 bo
471 5722 716 5795 qumdam
741 5722 915 5794 capita
933 5719 1216 5778 Minuciani
1260 5720 1447 5785 libelli,
1479 5728 1535 5773 ut
1561 5719 1814 5775 lectorem
1844 5732 1986 5789 pra:-

393 5833 676 5889 moneam.

2058 4707 2302 4775 rejicere,
2330 4702 2455 4755 dum
2479 4694 2758 4762 SCOpulttm
2803 4709 2985 4758 llltliili,
3028 4707 3183 4761 quem
3215 4692 3494 4747 iuuninerc
3521 4689 3655 4745 alio-

2062 4801 2149 4871 qui
2179 4805 2346 4870 putat,
2370 4792 2481 4847 vult
2507 4788 2759 4859 effugere.
2810 4786 2966 4854 Atqui
3001 4798 3123 4838 tunc
3152 4786 3201 4838 in
3224 4785 3446 4838 alterum
3477 4785 3653 4837 incuro

2062 4894 2153 4957 rit,
2182 4904 2341 4961 quem
2384 4901 2490 4942 non
2520 4881 2695 4935 minus
2722 4886 2812 4931 aut
2855 4875 3109 4930 Minucius
3154 4880 3245 4930 aut
3282 4876 3549 4929 Arnobius
3574 4891 3659 4930 re-

2069 4982 2386 5041 fortnitlasse
2446 4976 2675 5031 videtur.
2737 4968 2978 5023 Tandem
3031 4984 3160 5022 vero
3213 4967 3541 5039 AuguStinus
3600 4967 3656 5022 in

2067 5082 2253 5134 eadem
2281 5074 2453 5130 Africa
2477 5072 2662 5126 volens
2685 5064 2846 5120 veluti
2880 5065 3204 5137 persolvere,
3236 5062 3375 5134 quod
3400 5061 3658 5117 Μιηυοίυε

2071 5172 2337 5245 pollicitus
2368 5183 2486 5224 esse
2512 5165 2823 5231 dicebatur;
2858 5174 2932 5230 et,
2963 5159 3103 5232 quod
3133 5159 3218 5214 hic
3257 5167 3515 5229 praestare
3545 5155 3659 5212 for-

2157 5378 2237 5447 (l)
2265 5373 2609 5443 Transposita
2629 5380 2684 5447 et
2711 5367 2931 5447 confusa
2951 5366 3225 5447 voeabula.
3251 5363 3313 5447 C2
3348 5366 3491 5447 enim
3537 5363 3663 5418 Vela

2080 5435 2232 5513 icius;
2261 5435 2496 5510 senator,
2522 5455 2604 5499 est
2632 5443 2721 5496 ille
2755 5441 3063 5513 Epicureus,
3094 5438 3181 5491 tib.
3212 5454 3247 5492 ι.
3266 5438 3341 5513 _de
3368 5435 3515 5513 Orat.
3546 5452 3663 5513 cap.

2081 5540 2157 5581 vt.
2208 5508 2295 5590 qui
2341 5508 2491 5579 inde,
2530 5517 2597 5590 ab
2644 5528 2733 5590 νιιι
2774 5515 2948 5581 capite
2995 5510 3059 5590 ad
3107 5525 3218 5590 itm.
3266 5508 3667 5590 Providentiam

2084 5581 2394 5664 impugnat:
2446 5586 2620 5664 cui
2660 5586 2835 5664 Culta,
2872 5583 3278 5664 .Acad‘etnictls,‘
3308 5581 3595 5664 respondet
3640 5596 3670 5633 tt

2087 5652 2208 5738 cap.
2235 5652 2337 5720 illo
2363 5677 2454 5718 ιιι
2482 5659 2549 5715 ad
2582 5658 2742 5713 finem
2766 5654 2905 5712 libri.
2965 5653 3116 5709 Adde
3143 5652 3539 5797 (ιὲἃῖζὲῃιιιπι
3573 5666 3632 5709 ιι.

3222 5739 3430 5779 ΙΧΠΝΕΒ.
3454 5746 3457 5766 ε
