3988 6310
393 275 503 334 207

1531 270 1621 327 DE
1659 266 1917 326 MlNUClI
1956 261 2222 324 FELICIS
2261 263 2563 325 OCTAVIO

3587 269 3701 328 208

391 406 541 451 tasse
570 391 659 448 vix
687 390 988 463 potuisset,
1035 391 1302 447 cumulate
1341 386 1647 458 dependere
1674 404 1687 441 :
1733 385 1998 440 subtiliter
2024 381 2076 445 Α
2103 397 2265 437 unum
2289 391 2343 437 et
2373 379 2723 452 singularem,
2778 393 2899 435 cum
2928 377 3137 436 Numen
3162 379 3376 436 invocat
3403 399 3416 436 :
3449 380 3609 438 siculi
3639 393 3698 440 et

395 485 653 558 exposuit
692 485 745 540 in
791 484 892 539 hac
935 484 1230 555 quaestione
1274 481 1508 537 medium
1548 477 1844 549 quidpiam,
1887 489 1993 545 quo

395 579 646 636 satisﬁeri
677 591 835 648 posse
860 575 1119 647 judicavit
1139 575 1349 646 utrique
1371 571 1692 628 difficultati.
1744 569 1997 625 Sciebant

397 683 454 728 et
503 669 769 726 Minucius
815 679 870 726 et
914 668 1184 725 Arnobius
1231 682 1476 738 quamam
1506 665 1633 720 olim
1666 663 1852 718 fuisset
1883 661 1996 717 dis-

393 763 577 818 sensio
620 761 1014 834 disputatioque
1053 760 1195 816 inter
1224 759 1587 832 Chrysippum
1619 767 1673 812 et
1701 755 1991 812 Diodorum

391 859 501 926 περὶ
553 859 757 911 δυνατῶν
809 857 1224 924 καὶείπαρμὶνης,
1269 852 1385 907 sive
1425 851 1492 907 de
1543 850 1698 906 Fato.
1756 848 1890 904 Nam
1941 856 1996 904 et

395 964 496 1004 nos
522 963 587 1004 ex
619 948 880 1004 Cicerone
908 955 1067 1018 atque
1096 943 1383 1002 Plutarcho
1412 945 1555 1000 illam
1588 951 1877 1014 utcumque
1901 956 1993 997 co-

389 1041 722 1112 gnoscimus.
793 1039 897 1095 Sed
943 1053 1010 1093 ue
1059 1039 1111 1094 in
1161 1037 1322 1108 hujus
1375 1037 1590 1107 quidem
1638 1033 1906 1105 judicibus
1936 1042 1991 1090 et

394 1133 615 1189 arbitris
647 1132 816 1187 nostri
843 1131 1132 1203 quidquam
1160 1129 1654 1203 deprehendebant,
1705 1126 1846 1198 quod
1876 1142 1993 1182 om-

381 1225 512 1280 nino
560 1233 944 1294 sequerentur.
1011 1223 1196 1294 Itaque
1248 1221 1502 1292 quamdiu
1555 1235 1664 1275 non
1717 1217 1989 1290 liquebat,

390 1317 612 1387 amplius
652 1315 1005 1387 pronuntiare
1056 1330 1217 1386 quain
1253 1324 1453 1371 temere
1501 1311 1646 1369 aliud
1695 1311 1990 1382 statimque

389 1406 617 1463 delinire
665 1406 990 1462 maluerunt.

466 1499 649 1556 Redeo
673 1499 741 1555 ad
767 1497 1061 1555 Caecilium.
1112 1499 1160 1554 Is
1185 1513 1404 1554 suorum
1451 1497 1728 1553 numinum
1759 1495 1992 1566 antiqui-

396 1601 582 1657 tatem,
616 1591 926 1662 passimque
971 1602 1241 1661 receptam
1285 1588 1680 1656 auctoritatem,
1730 1599 1992 1659 quantum

392 1694 592 1754 potest,
636 1694 837 1740 tuetur.
892 1684 1322 1741 Christianorum
1368 1685 1532 1740 Deum
1572 1699 1756 1739 verum
1794 1692 1850 1738 et
1876 1682 1992 1736 uni-

2097 473 2406 532 Lactantius
2443 474 2534 529 lib.
2579 490 2639 540 ιι,
2677 489 2796 544 cap.
2857 475 2922 538 I,
2962 475 3036 529 ait
3075 475 3346 542 ethnicos,
3387 491 3509 532 cum
3545 477 3698 548 jura-

2096 578 2236 635 rent,
2268 567 2436 624 Deum
2463 570 2658 638 potius,
2691 582 2849 638 quam
2877 565 3058 622 Jovem
3087 569 3412 626 nominasse.
3457 571 3512 625 In
3554 571 3700 626 anti-

2095 677 2198 732 qua
2230 661 2454 716 formula
2490 661 2842 732 jnrisjuraudi
2885 660 3042 717 Rom.
3076 664 3380 720 nominatur
3407 664 3693 738 Diespiter.

2096 753 2202 810 Sed
2230 753 2438 820 Cicero,
2470 755 2563 810 lib.
2589 771 2661 811 vn
2698 755 2870 826 Epist.
2905 756 2977 810 ad
3004 755 3236 825 Trebat.,
3268 758 3422 827 dixit,
3463 779 3480 811 ι
3509 761 3697 830 jurare

2095 849 2282 906 Jovem
2315 851 2567 924 lapidem.
2615 870 2636 904 ι
2671 853 2826 924 Saepe
2853 853 3014 908 etiam
3043 852 3192 910 Jovis
3220 856 3532 913 meminisse
3565 859 3694 915 olim

2091 943 2336 1014 jurantes
2374 955 2606 1012 constat,
2655 957 2706 1002 et
2752 947 2888 1018 apud
2919 947 3136 1006 Crtecos
3163 958 3276 1011 Ζεὺς
3300 957 3457 1023 ὅρκιος
3481 959 3562 1008 est
3600 967 3696 1023 ap-

2099 1035 2343 1106 pellatus.
2377 1037 2562 1092 Mirum
2594 1053 2744 1107 vero,
2783 1040 2925 1110 quod
2954 1040 3208 1098 Caecilius
3235 1045 3514 1114 gloriatur,
3544 1045 3696 1117 igno-

2101 1127 2168 1183 tis
2196 1129 2358 1184 ctiam
2385 1131 2695 1187 numinibus
2721 1131 2993 1190 Romanos
3021 1151 3142 1191 aras
3172 1139 3522 1194 exstruxisse.
3559 1137 3695 1196 Nam

2094 1223 2220 1294 quid
2250 1223 2349 1277 hoc
2375 1223 2517 1278 aliud
2548 1233 2652 1293 est,
2695 1240 2856 1296 quam
2893 1242 3134 1285 errorem
3180 1228 3464 1286 conﬁteri?
3510 1231 3694 1287 Talem

2098 1329 2247 1370 aram
2280 1315 2474 1371 Paulus
2518 1317 2746 1374 Athenis
2782 1319 2981 1375 vidisse
3015 1334 3076 1376 se
3116 1321 3209 1389 ait,
3247 1331 3302 1377 et
3341 1338 3407 1377 ex
3437 1337 3501 1378 ea
3535 1323 3697 1382 sumit

2097 1420 2472 1481 argumentum
2505 1411 2889 1469 convincenda:
2929 1412 3088 1484 hujus
3126 1415 3459 1486 ignorantiae,
3499 1417 3699 1475 docen-

2100 1501 2400 1574 dorumque
2429 1504 2856 1561 Atheniensium.
2888 1505 3070 1577 Neque
3097 1509 3148 1563 in
3175 1509 3349 1565 Attica
3378 1510 3558 1578 modo,
3599 1510 3697 1568 sed

2094 1596 2384 1653 etinElide
2413 1598 2578 1654 fuisse
2605 1601 2813 1656 arasita
2833 1601 3139 1674 inscriptas,
3157 1607 3310 1661 testis
3338 1615 3420 1662 est
3455 1606 3536 1680 (1)
3561 1607 3698 1664 Pau-

2093 1693 2291 1746 sanias.
2317 1691 2386 1746 Et
2413 1692 2639 1748 fortasse
2663 1704 2845 1763 postea
2872 1694 3144 1764 Octavius,
3173 1712 3294 1752 cum
3333 1698 3532 1756 docere
3580 1700 3697 1758 C(2-

390 1791 514 1831 cum
559 1777 824 1846 exagitat;
863 1785 918 1830 ει
944 1792 1040 1832 eos
1083 1776 1285 1832 interea
1335 1785 1604 1846 tamquam
1656 1783 1822 1836 ἀθέους
1863 1789 1990 1845 pI‘O-
2021 1782 2069 1844 B
2097 1786 2278 1841 cilium
2309 1787 2558 1853 instituit,
2590 1788 2739 1844 l’auli
2769 1791 3019 1861 exemplo
3047 1790 3171 1847 inde
3201 1794 3414 1863 repetiit
3454 1810 3566 1851 suae
3606 1811 3695 1853 ca-

391 1869 606 1924 scindit.
675 1869 934 1925 Octavius
981 1869 1245 1925 idolorum
1312 1870 1541 1924 fabulam
1593 1878 1647 1924 et
1701 1870 1990 1924 vanitatem

390 1963 536 2018 salse
566 1960 818 2026 traducit,
851 1962 1042 2017 iisdem
1073 1963 1232 2018 etiam
1277 1962 1456 2018 verbis
1508 1976 1634 2016 usus
1661 1961 1853 2032 quibus
1883 1961 1988 2033 Cy—

385 2055 606 2122 prianus
655 2055 706 2108 in
753 2053 944 2109 eodem
1010 2064 1327 2125 argumento
1378 2056 1563 2110 utitur.
1633 2053 1816 2126 Neque
1861 2069 1990 2110 vero

385 2143 619 2199 difﬁcilis
654 2145 750 2200 fuit
781 2146 1150 2214 reprehensio,
1193 2163 1314 2202 cum
1367 2146 1583 2217 quidem
1611 2157 1665 2201 et
1709 2148 1876 2216 ipsius
1900 2147 1988 2202 Ci-

384 2239 598 2293 ceronis
620 2238 741 2294 libri
772 2239 839 2294 de
865 2237 1060 2293 Natura
1091 2239 1320 2295 Deorum
1350 2239 1512 2295 veluti
1545 2238 1985 2310 suﬁ‘ragarentur.

381 2330 516 2386 Nam
537 2342 592 2386 et
619 2332 914 2398 Arnobius,
947 2331 1042 2387 lib.
1075 2348 1156 2396 ιιι,
1178 2343 1299 2403 post
1327 2333 1674 2403 principium,
1704 2333 1856 2388 testis
1880 2342 1982 2401 est,

379 2433 662 2495 propterea
702 2424 960 2496 quosdam
993 2424 1420 2480 Chrisﬁanorum
1464 2425 1647 2480 hostes
1695 2423 1985 2495 aliquando

385 2534 404 2568 ι
447 2517 780 2585 mussitasse,
809 2517 973 2573 libros
1002 2517 1119 2573 illos
1137 2515 1289 2587 jussu
1316 2528 1535 2572 senatus
1564 2515 1859 2572 abolendos
1897 2527 1984 2571 at-

375 2626 479 2680 que
508 2611 931 2667 concremandos
961 2625 1101 2666 esse.
1142 2629 1162 2664 ι
1213 2610 1392 2677 Quid?
1439 2626 1527 2666 res
1575 2613 1710 2681 ipsa,
1743 2627 1862 2681 qua:
1885 2611 1982 2667 abs

373 2704 486 2758 suis
507 2720 719 2774 quoque
747 2703 1046 2760 cultoribus
1069 2712 1154 2759 est
1177 2704 1331 2758 irrisa
1361 2703 1532 2774 (nulla
1549 2704 1694 2758 enim
1726 2718 1980 2775 umquam

371 2797 588 2852 Stultior
612 2805 773 2866 atque
794 2795 1023 2866 ineptior
1047 2794 1228 2850 fabula
1253 2795 1412 2851 ullius
1433 2796 1828 2866 supersﬁtionis
1855 2795 1980 2866 fuit)

377 2888 519 2944 ultro
548 2903 668 2943 sese
699 2886 1000 2943 refellebat.
1042 2885 1148 2942 Sed
1179 2895 1234 2942 et
1253 2886 1393 2957 quod
1425 2886 1528 2941 huc
1551 2887 1871 2957 pertinebat,
1898 2886 1981 2942 fa-

370 2979 473 3036 cile
489 2978 801 3035 describere
828 2978 996 3048 potuit
1017 2978 1278 3034 Minucius
1295 2994 1362 3033 ex
1382 2976 1974 3045 TertullianoJustino,

376 3074 743 3146 Athenagora,
772 3071 1076 3143 Theophila
1103 3089 1114 3126 :
1149 3083 1206 3127 ut
1233 3080 1286 3128 et
1312 3081 1495 3143 postea
1525 3085 1590 3126 ex
1621 3071 1851 3126 Minucio
1873 3073 1974 3126 Ar-

2099 1880 2379 1936 lecheseos
2402 1880 2468 1936 de
2493 1883 2604 1936 veri
2637 1882 2729 1937 Dei
2760 1884 3068 1953 cognitione
3097 1886 3442 1958 principium.

2164 1973 2298 2028 Illud
2327 1989 2542 2045 quoque
2574 1977 2766 2031 mirum
2797 1975 2964 2033 videri
3011 1989 3214 2048 posset.
3258 1981 3535 2039 Catcilium
3573 1983 3693 2055 glo-

2093 2063 2243 2131 riari,
2281 2083 2300 2116 l
2336 2080 2456 2135 qua:
2482 2066 2622 2137 apud
2653 2067 2790 2124 alios
2831 2070 3057 2141 populos
3097 2072 3302 2142 singula
3346 2075 3562 2130 numina
3603 2090 3695 2132 co-

2093 2155 2297 2222 luntur,
2348 2156 2594 2214 universa
2644 2159 2830 2215 Romae
2877 2162 2976 2217 coli
3022 2184 3034 2218 :
3089 2183 3108 2215 ι
3147 2163 3290 2220 Nihil
3336 2175 3395 2221 ut
3436 2168 3688 2237 supersit,

2090 2262 2250 2318 quam
2311 2258 2370 2304 ut
2405 2267 2560 2305 suum
2620 2251 2896 2310 Pantheon
2947 2255 3180 2326 gloriose
3235 2270 3490 2315 ostentet.
3531 2261 3693 2332 Atqui

2090 2340 2336 2396 obstabat
2359 2343 2439 2398 lex
2459 2343 2696 2410 Romuli,
2715 2361 2834 2415 qua:
2853 2349 3164 2418 peregrinos
3179 2350 3310 2406 deos
3330 2351 3437 2406 coli
3454 2351 3688 2408 vetabat.

2088 2430 2345 2490 Obstabat
2366 2434 2640 2494 Ciceronis
2657 2441 2943 2507 sententia,
2967 2443 3056 2511 qui
3075 2441 3444 2501 confusionem
3469 2445 3688 2517 religio-

2087 2540 2213 2580 num
2245 2526 2440 2597 alioqui
2473 2529 2584 2584 fore
2615 2532 2939 2600 pronuntiat.
2977 2533 3082 2590 Sed
3115 2535 3424 2606 peregrinos
3460 2536 3688 2596 fortasse

2084 2631 2191 2673 non
2215 2618 2546 2688 judicabant,
2568 2624 2691 2693 quia
2707 2627 2818 2693 jam
2843 2635 2997 2681 erant
3020 2627 3230 2696 publice
3245 2630 3422 2693 acciti,
3444 2641 3499 2686 et
3521 2630 3686 2688 veluti

2083 2710 2297 2768 civitate
2322 2712 2524 2768 donati.
2556 2713 2646 2772 Sic
2674 2718 2800 2772 urbs
2830 2719 2940 2782 illa,
2974 2735 3092 2790 quae
3120 2721 3188 2777 ab
3212 2721 3474 2779 Athenaeo
3497 2723 3612 2797 (lib.
3639 2741 3682 2796 ι,

2083 2818 2200 2875 cap.
2227 2804 2339 2877 17.)
2366 2807 2501 2863 scite
2535 2807 2676 2866 dicta
2705 2819 2822 2866 erat
2849 2819 3049 2881 ἄτιτομῆ
3085 2829 3169 2877 τῆς
3209 2820 3499 2884 οἰκουμένης,
3541 2818 3685 2875 salse

2080 2896 2176 2953 abs
2197 2897 2498 2970 TheOphilo
2528 2914 2714 2959 nostro
2744 2914 2869 2961 ante
2898 2905 3108 2963 Minucii
3149 2919 3381 2975 aetatem,
3414 2911 3683 2981 appellata

2077 3002 2160 3047 est
2187 3000 2397 3062 ἄπιτομῆ
2417 3011 2502 3059 τῆς
2529 3001 2921 3068 δεισιδαιμονίας.
2954 3000 3089 3057 Nam
3119 3012 3174 3058 et
3203 3003 3562 3061 Tertullianus
3589 3006 3681 3079 (de

2078 3083 2420 3156 Spectaculis,
2452 3105 2499 3143 c.
2530 3091 2586 3163 6)
2611 3091 2840 3162 dixerat,
2870 3112 2889 3146 ι
2927 3095 2977 3150 ἱη
3007 3110 3069 3151 ea
3097 3098 3408 3155 consedisse
3437 3115 3670 3157 conven-

368 3166 594 3229 nobius,
632 3165 970 3228 Lactantius,
1019 3164 1374 3229 Ambrosius,
1425 3164 1800 3234 Augustinum,
1844 3179 1967 3219 cum

2079 3186 2188 3233 tum
2211 3182 2623 3247 daemoniorum,
2659 3203 2673 3238 i
2713 3191 3028 3259 curiamque
3047 3187 3293 3246 deorum.
3326 3191 3533 3249 Interea
3564 3208 3674 3253 non

366 3258 612 3314 eamdem
657 3274 873 3314 causam
915 3266 1159 3356 agerent.
1220 3257 1405 3356 Certe
1419 3256 1582 3356 quod
1609 3257 1863 3314 Octavius
1903 3257 1973 3313 de
2078 3280 2282 3328 [emere
2308 3272 2526 3345 adjecit,
2557 3276 2665 3333 illic
2694 3278 2906 3348 quidvis
2925 3256 3122 3348 colere,
3149 3281 3238 3352 jus
3263 3281 3449 3353 fuisse,
3481 3295 3674 3356 pncter

367 3352 600 3410 Saturno
630 3362 834 3431 narrat,
863 3351 1175 3407 Lactantius
1202 3353 1373 3421 ipsum
1389 3350 1677 3448 hii-nudum
1696 3361 1969 3448 auctorem
2077 3363 2240 3418 De“...
2273 3380 2484 3422 verum,
2511 3368 2710 3440 Estque
2741 3371 2978 3441 profeclo
3000 3350 3369 3440 ,ηρωδι-ειιίιυ,
3561 3381 3674 3436 λιι.

364 3443 591 3500 laudans
630 3445 843 3515 repetit,
868 3444 1132 3515 latiusque
1162 3444 1381 3513 exponit
1411 3443 1504 3498 lib.
1537 3459 1577 3510 I,
1609 3459 1728 3513 cap.
1760 3445 1849 3499 Il.
1898 3441 1967 3499 Ut

2076 3457 2311 3528 gustinus
2357 3459 2452 3516 lib.
2480 3475 2496 3514 ι
2533 3462 2597 3517 de
2621 3462 2882 3520 Consonat
2916 3464 3378 3540 Evangelirtarum,
3412 3441 3540 3542 cap.
3573 3473 3666 3541 18,

361 3547 542 3593 autem
589 3538 841 3593 Octavius
881 3547 1043 3593 totam
1075 3537 1305 3592 fabulam
1338 3537 1591 3592 Romanae
1630 3536 1966 3607 superstitio-

363 3618 446 3685 ui’s
474 3630 616 3684 salse
641 3630 936 3684 subsannat
963 3647 976 3683 :
1006 3630 1083 3684 sic
1111 3639 1162 3682 et
1193 3629 1429 3698 ipsorum
1461 3627 1820 3693 oraculorum,
1847 3629 1965 3700 qui-

358 3723 464 3778 bus
514 3732 795 3792 tantopere
839 3722 1206 3793 gloriabantur
1250 3721 1471 3789 ethnici,
1519 3723 1807 3777 vanitatem
1855 3722 1966 3778 ele-

357 3824 546 3885 ganter
569 3813 808 3870 ostendit
840 3830 852 3866 :
879 3827 942 3868 ac
967 3822 1093 3868 ante
1121 3827 1270 3867 suam
1299 3811 1512 3882 quidem
1535 3823 1747 3867 aetatem
1769 3828 1963 3869 oracu-

355 3906 466 3962 lttm
495 3905 754 3976 Apollinis
778 3905 952 3977 Pythii
975 3905 1199 3961 desiisse
1231 3906 1494 3977 significat
1525 3924 1538 3959 :
1571 3906 1726 3962 sicuti
1758 3919 1809 3963 et
1835 3907 1960 3964 Plu-

357 3998 578 4052 tarchus
605 3998 798 4052 fatetur
828 3997 1156 4067 temporibus
1189 3997 1408 4052 Adriani
1436 3998 1770 4068 imperatoris
1801 4002 1959 4072 plane

355 4091 619 4147 defecisse
643 4109 654 4144 :
686 4091 775 4147 Sic
802 4091 944 4146 enim
976 4105 1098 4146 cum
1126 4090 1443 4145 Christiana:
1467 4091 1738 4163 religionis
1759 4095 1954 4152 veritas

358 4183 733 4247 invalesceret,
757 4197 978 4238 necesse
1006 4183 1104 4238 fuit
1155 4198 1478 4239 evanescere
1509 4186 1859 4254 imposturam
1891 4188 1955 4243 il-

349 4273 524 4330 lortun
550 4293 644 4333 τῶν
675 4287 986 4348 χρηστηρίων.
1019 4276 1188 4332 Porro
1212 4276 1464 4332 Octavius
1508 4278 1575 4333 de
1619 4277 1952 4338 daemonibus

353 4380 407 4426 et
437 4385 624 4427 eorum
653 4411 666 4438 ,
722 4386 844 4426 cum
872 4376 968 4425 abs
1004 4370 1322 4427 Christianis
1351 4372 1678 4442 adjurantur,
1711 4377 1949 4447 trepida-

347 4463 497 4518 tione
542 4470 745 4527 narrat,
795 4462 935 4532 quod
957 4471 1115 4517 antea
1142 4461 1382 4518 JuStinus
1420 4472 1475 4519 et
1505 4465 1863 4525 Tertullianus
1894 4471 1946 4526 in

347 4557 584 4672 ἔρωοεί
609 4555 994 4672 etfyprianus
1032 4566 1217 4611 contra
1243 4558 1644 4664 .Demetrianum
1677 4573 1727 4617 et
1757 4573 1942 4672 postea
1967 4571 2021 4633 D
2117 4579 2363 4641 caminus
2385 4586 2721 4647 Christianos
2747 4607 2981 4663 accusat.
3030 4601 3174 4672 quod

346 4647 652 4706 Lactantius
672 4650 763 4705 lib.
793 4659 983 4720 quarto
1003 4689 1018 4714 ,
1056 4663 1175 4718 cap.
1205 4649 1464 4720 vigesimo
1481 4653 1728 4724 septimo.
1761 4657 1944 4730 Itaque

343 4742 504 4798 facile
532 4742 729 4798 refellit
767 4742 940 4810 ipsum
982 4757 1194 4811 quoque
1223 4740 1529 4811 Ulpianum.
1571 4746 1936 4819 Chl'lSliallOS,

343 4843 402 4889 ut
425 4835 765 4903 impostores,
795 4831 972 4902 hujus,
998 4843 1055 4887 ut
1083 4844 1292 4900 vocant,
1320 4838 1725 4898 exorcisationis
1753 4859 1934 4911 causa,

341 4927 654 4984 irridentem
683 4927 824 4996 Lege
861 4942 898 4980 ι.
928 4926 992 4980 de
1023 4925 1301 4981 Extruet-ri.
1353 4928 1552 5000 Cognil.
1591 4931 1780 4990 Inancs
1829 4953 1935 4992 non

343 5019 510 5075 fuisse
539 5021 871 5076 exorcismos
912 5019 1296 5088 posterioribus
1333 5036 1541 5091 quoque
1585 5028 1934 5099 temporibus,

340 5124 396 5168 et
428 5112 592 5168 fuiSse
635 5112 942 5182 frequentes
969 5111 1024 5166 in
1053 5111 1310 5177 Ecclesia,
1350 5115 1567 5188 intelligi
1599 5135 1809 5191 quoque
1841 5138 1936 5192 po-

337 5214 441 5261 test
482 5221 546 5259 ex
572 5204 764 5274 Optato
792 5204 921 5259 Afro
949 5212 1004 5259 et
1041 5205 1358 5274 Augustino,
1390 5210 1743 5280 scriptoribus
1769 5228 1799 5268 a
1829 5214 1932 5269 Mi-

335 5298 494 5352 nucio
525 5297 744 5351 minime
767 5296 978 5351 alienis.

401 5389 506 5444 Sed
538 5398 591 5444 et
620 5388 690 5444 de
720 5387 830 5442 Deo
859 5388 1014 5442 unico
1054 5389 1215 5444 inulta
1247 5390 1501 5448 Octavius
1533 5394 1782 5462 inculcat,
1817 5415 1924 5456 non

331 5481 614 5537 dissimilia
645 5482 732 5548 iis,
770 5496 888 5550 qua:
917 5479 1154 5536 Justinus
1199 5496 1303 5555 περὶ
1331 5493 1553 5558 Μοναρχ.
1594 5499 1646 5544 et
1672 5490 1924 5551 Clemens

327 5575 727 5632 Alexandrinus
753 5575 1101 5646 collegerant.
1135 5576 1266 5632 Nam
1309 5590 1362 5634 et
1401 5590 1686 5654 utrumque
1727 5586 1922 5658 legisse

323 5679 509 5725 noster
538 5667 730 5740 potuit.
769 5667 952 5738 Neque
983 5682 1112 5722 vero
1151 5671 1407 5739 praeterit,
1451 5674 1592 5745 quod
1618 5674 1917 5749 Cyprianus

319 5772 491 5838 urget,
507 5760 682 5836 ipsum
699 5776 910 5835 quoque
929 5761 1116 5832 vulgus
1135 5765 1448 5824 naturaliter
1460 5770 1732 5840 appellare
1745 5773 1914 5836 Deum

2068 3551 2276 3615 scribit,
2304 3568 2403 3609 cur
2421 3554 2572 3610 illum
2595 3573 2758 3613 unum
2780 3574 2885 3615 non
2906 3561 3169 3618 coluerint
3192 3562 3438 3629 Romani,
3458 3565 3546 3636 qui
3569 3580 3669 3622 co-

2069 3643 2249 3700 lebant
2277 3663 2464 3704 omnes
2490 3650 2645 3706 alios.
2682 3653 2838 3721 Quia,
2868 3654 3060 3725 inquit,
3095 3657 3261 3712 solum
3288 3677 3342 3715 se
3364 3662 3466 3716 coli
3494 3663 3668 3719 volue-

2064 3737 2150 3804 ril,
2193 3738 2310 3794 illos
2351 3751 2518 3796 autem
2565 3743 2685 3798 deos
2727 3745 2978 3814 Gentium,
3012 3765 3139 3818 quos
3166 3751 3250 3805 iui
3266 3753 3380 3823 jam
3409 3754 3664 3825 colebant,

2064 3831 2164 3885 coli
2207 3834 2542 3903 prohibuerit.
2594 3835 2727 3893 Cum
2759 3850 2936 3896 autem
2969 3841 3038 3897 de
3065 3841 3183 3913 ipso
3207 3844 3424 3903 Christo
3451 3864 3664 3919 quaere-

2062 3933 2231 3991 retur,
2263 3925 2364 3980 alia
2395 3927 2557 3983 etiam
2584 3945 2744 3988 causa
2778 3933 2896 4000 fuit,
2928 3951 3028 3991 cur
3061 3947 3281 3994 senatus
3319 3941 3657 4002 reclamaret.

2064 4014 2253 4082 Porro,
2288 4027 2342 4073 ut
2373 4021 2701 4092 Augustinus
2723 4025 2776 4080 in
2807 4041 2874 4081 eo
2901 4027 3040 4085 libro
3065 4031 3231 4088 multa
3261 4032 3512 4103 inculcat,
3535 4055 3661 4110 qua:

2059 4125 2126 4166 ex
2166 4126 2350 4171 nostro
2393 4117 2617 4174 Octavio
2663 4125 2888 4193 repetita
2939 4127 3104 4186 videri
3147 4146 3399 4203 possent;
3446 4137 3524 4194 sic
3579 4147 3658 4204 et,

2057 4207 2197 4275 quod
2242 4209 2518 4305 eleganter
2562 4217 2852 4286 respondet
2892 4221 2960 4277 de
3004 4226 3213 4284 excidio
3253 4229 3656 4305 Hierosolymi—

2057 4304 2202 4366 tano,
2235 4300 2440 4358 Octavii
2477 4309 2544 4361 de
2580 4308 2769 4366 eadem
2809 4328 2868 4368 re
2908 4321 3314 4386 resrionsioncm
3347 4300 3651 4383 conﬁrmat.

2053 4390 2157 4447 Sed
2198 4394 2403 4467 singula
2445 4415 2585 4457 nunc
2625 4402 2935 4465 describere
2963 4411 3092 4467 nihil
3123 4414 3333 4472 attinet.
3368 4417 3553 4478 Redeo
3580 4421 3651 4480 ad

2050 4483 2408 4545 Minucianum
2439 4495 2783 4554 auditorium.

3228 4621 3248 4656 ι
3281 4607 3479 4663 temnla
3509 4618 3648 4663 tam-

2120 4621 2363 4641 uwuuua
2386 4621 2721 4647 uunauauua
2747 4621 2981 4663 accusat,
3030 4621 3174 4672 quoa
3228 4621 3248 4656 ί
3281 4621 3479 4678 templa
3509 4621 3648 4666 tam-

2047 4688 2206 4744 quam
2231 4677 2384 4734 busta
2403 4680 2718 4750 despiciant.
2735 4705 2754 4739 ι
2780 4686 3000 4745 Fatetur
3015 4693 3286 4752 Octavius.
3306 4697 3438 4753 Nam
3451 4701 3648 4758 etCle-

2045 4781 2168 4822 men
2186 4787 2195 4817 ε
2209 4769 2604 4831 Alexandrinus
2621 4777 2674 4833 in
2689 4802 3018 4852 πρθτρεπτικῶ
3030 4795 3182 4842 antea
3204 4790 3540 4860 probaverat,
3551 4795 3642 4851 illa

2041 4873 2163 4914 esse
2184 4861 2265 4934 (9.)
2285 4867 2549 4936 sepulcra.
2577 4869 2969 4938 Scd._Arnobius
2998 4878 3090 4934 lib.
3116 4897 3168 4934 vr
3192 4899 3211 4934 ς
3243 4886 3442 4955 templa
3469 4887 3643 4947 bustis

2043 4955 2311 5052 superlata
2342 4976 2362 5008 ι
2391 4961 2553 5017 fuisse
2581 4965 2675 5018 ait.
2708 4965 2972 5025 Caeterum
2999 4971 3293 5031 Christiani
3318 4979 3421 5034 alia
3451 4994 3641 5052 postea

2040 5046 2248 5140 ratione
2291 5064 2358 5104 ex
2406 5067 2623 5110 suorum
2675 5072 2971 5131 martyrum
3016 5068 3299 5140 sepulcris,
3322 5046 3639 5134 non-modo

2038 5139 2257 5239 teittpla,
2286 5143 2380 5198 sed
2408 5155 2463 5201 et
2495 5147 2683 5205 altaria
2722 5152 3038 5212 effecerunt.
3079 5139 3415 5232 Nequeinon
3463 5171 3642 5239 potuit

2033 5225 2296 5289 Minucius
2323 5250 2386 5292 ea
2416 5239 2632 5298 vidisse.
2666 5242 2770 5301 Sed
2804 5247 2875 5303 ita
2907 5260 2990 5305 est
3019 5225 3276 5321 profecto.
3323 5259 3436 5315 Etsi
3463 5225 3637 5332 inajo;

2033 5337 2121 5425 res
2150 5329 2318 5384 nostri
2351 5332 2626 5404 religionis
2675 5340 2892 5397 nomine
2936 5345 3102 5400 multa
3144 5347 3384 5407 facerent
3424 5353 3475 5408 in
3501 5329 3635 5425 spe-

2026 5414 2163 5473 ciem
2213 5419 2407 5480 similia
2455 5425 2542 5496 iis,
2585 5445 2706 5500 qua:
2744 5431 2814 5488 ab
2859 5433 3089 5493 ethnicis
3129 5439 3327 5499 ﬁebant
3363 5462 3380 5499 :
3424 5414 3627 5517 tamen,

2101 5639 2181 5785 (ιιξ
2213 5642 2500 5727 Pausanias
2522 5648 2692 5707 Eliac.
2717 5672 2760 5738 ι,
2784 5670 2902 5728 cap.
2923 5661 3008 5716 M.
3038 5668 3283 5734 ἀγνώστων
3311 5675 3622 5740 θεῶνβωμές,

2101 5713 2152 5784 [2
2204 5715 2453 5774 Clemens
2468 5719 2788 5785 Prolrenltco
2818 5732 2886 5782 ad
2909 5731 3111 5785 Gentes.
3128 5751 3181 5785 n-
3212 5738 3282 5785 58
3335 5743 3590 5785 δειινιοητη

2094 5713 2453 5820 (ἐξιςξθιιιθιιδ
2468 5713 2788 5817 Prolrejilico
2818 5713 2886 5782 ald
2909 5713 3181 5806 Gentes,

2016 5793 2109 5837 τῶν
2135 5789 2337 5844 εἰδώλων
2361 5797 2422 5846 τὰ
2443 5804 2630 5866 τεμένη,
2657 5804 2832 5871 τάφους
2857 5812 2990 5866 τινὰς
3017 5812 3045 5869 ἦ
3075 5789 3315 5883 δὲἓμωτιίρ
3329 5835 3396 5867 ια.

3620 5980 3644 6007 ι
3723 6003 3729 6006 .
