3950 6310
388 289 491 351 2H
1519 285 1611 344 DE
1647 284 1909 344 MINUCII
1948 281 2217 342 FELICIS
2255 283 2554 343 OCTAViO
3572 283 3672 350 212

396 411 554 468 sariis
575 422 705 466 vere
721 406 828 464 dici
855 419 1017 478 posse
1038 449 1054 474 ,
1099 403 1494 460 recriminando
1523 404 1713 472 prohat
1733 447 1748 472 ,
1777 410 1998 458 secutus
2015 392 2075 462 Α
2099 415 2222 455 cum
2272 409 2328 456 et
2375 402 2488 472 ipse
2512 399 2776 472 Ulpianus
2803 403 3106 474 scripserit,
3155 418 3300 474 eum,
3332 404 3422 476 qui
3451 404 3669 463 fraterna

397 521 554 562 suum
597 503 984 560 Tertullianum
1037 499 1300 576 (Apolog.
1349 511 1404 552 'c.
1449 497 1602 570 xvi).
1645 497 1734 567 qui
1767 495 1994 552 etChri—

399 603 604 657 Stianos
627 600 786 668 vulgo
807 597 980 652 dictos
1001 610 1120 652 esse
1140 593 1424 657 asinarius,
1453 604 1503 646 et
1523 593 1793 646 Christum
1819 593 1993 660 ipsum

398 695 619 750 auribus
663 693 886 748 asininis
913 702 1180 760 tamquam
1223 691 1454 758 aliquem
1497 685 1689 741 Midam
1725 687 1791 741 ab
1830 685 1996 750 impio

400 788 606 858 pictore
647 799 958 857 expressum
989 783 1154 836 fuisse
1186 793 1387 835 narrat.
1438 777 1623 834 'I'a'letn
1664 787 1841 832 autem
1866 793 1998 833 con-

401 883 579 936 fictam
612 878 844 933 fabulam
874 891 996 930 esse
1017 871 1281 945 signiﬁcat
1304 914 1317 937 ,
1358 871 1499 942 quod
1523 872 1806 924 Cornelius
1836 867 1994 923 Taci-

400 984 488 1028 tus
530 968 836 1026 mentiendo
892 967 996 1020 tale
1027 965 1299 1035 quippiam
1341 965 1408 1019 de
1451 963 1650 1018 .lndu‘is
1695 964 1993 1018 reciaa~set.

402 1066 600 1122 Verum
651 1072 706 1119 et
743 1072 867 1117 ante
896 1059 1140 1116 Tacitum
1175 1060 1358 1114 multis
1389 1059 1544 1112 annis
1575 1055 1714 1127 Apio
1762 1057 1997 1112 Alexan-

401 1161 589 1218 drinus
647 1171 888 1227 tempore
953 1156 1209 1222 Caligulae
1280 1155 1330 1208 in
1385 1154 1586 1208 Judteis
1651 1159 1998 1206 accusaverat

399 1251 682 1324 quamdam
710 1256 1026 1322 δνοὶιιτρείιν.
1091 1249 1378 1315 Caeterum,
1429 1263 1552 1302 cum
1591 1245 1858 1314 Juscphns
1891 1245 1999 1302 tale

399 1345 738 1402 mendacium
766 1345 876 1414 jam
918 1341 1224 1406 refutasset,
1277 1339 1453 1396 minus
1503 1339 1884 1410 ignoscendum
1918 1347 2002 1394 est

399 1439 604 1504 Tacito,
637 1437 727 1508 qui
757 1437 808 1491 in
838 1451 904 1491 eo
937 1443 1137 1507 perstat
1167 1454 1179 1490 :
1206 1434 1427 1490 minime
1456 1447 1586 1488 vero
1619 1433 1742 1499 illis,
1767 1433 1855 1502 qui
1888 1448 2003 1489 nia-

395 1532 499 1603 jori
553 1531 715 1585 etiam
763 1527 1094 1600 impudentia
1141 1527 1464 1582 Christianis
1496 1525 1598 1581 hoc
1629 1525 1882 1596 probrum
1915 1540 2000 1580 as-

401 1631 649 1694 pergunt.

471 1714 707 1784 Turpius
733 1723 816 1768 est
844 1713 988 1784 quod
1025 1711 1274 1768 Ctecilins
1301 1709 1490 1767 eodem
1519 1709 1723 1780 pudore
1739 1709 1996 1778 clamitat,

2097 496 2357 552 charitate
2399 496 2657 568 diligitur,
2703 499 2801 552 etsi
2850 497 3015 554 frater
3043 513 3150 554 non
3183 499 3286 566 sit,
3320 507 3462 555 recte
3506 509 3671 558 tamen

2099 588 2333 644 Fratrem
2365 591 2678 660 simpliciter
2715 593 2973 662 appellari
3019 593 3160 662 quod
3212 602 3260 648 et
3315 594 3368 648 in
3411 594 3668 667 librasju-

2097 681 2172 735 ris
2203 681 2425 736 relatum
2469 693 2551 738 est
2595 681 2659 738 L.
2693 681 3126 753 quinquagesima
3149 694 3335 738 octava
3382 684 3445 740 de
3477 683 3668 743 ered.

2099 773 2256 828 instit.
2303 776 2440 843 Quin
2491 776 2658 830 immo
2701 789 2755 833 et
2795 777 2922 832 olim
2965 779 3109 849 ipsos
3141 779 3368 843 Esszeos,
3401 789 3520 834 ante
3549 790 3672 836 tem-

2102 883 2226 937 pora
2255 867 2713 938 Christianorum,
2759 871 2830 925 ita
2881 886 3002 926 sese
3033 871 3263 928 invicem
3315 873 3672 943 compellassc,

2101 960 2257 1016 didici
2313 980 2375 1018 ex
2417 966 2647 1034 quodam
2701 963 2943 1020 Philonis
2997 965 3316 1037 fragmento,
3349 967 3490 1039 quod
3517 977 3676 1028 exstat

2101 1055 2239 1124 apud
2271 1055 2560 1112 Eusebium
2595 1062 2699 1129 περὶ
2725 1075 3120 1130 πρςπαρασχευῑ,ς
3147 1059 3264 1118 (lib.
3307 1061 3671 1133 vnt,cap.i2).

2178 1149 2498 1204 Horribilius
2529 1161 2610 1205 est
2660 1153 2910 1216 alterum,
2940 1152 3082 1224 quod
3113 1152 3486 1224 objiciebatur,
3527 1173 3547 1207 ι
3579 1155 3673 1210 cri-

2103 1256 2225 1296 men
2278 1241 2590 1298 infanticidii
2628 1264 2640 1298 :
2679 1262 2698 1296 »
2733 1247 3005 1316 cmpitqne
3049 1245 3166 1300 haec
3219 1245 3485 1301 calumnia
3536 1247 3678 1318 paulo

2104 1343 2226 1404 post
2255 1345 2493 1406 tempora
2521 1335 2762 1408 Trajani,
2789 1347 2842 1394 et
2879 1337 2946 1394 ad
2975 1337 3312 1395 Constantini
3337 1350 3543 1396 artatem
3571 1356 3678 1412 per-

2104 1426 2337 1497 duravit,
2382 1439 2434 1484 et
2463 1431 2676 1499 quidem
2703 1447 2824 1486 cum
2855 1436 3050 1506 tragica
3083 1435 3396 1506 suspicione
3420 1433 3678 1505 cujusdam

2105 1536 2274 1577 coenae
2318 1523 2622 1596 Thyestem.
2668 1526 2772 1582 Sed
2824 1525 2966 1582 u..de
3021 1528 3138 1584 haec
3176 1527 3447 1599 suspicio?
3475 1531 3550 1583 An
3570 1527 3678 1598 quia

2105 1615 2391 1670 Christiani
2422 1617 2604 1672 dicere
2648 1619 2887 1674 solerent
2931 1633 2990 1674 se
3037 1624 3177 1676 vesci
3207 1634 3436 1694 corpore
3479 1629 3531 1676 et
3567 1636 3678 1676 san-

2104 1707 2264 1777 guine
2317 1706 2566 1763 Christi?
2613 1711 2751 1765 sicut
2795 1725 2826 1766 θ
2875 1711 3092 1766 diverso
3135 1723 3320 1768 narrat
3374 1713 3679 1784 Augustinus

400 1823 496 1865 eos
527 1826 545 1860 ‹
575 1809 752 1863 coiere
772 1809 952 1862 nescio
973 1822 1090 1877 quae
1111 1805 1378 1874 pudenda.
1407 1825 1426 1857 ›
1454 1804 1640 1874 Ecquo
1662 1803 1998 1874 ruitimpnra
2027 1795 2075 1857 B
2103 1799 2360 1868 quosdam
2385 1801 2669 1872 aliquando
2696 1804 3038 1860 existimasse
3059 1805 3126 1860 ab
3154 1803 3467 1861 Christianis
3489 1803 3680 1862 adorari

399 1900 826 1956 maledicentia?
852 1900 1105 1956 Octavius
1137 1915 1248 1954 suae
1288 1899 1631 1956 verecundia:
1659 1914 1780 1954 esse
1809 1899 2005 1955 intelli-

399 1994 497 2066 git,
529 1993 580 2048 id
605 1991 828 2063 longiori
858 1994 1101 2047 oratione
1129 2008 1235 2047 non
1267 1991 1514 2048 refellere
1544 2011 1556 2046 :
1583 1994 1784 2048 interea
1815 1991 2006 2048 audire

401 2088 633 2158 cogitur,
667 2087 766 2142 alia
809 2101 915 2141 non
954 2085 1130 2141 minus
1157 2083 1420 2150 nefanda,
1467 2099 1589 2141 cum
1617 2084 1866 2140 Caecilius
1910 2085 2006 2140 de-

399 2181 658 2237 clamaret
685 2181 918 2235 nefarios
964 2196 1084 2235 esse
1121 2179 1550 2235 Christianorum
1579 2191 1752 2238 cretus
1791 2181 2004 2236 antelu-

401 2291 586 2338 canos,
631 2275 836 2330 incesto
884 2285 937 2330 et
967 2275 1260 2344 parricidio
1305 2275 1556 2344 pollutos,
1592 2293 1759 2348 prope
1785 2287 1843 2332 ut
1873 2277 2003 2332 olim

399 2376 556 2423 erant
585 2367 770 2422 Romae
795 2367 1173 2422 Bacchanalia.
1203 2367 1456 2423 Octavius
1488 2372 1608 2424 talia
1641 2371 1866 2426 crimina
1897 2387 2002 2427 non

401 2460 574 2514 Solum
605 2461 700 2514 abs
733 2463 845 2515 suis
871 2461 1114 2530 depellit,
1139 2463 1232 2516 sed
1257 2463 1421 2518 etiam
1445 2474 1720 2534 retorquet
1743 2465 1792 2517 in
1821 2465 2006 2520 adver-

398 2553 590 2605 sarios.
633 2551 803 2618 Quam
849 2553 1050 2606 incesta
1093 2565 1274 2608 essent
1307 2553 1668 2609 Romanorum
1705 2570 1856 2610 sacra
1895 2571 2002 2613 non

400 2652 476 2697 est
507 2643 768 2712 ignotum.
803 2642 932 2697 Nam
966 2655 1018 2698 et
1045 2660 1232 2699 eorum
1267 2656 1421 2716 poeta
1453 2647 1532 2716 (i)
1553 2690 1568 2715 ,
1602 2666 1620 2699 ι
1656 2647 1788 2703 Nota
1819 2647 2000 2722 Bome,

400 2736 607 2805 inquit.
640 2744 844 2792 secreta
873 2737 1010 2792 deze.
1053 2757 1071 2789 ι
1109 2739 1202 2792 Diu
1252 2740 1414 2794 etiam
1463 2739 1727 2795 humanas
1759 2741 2003 2797 victimas

400 2827 748 2884 immolarunt
797 2848 811 2860 ·
849 2831 948 2885 etsi
998 2831 1051 2884 in
1106 2830 1226 2885 aliis
1270 2833 1522 2903 gentibus
1562 2833 1718 2899 hanc,
1757 2849 1863 2888 non
1889 2835 2000 2903 jam

399 2925 522 2982 dico
551 2935 812 2989 sanctam,
862 2926 956 2981 sed
989 2928 1387 2997 sanguinariam
1429 2939 1480 2981 et
1513 2927 1831 2983 sceleratam
1878 2927 2004 2982 feri-

398 3029 562 3075 tatem
599 3018 1078 3088 reprehenderent.
1111 3019 1208 3075 Est
1245 3032 1424 3076 autem
1455 3021 1827 3086 memorabile,
1859 3021 2002 3090 quod

402 3112 722 3168 Plutarchus
748 3114 799 3168 in
823 3114 1094 3170 Problem.
1127 3124 1331 3182 narrat,
1355 3130 1450 3170 eos
1475 3115 1785 3171 obtendisse
1810 3113 1874 3168 ad
1901 3117 2000 3174 hoc

2106 1892 2354 1948 Cererem
2379 1905 2430 1949 et
2461 1895 2749 1965 Bacchum,
2792 1913 2912 1953 cum
2936 1897 3184 1953 audirent
3209 1899 3262 1952 iit
3286 1913 3470 1954 eorum
3498 1907 3680 1970 myste-

2109 1985 2202 2040 iiis
2229 1987 2358 2040 tanti
2392 1988 2502 2042 ﬁeri
2527 2003 2718 2059 panem
2738 1999 2788 2044 et
2817 1989 2997 2046 vinum
3029 2007 3045 2046 :
3071 2003 3244 2063 neque
3263 1993 3458 2062 alioqui
3483 2007 3589 2046 rem
3610 1991 3681 2046 in-

2109 2077 2427 2148 telligerent.
2459 2079 2596 2148 Quid
2632 2080 2805 2136 dicam
2829 2125 2844 2149 ,
2878 2083 3018 2152 quod
3035 2081 3367 2154 Epiphanius
3389 2084 3467 2157 (2)
3495 2093 3676 2150 narrat,

2107 2171 2375 2242 quondam
2429 2175 2733 2244 haereticos,
2774 2177 2864 2246 qui
2899 2174 3136 2233 Gnostiei
3169 2188 3223 2233 et
3265 2175 3616 2250 Cataphryges
3634 2185 3680 2236 et

2108 2261 2394 2333 Pepuziani
2426 2263 2866 2336 appellabantur,
2915 2282 2974 2322 se
3026 2283 3157 2323 vero
3202 2267 3534 2325 Christianos
3577 2283 3681 2324 esse

2106 2354 2520 2424 mentiebantur,
2547 2359 2882 2414 commisisse
2914 2359 3054 2432 quod
3080 2361 3165 2416 hic
3185 2359 3434 2417 Cazeilius
3455 2360 3680 2417 omnibus

2105 2447 2426 2505 Christianis
2451 2453 2671 2524 objicit?
2691 2451 2797 2510 Sed
2819 2470 2885 2510 an
2915 2470 3126 2526 aequum
3151 2455 3274 2522 fuit,
3305 2466 3364 2511 ut
3395 2457 3517 2511 viris
3539 2455 3675 2510 bonis

2105 2557 2390 2615 propterea
2415 2547 2780 2620 aftingerelur,
2797 2553 2938 2622 quod
2965 2553 3033 2606 ab
3063 2553 3128 2607 iis
3149 2565 3265 2608 erat
3291 2549 3678 2610 alienissimum!

2106 2637 2415 2694 Adversgirii
2442 2639 2561 2695 loco
2579 2644 2911 2711 probationis
2935 2631 3300 2701 obtendebant
3329 2645 3519 2702 famam
3537 2656 3586 2702 et
3602 2661 3678 2699 ru-

2105 2745 2336 2787 morem.
2370 2734 2474 2790 Sed
2506 2736 2652 2789 nullo
2679 2752 2890 2809 quoque
2930 2739 3052 2808 jure
3079 2739 3129 2793 id
3169 2740 3320 2807 fieri,
3350 2740 3491 2810 leges
3513 2737 3678 2794 civiles

2105 2837 2202 2892 pro
2225 2827 2422 2880 nostris
2453 2829 2877 2896 reSpondebant,
2920 2840 2976 2886 et
3001 2831 3114 2901 ipse
3137 2832 3494 2900 Quintilianus
3515 2829 3586 2904 (5)
3609 2829 3678 2884 di-

2103 2917 2202 2982 xit,
2233 2937 2251 2970 ‹
2291 2920 2421 2974 nulli
2448 2937 2550 2975 non
2592 2926 2752 2978 etiam
2785 2924 3226 2980 innocentissimo
3255 2927 3499 2982 accidere
3539 2938 3676 2995 posse

2103 3009 2291 3065 fraude
2316 3013 2674 3080 inimicorum,
2714 3016 2842 3071 falsa
2887 3018 3240 3088 vulgantium,
3273 3027 3331 3074 ut
3357 3019 3566 3074 sinistro
3592 3035 3673 3073 ru-

2103 3117 2254 3158 more
2277 3103 2502 3159 laboret.
2532 3125 2551 3158 »
2579 3108 2748 3173 Quam
2777 3124 2906 3164 vero
2937 3111 3123 3178 procul
3143 3109 3672 3168 abessentChristiani

399 3221 556 3261 suum
588 3207 783 3261 factum
816 3209 1200 3276 excusandum,
1231 3208 1568 3281 aliorumque
1611 3209 1992 3266 damnandum.

2103 3195 2170 3250 ab
2197 3197 2344 3254 onmi
2378 3197 2686 3266 Ιιοιιιίίὶιιίυ,
2717 3203 2848 3257 satis
2890 3201 3141 3259 Octavius
3197 3205 3454 3272 ostendit,
3481 3220 3590 3259 cum
3617 3218 3676 3258 nc

396 3300 588 3356 Mirum
629 3317 754 3356 vero
811 3299 1134 3357 Christianis
1179 3318 1330 3358 sacra
1376 3304 1497 3359 talia
1553 3305 1761 3374 objecta
1812 3307 1994 3361 luisse.

399 3393 524 3449 Fuit
552 3404 729 3449 tamen
755 3401 910 3450 vetus
938 3406 990 3449 et
1018 3395 1265 3450 diuturna
1309 3396 1424 3451 iure
1451 3400 1715 3452 ealnnmia
1749 3417 1762 3452 :
1797 3411 1849 3454 et
1877 3401 1998 3470 qui-

399 3487 521 3542 dem
565 3489 883 3556 promiscuae
911 3487 1150 3544 libidinis
1195 3491 1556 3560 suspicionem
1590 3491 1745 3546 facile
1771 3493 2000 3562 angebat

400 3580 756 3650 quorumdam
785 3581 1094 3647 credulitas,
1125 3581 1214 3654 qui
1235 3583 1368 3636 alios
1401 3601 1465 3639 ex
1499 3600 1596 3638 suo
1619 3585 1832 3652 ingenio
1853 3585 1997 3639 testi-

397 3685 566 3738 mant,
596 3681 650 3728 et
679 3682 936 3728 nocturna
968 3676 1286 3744 promiscuae
1314 3677 1672 3734 multitudinis
1700 3678 1892 3740 coitio,
1943 3689 1998 3736 et

395 3766 516 3837 quia
550 3765 838 3820 Christiani
884 3781 1005 3821 sese
1047 3765 1242 3820 fratres
1274 3781 1596 3840 sororesque
1631 3769 1993 3839 appellarent,

395 3869 558 3931 atque
601 3857 760 3914 etiam
795 3860 979 3914 osculo
1025 3875 1146 3916 sese
1193 3860 1420 3915 invicem
1477 3861 1808 3932 exciperent.
1858 3862 1994 3932 Quid

326 4009 332 4021 η
395 3951 591 4018 dicant,
623 3953 807 4008 osculo
835 3953 1096 4028 quosdam
1135 3953 1402 4024 impudice
1449 3957 1646 4012 abnsos
1673 3975 1812 4022 esse,
1844 3971 1902 4012 ut
1941 3970 1996 4014 et

395 4043 587 4098 fatetur
617 4055 670 4098 et
704 4048 1054 4117 Conqueritur
1078 4047 1330 4104 Clemens
1355 4049 1754 4108 Alexandrinus
1786 4053 1836 4106 in
1873 4053 1989 4108 Pa:-

393 4140 518 4211 dag.
565 4139 852 4194 Christiani
881 4142 1011 4196 satis
1041 4143 1204 4195 multa
1239 4145 1524 4199 castissimi
1555 4147 1634 4199 sui
1665 4147 1881 4216 pudoris
1915 4120 1992 4203 te:

392 4234 642 4291 stimonia
675 4235 1033 4310 opponebam.
1067 4235 1172 4290 Sed
1203 4237 1332 4291 nihil
1363 4239 1512 4292 audit
1559 4239 1840 4312 impudens
1872 4256 1988 4294 nia-

389 4327 698 4395 levolentia,
731 4344 848 4398 quae
874 4341 928 4382 ut
961 4327 1193 4398 linguam
1223 4330 1378 4384 habet
1413 4331 1882 4400 intemperantem,
1912 4332 1990 4387 sic

386 4437 562 4490 neque
623 4419 858 4475 frontem
910 4437 1082 4492 neque
1133 4437 1294 4476 aures
1335 4421 1512 4478 habet.
1567 4422 1710 4478 Sane
1757 4434 1812 4479 et
1861 4425 1988 4482 olim

384 4511 647 4582 Apionem
690 4512 792 4567 tale
831 4511 1101 4584 quippiam
1145 4513 1212 4568 de
1242 4511 1549 4570 Juda:orum
1593 4517 1820 4570 coetibus
1858 4533 1986 4572 con-

2105 3290 2449 3346 bomieidium
2477 3295 2693 3362 quidem
2723 3295 2774 3348 in
2805 3295 2945 3350 ludis
2969 3297 3304 3368 gladiatoriis
3339 3307 3574 3368 spectare
3590 3309 3674 3350 eos

2105 3397 2199 3450 per
2243 3397 2396 3439 suam
2431 3389 2740 3458 religionem
2787 3390 3025 3460 potuisse
3065 3403 3267 3458 narrat,
3299 3392 3438 3463 quod
3460 3403 3510 3448 et
3533 3401 3672 3445 antea

2103 3476 2432 3547 Theophilus
2476 3482 2611 3538 dixit
2644 3483 2712 3536 ad
2743 3485 3078 3556 Autolycum;
3113 3496 3169 3541 et
3212 3487 3404 3543 eodem
3453 3498 3672 3556 tempore

2101 3569 2474 3642 Athenagoras
2511 3575 2565 3628 in
2608 3575 2878 3648 Apologia.
2929 3589 2983 3632 et
3028 3579 3188 3634 latius
3238 3581 3588 3637 'l‘crtullianns
3627 3579 3670 3631 in

2101 3664 2238 3720 libro
2263 3666 2326 3719 de
2361 3666 2598 3736 Spectac.
2629 3681 2680 3723 et
2705 3681 2888 3739 pestea
2914 3670 3221 3728 Lactantius
3245 3673 3340 3729 lib.
3366 3689 3437 3740 vt,
3455 3689 3565 3742 cap.
3589 3671 3669 3724 9.0.

2099 3757 2204 3814 Sed
2237 3773 2411 3830 neque
2430 3775 2586 3818 casa:
2611 3765 2832 3834 pecudis
2862 3769 3173 3837 sanguinem
3205 3779 3450 3838 gustasse
3479 3777 3670 3821 nostros

2099 3849 2360 3907 llinucins
2399 3854 2630 3911 afﬁrmat
2653 3875 2666 3912 :
2691 3859 2848 3914 sicuti
2877 3871 2932 3914 et
2963 3860 3346 3917 Tertullianus.
3393 3862 3480 3916 Sic
3507 3858 3667 3920 enim,

2097 3946 2515 4016 quattuApOStoii
2543 3951 2820 4018 repetitam
2841 3950 3005 4006 Nolite.
3030 3952 3198 4022 legem
3229 3969 3418 4009 rursus
3440 3953 3668 4014 tulerant,

2097 4039 2278 4094 multis
2302 4043 2514 4096 saeculis
2540 4045 2709 4099 uestri
2738 4046 3023 4116 diligenter
3051 4049 3427 4113 observarunt,
3460 4063 3557 4102 non
3584 4045 3670 4098 ini-

2097 4145 2198 4185 ¹¹ι³⁵
2219 4147 2376 4200 qua"!
2391 4135 2760 4204 Apostolicunt
2783 4139 2832 4192 in
2855 4139 3044 4195 eadem
3062 4139 3280 4212 Synudo
3297 4142 3562 4194 decretum
3577 4140 3668 4206 περὶ

2093 4233 2330 4291 πορνείας.
2353 4223 2510 4280 Certe
2535 4243 2692 4298 quam
2720 4229 3027 4295 honestum,
3057 4232 3392 4302 religiosum,
3418 4227 3666 4302 pudicum,

2093 4333 2409 4392 citatumque
2439 4323 2600 4380 fuerit
2630 4326 3058 4382 Christianorum
3089 4329 3335 4384 solemne
3359 4327 3664 4390 convivium,

2092 4416 2235 4484 quod
2266 4421 2462 4488 abii-trav
2481 4421 2838 4489 appellabant,
2859 4420 3129 4485 Caecilius,
3162 4422 3210 4478 si
3241 4438 3424 4478 verum
3455 4424 3666 4492 ingenue

2091 4508 2293 4573 dicere,
2341 4525 2500 4580 quam
2533 4513 2776 4584 improbe
2806 4515 3019 4570 mentiri
3051 4516 3352 4579 maluisset,
3385 4515 3665 4583 intelligere

383 4581 604 4660 ﬁnxisse
647 4617 827 4660 narrat
852 4581 1142 4674 dest-phus.
1175 4607 1314 4680 Ergo
1349 4605 1477 4662 nihil
1509 4611 1708 4663 nostris
1758 4609 1848 4666 tali
1897 4611 1982 4666 in-
2011 4581 2066 4644 Ῑ)
2093 4613 2341 4674 Power!“
2385 4622 2492 4661 non
2537 4609 2708 4662 solum
2741 4624 2806 4665 ex
2838 4608 3153 4666 Tertulliani
3183 4611 3354 4666 nostri
3400 4607 3660 4682 Apologia.

384 4696 546 4752 famia
577 4701 850 4770 oppressis
879 4699 1018 4753 aliud
1051 4699 1336 4768 superfuit,
1366 4718 1547 4771 quant,
1581 4703 1724 4774 quod
1767 4706 1900 4761 scite
1931 4718 1984 4762 et

379 4791 657 4861 eleganter
707 4793 1000 4865 IEschylus
1037 4794 1134 4860 ait,
1181 4805 1267 4854 τὴν
1307 4801 1536 4857 ἀλήθειαν
1589 4800 1860 4855 ἀνατιθέναι
1911 4815 1980 4857 τῶ

377 4885 547 4955 κρόκῳ.
578 4883 691 4937 Non
727 4895 873 4938 erant
919 4887 1260 4952 impostores,
1296 4887 1386 4957 qui
1419 4889 1578 4945 verba
1607 4890 1798 4950 darent
1827 4911 1840 4947 :
1872 4909 1980 4950 non

378 4974 630 5030 homines
654 4977 874 5032 clamosi
907 4987 962 5034 et
991 4979 1340 5048 impotentes,
1379 4981 1466 5052 qui
1494 4984 1770 5048 conviciis,
1806 4987 1977 5042 ntale-

376 5068 560 5136 dictis,
591 5069 783 5140 libellis
805 5071 1027 5126 tamosis
1051 5073 1390 5128 adversarios
1413 5075 1647 5132 vicissim
1671 5081 1975 5152 Opprimere

373 5160 594 5215 vellent.
628 5159 808 5215 Rebus
840 5163 968 5234 ipsis
999 5163 1191 5219 falsum
1225 5165 1494 5232 refellere,
1543 5181 1594 5225 et
1645 5187 1710 5226 co
1757 5175 1970 5230 tandem

370 5253 534 5308 ntodo
563 5253 780 5309 vincere
806 5255 1044 5313 sedendo
1075 5268 1128 5312 et
1168 5257 1375 5312 silendo
1399 5260 1667 5316 malebant
1699 5282 1710 5316 :
1747 5273 1798 5319 et
1834 5265 1970 5322 bona

367 5347 574 5403 interea
603 5349 932 5404 conseientia
965 5364 1084 5405 sese
1125 5352 1503 5407 sustentabant
1532 5364 1692 5428 atque
1719 5359 1966 5414 consola-

363 5440 580 5497 bantur.
615 5440 706 5496 Sic
737 5441 932 5495 bonam
955 5457 1170 5497 causam
1204 5447 1434 5515 agebant
1461 5447 1616 5502 bene.

436 5536 631 5592 Mirum
660 5550 867 5602 rursus,
899 5535 1118 5590 Cmcilio
1151 5551 1254 5594 tam
1288 5540 1607 5596 insolentem
1650 5543 1816 5598 visam
1842 5560 1964 5603 esse

359 5627 507 5684 illam
538 5630 679 5684 inter
707 5641 804 5684 eos
836 5647 856 5682 ι
895 5627 1119 5684 fraterni
1160 5634 1392 5688 nominis
1437 5636 1896 5707 communionem,
1934 5658 1955 5694 ι

352 5855 366 5881 ι
426 5805 508 5881 (t)
536 5807 810 5866 Iuvenalis
828 5807 992 5866 Satir.
1019 5806 1075 5878 ϐ,
1099 5823 1244 5866 vers.
1272 5810 1398 5868 515.

2091 4700 2185 4756 sed
2216 4711 2272 4757 et
2315 4701 2397 4756 sui
2437 4702 2596 4757 Plinii
2623 4702 2852 4773 quadam
2883 4705 2947 4758 ad
2975 4704 3264 4775 Trajanum
3296 4705 3544 4776 Epistula.
3567 4699 3662 4756 Sed

2090 4795 2434 4864 petulantiam
2487 4795 2742 4866 projectze
2791 4798 3179 4852 maledicentite
3222 4801 3347 4869 quid
3395 4799 3662 4852 rel'rtcnare

2089 4888 2316 4960 posset?
2351 4889 2465 4944 Dixi
2493 4891 2560 4944 de
2591 4905 2658 4945 eo
2697 4891 2944 4946 convivio
2974 4893 3121 4962 plura
3157 4893 3208 4946 in
3242 4887 3660 4946 annotationibus

2085 4984 2152 5038 ad
2183 4985 2328 5038 illam
2358 4983 2686 5054 Epistulam,
2717 4999 2836 5055 quae
2860 4984 2970 5055 jam
3001 4995 3250 5058 repetere
3294 4984 3426 5040 nihil
3462 4983 3653 5038 attinet.

2084 5077 2214 5136 Utut
2251 5089 2429 5134 autem
2488 5080 2732 5134 nocturni
2783 5080 3213 5134 Christianorum
3267 5091 3438 5136 cattus
3473 5072 3654 5132 innoxii

2081 5183 2286 5240 essent,
2335 5181 2511 5228 tamen
2563 5172 2811 5229 obstabat
2845 5173 2930 5228 lex
2963 5173 3258 5229 Duodecim
3289 5173 3457 5229 Tabb.
3491 5166 3654 5224 multis

2078 5265 2310 5320 decretis
2335 5264 2677 5331 confirmata,
2707 5273 2762 5319 et
2787 5265 2978 5336 gravia
3013 5276 3165 5320 erant
3191 5265 3389 5336 judicia
3415 5264 3482 5318 de
3503 5259 3653 5316 coite-

2075 5359 2176 5429 giis
2204 5357 2428 5412 illicitis.
2457 5357 2636 5412 Nostri
2665 5373 2793 5413 vero
2819 5359 3238 5426 respondebant,
3268 5357 3396 5415 nihil
3421 5350 3654 5424 reipubli-

2072 5469 2150 5509 ete
2197 5467 2317 5509 esse
2348 5453 2568 5522 periculi
2599 5469 2627 5505 a
2657 5453 2767 5508 suis
2795 5452 3150 5519 coitionibus,
3182 5455 3303 5524 quia
3333 5457 3510 5506 essent
3531 5445 3649 5500 alie-

2069 5545 2278 5602 nissimi
2323 5545 2393 5602 ab
2436 5547 2582 5602 omni
2611 5544 2697 5602 vel
2725 5545 3038 5612 ambitione,
3071 5546 3154 5602 vel
3201 5545 3361 5600 ullius
3387 5534 3645 5612 dignltatis

2134 5746 2216 5820 (2)
2245 5739 2598 5817 Epiphanius,
2631 5745 2842 5820 ilaeresi
2865 5761 3058 5820 mnuL
3080 5755 3211 5804 sect.
3238 5761 3347 5812 xw,
3367 5757 3425 5820 Ρ.
3459 5735 3576 5795 ili}.

2133 5815 2215 5892 (ὃ)
2241 5815 2604 5889 Quintilianus
2635 5819 2729 5876 lib.
2756 5835 2793 5876 v
2814 5818 2993 5876 quit.
3017 5817 3192 5890 0rat.,
3215 5834 3332 5890 cap.
3364 5815 3416 5871 5.
