3988 6310
276 325 393 387 215

1413 321 1476 378 F.
1538 318 1859 378 BALDUINI
1932 316 2405 376 DISSERTATIO.

3469 324 3577 388 214

280 446 638 519 cogitatione,
669 444 910 516 nihilque
938 448 1084 500 esset
1130 442 1183 498 in
1230 440 1522 513 republica,
1554 440 1694 512 quod
1746 436 1955 499 θεῖε-Λ
1982 452 2169 507 purum
2229 450 2515 511 tyrannum
2567 447 2621 494 et
2668 439 2870 493 nostris
2934 438 3372 508 infestissimum,
3425 443 3573 502 domi

280 551 507 605 Ctareut,
539 538 634 594 sed
677 552 771 593 sua
816 546 999 593 essent
1042 536 1245 607 privata
1272 534 1581 589 conditione
1606 530 1868 596 contenti,

282 642 342 688 ut
366 633 731 689 Tertullianus
754 632 807 686 in
841 631 1066 701 Apolog.
1097 628 1406 699 respondet.

350 728 622 783 Czeterum
655 737 714 781 ut
747 725 858 797 jam
889 735 1203 796 praeteream
1233 725 1436 793 reliqua
1477 721 1650 792 capita
1678 720 1758 773 vel
1779 733 1872 773 ac-

278 823 575 879 cusationis
623 820 929 876 Caeciliath
991 819 1076 874 vel
1131 817 1436 874 Octavianum
1505 814 1870 880 defensionis,

280 917 412 974 illud
454 917 743 972 observare
784 915 935 985 juvat
963 930 978 969 :
1010 927 1132 968 cum
1169 911 1525 965 calumniator
1569 908 1874 979 ingeniosus

278 1021 335 1067 et
361 1024 487 1066 acer
513 1010 643 1063 nihil
671 1023 778 1063 non
805 1007 892 1061 vel
920 1005 1190 1075 conlingat
1217 1004 1298 1059 vel
1324 1007 1638 1073 exaggeret,
1668 1008 1723 1052 et
1752 1014 1867 1053 ma-

275 1103 489 1174 jestatis
531 1101 776 1173 qmedam
826 1100 1027 1155 leviora
1075 1095 1298 1153 crimina
1344 1094 1600 1164 adjungat
1635 1108 1649 1145 ε
1679 1100 1871 1161 practe-

280 1200 439 1256 riisse
490 1198 698 1254 crimen
765 1193 1187 1266 perduellionis,
1252 1189 1398 1262 quod
1441 1198 1496 1244 et
1552 1186 1656 1241 alia
1719 1192 1874 1241 antea

280 1292 626 1363 obiecerant,
656 1298 714 1346 et
732 1288 800 1345 ad
839 1304 962 1344 reos
989 1287 1169 1343 statim
1201 1280 1584 1357 opprimendos
1632 1276 1875 1350 inprimis

280 1385 534 1441 ideneum
556 1400 676 1440 esse
702 1383 1003 1439 videbatur.
1037 1382 1121 1437 An
1149 1380 1199 1435 id
1227 1377 1621 1440 dissimulavit,
1655 1375 1778 1443 quia
1808 1387 1875 1427 ne

283 1480 462 1535 tenuis
489 1479 705 1549 quidem
733 1478 850 1548 ejus
874 1487 1019 1532 esset
1071 1473 1345 1542 suSpit-io?
1395 1470 1516 1526 Fuit
1558 1476 1703 1524 certe
1746 1481 1872 1538 per-

281 1582 439 1643 petua
478 1571 594 1626 haec
623 1570 884 1641 majorum
927 1577 1236 1624 nostrorum
1279 1564 1484 1635 gloria,
1528 1560 1671 1632 quod
1712 1558 1875 1613 nullis

279 1665 498 1737 injuriis
526 1674 635 1720 tam
665 1663 860 1719 irritari
909 1662 1206 1733 potuerint,
1260 1665 1317 1713 ut
1368 1658 1419 1711 in
1472 1655 1739 1725 principes
1783 1658 1875 1704 aut

282 1767 573 1831 tyrannus,
605 1755 709 1813 etsi
735 1755 805 1810 ab
832 1755 899 1809 iis
927 1752 1299 1824 indignissime
1316 1760 1663 1810 vexarentur,
1694 1742 1873 1799 hostili

1978 533 2299 602 strangulari
2328 532 2556 587 Bemani
2589 542 2873 597 curarunt,
2904 533 2992 602 qui
3024 531 3101 586 illi
3133 537 3372 590 maxime
3414 546 3571 594 erant

1976 625 2286 679 familiares.
2316 626 2398 681 An
2434 626 2517 682 his
2541 626 2879 681 Christianus
2913 627 3054 681 ullus
3082 628 3287 683 adfuit?
3310 629 3571 701 Septimio

1979 717 2209 785 Severo,
2257 722 2346 787 qui
2393 720 2459 774 ad
2506 722 2789 791 imperium
2834 720 3155 791 gladiatorio
3204 724 3385 777 animo
3428 725 3570 781 viam

1977 812 2264 867 affectabat
2283 853 2297 876 ,
2329 827 2450 867 sese
2474 813 2726 883 opposuit
2749 812 3079 867 Pescennius
3108 812 3268 883 Niger
3300 816 3349 868 in
3379 815 3534 888 Syria
3553 859 3568 880 ,

1977 915 2033 960 et
2062 904 2257 959 deinde
2297 903 2516 958 Clodius
2560 904 2786 959 Albinus
2830 905 2881 957 in
2934 904 3204 959 Britannia
3259 904 3565 979 Galliaque,

1974 1010 2097 1052 eum
2144 1008 2365 1067 uterque
2402 1004 2507 1051 tam
2539 996 2678 1051 bono
2700 997 2822 1063 jure
2841 1007 3105 1061 armatus,
3132 1012 3290 1066 quam
3315 997 3567 1069 Severus,

1977 1090 2076 1144 sibi
2108 1104 2228 1144 esse
2254 1088 2542 1144 vidi-retur.
2570 1086 2703 1142 Nam
2733 1098 2787 1143 et
2819 1088 2935 1156 ipse
2958 1088 3317 1143 Tertullianus
3350 1092 3402 1144 in
3430 1091 3568 1147 libro

1977 1182 2041 1237 de
2080 1181 2255 1237 Pallio
2300 1184 2456 1253 (cap.
2487 1179 2557 1252 2)
2609 1180 2776 1236 hosce
2839 1195 2944 1235 non
2999 1181 3209 1246 minus,
3262 1197 3421 1251 quam
3467 1184 3570 1240 Se-

1978 1292 2205 1343 verum,
2270 1276 2524 1348 Aagustas
2577 1273 2864 1344 aliquando
2914 1275 3129 1343 agnovit
3179 1286 3338 1343 atque
3385 1277 3571 1348 appel-

1979 1371 2124 1426 lavit.
2159 1368 2450 1425 Christiani
2499 1380 2676 1423 tamen
2734 1368 2786 1421 in
2830 1381 3018 1421 eorum
3069 1368 3151 1422 vel
3189 1370 3450 1433 exercitu,
3484 1371 3572 1425 vel

1978 1462 2211 1518 factione
2239 1462 2367 1516 nulli
2410 1461 2609 1517 inventi
2652 1472 2792 1515 sunt.
2826 1460 3171 1527 Plautianus,
3218 1463 3306 1530 qui
3340 1463 3569 1533 principi

1977 1557 2254 1628 proximus
2301 1563 2448 1619 erat,
2494 1564 2549 1609 et
2594 1563 2714 1626 post
2735 1567 2859 1608 eum
2909 1554 3154 1606 maximae
3201 1555 3563 1620 auctoritatis,

1979 1660 2035 1705 ut
2061 1650 2293 1705 Severus
2317 1660 2365 1703 et
2396 1648 2691 1712 Caraealla,
2722 1664 2751 1700 a
2784 1647 2973 1715 quibus
3003 1647 3203 1700 fiebant
3234 1648 3397 1701 multa
3441 1662 3565 1702 cru-

1977 1743 2191 1810 deliter,
2219 1742 2616 1812 jngularentur,
2661 1740 2895 1795 immittit
2932 1740 2982 1792 in
3011 1739 3214 1792 curiam
3243 1754 3398 1793 suum
3429 1756 3568 1808 prin-

276 1853 465 1908 animo
516 1860 732 1918 essent,
787 1861 878 1905 aut
922 1849 1044 1905 ullis
1102 1848 1359 1903 adversus
1426 1857 1522 1901 e05
1576 1838 1871 1911 eunjuratis
1898 1836 1949 1899 B
1980 1836 2197 1902 fectum,
2229 1847 2283 1889 ct
2311 1834 2498 1890 eodem
2527 1833 2684 1904 paulo
2713 1843 2831 1903 post
2854 1833 3119 1901 irrumpit.
3140 1839 3220 1884 An
3239 1831 3571 1887 Plautianum

281 1945 784 2016 conspirationihus
814 1942 975 2015 (qua
1005 1951 1180 1997 tamen
1210 1940 1410 2011 alioqui
1437 1946 1493 1993 et
1520 1935 1779 2006 speciosa:
1820 1942 1874 1987 et

278 2042 593 2114 frequentes
619 2050 745 2097 tunc
770 2035 970 2111 erant)
999 2038 1389 2093 assentirentur
1417 2052 1432 2088 :
1463 2041 1584 2097 aut,
1612 2028 1738 2101 quid
1777 2042 1873 2081 sua

277 2135 569 2206 patientia,
609 2132 893 2188 tolerantia
916 2171 930 2195 ,
958 2130 1224 2185 modestia
1243 2170 1257 2192 ,
1301 2124 1629 2182 continentia
1655 2123 1870 2192 dignum

275 2238 458 2295 esseet,
501 2244 607 2283 non
657 2228 1048 2283 meminissent.
1092 2223 1321 2279 Tantum
1370 2221 1525 2275 abest
1584 2226 1644 2272 ut
1692 2223 1874 2270 essent

271 2332 369 2377 aut
420 2321 708 2376 turbulenti
748 2329 841 2375 aut
872 2318 1146 2381 seditiosi,
1196 2324 1290 2371 aut
1333 2311 1553 2369 immani
1583 2309 1874 2380 cupiditate

273 2416 503 2472 ultionis
526 2418 918 2481 ahriperentur.
950 2411 1082 2467 Nam
1105 2411 1209 2466 etsi
1234 2425 1295 2467 ea
1337 2406 1681 2463 multitudine
1734 2401 1872 2472 septi

272 2518 493 2576 essent,
523 2520 580 2565 ut
619 2510 774 2565 facile
802 2516 1022 2580 possent
1047 2504 1351 2571 conficere,
1382 2500 1525 2573 quod
1564 2502 1616 2555 in
1645 2498 1747 2552 hoc
1775 2512 1871 2567 ge-

271 2621 410 2661 nere
453 2606 839 2671 instituissent,
873 2614 1049 2658 tameu
1093 2600 1174 2656 fas
1202 2614 1309 2654 non
1335 2612 1456 2653 esse
1485 2595 1764 2667 putabant.
1803 2592 1873 2648 Et

272 2715 409 2756 vero
448 2715 559 2755 sua:
583 2700 781 2769 alioqui
811 2698 1083 2769 religionis
1113 2706 1166 2753 et
1194 2695 1451 2766 principia
1493 2690 1868 2756 sustulissent,

271 2802 331 2849 et
366 2791 714 2848 fundamenta
755 2793 1094 2847 evertissent.
1129 2788 1300 2844 Immo
1329 2801 1458 2840 vero
1498 2782 1747 2839 humanae
1783 2795 1873 2837 so-

269 2886 487 2942 cietatis
510 2889 717 2940 vincula
742 2884 921 2939 omnia
947 2883 1340 2939 dissolvisseut.
1365 2878 1503 2948 Quid
1535 2876 1686 2931 multi
1706 2876 1870 2931 etiam

268 2979 580 3051 philosophi
629 2977 914 3033 ambitiose
955 2975 1310 3046 pradicareut
1360 2972 1427 3027 de
1487 2968 1866 3043 tyrannicidis,

268 3083 462 3128 notum
490 3071 757 3128 erat.Sed
812 3069 982 3126 nostri
1037 3069 1232 3124 talibus
1277 3066 1504 3122 flabellis
1556 3062 1765 3118 incendi
1810 3075 1870 3115 se

268 3180 384 3222 non
429 3166 766 3235 patiebantur
790 3184 803 3217 :
829 3174 1036 3219 tantum
1064 3163 1237 3227 abest,
1273 3172 1329 3214 ut
1352 3158 1624 3227 religionis
1649 3155 1866 3209 nomine

1977 1930 2267 1986 Christiani
2298 1934 2466 1983 secuti
2506 1940 2658 1992 sunt,
2703 1941 2932 1998 quorum
2984 1925 3247 1980 interesse
3291 1924 3573 1979 videbatur

1979 2036 2235 2099 tyrannos
2261 2024 2383 2079 illos
2413 2023 2565 2078 tolli?
2597 2023 2761 2076 immo
2788 2036 2918 2074 vero
2946 2019 3122 2089 potius
3146 2018 3410 2073 Severum
3458 2017 3569 2087 jam

1977 2118 2385 2175 decumbentem
2413 2116 2491 2171 illi
2532 2130 2629 2169 suo
2652 2115 2811 2170 etiam
2841 2113 2965 2168 oleo
2986 2121 3243 2168 curarunt
3288 2119 3573 2166 Sanarunti-

1977 2231 2082 2287 que
2102 2254 2117 2279 ,
2146 2222 2203 2266 ttt
2233 2211 2385 2267 testis
2421 2219 2506 2264 est
2527 2208 2887 2264 Tertullianus
2923 2205 2991 2259 ad
3018 2205 3332 2275 Scapulam,
3389 2204 3477 2258 ttbi
3517 2212 3573 2258 et

1982 2309 2258 2363 solemnes
2285 2303 2537 2358 Eeclesim
2585 2315 2769 2372 preces
2816 2314 2913 2369 pro
2942 2297 3277 2368 principibus
3327 2309 3569 2351 comme-

1977 2411 2170 2457 morat.
2215 2398 2349 2454 Tum
2375 2395 2520 2451 addit
2564 2412 2578 2450 :
2626 2412 2647 2446 c
2680 2394 2760 2448 Ex
2818 2391 3000 2462 regula
3050 2389 3324 2458 patientiae
3373 2388 3571 2442 divina

1975 2510 2136 2564 agere
2174 2506 2274 2547 nos
2310 2491 2440 2545 satis
2460 2487 2801 2544 manifestum
2827 2495 2939 2552 est,
2979 2498 3101 2538 cum
3124 2491 3266 2537 tanta
3293 2481 3572 2537 hominum

1976 2586 2282 2650 multitudo,
2332 2600 2456 2653 pars
2488 2597 2627 2653 pene
2675 2581 2848 2651 major
2890 2579 3123 2633 civitatis
3170 2577 3463 2647 cujusque,
3513 2575 3569 2630 in

1974 2682 2191 2737 silentio
2219 2689 2273 2735 et
2299 2677 2556 2733 modestia
2588 2677 2814 2747 agimus.
2846 2674 3000 2730 Absit
3024 2673 3169 2727 enim
3190 2711 3205 2737 ,
3250 2679 3306 2725 ut
3336 2670 3555 2739 indigne

1975 2774 2211 2827 feramus
2236 2785 2297 2825 ea
2332 2783 2432 2824 nos
2461 2772 2605 2839 pati,
2638 2783 2757 2838 qua:
2781 2775 3029 2834 optamus
3062 2779 3079 2817 :
3106 2771 3201 2817 aut
3244 2763 3507 2817 ultionem
3533 2775 3567 2816 ι

1974 2864 2132 2919 nobis
2178 2864 2410 2931 aliquam
2455 2860 2847 2922 macltinemur,
2897 2872 3056 2927 quam
3084 2872 3112 2908 a
3140 2855 3251 2910 Deo
3291 2862 3573 2923 exspecta-

1973 2972 2114 3011 mus.
2147 2974 2165 3006 ι
2198 2954 2316 3009 Νοη
2343 2953 2624 3008 dissimilia
2670 2960 2827 3017 sunt,
2878 2946 2997 3018 quin
3044 2948 3238 3018 repetit
3284 2947 3335 3000 in
3364 2944 3567 3016 Apolo-

1972 3050 2168 3119 getico,
2201 3058 2255 3104 et
2293 3046 2451 3117 digna
2494 3054 2650 3111 sunt,
2695 3059 2815 3115 quae
2846 3042 2928 3097 his
2969 3056 3184 3113 quoque
3232 3038 3567 3108 temporibus

1974 3143 2328 3198 inculcentur.
2359 3140 2518 3195 Certe
2542 3140 2647 3205 ait,
2675 3137 3011 3194 Christianos
3036 3134 3193 3190 facile
3213 3133 3293 3205 (t)
3322 3151 3342 3185 ι
3377 3134 3565 3204 paucis

268 3260 339 3315 ad
373 3228 642 3329 publicum
674 3257 1015 3326 parricidium
1049 3256 1418 3309 incitarentur.
1451 3249 1595 3305 Nihil
1625 3258 1707 3303 est
1740 3262 1871 3317 prae-
1899 3229 1946 3294 C
1979 3237 2172 3292 faculis
2203 3237 2288 3291 vel
2320 3250 2421 3288 una
2454 3242 2612 3289 nocte
2645 3252 2664 3285 ι
2700 3234 2940 3303 potuisse
2987 3245 3109 3285 sese
3145 3229 3361 3291 ulcisci,
3393 3228 3439 3282 si
3475 3236 3571 3281 aut

269 3353 621 3417 termissum,
671 3349 814 3422 quod
843 3364 939 3407 eos
988 3348 1321 3404 inflammare
1348 3355 1558 3416 posset,
1615 3350 1670 3396 et
1721 3342 1869 3394 furor

272 3446 393 3502 fieri
421 3445 615 3500 dicitur
664 3444 793 3499 laesa
833 3444 1031 3514 saepius
1082 3440 1351 3511 patientia.
1382 3436 1486 3492 Sed
1535 3448 1630 3489 eos
1677 3432 1868 3503 religio

268 3541 572 3604 continuit,
613 3548 669 3594 et
709 3538 774 3593 ad
802 3537 1055 3593 invictam
1084 3531 1245 3589 modo
1274 3531 1584 3602 patientiam
1611 3529 1865 3583 armavit.

266 3633 327 3689 1d
362 3646 511 3699 vero,
547 3632 615 3686 de
638 3646 743 3701 quo
771 3630 935 3687 etlam
979 3628 1146 3699 quaeri
1195 3627 1296 3681 huc
1339 3636 1581 3694 tempore
1615 3623 1775 3679 audio
1814 3631 1869 3679 et

270 3725 462 3787 miror,
490 3732 745 3794 perpetua
776 3723 1008 3792 plurium
1030 3722 1344 3776 seculorum
1366 3716 1586 3771 historia
1613 3730 1710 3770 nos
1734 3715 1868 3769 alias

268 3816 731 3870 confirmabimus.
777 3814 909 3870 Illud
954 3812 1117 3868 modo
1143 3811 1378 3865 breviter
1403 3809 1692 3878 attingam,
1723 3804 1869 3876 quod

267 3909 538 3964 Minucios
577 3907 762 3963 dicere
816 3911 1019 3977 potuit,
1057 3920 1119 3961 ac
1150 3905 1310 3977 paulo
1337 3911 1461 3958 ante
1493 3902 1610 3972 ejus
1653 3910 1866 3956 aetatem

265 4001 485 4059 accidit.
540 4074 549 4079 υ

346 4094 705 4151 Tertullianus
753 4095 821 4148 ad
868 4093 1153 4165 Scapulam
1196 4093 1354 4165 (cap.
1383 4092 1454 4163 2)
1507 4107 1527 4142 ι
1559 4088 1712 4146 Circa
1749 4104 1865 4145 ma-

265 4190 555 4259 jestatem,
604 4189 806 4257 inquit,
864 4188 1206 4259 imperatoris
1256 4186 1581 4240 infamantur
1625 4201 1638 4237 :
1686 4195 1865 4239 tamen

269 4296 567 4351 numquam
598 4282 890 4349 Albiniatti,
920 4296 1018 4336 nec
1046 4279 1282 4351 Nigrinni
1317 4279 1402 4333 vel
1432 4278 1670 4334 Cassiani
1719 4276 1868 4332 inve-

269 4376 377 4430 niri
407 4382 698 4444 potuerunt
722 4373 1033 4429 Christiani.
1068 4390 1087 4426 ι
1117 4373 1275 4429 Juvat
1295 4383 1348 4427 et
1372 4372 1598 4427 alterum
1626 4370 1867 4439 ejusdem

270 4467 590 4522 Tertulliani
648 4469 797 4532 loco,
861 4468 1016 4535 cujus
1070 4465 1384 4520 memoriam
1428 4474 1667 4519 veterem
1715 4461 1867 4517 hisce

271 4561 608 4631 temporibus
655 4563 902 4618 renovari
953 4560 1238 4630 plurimum
1271 4561 1525 4621 interest,
1569 4557 1863 4613 ascribere.

1972 3330 2235 3390 fuissent.
2287 3338 2378 3383 aut
2422 3342 2544 3382 esse
2593 3326 2885 3380 voluissent
2927 3328 2945 3393 (
2982 3323 3121 3393 quod
3167 3331 3344 3375 tamen
3386 3319 3497 3390 jam
3536 3333 3570 3373 a

1973 3423 2307 3493 temporibus
2347 3420 2577 3475 Neronis
2617 3415 2977 3483 dicebantur)
3012 3413 3347 3469 incendiarii.
3388 3430 3408 3465 ‹
3455 3410 3566 3467 Sed

1970 3517 2142 3578 absit,
2170 3515 2376 3582 inquit,
2408 3520 2580 3568 utaut
2628 3513 2733 3582 igni
2759 3513 2994 3563 humano
3042 3506 3342 3562 vindicetur
3387 3504 3567 3559 divina

1971 3619 2149 3675 secta;
2178 3617 2270 3662 aut
2296 3606 2477 3662 doleat
2507 3606 2646 3677 pati,
2704 3604 2755 3657 in
2782 3618 2889 3671 quo
2921 3600 3198 3671 probatur.
3229 3617 3248 3651 ι
3288 3599 3404 3664 Ait,
3436 3598 3565 3665 illis,

1973 3702 2019 3757 si
2050 3713 2235 3771 aperte
2261 3714 2451 3770 agere,
2483 3708 2540 3752 et
2565 3697 2670 3751 vim
2700 3694 3048 3764 virepellere
3089 3692 3419 3755 voluissent,
3467 3691 3568 3744 titi-

1972 3796 2116 3850 nime
2144 3791 2381 3848 defuisse
2412 3808 2431 3842 ι
2465 3790 2571 3843 vim
2601 3801 2949 3843 numerorum
2975 3795 3030 3840 et
3057 3784 3355 3854 copiarum.
3394 3800 3414 3835 ι
3461 3781 3568 3836 Sed

1973 3889 2175 3959 inquit,
2207 3904 2229 3938 α
2263 3885 2404 3955 apud
2433 3886 2589 3940 istam
2620 3880 2957 3951 disciplinam
2988 3879 3158 3949 magis
3205 3877 3379 3931 occidi
3407 3876 3564 3940 licet,

1969 3996 2130 4052 quam
2160 3978 2428 4033 occidere.
2462 3994 2482 4028 ι
2522 3975 2610 4028 Ait
2651 3974 2771 4027 illos
2799 3976 2958 4026 etiam
3005 3969 3122 4025 sine
3141 3968 3308 4024 armis
3332 3967 3568 4037 potuisse

1970 4076 2187 4130 vincere
2215 4068 2540 4131 secedendo,
2572 4077 2628 4123 et
2652 4081 2880 4119 vacuum
2908 4062 3165 4118 Romanis
3185 4075 3342 4116 suum
3379 4061 3565 4116 orbem

1970 4165 2347 4235 relinquendo,
2397 4160 2443 4216 si
2489 4162 2596 4216 alio
2642 4161 2873 4223 migrare
2913 4157 3228 4212 voluissent.
3259 4155 3392 4212 Tum
3424 4160 3567 4214 enim

1970 4262 2302 4322 defuissent,
2347 4254 2544 4326 quibus
2586 4251 2905 4321 imperasset
2938 4250 3209 4304 Romanus
3250 4250 3565 4320 imperator.

1970 4356 2123 4414 Adeo
2165 4351 2318 4425 pauci
2368 4356 2716 4416 supererant,
2767 4344 2857 4414 qui
2903 4358 3011 4397 non
3039 4352 3222 4398 essent
3249 4343 3564 4400 Chrisdani.

1971 4450 2077 4507 Sed
2124 4458 2340 4503 nostros
2368 4451 2425 4498 et
2451 4441 2596 4494 cives
2624 4451 2842 4493 manere
2868 4436 3135 4501 voluisse,
3180 4443 3235 4489 et
3267 4436 3334 4489 ad
3382 4436 3567 4492 hostes

1974 4545 2339 4598 Romanorum
2369 4533 2600 4589 transire
2630 4529 2866 4583 noluisse
2906 4525 3210 4597 significat,
3262 4534 3319 4581 et
3361 4526 3566 4583 interea

276 4673 297 4707 ι
342 4617 528 4719 unde,
578 4673 597 4707 ι
671 4654 876 4724 inquit,
945 4617 998 4707 [η
1069 4652 1298 4723 Apulos,
1359 4617 1523 4724 (εαρς
1578 4651 1696 4722 35)
1749 4669 1768 4703 ι
1818 4623 1950 4705 etp
1981 4648 2154 4690 tamen
2185 4647 2212 4685 a
2241 4628 2503 4724 Romanis
2538 4622 2840 4724 appellatos
2876 4632 3135 4724 esseinpu
3164 4617 3347 4724 hoste:
3375 4618 3569 4682 modo,

267 4747 446 4803 Cassii
472 4760 523 4803 et
557 4746 698 4817 Nigri
722 4756 777 4801 et
805 4746 1030 4801 Albini?
1059 4745 1307 4815 undequi
1349 4747 1487 4801 inter
1523 4744 1658 4799 duas
1689 4745 1869 4799 lauros

269 4842 527 4897 obsident
567 4841 877 4896 Cie-arent?
926 4840 1066 4895 unde
1110 4840 1197 4909 qui
1251 4838 1489 4893 faucibus
1529 4840 1645 4909 ejus
1693 4840 1871 4909 expri-

269 4936 489 4990 mendis
520 4933 873 5004 palaestricam
907 4932 1192 4988 exercent?
1221 4932 1468 5002 undequi
1496 4932 1684 4987 armati
1722 4934 1870 5003 pala-

273 5030 414 5083 tium
438 5028 772 5098 irrumpunt,
801 5027 1052 5081 omnibus
1073 5025 1360 5095 Stephauis
1386 5034 1547 5092 atqtte
1570 5023 1872 5079 Partheniis

272 5108 631 5179 audaciores?
667 5122 741 5177 De
762 5122 1018 5177 Romanis
1042 5163 1056 5185 ,
1102 5121 1201 5175 nisi
1238 5118 1416 5183 l'allor,
1442 5116 1493 5174 id
1520 5127 1631 5184 est,
1665 5119 1733 5174 de
1764 5133 1871 5174 non

276 5214 628 5272 Christianis.
671 5230 689 5265 ι
727 5212 802 5270 Ne
843 5215 984 5269 hunc
1030 5212 1244 5283 quidem
1301 5212 1474 5266 locum
1538 5224 1604 5267 ex
1651 5210 1873 5265 historia

276 5312 557 5367 illustrare
584 5309 868 5381 gravabor.
906 5307 1124 5364 Avidius
1153 5307 1369 5363 Cassius
1388 5348 1400 5370 ,
1431 5304 1600 5379 Syrize
1632 5305 1835 5374 legatus
1856 5347 1871 5373 ,

273 5403 544 5462 adversus
601 5400 672 5459 Μ.
725 5401 1020 5459 Antonium
1085 5402 1460 5470 imperatorem
1530 5407 1873 5465 surrexerat,

274 5511 405 5554 cum
457 5505 778 5568 praetexeret
814 5506 874 5549 se
926 5508 1037 5549 rem
1086 5492 1348 5561 publicam
1389 5491 1673 5547 restituere
1718 5498 1876 5559 atque

275 5602 613 5648 Conservare
644 5589 810 5652 velle,
845 5603 1005 5653 quam
1036 5585 1199 5640 Marci
1234 5584 1493 5640 dissoluta
1550 5583 1874 5653 indulgentia

282 5684 681 5757 pesstttttdaret.
709 5681 1222 5744 Christianitamrn,
1254 5677 1344 5747 qui
1375 5676 1427 5731 in
1454 5676 1611 5730 Marci
1641 5690 1783 5731 exeo
1806 5675 1878 5727 itu

284 5780 554 5835 advertitis
612 5775 1018 5830 Marcomannes
1087 5783 1192 5826 tam
1267 5769 1578 5841 frequentes
1636 5767 1879 5834 fuertmt,

278 5873 558 5931 Cassium:
608 5870 857 5930 factionis
901 5869 1032 5927 nulli
1081 5866 1318 5925 fuerunt.
1366 5863 1753 5933 Commodum,
1787 5864 1881 5919 im-

1975 4721 2070 4779 θεά
2098 4728 2152 4775 et
2180 4717 2478 4787 principum
2505 4721 2562 4766 et
2583 4710 2798 4764 humani
2827 4708 3039 4779 generis
3068 4704 3269 4760 hostes.
3300 4702 3569 4759 Caeterum

1977 4825 2085 4870 tam
2115 4812 2310 4881 injusta
2331 4818 2384 4863 et
2404 4816 2588 4875 aperta
2610 4804 2703 4858 fuit
2722 4801 2838 4856 lucc
2861 4799 3073 4870 injuria,
3105 4808 3161 4853 ut
3187 4798 3333 4867 ipsos
3355 4796 3569 4853 tandem

1978 4908 2161 4962 hostes
2189 4902 2619 4959 Christianorum
2648 4893 2896 4967 puduerit
2925 4904 3031 4948 tam
3064 4901 3117 4946 et
3145 4892 3353 4961 ingrate
3375 4904 3568 4961 agere,

1975 5009 2032 5056 et
2065 4998 2208 5068 loqui
2235 4993 2591 5064 impudenter.

2052 5094 2193 5164 Ergo
2219 5090 2493 5153 Caecilius,
2527 5080 2869 5156 quantumvis
2907 5086 3053 5135 esset
3091 5076 3406 5145 impudens,
3443 5091 3571 5132 eru-

1964 5187 2093 5243 buit
2150 5183 2216 5238 iis
2285 5179 2500 5251 aliquod
2591 5172 2971 5248 perduellionis
3034 5170 3238 5226 crimen
3293 5170 3569 5240 attingere.

1979 5279 2202 5352 Quidvis
2221 5276 2364 5332 aliud
2387 5274 2645 5345 ohjicere,
2682 5282 2941 5340 carpere,
2975 5265 3225 5334 mentiri,
3255 5263 3574 5319 calumniari

2055 5507 2136 5580 (Ι)
2175 5501 2551 5580 Tertullianus
2579 5495 2805 5580 Apolog.
2852 5508 2985 5580 cap.
3016 5506 3303 5580 ινξιγξιβμε
3334 5488 3424 5580 vel
3471 5502 3577 5570 una

1986 5560 2368 5639 ιιοῖἶιειιιοιιιίε
2399 5571 2585 5626 faculis
2616 5560 2830 5638 largiter
2866 5560 3094 5639 ultiones
3127 5569 3308 5631 posset
3327 5560 3536 5639 operari
3560 5600 3575 5620 .

1986 5630 2041 5706 si
2065 5630 2260 5704 malum
2297 5646 2436 5699 ntan
2459 5630 2719 5711 dispungi
2735 5652 2895 5711 penes
2925 5652 3021 5711 nos
3053 5630 3257 5711 liceret.
3297 5652 3315 5684 ι
3348 5630 3573 5709 Menti-tn

1988 5701 2283 5777 lialiluiuus
2314 5717 2511 5784 magis,
2545 5701 2699 5782 quam
2737 5701 2909 5784 verba
2927 5704 3241 5784 Tertulliani
3270 5701 3530 5784 esprcssit
3562 5717 3574 5752 :

1989 5774 2045 5848 at
2071 5796 2121 5845 in
2153 5806 2273 5844 mox
2301 5774 2647 5856 sequentibus
2674 5784 2785 5853 ipsa
2804 5779 2963 5835 verba
2993 5792 3060 5831 ex
3085 5776 3275 5832 eodem
3305 5774 3423 5828 loco
3442 5774 3582 5840 Apo-

1990 5862 2227 5934 logetici.
2256 5854 2594 5934 (utipsam)
