3950 6310
318 234 428 291 ΞΠ

1471 229 1532 286 F.
1597 225 1922 286 BALDUINI
1995 224 2468 288 DISSERTATIO.

3517 235 3623 299 2|8

317 356 626 426 μυττηρὶων,
655 367 686 408 a
726 349 918 422 quibus
959 357 1116 408 antea
1163 349 1348 423 procul
1390 351 1578 406 abesse
1603 349 1916 420 jubebatur.
1945 352 1994 412 Α
2024 349 2303 420 prudentia
2360 365 2548 422 magna
2597 358 2650 406 et
2698 350 2949 408 cautione
3002 351 3240 409 maxima
3301 342 3439 424 opus
3497 370 3618 414 esse

322 447 508 518 Neque
538 464 670 503 sane
698 447 766 503 de
798 447 861 502 iis
881 489 896 514 ,
927 457 1016 502 aut
1044 447 1344 519 promiscue
1375 445 1678 517 disputare,
1711 453 1802 499 aut
1829 458 1919 498 co-

319 560 436 600 ram
484 543 726 614 profanis
769 543 1074 600 hominibus
1120 543 1417 608 disserere,
1467 541 1699 612 majores
1747 539 1916 596 nostri

315 638 586 693 solebant.
627 637 804 693 Testis
841 649 925 694 est
960 637 1230 694 Theodor.
1263 635 1340 709 (ί)
1372 635 1426 691 in
1457 635 1620 690 Eran.
1663 633 1796 690 Nam
1825 634 1915 689 illa

320 733 628 803 religiosius
657 743 816 805 atque
853 733 986 790 adeo
1028 731 1265 788 timidius
1304 731 1578 787 tractanda
1623 745 1742 786 esse
1793 745 1914 784 sen-

318 825 556 880 tiebant:
586 834 640 881 et
666 840 920 896 quorsum
948 826 1145 895 alioqui
1174 840 1262 881 res
1285 824 1568 889 evaderet,
1599 823 1756 894 longe
1788 837 1911 893 pro—

320 918 645 988 spiciebant.
696 919 875 990 Itaque
929 921 1082 984 licet,
1133 935 1252 976 cum
1301 927 1680 975 accusarentur
1725 933 1912 974 eorum

318 1020 560 1079 συνεῖξαι,
604 1029 795 1084 magna
838 1029 997 1070 causa
1037 1029 1158 1070 esse
1186 1014 1489 1082 videretur,
1518 1030 1615 1069 cur
1641 1029 1915 1084 exponere

313 1104 577 1161 deberent
627 1108 882 1179 quidquid
927 1110 978 1164 in
1019 1109 1084 1164 iis
1109 1119 1386 1179 ageretur;
1418 1117 1592 1163 tamen
1622 1109 1689 1164 de
1717 1121 1914 1180 myste-

311 1197 412 1254 riis
435 1198 568 1253 nihil
593 1200 779 1256 dicunt
806 1202 856 1256 in
887 1201 1033 1268 foro,
1062 1219 1234 1274 neque
1260 1202 1327 1259 de
1355 1203 1420 1260 iis
1445 1218 1566 1259 cum
1591 1202 1913 1260 adversariis

309 1303 407 1349 aut
431 1295 763 1352 contendunt
789 1306 884 1352 aut
906 1296 1137 1367 litigant.

382 1388 560 1458 Atque
603 1387 718 1444 lucc
759 1389 972 1459 quidem
1011 1389 1268 1447 hactenus
1309 1390 1542 1449 breviter
1579 1405 1913 1462 praemonere

307 1479 484 1533 visum
529 1477 657 1544 fuit,
703 1489 760 1534 ut
798 1481 864 1534 ad
903 1482 1103 1538 Octavii
1143 1482 1425 1539 Minuciani
1456 1483 1737 1540 lectionem
1769 1484 1908 1538 viam

308 1573 481 1628 veluti
514 1575 912 1642 praemunirem.
949 1592 1066 1645 qua:
1099 1588 1152 1633 et
1177 1576 1599 1634 Christianarum
1626 1579 1911 1649 antiquita-

307 1676 423 1720 tum
466 1669 784 1724 memoriam
830 1668 985 1725 nobis
1011 1671 1384 1739 commendet,
1417 1683 1470 1728 et
1498 1671 1563 1727 ad
1596 1687 1713 1728 eam
1745 1685 1905 1726 reno-

2026 440 2196 499 fateor
2235 464 2247 500 :
2289 455 2342 500 ct
2403 462 2521 502 cum
2586 445 2671 502 lex
2742 463 2873 500 nova
2943 460 3180 520 rogatur,
3231 443 3403 505 fertur
3471 461 3618 523 swpe

2023 538 2154 594 illud
2204 538 2293 595 Uti
2319 557 2472 612 rogas
2496 583 2510 607 ,
2542 542 2742 614 saepius
2775 541 2917 598 istud
2949 543 3192 615 Antiqua,
3227 544 3382 600 nobis
3415 554 3473 600 ut
3510 561 3605 602 oc-

2022 647 2202 691 currat
2231 647 2388 707 atque
2422 636 2659 706 placeat,
2692 651 2916 694 necesse
2959 648 3074 703 est,
3126 653 3318 710 resque
3360 640 3610 708 postulat.

2022 727 2346 801 Insculptum
2393 731 2578 786 Bootae
2629 733 2678 786 in
2730 731 2897 788 veteri
2949 748 3218 790 marmore
3245 749 3367 790 esse
3396 734 3609 801 dicitur,

2019 821 2257 882 CANDIDA
2320 840 2492 881 ΠΗ..νο
2554 840 2801 882 ΝοΒιιιιοιι
2862 840 3000 881 AUBO
3060 841 3217 882 FELIX
3275 842 3607 892 ANTIQUITAS.

2019 917 2123 975 Sed
2176 933 2294 987 ejus
2359 918 2684 990 praajudiciis
2738 919 3023 975 infeliciter
3073 920 3452 989 abuterentur,
3507 921 3611 976 nisi

2020 1013 2245 1070 liberum
2306 1013 2678 1084 integrumque
2722 1012 2983 1084 judicium
3031 1011 3084 1068 in
3134 1013 3212 1068 iis.
3243 1013 3611 1070 discernendis

2018 1117 2176 1177 atque
2207 1106 2489 1178 diligendis
2517 1107 2901 1163 adhibeamus:
2942 1123 3011 1162 ne
3050 1107 3134 1162 vel
3171 1108 3393 1163 confuse
3433 1109 3611 1164 omnia

2018 1200 2370 1266 misceamus,
2406 1200 2488 1254 vel
2521 1199 2786 1255 malitiose
2818 1208 3232 1269 praatereamus,
3266 1216 3385 1270 qua:
3415 1200 3610 1256 imitari

2018 1308 2117 1347 nos
2160 1300 2401 1363 oportet,
2447 1294 2531 1346 vel
2577 1292 2770 1358 etiam,
2817 1307 2936 1362 qua:
2981 1291 3106 1346 huic
3145 1291 3289 1348 aetati
3328 1307 3434 1348 non
3483 1309 3609 1349 con-

2017 1387 2266 1452 veniunt,
2319 1387 2741 1456 intemperanter
2790 1399 3092 1455 urgeamus.
3141 1385 3275 1441 Cum
3336 1386 3464 1442 olim
3541 1388 3610 1445 de

2018 1478 2349 1534 testamentis
2378 1488 2648 1553 ageretur,
2682 1479 2764 1533 lex
2805 1478 3048 1550 quardam
3086 1479 3256 1534 civilis
3296 1480 3605 1552 respondit,

2021 1589 2040 1623 ι
2076 1572 2410 1628 retinendum
2457 1585 2577 1628 esse
2623 1585 2830 1628 morem
2877 1570 3200 1628 ﬁdelissimae
3245 1575 3544 1629 vetustatis.
3582 1593 3600 1627 ι

2015 1666 2075 1722 L.
2146 1682 2292 1724 xvtn.
2346 1665 2477 1722 Cod.
2530 1666 2594 1722 de
2640 1665 2683 1720 Τ
2689 1674 2864 1720 astam.
2917 1664 3158 1737 Cumque
3197 1667 3266 1722 de
3314 1667 3506 1723 ﬁnibus
3555 1677 3609 1724 ct

303 1757 538 1813 vandam
581 1774 682 1815 nos
719 1761 945 1825 excitet,
987 1764 1078 1834 qui
1114 1773 1172 1820 et
1207 1764 1405 1836 alioqui
1449 1765 1719 1821 Romanas
1761 1776 1908 1820 tanto
1936 1764 1984 1824 B
2013 1762 2199 1817 ordine
2222 1761 2622 1831 gubernationis
2646 1761 3025 1817 ecclesiasticae
3048 1771 3400 1832 qumreretur,
3428 1761 3606 1818 audita

301 1850 489 1904 studio
532 1854 924 1922 persequimur.
952 1853 1131 1926 Atque
1175 1849 1377 1911 utin'am
1421 1857 1512 1929 qui
1558 1858 1744 1914 Roma:
1782 1867 1908 1912 sunt

298 1943 448 1999 docti
485 1945 764 2011 homines,
807 1956 862 2003 et
902 1949 1107 2005 nullum
1137 1965 1244 2004 non
1275 1950 1436 2006 etiam
1469 1951 1698 2023 lapidem
1731 1951 1908 2007 revol-

299 2047 464 2098 vunt,
499 2038 806 2110 nullamque
835 2056 940 2095 non
973 2043 1024 2094 in
1069 2041 1200 2112 ipsis
1239 2042 1504 2113 lapidibus
1543 2045 1774 2099 litteram
1811 2044 1906 2100 ob-

296 2140 550 2194 servant,
596 2141 653 2186 ut
692 2133 926 2202 antiquae
963 2135 1269 2208 reipublicae
1307 2138 1506 2209 aliquid
1547 2148 1769 2196 eruaut:
1803 2154 1898 2195 ve-

297 2223 434 2276 teris
484 2237 698 2294 quoque
747 2225 1002 2281 Ecclesia:
1047 2227 1374 2285 monimenta
1430 2229 1668 2303 (quibus
1715 2229 1902 2286 eadem

295 2315 433 2371 urbs
472 2317 755 2392 abundat)
795 2321 1141 2390 colligerent,
1185 2323 1500 2396 pluresque,
1542 2325 1631 2396 qui
1665 2325 1716 2380 in
1757 2341 1818 2381 ea
1848 2333 1903 2381 et

295 2408 587 2475 vixerunt,
622 2421 676 2466 et
705 2413 897 2483 sepulti
930 2423 1090 2482 sunt,
1122 2413 1387 2472 Minucios
1413 2418 1728 2473 excitarent.
1760 2417 1901 2475 Satis

288 2500 438 2570 jam,
473 2503 605 2556 satis
634 2513 718 2560 est
747 2521 1006 2562 novorum
1040 2508 1106 2563 de
1135 2508 1412 2580 ReligiOne
1435 2510 1756 2566 libellorum.
1797 2513 1903 2569 Ve.

294 2595 507 2650 teribus
562 2597 737 2666 potius
789 2600 841 2654 in
895 2600 1067 2657 lucem
1122 2603 1439 2658 revocandis
1481 2603 1639 2673 hujus
1687 2606 1901 2674 generis

289 2689 541 2761 reliquiis
577 2706 794 2762 Operam
833 2693 1053 2750 demus:
1097 2705 1152 2752 et
1191 2697 1358 2768 simus
1397 2698 1685 2764 aliquando
1726 2698 1898 2754 docta:

289 2782 633 2852 antiquitatis
682 2787 893 2856 potius,
927 2804 1087 2858 quam
1133 2789 1307 2846 inanis
1346 2791 1596 2846 novitatis
1634 2793 1896 2850 studiosi:

290 2877 675 2949 majorumque
725 2891 1033 2938 nostrorum
1074 2882 1336 2954 imagines
1374 2893 1428 2939 et
1469 2886 1800 2953 intueamur,
1845 2894 1899 2942 et

288 2971 444 3037 aliis,
476 2987 544 3027 ne
573 2973 694 3026 novi
725 2971 976 3031 homines
1005 2991 1126 3033 esse
1158 2975 1297 3033 forte
1325 2978 1626 3043 videamur,
1656 2989 1895 3038 ostente-

287 3078 433 3118 mus.
486 3063 668 3134 Neque
710 3076 920 3137 tamen,
964 3070 1064 3125 etsi
1103 3072 1293 3128 eadem
1334 3088 1522 3128 eorum
1564 3075 1750 3145 religio
1779 3078 1897 3131 ani-

2011 1855 2062 1909 in
2111 1853 2325 1909 Nicaeno
2368 1854 2597 1910 concilio
2639 1861 2720 1910 est
2764 1854 2850 1908 illa
2899 1868 3030 1908 vox:
3079 1861 3165 1908 TA
3206 1860 3441 1908 APXAIA
3483 1862 3605 1908 ΕΘΗ

2008 1954 2357 2001 ΚΡΑΤΕΙΤΩ.
2389 1945 2541 2000 Nulla
2573 1955 2750 2002 tamen
2779 1945 2878 2001 fuit
2904 1947 3246 2018 superstitio,
3273 1963 3393 2018 qua:
3421 1949 3608 2002 intent-

2007 2050 2280 2110 peranter,
2310 2049 2471 2110 atque
2499 2040 2820 2110 impotenter
2845 2049 3093 2110 urgeret,
3122 2037 3262 2109 quod
3289 2038 3596 2108 reipublic-se

2007 2136 2153 2190 salus
2183 2136 2510 2206 repudiaret.
2559 2134 2626 2190 Et
2667 2145 2726 2189 ut
2761 2134 3032 2206 sapientes
3065 2133 3468 2205 jurisconsuiti,
3513 2133 3604 2188 ubi

2004 2230 2072 2286 de
2100 2234 2505 2302 magistratuum
2531 2229 2652 2299 jure
2672 2229 2898 2300 quaestio
2924 2237 3096 2293 esset,
3122 2232 3357 2300 graviter
3381 2241 3606 2296 respon-

2005 2323 2231 2391 debant,
2265 2339 2368 2378 non
2398 2323 2570 2377 solum
2599 2321 2946 2392 spectandum
2974 2336 3129 2388 esse,
3157 2320 3283 2390 quid
3311 2319 3496 2374 RttlliiB
3525 2318 3602 2374 i‘a-

2004 2430 2147 2473 ctum
2177 2418 2267 2483 sit,
2296 2417 2388 2473 sed
2418 2418 2577 2471 etiam
2605 2416 2733 2486 quid
2762 2414 2877 2470 ﬁeri
2906 2414 3120 2470 debeat.
3151 2412 3314 2486 (Lege
3342 2411 3600 2467 duodeci-

2004 2527 2088 2566 ma
2119 2511 2182 2564 de
2211 2510 2354 2581 Ollio.
2390 2507 2584 2580 Praes.)
2615 2508 2702 2565 Sic
2729 2509 2889 2563 etiam
2917 2516 3158 2578 spectare
3184 2507 3460 2572 debemus,
3492 2520 3600 2560 non

2002 2605 2175 2662 solum
2221 2603 2345 2673 quid
2381 2603 2611 2674 majores
2641 2603 2806 2658 nostri
2836 2599 3090 2663 fecerint,
3121 2599 3214 2655 sed
3245 2611 3296 2654 et
3327 2614 3434 2670 quo
3462 2606 3600 2652 tem-

2003 2715 2162 2771 pore,
2212 2706 2266 2753 et
2317 2713 2488 2767 quare
2535 2695 2872 2754 conditione.
2910 2703 3001 2750 aut
3047 2693 3188 2764 quali
3235 2691 3374 2748 line:
3425 2704 3599 2761 neque

2001 2813 2107 2852 non
2141 2795 2450 2850 meminisse
2477 2807 2690 2862 queque
2736 2798 2982 2860 Oportet,
3028 2786 3171 2859 quod
3219 2787 3306 2842 lex
3353 2783 3597 2856 quaedam

2001 2901 2218 2954 monet,
2254 2906 2358 2944 non
2396 2898 2500 2943 tam
2533 2887 2797 2956 exemplis
2825 2900 2984 2957 quam
3019 2881 3223 2953 legibus
3247 2878 3594 2952 iudicandum

1999 2999 2138 3040 esse.
2175 2984 2316 3055 Ergo
2346 2982 2482 3038 facio
2524 2981 2886 3052 periubeuter,
2929 2988 2986 3033 ut
3028 2985 3084 3034 et
3115 2971 3596 3049 jurisprudentiam

1998 3087 2051 3134 et
2093 3077 2369 3132 historiam
2409 3075 2736 3145 conjunctim
2780 3082 2870 3128 aut
2911 3073 3119 3141 colam,
3161 3080 3251 3125 aut
3279 3068 3468 3128 saltem
3499 3078 3594 3127 co-

287 3172 522 3228 musque
563 3159 702 3215 idem
745 3160 939 3226 fuerit,
982 3163 1170 3220 eadem
1216 3181 1431 3238 quoque
1475 3181 1691 3240 semper
1728 3168 1894 3226 l'acies
1920 3166 1966 3229 C
2001 3171 2210 3227 lendam
2255 3185 2375 3225 esse
2401 3183 2544 3239 saepe
2575 3168 2862 3239 proﬁtear:
2895 3165 3192 3238 etquidem
3225 3175 3506 3237 utramque
3538 3164 3592 3220 in

286 3248 422 3313 fuit,
458 3251 670 3307 idemve
708 3262 900 3310 status.
944 3255 1062 3311 Non
1104 3259 1248 3314 enim
1289 3274 1507 3332 semper
1537 3265 1707 3318 vexati
1739 3263 1892 3334 abje-

285 3342 470 3410 ctique
510 3341 825 3413 jacuernut,
870 3363 1046 3420 neque
1088 3360 1192 3406 tam
1233 3363 1322 3406 aut
1363 3353 1552 3425 ingrati
1593 3365 1685 3410 aut
1725 3357 1891 3427 inepti

283 3431 539 3499 fuerunt,
585 3448 642 3489 ut
684 3439 886 3507 optimo
920 3441 1044 3510 jure
1087 3445 1394 3513 optimaque
1434 3447 1742 3504 conditione
1771 3464 1892 3506 esse

282 3528 621 3596 recnsarint,
662 3545 784 3586 Cum
817 3531 918 3588 hoc
975 3535 1038 3590 iis
1085 3536 1232 3591 licuit
1264 3553 1358 3608 per
1397 3540 1665 3612 principes
1707 3542 1890 3600 Chris-

284 3621 496 3675 tianos:
526 3637 698 3694 neque
725 3636 830 3680 tam
859 3627 987 3682 fatui
1005 3671 1019 3694 ,
1049 3641 1104 3684 ut
1132 3632 1231 3687 hoc
1259 3633 1521 3690 beneiicio
1549 3652 1654 3693 non
1680 3649 1887 3696 uteren-

284 3721 405 3768 tur:
432 3724 614 3786 neque
646 3728 752 3774 tam
795 3721 987 3791 iniqui,
1023 3733 1112 3790 ut,
1143 3725 1188 3781 si
1214 3728 1342 3798 quid
1374 3729 1423 3783 in
1456 3730 1566 3785 suis
1600 3733 1888 3801 imperato-

281 3806 433 3861 ribus
460 3807 864 3879 desiderarent,
895 3831 1226 3887 paganorum
1256 3824 1271 3889 (
1297 3833 1349 3876 ut
1378 3823 1681 3898 loquimur)
1715 3839 1886 3901 tyran-

282 3913 484 3954 norum
528 3902 650 3958 loco
689 3921 785 3961 eos
829 3905 1121 3965 haberent:
1165 3929 1338 3984 neque
1389 3924 1495 3970 tam
1546 3924 1775 3985 morosi,
1829 3933 1886 3979 ut

280 3991 514 4060 publica:
569 3999 938 4068 tranquillitati
987 4001 1118 4057 nihil
1161 4006 1449 4076 quidquam
1489 4011 1880 4071 condonarent.

276 4081 501 4153 Loquor
529 4085 598 4140 tle
629 4087 728 4151 iis,
761 4091 849 4161 qui
882 4108 986 4147 non
1030 4094 1244 4151 fuerunt
1287 4098 1603 4169 degeneres.
1655 4103 1758 4161 Sed
1814 4107 1880 4162 li.

277 4171 426 4228 hera:
475 4175 728 4234 Ecclesiae
767 4183 1106 4252 splendorem
1153 4205 1256 4244 non
1287 4191 1415 4246 vidit
1445 4193 1733 4254 Minucius:
1766 4214 1880 4256 ser-

275 4271 478 4327 vientis
529 4273 692 4330 tundo
741 4280 1044 4348 squalorem
1097 4284 1246 4340 vidit.
1282 4286 1530 4344 Nostrum
1582 4307 1714 4348 vero
1761 4305 1874 4366 est,

275 4372 568 4436 utrumque
594 4377 822 4437 statum,
850 4383 903 4427 et
933 4376 1206 4447 utriusque
1229 4383 1488 4452 temporis
1513 4386 1877 4444 conditionem

272 4467 425 4512 recte
455 4460 803 4519 considerare
830 4473 990 4536 atque
1017 4467 1354 4529 discernere:
1386 4485 1440 4530 et
1472 4475 1572 4532 hoc
1602 4490 1840 4536 externa:
1859 4525 1873 4549 ,

1999 3276 2229 3338 utroque
2259 3280 2493 3334 genere,
2527 3265 2876 3319 hmuauarum
2917 3261 3039 3316 dico
3079 3269 3134 3316 et
3175 3259 3474 3315 divinarum
3503 3273 3593 3314 re-

1997 3377 2116 3418 rum
2139 3402 2152 3424 ,
2179 3361 2292 3416 sive
2312 3359 2544 3415 civilium
2572 3372 2624 3413 et
2647 3355 3151 3412 ecclesiasticarum.
3175 3353 3308 3408 Nam
3331 3362 3386 3409 et
3407 3367 3592 3408 earum

1995 3453 2345 3523 intelligentia
2377 3462 2537 3524 atque
2569 3450 2826 3506 memoria
2859 3449 3020 3504 talem
3053 3447 3243 3503 horum
3289 3445 3590 3501 studiorum

1993 3548 2427 3618 conjunctionem
2471 3543 2724 3616 requirit:
2776 3552 2870 3608 ut,
2920 3542 2962 3597 si
3009 3541 3256 3596 Tiberius
3297 3540 3592 3609 imperator

1992 3650 2140 3696 recte
2165 3639 2456 3709 judicavit,
2488 3636 2774 3692 militarem
2805 3633 3138 3703 disciplinam
3179 3632 3198 3705 (
3226 3631 3365 3702 quod
3395 3632 3468 3686 ait
3510 3628 3588 3701 (2)

1991 3733 2322 3803 Suetonius)
2377 3746 2445 3788 ex
2499 3731 2813 3800 antiquitate
2865 3743 2988 3784 esse
3037 3727 3430 3797 repetendam:
3486 3740 3588 3782 nos

1991 3826 2160 3881 multo
2204 3824 2373 3896 magis
2405 3823 2704 3880 sentiamus
2735 3823 3043 3892 rectiusque
3069 3820 3339 3883 dicamus,
3372 3819 3584 3874 civilem

1989 3928 2044 3974 et
2070 3918 2489 3973 ecclesiasticam
2524 3916 2661 3970 bona
2695 3915 2800 3970 lide
2825 3914 3136 3985 judicioque
3169 3914 3313 3968 bono
3345 3911 3467 3967 inde
3498 3927 3586 3966 re-

1989 4011 2094 4081 peti
2137 4009 2356 4064 debere.
2400 4008 2607 4063 lnterea
2638 4023 2798 4076 vero,
2831 4009 2954 4078 quia
2996 4007 3143 4062 varie
3186 4015 3242 4062 et
3285 4005 3585 4076 periculose

1986 4101 2073 4158 hic
2100 4103 2266 4157 errari
2297 4116 2454 4172 posse
2481 4101 2687 4167 sentio,
2721 4102 2915 4156 iterum
2945 4104 3248 4170 iterumque
3273 4098 3585 4156 obtestabor

1984 4212 2173 4252 omnes
2203 4196 2371 4251 bonos
2399 4205 2450 4251 et
2479 4195 2763 4261 cordatus,
2795 4203 2852 4250 ut
2881 4209 2910 4248 a
2942 4193 3265 4251 factionibus
3289 4193 3499 4261 aversi,
3529 4201 3584 4249 et

1984 4307 2013 4346 a
2059 4292 2236 4347 studio
2285 4292 2512 4362 partium
2559 4291 2754 4358 alieni,
2803 4291 3032 4360 primum
3074 4292 3326 4345 vetustati
3374 4297 3580 4344 tantum

1983 4385 2317 4442 auctoritatis
2359 4385 2628 4451 tribuant,
2674 4394 2935 4454 quantum
2978 4383 3051 4438 illi
3094 4382 3353 4438 debetur:
3386 4382 3581 4437 deinde

1983 4480 2194 4552 placide
2237 4480 2471 4550 cogitent
2512 4487 2673 4547 atque
2715 4478 3030 4541 observent,
3081 4492 3187 4532 non
3233 4475 3406 4530 solum
3450 4475 3577 4546 quid

270 4560 334 4646 ut
375 4549 446 4603 ita
490 4551 698 4646 loquar,
743 4555 930 4613 formae
972 4570 1381 4635 temporumque
1422 4568 1708 4629 discrimen
1743 4590 1872 4646 pru-
1898 4575 1953 4636 D
1978 4549 2188 4628 veteres
2211 4549 2536 4638 Christiani,
2567 4581 2810 4642 tempore
2858 4569 3110 4635 Minucii,
3153 4569 3424 4628 iacerent.
3453 4582 3575 4623 cum

269 4644 471 4699 denter
493 4645 780 4704 observare
798 4693 811 4716 ,
839 4661 898 4706 ut
923 4663 975 4708 et
1002 4657 1333 4728 antiquitatis
1360 4665 1617 4720 memoria
1635 4708 1648 4728 .
1679 4644 1876 4726 elima-

263 4736 451 4808 jorum
481 4751 784 4798 nostrorum
812 4749 1072 4818 exemplis
1098 4760 1241 4808 recte
1266 4762 1498 4813 utamur.
1528 4758 1627 4818 Hic
1651 4763 1792 4820 enim
1820 4772 1876 4821 et

341 4895 1516 4997 Si).Fifffﬂtit‘iafzrersms.eriscoaus.
1539 4919 1590 4974 in
1615 4922 1848 4997 Dialosis

301 4968 748 5062 genista:
777 4968 969 5060 netnén
997 4976 1086 5062 dat
1103 5023 1131 5062 ,7
1153 4968 1372 5062 Q‘ia'logo

295 5040 415 5124 :ips.
447 5041 517 5124 ita
541 5040 909 5124 Orthodoxutn
939 5040 1140 5106 inducit
1167 5040 1453 5122 Eran‘t’sunz

261 5118 413 5204 τρέμει
447 5118 789 5204 interroga-uti
809 5159 823 5179 ,
858 5125 1295 5204 respondentem?
1328 5133 1378 5185 οὗ
1402 5118 1496 5202 xei:
1516 5118 1868 5204 auset—.343-

258 5188 505 5280 ξξξῗεῖξξ
524 5208 658 5280 ’ξτας
679 5192 916 5280 οξμυήτοξδς
937 5188 1180 5280 ῥξοιρεῖναιε.
1210 5196 1260 5251 Ν
1265 5216 1328 5280 0_n
1339 5188 1490 5280 deget
1515 5188 1872 5280 aperte—loqui:

259 5255 500 5339 fortassis
528 5257 716 5339 adsunt
745 5263 993 5339 mysteriis
1010 5255 1246 5323 'nondum
1275 5255 1482 5330 initiati.

258 5326 1188 5430 E35533..‘,:‘,?Zt:f1f§§f‘_’i_°§“§”t"“
1208 5326 1342 5401 εστωέ
1377 5326 1708 5421 Per—6567i?-
1731 5326 1868 5430 ’ἐὲἓο

256 5399 313 5450 in
345 5399 516 5468 [arma
543 5402 826 5474 wnignwtis
855 5399 1131 5480 responsio.

1978 4666 2123 4722 aliud
2155 4681 2261 4720 non
2291 4676 2548 4738 possent:
2579 4665 2672 4721 sed
2701 4673 2754 4720 et
2784 4665 2908 4736 quid
2939 4673 3221 4736 Optarent,
3251 4672 3306 4720 et
3335 4663 3423 4717 ubi
3450 4677 3575 4732 pos.

1979 4770 2099 4816 sent
2120 4800 2137 4826 ,
2170 4759 2474 4815 faciendum
2503 4774 2624 4814 esse
2656 4768 2987 4815 statuerent:
3021 4767 3075 4813 et
3105 4773 3234 4813 vero
3257 4800 3270 4820 ,
3302 4755 3426 4827 quid
3459 4764 3576 4810 tan-

1977 4857 2101 4912 dem
2123 4897 2136 4920 ,
2165 4870 2286 4909 cum
2333 4855 2483 4910 liberi
2533 4853 2778 4920 luerunt,
2821 4852 3080 4916 fecerint,
3111 4861 3171 4907 ut
3199 4859 3252 4906 et
3282 4848 3574 4919 rempubli-

1978 4964 2095 5006 cam
2125 4959 2179 5006 et
2202 4949 2500 5006 Ecclesiam
2528 4957 2676 5005 recte
2701 4949 3116 5004 constituerent.

2045 5197 2127 5284 (2)
2153 5197 2440 5284 Suetonius
2460 5199 2644 5284 Tiber.
2669 5218 2784 5275 cap.
2800 5204 2912 5284 ‘19.
2963 5204 3301 5284 Disciplinam
3327 5208 3574 5284 acerrime

1971 5272 2170 5351 exegit,
2197 5272 2689 5351 animadversionum
2718 5272 2764 5333 et
2792 5272 3186 5349 ignominiarum
3214 5281 3481 5351 generibus
3509 5297 3573 5336 ex

1969 5344 2266 5416 antiquitate
2292 5345 2536 5416 repetitis.

1660 5659 2180 5721 Μ
