  <div class='ocr_page' id='page_1' title='image "/cluster/home/n/w/nwhite01/storage/ocr_20150623/3/hvd.32044015471212/159.png"; bbox 0 0 3950 6310; ppageno 0'>
   <div class='ocr_carea' id='block_1_1' title="bbox 364 225 473 303">
    <p class='ocr_par' dir='ltr' id='par_1_1' title="bbox 364 225 473 303">
     <span class='ocr_line' id='line_1_1' title="bbox 364 225 473 303; baseline 0 -1"><span class='ocrx_word' id='word_1_1' title='bbox 364 225 473 303; x_wconf 72' lang='lat' dir='ltr'><strong>sta</strong></span> 
     </span>
    </p>
   </div>
   <div class='ocr_carea' id='block_1_2' title="bbox 1809 227 2197 288">
    <p class='ocr_par' dir='ltr' id='par_1_2' title="bbox 1809 227 2197 288">
     <span class='ocr_line' id='line_1_2' title="bbox 1809 227 2197 288; baseline -0.01 -2"><span class='ocrx_word' id='word_1_2' title='bbox 1809 227 2197 288; x_wconf 65' lang='lat' dir='ltr'><strong>PREFATIO.</strong></span> 
     </span>
    </p>
   </div>
   <div class='ocr_carea' id='block_1_3' title="bbox 384 386 3665 467">
    <p class='ocr_par' dir='ltr' id='par_1_3' title="bbox 384 386 3665 467">
     <span class='ocr_line' id='line_1_3' title="bbox 384 386 3665 467; baseline -0.007 0"><span class='ocrx_word' id='word_1_3' title='bbox 384 386 3665 467; x_wconf 29' lang='grc' dir='ltr'><strong><em>ψ</em></strong></span> 
     </span>
    </p>
   </div>
   <div class='ocr_carea' id='block_1_4' title="bbox 771 600 3312 692">
    <p class='ocr_par' dir='ltr' id='par_1_4' title="bbox 771 600 3312 692">
     <span class='ocr_line' id='line_1_4' title="bbox 771 600 3312 692; baseline -0.007 0"><span class='ocrx_word' id='word_1_4' title='bbox 771 618 922 692; x_wconf 87' lang='lat' dir='ltr'><strong>AD</strong></span> <span class='ocrx_word' id='word_1_5' title='bbox 973 610 1427 689; x_wconf 79' lang='lat' dir='ltr'><strong>PBIMAM</strong></span> <span class='ocrx_word' id='word_1_6' title='bbox 1484 604 2011 682; x_wconf 84' lang='lat' dir='ltr'><strong>LINDNERI</strong></span> <span class='ocrx_word' id='word_1_7' title='bbox 2056 600 2676 677; x_wconf 82' lang='lat' dir='ltr'><strong>EDITIONEM</strong></span> <span class='ocrx_word' id='word_1_8' title='bbox 2741 600 3312 677; x_wconf 67' lang='lat' dir='ltr'><strong>PBEFATIO</strong></span> 
     </span>
    </p>
   </div>
   <div class='ocr_carea' id='block_1_5' title="bbox 520 776 3529 992">
    <p class='ocr_par' dir='ltr' id='par_1_5' title="bbox 520 776 3529 992">
     <span class='ocr_line' id='line_1_5' title="bbox 520 776 3529 992; baseline -0.005 -7"><span class='ocrx_word' id='word_1_9' title='bbox 520 839 1381 992; x_wconf 86' lang='lat' dir='ltr'><strong>JOANNIS</strong></span> <span class='ocrx_word' id='word_1_10' title='bbox 1461 832 2557 987; x_wconf 86' lang='lat' dir='ltr'><strong>AUGUSTINI</strong></span> <span class='ocrx_word' id='word_1_11' title='bbox 2637 822 3529 979; x_wconf 79' lang='lat' dir='ltr'><strong>ERNESTI.</strong></span> 
     </span>
    </p>
   </div>
   <div class='ocr_carea' id='block_1_6' title="bbox 1772 1136 2248 1181">
    <p class='ocr_par' dir='ltr' id='par_1_6' title="bbox 1772 1136 2248 1181">
     <span class='ocr_line' id='line_1_6' title="bbox 1772 1136 2248 1181; baseline -0.004 -4"><span class='ocrx_word' id='word_1_12' title='bbox 1772 1136 2248 1181; x_wconf 71' lang='grc' dir='ltr'><strong>-οοο--</strong></span> 
     </span>
    </p>
   </div>
   <div class='ocr_carea' id='block_1_7' title="bbox 666 1360 1670 1423">
    <p class='ocr_par' dir='ltr' id='par_1_7' title="bbox 666 1360 1670 1423">
     <span class='ocr_line' id='line_1_7' title="bbox 666 1360 1670 1423; baseline -0.005 -3"><span class='ocrx_word' id='word_1_13' title='bbox 666 1364 831 1423; x_wconf 79' lang='lat' dir='ltr'><strong>Docto</strong></span> <span class='ocrx_word' id='word_1_14' title='bbox 860 1374 907 1421; x_wconf 76' lang='lat' dir='ltr'><strong>et</strong></span> <span class='ocrx_word' id='word_1_15' title='bbox 932 1363 1209 1421; x_wconf 72' lang='lat' dir='ltr'><strong>christiano</strong></span> <span class='ocrx_word' id='word_1_16' title='bbox 1236 1360 1409 1419; x_wconf 76' lang='lat' dir='ltr'><strong>lectori</strong></span> <span class='ocrx_word' id='word_1_17' title='bbox 1432 1362 1670 1419; x_wconf 68' lang='lat' dir='ltr'><strong>solum.</strong></span> 
     </span>
    </p>
   </div>
   <div class='ocr_carea' id='block_1_8' title="bbox 453 1513 1969 1590">
    <p class='ocr_par' dir='ltr' id='par_1_8' title="bbox 453 1513 1969 1590">
     <span class='ocr_line' id='line_1_8' title="bbox 453 1513 1969 1590; baseline -0.007 -14"><span class='ocrx_word' id='word_1_18' title='bbox 453 1517 509 1576; x_wconf 92' lang='lat' dir='ltr'><strong>ln</strong></span> <span class='ocrx_word' id='word_1_19' title='bbox 540 1518 798 1576; x_wconf 89' lang='lat' dir='ltr'><strong>institutis</strong></span> <span class='ocrx_word' id='word_1_20' title='bbox 837 1533 1048 1586; x_wconf 87' lang='lat' dir='ltr'><strong>eorum,</strong></span> <span class='ocrx_word' id='word_1_21' title='bbox 1075 1532 1171 1590; x_wconf 89' lang='lat' dir='ltr'><strong>per</strong></span> <span class='ocrx_word' id='word_1_22' title='bbox 1204 1532 1339 1585; x_wconf 85' lang='lat' dir='ltr'><strong>quos</strong></span> <span class='ocrx_word' id='word_1_23' title='bbox 1373 1516 1630 1573; x_wconf 84' lang='lat' dir='ltr'><strong>bonarum</strong></span> <span class='ocrx_word' id='word_1_24' title='bbox 1671 1513 1969 1569; x_wconf 90' lang='lat' dir='ltr'><strong>litterarum</strong></span> 
     </span>
    </p>
   </div>
   <div class='ocr_carea' id='block_1_9' title="bbox 379 1609 1972 1681">
    <p class='ocr_par' dir='ltr' id='par_1_9' title="bbox 379 1609 1972 1681">
     <span class='ocr_line' id='line_1_9' title="bbox 379 1609 1972 1681; baseline -0.004 -14"><span class='ocrx_word' id='word_1_25' title='bbox 379 1613 657 1675; x_wconf 90' lang='lat' dir='ltr'><strong>omnium,</strong></span> <span class='ocrx_word' id='word_1_26' title='bbox 705 1610 1073 1681; x_wconf 83' lang='lat' dir='ltr'><strong>imprimisque</strong></span> <span class='ocrx_word' id='word_1_27' title='bbox 1114 1625 1412 1678; x_wconf 88' lang='lat' dir='ltr'><strong>sacrarum,</strong></span> <span class='ocrx_word' id='word_1_28' title='bbox 1458 1609 1863 1680; x_wconf 85' lang='lat' dir='ltr'><strong>intelligentiam</strong></span> <span class='ocrx_word' id='word_1_29' title='bbox 1894 1614 1972 1661; x_wconf 87' lang='lat' dir='ltr'><strong>at-</strong></span> 
     </span>
    </p>
   </div>
   <div class='ocr_carea' id='block_1_10' title="bbox 380 1700 1975 1777">
    <p class='ocr_par' dir='ltr' id='par_1_10' title="bbox 380 1700 1975 1777">
     <span class='ocr_line' id='line_1_10' title="bbox 380 1700 1975 1777; baseline -0.004 -16"><span class='ocrx_word' id='word_1_30' title='bbox 380 1720 483 1777; x_wconf 87' lang='lat' dir='ltr'><strong>que</strong></span> <span class='ocrx_word' id='word_1_31' title='bbox 512 1705 788 1761; x_wconf 93' lang='lat' dir='ltr'><strong>scientiam</strong></span> <span class='ocrx_word' id='word_1_32' title='bbox 823 1704 961 1759; x_wconf 84' lang='lat' dir='ltr'><strong>Deus</strong></span> <span class='ocrx_word' id='word_1_33' title='bbox 988 1702 1219 1759; x_wconf 89' lang='lat' dir='ltr'><strong>reddidit</strong></span> <span class='ocrx_word' id='word_1_34' title='bbox 1254 1704 1433 1774; x_wconf 82' lang='lat' dir='ltr'><strong>generi</strong></span> <span class='ocrx_word' id='word_1_35' title='bbox 1467 1701 1723 1768; x_wconf 89' lang='lat' dir='ltr'><strong>humano,</strong></span> <span class='ocrx_word' id='word_1_36' title='bbox 1761 1700 1863 1755; x_wconf 88' lang='lat' dir='ltr'><strong>hoc</strong></span> <span class='ocrx_word' id='word_1_37' title='bbox 1889 1714 1975 1755; x_wconf 86' lang='lat' dir='ltr'><strong>re-</strong></span> 
     </span>
    </p>
   </div>
   <div class='ocr_carea' id='block_1_11' title="bbox 384 1792 1978 1875">
    <p class='ocr_par' dir='ltr' id='par_1_11' title="bbox 384 1792 1978 1875">
     <span class='ocr_line' id='line_1_11' title="bbox 384 1792 1978 1875; baseline -0.004 -22"><span class='ocrx_word' id='word_1_38' title='bbox 384 1798 531 1869; x_wconf 88' lang='lat' dir='ltr'><strong>perio</strong></span> <span class='ocrx_word' id='word_1_39' title='bbox 580 1797 763 1865; x_wconf 78' lang='lat' dir='ltr'><strong>fuisse,</strong></span> <span class='ocrx_word' id='word_1_40' title='bbox 807 1806 865 1851; x_wconf 89' lang='lat' dir='ltr'><strong>ut</strong></span> <span class='ocrx_word' id='word_1_41' title='bbox 894 1807 946 1851; x_wconf 93' lang='lat' dir='ltr'><strong>et</strong></span> <span class='ocrx_word' id='word_1_42' title='bbox 977 1796 1076 1875; x_wconf 87' lang='lat' dir='ltr'><strong>ipsi</strong></span> <span class='ocrx_word' id='word_1_43' title='bbox 1122 1811 1271 1851; x_wconf 91' lang='lat' dir='ltr'><strong>sacra</strong></span> <span class='ocrx_word' id='word_1_44' title='bbox 1311 1810 1432 1851; x_wconf 91' lang='lat' dir='ltr'><strong>cum</strong></span> <span class='ocrx_word' id='word_1_45' title='bbox 1478 1792 1724 1848; x_wconf 83' lang='lat' dir='ltr'><strong>humanis</strong></span> <span class='ocrx_word' id='word_1_46' title='bbox 1751 1793 1978 1863; x_wconf 80' lang='lat' dir='ltr'><strong>conjun-</strong></span> 
     </span>
    </p>
   </div>
   <div class='ocr_carea' id='block_1_12' title="bbox 383 1889 1978 1964">
    <p class='ocr_par' dir='ltr' id='par_1_12' title="bbox 383 1889 1978 1964">
     <span class='ocr_line' id='line_1_12' title="bbox 383 1889 1978 1964; baseline -0.002 -16"><span class='ocrx_word' id='word_1_47' title='bbox 383 1902 591 1964; x_wconf 83' lang='lat' dir='ltr'><strong>gerent,</strong></span> <span class='ocrx_word' id='word_1_48' title='bbox 625 1909 723 1949; x_wconf 90' lang='lat' dir='ltr'><strong>nec</strong></span> <span class='ocrx_word' id='word_1_49' title='bbox 754 1896 928 1948; x_wconf 90' lang='lat' dir='ltr'><strong>minus</strong></span> <span class='ocrx_word' id='word_1_50' title='bbox 960 1892 1186 1948; x_wconf 80' lang='lat' dir='ltr'><strong>studiosi</strong></span> <span class='ocrx_word' id='word_1_51' title='bbox 1211 1900 1394 1948; x_wconf 86' lang='lat' dir='ltr'><strong>essent</strong></span> <span class='ocrx_word' id='word_1_52' title='bbox 1415 1889 1761 1962; x_wconf 84' lang='lat' dir='ltr'><strong>legendorum</strong></span> <span class='ocrx_word' id='word_1_53' title='bbox 1785 1889 1978 1945; x_wconf 86' lang='lat' dir='ltr'><strong>veteris</strong></span> 
     </span>
    </p>
   </div>
   <div class='ocr_carea' id='block_1_13' title="bbox 384 1986 1979 2059">
    <p class='ocr_par' dir='ltr' id='par_1_13' title="bbox 384 1986 1979 2059">
     <span class='ocr_line' id='line_1_13' title="bbox 384 1986 1979 2059; baseline -0.002 -16"><span class='ocrx_word' id='word_1_54' title='bbox 384 1986 660 2054; x_wconf 65' lang='lat' dir='ltr'><strong>Ecclesiw,</strong></span> <span class='ocrx_word' id='word_1_55' title='bbox 693 1986 895 2045; x_wconf 70' lang='lat' dir='ltr'><strong>Grarcze</strong></span> <span class='ocrx_word' id='word_1_56' title='bbox 924 1988 1254 2059; x_wconf 86' lang='lat' dir='ltr'><strong>Latina-que,</strong></span> <span class='ocrx_word' id='word_1_57' title='bbox 1288 1987 1630 2057; x_wconf 85' lang='lat' dir='ltr'><strong>scriptorum,</strong></span> <span class='ocrx_word' id='word_1_58' title='bbox 1672 2002 1832 2057; x_wconf 87' lang='lat' dir='ltr'><strong>quant</strong></span> <span class='ocrx_word' id='word_1_59' title='bbox 1860 1999 1979 2057; x_wconf 64' lang='lat' dir='ltr'><strong>qure</strong></span> 
     </span>
    </p>
   </div>
   <div class='ocr_carea' id='block_1_14' title="bbox 383 2079 1977 2150">
    <p class='ocr_par' dir='ltr' id='par_1_14' title="bbox 383 2079 1977 2150">
     <span class='ocr_line' id='line_1_14' title="bbox 383 2079 1977 2150; baseline -0.001 -15"><span class='ocrx_word' id='word_1_60' title='bbox 383 2080 454 2135; x_wconf 87' lang='lat' dir='ltr'><strong>ab</strong></span> <span class='ocrx_word' id='word_1_61' title='bbox 477 2081 869 2150; x_wconf 83' lang='lat' dir='ltr'><strong>antiquioribus</strong></span> <span class='ocrx_word' id='word_1_62' title='bbox 890 2079 1094 2137; x_wconf 79' lang='lat' dir='ltr'><strong>Grai-cis</strong></span> <span class='ocrx_word' id='word_1_63' title='bbox 1119 2093 1172 2134; x_wconf 83' lang='lat' dir='ltr'><strong>et</strong></span> <span class='ocrx_word' id='word_1_64' title='bbox 1196 2080 1451 2136; x_wconf 79' lang='lat' dir='ltr'><strong>Romanis</strong></span> <span class='ocrx_word' id='word_1_65' title='bbox 1467 2092 1683 2149; x_wconf 79' lang='lat' dir='ltr'><strong>acoepta</strong></span> <span class='ocrx_word' id='word_1_66' title='bbox 1712 2087 1977 2149; x_wconf 87' lang='lat' dir='ltr'><strong>tenerent,</strong></span> 
     </span>
    </p>
   </div>
   <div class='ocr_carea' id='block_1_15' title="bbox 386 2170 1983 2243">
    <p class='ocr_par' dir='ltr' id='par_1_15' title="bbox 386 2170 1983 2243">
     <span class='ocr_line' id='line_1_15' title="bbox 386 2170 1983 2243; baseline -0.002 -15"><span class='ocrx_word' id='word_1_67' title='bbox 386 2181 441 2228; x_wconf 88' lang='lat' dir='ltr'><strong>et</strong></span> <span class='ocrx_word' id='word_1_68' title='bbox 469 2170 712 2242; x_wconf 81' lang='lat' dir='ltr'><strong>ejusdem</strong></span> <span class='ocrx_word' id='word_1_69' title='bbox 739 2172 1130 2242; x_wconf 73' lang='lat' dir='ltr'><strong>t&#39;0njttnt&#39;lionis</strong></span> <span class='ocrx_word' id='word_1_70' title='bbox 1151 2183 1399 2227; x_wconf 85' lang='lat' dir='ltr'><strong>auctores</strong></span> <span class='ocrx_word' id='word_1_71' title='bbox 1421 2186 1778 2243; x_wconf 84' lang='lat' dir='ltr'><strong>suasoresque</strong></span> <span class='ocrx_word' id='word_1_72' title='bbox 1800 2181 1983 2226; x_wconf 90' lang='lat' dir='ltr'><strong>essent</strong></span> 
     </span>
    </p>
   </div>
   <div class='ocr_carea' id='block_1_16' title="bbox 387 2262 1983 2336">
    <p class='ocr_par' dir='ltr' id='par_1_16' title="bbox 387 2262 1983 2336">
     <span class='ocr_line' id='line_1_16' title="bbox 387 2262 1983 2336; baseline -0.001 -17"><span class='ocrx_word' id='word_1_73' title='bbox 387 2262 472 2328; x_wconf 86' lang='lat' dir='ltr'><strong>iis,</strong></span> <span class='ocrx_word' id='word_1_74' title='bbox 496 2264 584 2336; x_wconf 87' lang='lat' dir='ltr'><strong>qui</strong></span> <span class='ocrx_word' id='word_1_75' title='bbox 616 2281 674 2321; x_wconf 85' lang='lat' dir='ltr'><strong>se</strong></span> <span class='ocrx_word' id='word_1_76' title='bbox 694 2266 757 2319; x_wconf 88' lang='lat' dir='ltr'><strong>ad</strong></span> <span class='ocrx_word' id='word_1_77' title='bbox 782 2282 965 2320; x_wconf 89' lang='lat' dir='ltr'><strong>eorum</strong></span> <span class='ocrx_word' id='word_1_78' title='bbox 991 2262 1324 2335; x_wconf 85' lang='lat' dir='ltr'><strong>disciplinam</strong></span> <span class='ocrx_word' id='word_1_79' title='bbox 1345 2264 1825 2334; x_wconf 72' lang='lat' dir='ltr'><strong>auctoriuttetnqtte</strong></span> <span class='ocrx_word' id='word_1_80' title='bbox 1853 2279 1983 2319; x_wconf 88' lang='lat' dir='ltr'><strong>con-</strong></span> 
     </span>
    </p>
   </div>
   <div class='ocr_carea' id='block_1_17' title="bbox 389 2356 1984 2431">
    <p class='ocr_par' dir='ltr' id='par_1_17' title="bbox 389 2356 1984 2431">
     <span class='ocr_line' id='line_1_17' title="bbox 389 2356 1984 2431; baseline 0.001 -21"><span class='ocrx_word' id='word_1_81' title='bbox 389 2356 656 2412; x_wconf 79' lang='lat' dir='ltr'><strong>tulissent.</strong></span> <span class='ocrx_word' id='word_1_82' title='bbox 686 2356 763 2412; x_wconf 89' lang='lat' dir='ltr'><strong>Ne</strong></span> <span class='ocrx_word' id='word_1_83' title='bbox 793 2357 1038 2427; x_wconf 84' lang='lat' dir='ltr'><strong>exempla</strong></span> <span class='ocrx_word' id='word_1_84' title='bbox 1074 2374 1104 2412; x_wconf 88' lang='lat' dir='ltr'><strong>e</strong></span> <span class='ocrx_word' id='word_1_85' title='bbox 1132 2357 1422 2431; x_wconf 89' lang='lat' dir='ltr'><strong>longinquo</strong></span> <span class='ocrx_word' id='word_1_86' title='bbox 1453 2366 1777 2428; x_wconf 85' lang='lat' dir='ltr'><strong>repetamus,</strong></span> <span class='ocrx_word' id='word_1_87' title='bbox 1808 2365 1984 2412; x_wconf 82' lang='lat' dir='ltr'><strong>exter-</strong></span> 
     </span>
    </p>
   </div>
   <div class='ocr_carea' id='block_1_18' title="bbox 388 2447 1986 2523">
    <p class='ocr_par' dir='ltr' id='par_1_18' title="bbox 388 2447 1986 2523">
     <span class='ocr_line' id='line_1_18' title="bbox 388 2447 1986 2523; baseline 0.001 -19"><span class='ocrx_word' id='word_1_88' title='bbox 388 2448 574 2520; x_wconf 87' lang='lat' dir='ltr'><strong>nisque</strong></span> <span class='ocrx_word' id='word_1_89' title='bbox 600 2447 668 2505; x_wconf 90' lang='lat' dir='ltr'><strong>de</strong></span> <span class='ocrx_word' id='word_1_90' title='bbox 702 2449 930 2521; x_wconf 83' lang='lat' dir='ltr'><strong>pOpulis,</strong></span> <span class='ocrx_word' id='word_1_91' title='bbox 965 2451 1240 2507; x_wconf 84' lang='lat' dir='ltr'><strong>Erasmus.</strong></span> <span class='ocrx_word' id='word_1_92' title='bbox 1274 2468 1432 2522; x_wconf 90' lang='lat' dir='ltr'><strong>quem</strong></span> <span class='ocrx_word' id='word_1_93' title='bbox 1461 2453 1511 2506; x_wconf 90' lang='lat' dir='ltr'><strong>in</strong></span> <span class='ocrx_word' id='word_1_94' title='bbox 1555 2450 1882 2523; x_wconf 79' lang='lat' dir='ltr'><strong>principibus</strong></span> <span class='ocrx_word' id='word_1_95' title='bbox 1905 2451 1986 2505; x_wconf 85' lang='lat' dir='ltr'><strong>in-</strong></span> 
     </span>
    </p>
   </div>
   <div class='ocr_carea' id='block_1_19' title="bbox 389 2542 1984 2613">
    <p class='ocr_par' dir='ltr' id='par_1_19' title="bbox 389 2542 1984 2613">
     <span class='ocr_line' id='line_1_19' title="bbox 389 2542 1984 2613; baseline 0 -15"><span class='ocrx_word' id='word_1_96' title='bbox 389 2542 780 2599; x_wconf 83' lang='lat' dir='ltr'><strong>stauratoribus</strong></span> <span class='ocrx_word' id='word_1_97' title='bbox 819 2544 1164 2600; x_wconf 82' lang='lat' dir='ltr'><strong>humanitatis</strong></span> <span class='ocrx_word' id='word_1_98' title='bbox 1193 2542 1416 2600; x_wconf 78' lang='lat' dir='ltr'><strong>eruditae</strong></span> <span class='ocrx_word' id='word_1_99' title='bbox 1462 2558 1738 2601; x_wconf 89' lang='lat' dir='ltr'><strong>numerant</strong></span> <span class='ocrx_word' id='word_1_100' title='bbox 1774 2560 1984 2613; x_wconf 84' lang='lat' dir='ltr'><strong>omnes,</strong></span> 
     </span>
    </p>
   </div>
   <div class='ocr_carea' id='block_1_20' title="bbox 390 2640 1987 2711">
    <p class='ocr_par' dir='ltr' id='par_1_20' title="bbox 390 2640 1987 2711">
     <span class='ocr_line' id='line_1_20' title="bbox 390 2640 1987 2711; baseline 0.001 -17"><span class='ocrx_word' id='word_1_101' title='bbox 390 2653 498 2694; x_wconf 89' lang='lat' dir='ltr'><strong>non</strong></span> <span class='ocrx_word' id='word_1_102' title='bbox 541 2642 720 2694; x_wconf 91' lang='lat' dir='ltr'><strong>minus</strong></span> <span class='ocrx_word' id='word_1_103' title='bbox 748 2650 1050 2709; x_wconf 84' lang='lat' dir='ltr'><strong>curaverat,</strong></span> <span class='ocrx_word' id='word_1_104' title='bbox 1079 2650 1134 2695; x_wconf 90' lang='lat' dir='ltr'><strong>ut</strong></span> <span class='ocrx_word' id='word_1_105' title='bbox 1178 2641 1231 2696; x_wconf 92' lang='lat' dir='ltr'><strong>in</strong></span> <span class='ocrx_word' id='word_1_106' title='bbox 1262 2641 1476 2711; x_wconf 86' lang='lat' dir='ltr'><strong>scriptis</strong></span> <span class='ocrx_word' id='word_1_107' title='bbox 1500 2642 1843 2711; x_wconf 89' lang='lat' dir='ltr'><strong>antiquorum</strong></span> <span class='ocrx_word' id='word_1_108' title='bbox 1888 2640 1987 2695; x_wconf 83' lang='lat' dir='ltr'><strong>Ec-</strong></span> 
     </span>
    </p>
   </div>
   <div class='ocr_carea' id='block_1_21' title="bbox 1993 1333 3705 1417">
    <p class='ocr_par' dir='ltr' id='par_1_21' title="bbox 1993 1333 3705 1417">
     <span class='ocr_line' id='line_1_21' title="bbox 1993 1333 3705 1417; baseline -0.012 -7"><span class='ocrx_word' id='word_1_109' title='bbox 1993 1357 2045 1417; x_wconf 76' lang='grc' dir='ltr'><strong>Α</strong></span> <span class='ocrx_word' id='word_1_110' title='bbox 2071 1350 2346 1417; x_wconf 83' lang='lat' dir='ltr'><strong>siasticos,</strong></span> <span class='ocrx_word' id='word_1_111' title='bbox 2368 1357 2420 1404; x_wconf 91' lang='lat' dir='ltr'><strong>et</strong></span> <span class='ocrx_word' id='word_1_112' title='bbox 2440 1346 2719 1416; x_wconf 76' lang='lat' dir='ltr'><strong>disciplina</strong></span> <span class='ocrx_word' id='word_1_113' title='bbox 2743 1342 3017 1401; x_wconf 78' lang='lat' dir='ltr'><strong>Mosellam</strong></span> <span class='ocrx_word' id='word_1_114' title='bbox 3034 1339 3227 1413; x_wconf 86' lang='lat' dir='ltr'><strong>arguit,</strong></span> <span class='ocrx_word' id='word_1_115' title='bbox 3256 1346 3310 1395; x_wconf 88' lang='lat' dir='ltr'><strong>et</strong></span> <span class='ocrx_word' id='word_1_116' title='bbox 3328 1336 3471 1393; x_wconf 89' lang='lat' dir='ltr'><strong>clare</strong></span> <span class='ocrx_word' id='word_1_117' title='bbox 3492 1333 3705 1391; x_wconf 80' lang='lat' dir='ltr'><strong>docent</strong></span> 
     </span>
    </p>
   </div>
   <div class='ocr_carea' id='block_1_22' title="bbox 2072 1432 3702 1513">
    <p class='ocr_par' dir='ltr' id='par_1_22' title="bbox 2072 1432 3702 1513">
     <span class='ocr_line' id='line_1_22' title="bbox 2072 1432 3702 1513; baseline -0.012 -11"><span class='ocrx_word' id='word_1_118' title='bbox 2072 1445 2381 1502; x_wconf 81' lang='lat' dir='ltr'><strong>Notationes</strong></span> <span class='ocrx_word' id='word_1_119' title='bbox 2404 1443 2687 1513; x_wconf 81' lang='lat' dir='ltr'><strong>ﬁgurarum</strong></span> <span class='ocrx_word' id='word_1_120' title='bbox 2701 1439 2966 1496; x_wconf 85' lang='lat' dir='ltr'><strong>sermonis</strong></span> <span class='ocrx_word' id='word_1_121' title='bbox 2983 1435 3190 1492; x_wconf 89' lang='lat' dir='ltr'><strong>Domini</strong></span> <span class='ocrx_word' id='word_1_122' title='bbox 3215 1432 3243 1489; x_wconf 80' lang='lat' dir='ltr'><strong>.l</strong></span> <span class='ocrx_word' id='word_1_123' title='bbox 3255 1476 3265 1488; x_wconf 93' lang='lat'><strong>.</strong></span> <span class='ocrx_word' id='word_1_124' title='bbox 3298 1432 3359 1487; x_wconf 88' lang='lat' dir='ltr'><strong>C.</strong></span> <span class='ocrx_word' id='word_1_125' title='bbox 3385 1434 3702 1499; x_wconf 79' lang='lat' dir='ltr'><strong>etAposto-</strong></span> 
     </span>
    </p>
   </div>
   <div class='ocr_carea' id='block_1_23' title="bbox 2076 1523 3702 1602">
    <p class='ocr_par' dir='ltr' id='par_1_23' title="bbox 2076 1523 3702 1602">
     <span class='ocr_line' id='line_1_23' title="bbox 2076 1523 3702 1602; baseline -0.011 -7"><span class='ocrx_word' id='word_1_126' title='bbox 2076 1540 2275 1602; x_wconf 91' lang='lat' dir='ltr'><strong>lorum,</strong></span> <span class='ocrx_word' id='word_1_127' title='bbox 2304 1548 2358 1592; x_wconf 87' lang='lat' dir='ltr'><strong>et</strong></span> <span class='ocrx_word' id='word_1_128' title='bbox 2387 1537 2473 1592; x_wconf 88' lang='lat' dir='ltr'><strong>alii</strong></span> <span class='ocrx_word' id='word_1_129' title='bbox 2508 1536 2692 1601; x_wconf 84' lang='lat' dir='ltr'><strong>libelli,</strong></span> <span class='ocrx_word' id='word_1_130' title='bbox 2723 1533 2793 1589; x_wconf 86' lang='lat' dir='ltr'><strong>ad</strong></span> <span class='ocrx_word' id='word_1_131' title='bbox 2818 1548 2931 1589; x_wconf 91' lang='lat' dir='ltr'><strong>rem</strong></span> <span class='ocrx_word' id='word_1_132' title='bbox 2958 1528 3375 1586; x_wconf 86' lang='lat' dir='ltr'><strong>ecclesiasticam</strong></span> <span class='ocrx_word' id='word_1_133' title='bbox 3405 1523 3702 1601; x_wconf 85' lang='lat' dir='ltr'><strong>pertinen-</strong></span> 
     </span>
    </p>
   </div>
   <div class='ocr_carea' id='block_1_24' title="bbox 2078 1612 3704 1701">
    <p class='ocr_par' dir='ltr' id='par_1_24' title="bbox 2078 1612 3704 1701">
     <span class='ocr_line' id='line_1_24' title="bbox 2078 1612 3704 1701; baseline -0.014 -12"><span class='ocrx_word' id='word_1_134' title='bbox 2078 1644 2177 1689; x_wconf 85' lang='lat' dir='ltr'><strong>tes.</strong></span> <span class='ocrx_word' id='word_1_135' title='bbox 2219 1630 2354 1701; x_wconf 86' lang='lat' dir='ltr'><strong>Quid</strong></span> <span class='ocrx_word' id='word_1_136' title='bbox 2384 1629 2557 1685; x_wconf 83' lang='lat' dir='ltr'><strong>dicam</strong></span> <span class='ocrx_word' id='word_1_137' title='bbox 2593 1629 2660 1683; x_wconf 88' lang='lat' dir='ltr'><strong>de</strong></span> <span class='ocrx_word' id='word_1_138' title='bbox 2707 1626 2797 1683; x_wconf 90' lang='lat' dir='ltr'><strong>illo</strong></span> <span class='ocrx_word' id='word_1_139' title='bbox 2840 1622 3143 1681; x_wconf 66' lang='lat' dir='ltr'><strong>Germaniae</strong></span> <span class='ocrx_word' id='word_1_140' title='bbox 3193 1626 3522 1691; x_wconf 66' lang='lat' dir='ltr'><strong>pra&#39;ceptore</strong></span> <span class='ocrx_word' id='word_1_141' title='bbox 3558 1612 3704 1671; x_wconf 85' lang='lat' dir='ltr'><strong>Phi-</strong></span> 
     </span>
    </p>
   </div>
   <div class='ocr_carea' id='block_1_25' title="bbox 2077 1706 3707 1796">
    <p class='ocr_par' dir='ltr' id='par_1_25' title="bbox 2077 1706 3707 1796">
     <span class='ocr_line' id='line_1_25' title="bbox 2077 1706 3707 1796; baseline -0.012 -15"><span class='ocrx_word' id='word_1_142' title='bbox 2077 1725 2265 1796; x_wconf 88' lang='lat' dir='ltr'><strong>lippo?</strong></span> <span class='ocrx_word' id='word_1_143' title='bbox 2311 1739 2489 1795; x_wconf 87' lang='lat' dir='ltr'><strong>quem,</strong></span> <span class='ocrx_word' id='word_1_144' title='bbox 2525 1721 2645 1792; x_wconf 87' lang='lat' dir='ltr'><strong>quis</strong></span> <span class='ocrx_word' id='word_1_145' title='bbox 2673 1718 2863 1788; x_wconf 85' lang='lat' dir='ltr'><strong>nescit,</strong></span> <span class='ocrx_word' id='word_1_146' title='bbox 2892 1732 3014 1773; x_wconf 93' lang='lat' dir='ltr'><strong>cum</strong></span> <span class='ocrx_word' id='word_1_147' title='bbox 3046 1726 3297 1770; x_wconf 88' lang='lat' dir='ltr'><strong>summus</strong></span> <span class='ocrx_word' id='word_1_148' title='bbox 3323 1720 3468 1766; x_wconf 81' lang='lat' dir='ltr'><strong>esset</strong></span> <span class='ocrx_word' id='word_1_149' title='bbox 3498 1706 3707 1763; x_wconf 87' lang='lat' dir='ltr'><strong>litteris</strong></span> 
     </span>
    </p>
   </div>
   <div class='ocr_carea' id='block_1_26' title="bbox 2081 1797 3710 1891">
    <p class='ocr_par' dir='ltr' id='par_1_26' title="bbox 2081 1797 3710 1891">
     <span class='ocr_line' id='line_1_26' title="bbox 2081 1797 3710 1891; baseline -0.014 -17"><span class='ocrx_word' id='word_1_150' title='bbox 2081 1820 2132 1875; x_wconf 89' lang='lat' dir='ltr'><strong>in</strong></span> <span class='ocrx_word' id='word_1_151' title='bbox 2162 1819 2354 1891; x_wconf 81' lang='lat' dir='ltr'><strong>graccis</strong></span> <span class='ocrx_word' id='word_1_152' title='bbox 2384 1816 2688 1884; x_wconf 72' lang='lat' dir='ltr'><strong>ldlittisque,</strong></span> <span class='ocrx_word' id='word_1_153' title='bbox 2721 1809 2893 1883; x_wconf 81' lang='lat' dir='ltr'><strong>quoad</strong></span> <span class='ocrx_word' id='word_1_154' title='bbox 2919 1825 2947 1863; x_wconf 90' lang='lat' dir='ltr'><strong>e</strong></span> <span class='ocrx_word' id='word_1_155' title='bbox 2990 1807 3187 1879; x_wconf 85' lang='lat' dir='ltr'><strong>poetis,</strong></span> <span class='ocrx_word' id='word_1_156' title='bbox 3218 1801 3549 1862; x_wconf 85' lang='lat' dir='ltr'><strong>oratoribus,</strong></span> <span class='ocrx_word' id='word_1_157' title='bbox 3586 1797 3710 1853; x_wconf 83' lang='lat' dir='ltr'><strong>his-</strong></span> 
     </span>
    </p>
   </div>
   <div class='ocr_carea' id='block_1_27' title="bbox 2082 1893 3703 1978">
    <p class='ocr_par' dir='ltr' id='par_1_27' title="bbox 2082 1893 3703 1978">
     <span class='ocr_line' id='line_1_27' title="bbox 2082 1893 3703 1978; baseline -0.012 -14"><span class='ocrx_word' id='word_1_158' title='bbox 2082 1911 2265 1966; x_wconf 69' lang='lat' dir='ltr'><strong>toricis</strong></span> <span class='ocrx_word' id='word_1_159' title='bbox 2319 1919 2371 1965; x_wconf 90' lang='lat' dir='ltr'><strong>et</strong></span> <span class='ocrx_word' id='word_1_160' title='bbox 2431 1905 2766 1978; x_wconf 79' lang='lat' dir='ltr'><strong>philosnphis</strong></span> <span class='ocrx_word' id='word_1_161' title='bbox 2817 1918 2922 1958; x_wconf 78' lang='lat' dir='ltr'><strong>non</strong></span> <span class='ocrx_word' id='word_1_162' title='bbox 2970 1895 3311 1959; x_wconf 80' lang='lat' dir='ltr'><strong>Christianis,</strong></span> <span class='ocrx_word' id='word_1_163' title='bbox 3362 1893 3703 1957; x_wconf 86' lang='lat' dir='ltr'><strong>discuntur,</strong></span> 
     </span>
    </p>
   </div>
   <div class='ocr_carea' id='block_1_28' title="bbox 2082 1985 3703 2073">
    <p class='ocr_par' dir='ltr' id='par_1_28' title="bbox 2082 1985 3703 2073">
     <span class='ocr_line' id='line_1_28' title="bbox 2082 1985 3703 2073; baseline -0.012 -13"><span class='ocrx_word' id='word_1_164' title='bbox 2082 2005 2328 2060; x_wconf 80' lang='lat' dir='ltr'><strong>eumdem</strong></span> <span class='ocrx_word' id='word_1_165' title='bbox 2355 2002 2646 2073; x_wconf 84' lang='lat' dir='ltr'><strong>principem</strong></span> <span class='ocrx_word' id='word_1_166' title='bbox 2675 1999 2780 2055; x_wconf 87' lang='lat' dir='ltr'><strong>illis</strong></span> <span class='ocrx_word' id='word_1_167' title='bbox 2809 1994 3139 2065; x_wconf 86' lang='lat' dir='ltr'><strong>temporibus</strong></span> <span class='ocrx_word' id='word_1_168' title='bbox 3168 1991 3222 2045; x_wconf 91' lang='lat' dir='ltr'><strong>in</strong></span> <span class='ocrx_word' id='word_1_169' title='bbox 3272 1988 3358 2044; x_wconf 89' lang='lat' dir='ltr'><strong>his</strong></span> <span class='ocrx_word' id='word_1_170' title='bbox 3380 1985 3703 2060; x_wconf 65' lang='lat' dir='ltr'><strong>praesertim</strong></span> 
     </span>
    </p>
   </div>
   <div class='ocr_carea' id='block_1_29' title="bbox 2085 2083 3698 2164">
    <p class='ocr_par' dir='ltr' id='par_1_29' title="bbox 2085 2083 3698 2164">
     <span class='ocr_line' id='line_1_29' title="bbox 2085 2083 3698 2164; baseline -0.011 -12"><span class='ocrx_word' id='word_1_171' title='bbox 2085 2098 2261 2164; x_wconf 90' lang='lat' dir='ltr'><strong>terris,</strong></span> <span class='ocrx_word' id='word_1_172' title='bbox 2296 2096 2456 2153; x_wconf 82' lang='lat' dir='ltr'><strong>fuisse</strong></span> <span class='ocrx_word' id='word_1_173' title='bbox 2494 2095 2788 2149; x_wconf 88' lang='lat' dir='ltr'><strong>litterarum</strong></span> <span class='ocrx_word' id='word_1_174' title='bbox 2828 2087 3340 2147; x_wconf 86' lang='lat' dir='ltr'><strong>ecclesiasticarum,</strong></span> <span class='ocrx_word' id='word_1_175' title='bbox 3385 2083 3456 2136; x_wconf 89' lang='lat' dir='ltr'><strong>ita</strong></span> <span class='ocrx_word' id='word_1_176' title='bbox 3489 2095 3698 2135; x_wconf 87' lang='lat' dir='ltr'><strong>versa-</strong></span> 
     </span>
    </p>
   </div>
   <div class='ocr_carea' id='block_1_30' title="bbox 2087 2175 3710 2256">
    <p class='ocr_par' dir='ltr' id='par_1_30' title="bbox 2087 2175 3710 2256">
     <span class='ocr_line' id='line_1_30' title="bbox 2087 2175 3710 2256; baseline -0.012 -10"><span class='ocrx_word' id='word_1_177' title='bbox 2087 2200 2197 2247; x_wconf 92' lang='lat' dir='ltr'><strong>tum</strong></span> <span class='ocrx_word' id='word_1_178' title='bbox 2237 2191 2288 2245; x_wconf 91' lang='lat' dir='ltr'><strong>in</strong></span> <span class='ocrx_word' id='word_1_179' title='bbox 2317 2187 2462 2245; x_wconf 91' lang='lat' dir='ltr'><strong>omni</strong></span> <span class='ocrx_word' id='word_1_180' title='bbox 2499 2201 2695 2256; x_wconf 80' lang='lat' dir='ltr'><strong>genere</strong></span> <span class='ocrx_word' id='word_1_181' title='bbox 2723 2185 3040 2253; x_wconf 76' lang='lat' dir='ltr'><strong>scriptorum</strong></span> <span class='ocrx_word' id='word_1_182' title='bbox 3075 2178 3270 2235; x_wconf 79' lang='lat' dir='ltr'><strong>veteris</strong></span> <span class='ocrx_word' id='word_1_183' title='bbox 3306 2175 3597 2238; x_wconf 64' lang='lat' dir='ltr'><strong>Ecclesiae,</strong></span> <span class='ocrx_word' id='word_1_184' title='bbox 3648 2180 3710 2227; x_wconf 88' lang='lat' dir='ltr'><strong>ut</strong></span> 
     </span>
    </p>
   </div>
   <div class='ocr_carea' id='block_1_31' title="bbox 2086 2265 3697 2349">
    <p class='ocr_par' dir='ltr' id='par_1_31' title="bbox 2086 2265 3697 2349">
     <span class='ocr_line' id='line_1_31' title="bbox 2086 2265 3697 2349; baseline -0.011 -10"><span class='ocrx_word' id='word_1_185' title='bbox 2086 2284 2218 2340; x_wconf 85' lang='lat' dir='ltr'><strong>nihil</strong></span> <span class='ocrx_word' id='word_1_186' title='bbox 2269 2281 2433 2349; x_wconf 89' lang='lat' dir='ltr'><strong>aliud,</strong></span> <span class='ocrx_word' id='word_1_187' title='bbox 2469 2280 2569 2335; x_wconf 93' lang='lat' dir='ltr'><strong>nisi</strong></span> <span class='ocrx_word' id='word_1_188' title='bbox 2600 2279 2719 2345; x_wconf 89' lang='lat' dir='ltr'><strong>hos,</strong></span> <span class='ocrx_word' id='word_1_189' title='bbox 2753 2287 3009 2332; x_wconf 81' lang='lat' dir='ltr'><strong>tractasse</strong></span> <span class='ocrx_word' id='word_1_190' title='bbox 3041 2272 3205 2328; x_wconf 85' lang='lat' dir='ltr'><strong>videri</strong></span> <span class='ocrx_word' id='word_1_191' title='bbox 3236 2277 3435 2339; x_wconf 86' lang='lat' dir='ltr'><strong>posset.</strong></span> <span class='ocrx_word' id='word_1_192' title='bbox 3479 2265 3697 2335; x_wconf 81' lang='lat' dir='ltr'><strong>Atque,</strong></span> 
     </span>
    </p>
   </div>
   <div class='ocr_carea' id='block_1_32' title="bbox 2087 2356 3702 2449">
    <p class='ocr_par' dir='ltr' id='par_1_32' title="bbox 2087 2356 3702 2449">
     <span class='ocr_line' id='line_1_32' title="bbox 2087 2356 3702 2449; baseline -0.013 -18"><span class='ocrx_word' id='word_1_193' title='bbox 2087 2374 2226 2449; x_wconf 86' lang='lat' dir='ltr'><strong>quod</strong></span> <span class='ocrx_word' id='word_1_194' title='bbox 2262 2375 2430 2443; x_wconf 82' lang='lat' dir='ltr'><strong>magis</strong></span> <span class='ocrx_word' id='word_1_195' title='bbox 2471 2372 2689 2433; x_wconf 84' lang='lat' dir='ltr'><strong>mirere,</strong></span> <span class='ocrx_word' id='word_1_196' title='bbox 2746 2369 2796 2425; x_wconf 92' lang='lat' dir='ltr'><strong>in</strong></span> <span class='ocrx_word' id='word_1_197' title='bbox 2840 2382 2909 2421; x_wconf 90' lang='lat' dir='ltr'><strong>eo</strong></span> <span class='ocrx_word' id='word_1_198' title='bbox 2946 2379 3145 2436; x_wconf 79' lang='lat' dir='ltr'><strong>genere</strong></span> <span class='ocrx_word' id='word_1_199' title='bbox 3178 2376 3345 2433; x_wconf 89' lang='lat' dir='ltr'><strong>pr0pe</strong></span> <span class='ocrx_word' id='word_1_200' title='bbox 3374 2357 3553 2413; x_wconf 90' lang='lat' dir='ltr'><strong>adhuc</strong></span> <span class='ocrx_word' id='word_1_201' title='bbox 3599 2356 3702 2428; x_wconf 88' lang='lat' dir='ltr'><strong>ju-</strong></span> 
     </span>
    </p>
   </div>
   <div class='ocr_carea' id='block_1_33' title="bbox 2092 2448 3699 2533">
    <p class='ocr_par' dir='ltr' id='par_1_33' title="bbox 2092 2448 3699 2533">
     <span class='ocr_line' id='line_1_33' title="bbox 2092 2448 3699 2533; baseline -0.011 -10"><span class='ocrx_word' id='word_1_202' title='bbox 2092 2469 2247 2523; x_wconf 88' lang='lat' dir='ltr'><strong>venis</strong></span> <span class='ocrx_word' id='word_1_203' title='bbox 2270 2469 2336 2521; x_wconf 83' lang='lat' dir='ltr'><strong>ita</strong></span> <span class='ocrx_word' id='word_1_204' title='bbox 2368 2462 2684 2533; x_wconf 78' lang='lat' dir='ltr'><strong>profecerat,</strong></span> <span class='ocrx_word' id='word_1_205' title='bbox 2709 2469 2764 2517; x_wconf 93' lang='lat' dir='ltr'><strong>ut</strong></span> <span class='ocrx_word' id='word_1_206' title='bbox 2794 2461 2844 2517; x_wconf 89' lang='lat' dir='ltr'><strong>in</strong></span> <span class='ocrx_word' id='word_1_207' title='bbox 2868 2456 3157 2527; x_wconf 76' lang='lat' dir='ltr'><strong>colloiptio,</strong></span> <span class='ocrx_word' id='word_1_208' title='bbox 3183 2452 3321 2524; x_wconf 89' lang='lat' dir='ltr'><strong>quod</strong></span> <span class='ocrx_word' id='word_1_209' title='bbox 3347 2454 3396 2506; x_wconf 88' lang='lat' dir='ltr'><strong>in</strong></span> <span class='ocrx_word' id='word_1_210' title='bbox 3421 2449 3524 2506; x_wconf 84' lang='lat' dir='ltr'><strong>hac</strong></span> <span class='ocrx_word' id='word_1_211' title='bbox 3550 2448 3699 2505; x_wconf 84' lang='lat' dir='ltr'><strong>urbe</strong></span> 
     </span>
    </p>
   </div>
   <div class='ocr_carea' id='block_1_34' title="bbox 2090 2543 3711 2629">
    <p class='ocr_par' dir='ltr' id='par_1_34' title="bbox 2090 2543 3711 2629">
     <span class='ocr_line' id='line_1_34' title="bbox 2090 2543 3711 2629; baseline -0.01 -14"><span class='ocrx_word' id='word_1_212' title='bbox 2090 2561 2157 2616; x_wconf 87' lang='lat' dir='ltr'><strong>de</strong></span> <span class='ocrx_word' id='word_1_213' title='bbox 2178 2561 2452 2629; x_wconf 77' lang='lat' dir='ltr'><strong>religione,</strong></span> <span class='ocrx_word' id='word_1_214' title='bbox 2479 2566 2696 2612; x_wconf 86' lang='lat' dir='ltr'><strong>auctore</strong></span> <span class='ocrx_word' id='word_1_215' title='bbox 2716 2554 2967 2623; x_wconf 87' lang='lat' dir='ltr'><strong>Georgio,</strong></span> <span class='ocrx_word' id='word_1_216' title='bbox 2989 2552 3143 2617; x_wconf 89' lang='lat' dir='ltr'><strong>duce,</strong></span> <span class='ocrx_word' id='word_1_217' title='bbox 3171 2566 3222 2603; x_wconf 85' lang='lat' dir='ltr'><strong>a.</strong></span> <span class='ocrx_word' id='word_1_218' title='bbox 3247 2562 3415 2604; x_wconf 69' lang='lat' dir='ltr'><strong>luxu</strong></span> <span class='ocrx_word' id='word_1_219' title='bbox 3442 2546 3561 2608; x_wconf 79' lang='lat' dir='ltr'><strong>fuit,</strong></span> <span class='ocrx_word' id='word_1_220' title='bbox 3584 2543 3711 2599; x_wconf 79' lang='lat' dir='ltr'><strong>dis-</strong></span> 
     </span>
    </p>
   </div>
   <div class='ocr_carea' id='block_1_35' title="bbox 2094 2635 3706 2726">
    <p class='ocr_par' dir='ltr' id='par_1_35' title="bbox 2094 2635 3706 2726">
     <span class='ocr_line' id='line_1_35' title="bbox 2094 2635 3706 2726; baseline -0.01 -17"><span class='ocrx_word' id='word_1_221' title='bbox 2094 2655 2399 2726; x_wconf 83' lang='lat' dir='ltr'><strong>potantibus</strong></span> <span class='ocrx_word' id='word_1_222' title='bbox 2428 2667 2548 2707; x_wconf 91' lang='lat' dir='ltr'><strong>cum</strong></span> <span class='ocrx_word' id='word_1_223' title='bbox 2575 2650 2737 2706; x_wconf 85' lang='lat' dir='ltr'><strong>Eccio</strong></span> <span class='ocrx_word' id='word_1_224' title='bbox 2759 2646 3063 2715; x_wconf 89' lang='lat' dir='ltr'><strong>Theologis,</strong></span> <span class='ocrx_word' id='word_1_225' title='bbox 3106 2638 3472 2698; x_wconf 87' lang='lat' dir='ltr'><strong>Carolostadio</strong></span> <span class='ocrx_word' id='word_1_226' title='bbox 3497 2651 3546 2692; x_wconf 86' lang='lat' dir='ltr'><strong>et</strong></span> <span class='ocrx_word' id='word_1_227' title='bbox 3583 2635 3706 2693; x_wconf 87' lang='lat' dir='ltr'><strong>Lu-</strong></span> 
     </span>
    </p>
   </div>
   <div class='ocr_carea' id='block_1_36' title="bbox 391 2730 2004 2819">
    <p class='ocr_par' dir='ltr' id='par_1_36' title="bbox 391 2732 1987 2806">
     <span class='ocr_line' id='line_1_36' title="bbox 391 2732 1987 2806; baseline 0 -18"><span class='ocrx_word' id='word_1_228' title='bbox 391 2732 573 2788; x_wconf 74' lang='lat' dir='ltr'><strong>clesire</strong></span> <span class='ocrx_word' id='word_1_229' title='bbox 617 2732 902 2790; x_wconf 88' lang='lat' dir='ltr'><strong>Doctorum</strong></span> <span class='ocrx_word' id='word_1_230' title='bbox 933 2744 1176 2790; x_wconf 89' lang='lat' dir='ltr'><strong>versatus</strong></span> <span class='ocrx_word' id='word_1_231' title='bbox 1224 2745 1391 2800; x_wconf 64' lang='lat' dir='ltr'><strong>esset,</strong></span> <span class='ocrx_word' id='word_1_232' title='bbox 1447 2751 1609 2806; x_wconf 86' lang='lat' dir='ltr'><strong>quam</strong></span> <span class='ocrx_word' id='word_1_233' title='bbox 1647 2735 1698 2789; x_wconf 91' lang='lat' dir='ltr'><strong>in</strong></span> <span class='ocrx_word' id='word_1_234' title='bbox 1751 2732 1987 2805; x_wconf 76' lang='lat' dir='ltr'><strong>profanis</strong></span> 
     </span>
    </p>
   </div>
   <div class='ocr_carea' id='block_1_37' title="bbox 2112 2730 3713 2819">
    <p class='ocr_par' dir='ltr' id='par_1_37' title="bbox 2112 2730 3713 2814">
     <span class='ocr_line' id='line_1_37' title="bbox 2112 2730 3713 2814; baseline -0.012 -11"><span class='ocrx_word' id='word_1_235' title='bbox 2112 2748 2268 2814; x_wconf 82' lang='lat' dir='ltr'><strong>hero,</strong></span> <span class='ocrx_word' id='word_1_236' title='bbox 2300 2747 2459 2801; x_wconf 87' lang='lat' dir='ltr'><strong>etiam</strong></span> <span class='ocrx_word' id='word_1_237' title='bbox 2491 2743 2604 2799; x_wconf 84' lang='lat' dir='ltr'><strong>loca</strong></span> <span class='ocrx_word' id='word_1_238' title='bbox 2651 2742 2865 2796; x_wconf 87' lang='lat' dir='ltr'><strong>Patrum</strong></span> <span class='ocrx_word' id='word_1_239' title='bbox 2898 2738 3184 2808; x_wconf 86' lang='lat' dir='ltr'><strong>subjiceret</strong></span> <span class='ocrx_word' id='word_1_240' title='bbox 3229 2735 3368 2789; x_wconf 89' lang='lat' dir='ltr'><strong>inter</strong></span> <span class='ocrx_word' id='word_1_241' title='bbox 3413 2730 3713 2799; x_wconf 81' lang='lat' dir='ltr'><strong>disputan-</strong></span> 
     </span>
    </p>
   </div>
   <div class='ocr_carea' id='block_1_38' title="bbox 393 2825 1993 2901">
    <p class='ocr_par' dir='ltr' id='par_1_38' title="bbox 393 2825 1993 2901">
     <span class='ocr_line' id='line_1_38' title="bbox 393 2825 1993 2901; baseline 0.001 -19"><span class='ocrx_word' id='word_1_242' title='bbox 393 2825 707 2882; x_wconf 70' lang='lat' dir='ltr'><strong>Grtecorum</strong></span> <span class='ocrx_word' id='word_1_243' title='bbox 744 2836 797 2883; x_wconf 90' lang='lat' dir='ltr'><strong>et</strong></span> <span class='ocrx_word' id='word_1_244' title='bbox 840 2827 1175 2892; x_wconf 89' lang='lat' dir='ltr'><strong>Latinorum,</strong></span> <span class='ocrx_word' id='word_1_245' title='bbox 1207 2843 1309 2884; x_wconf 92' lang='lat' dir='ltr'><strong>nec</strong></span> <span class='ocrx_word' id='word_1_246' title='bbox 1352 2828 1470 2898; x_wconf 90' lang='lat' dir='ltr'><strong>plus</strong></span> <span class='ocrx_word' id='word_1_247' title='bbox 1499 2828 1547 2883; x_wconf 92' lang='lat' dir='ltr'><strong>ei</strong></span> <span class='ocrx_word' id='word_1_248' title='bbox 1587 2827 1741 2883; x_wconf 89' lang='lat' dir='ltr'><strong>debet</strong></span> <span class='ocrx_word' id='word_1_249' title='bbox 1770 2828 1993 2901; x_wconf 89' lang='lat' dir='ltr'><strong>antiqui-</strong></span> 
     </span>
    </p>
   </div>
   <div class='ocr_carea' id='block_1_39' title="bbox 395 2916 1996 2993">
    <p class='ocr_par' dir='ltr' id='par_1_39' title="bbox 395 2916 1996 2993">
     <span class='ocr_line' id='line_1_39' title="bbox 395 2916 1996 2993; baseline 0.004 -21"><span class='ocrx_word' id='word_1_250' title='bbox 395 2926 479 2973; x_wconf 86' lang='lat' dir='ltr'><strong>tas</strong></span> <span class='ocrx_word' id='word_1_251' title='bbox 520 2916 704 2975; x_wconf 68' lang='lat' dir='ltr'><strong>Grteca</strong></span> <span class='ocrx_word' id='word_1_252' title='bbox 744 2929 799 2976; x_wconf 90' lang='lat' dir='ltr'><strong>et</strong></span> <span class='ocrx_word' id='word_1_253' title='bbox 846 2920 1106 2987; x_wconf 82' lang='lat' dir='ltr'><strong>Romana,</strong></span> <span class='ocrx_word' id='word_1_254' title='bbox 1149 2937 1308 2989; x_wconf 84' lang='lat' dir='ltr'><strong>quam</strong></span> <span class='ocrx_word' id='word_1_255' title='bbox 1358 2920 1754 2983; x_wconf 82' lang='lat' dir='ltr'><strong>Ecelesiastica.</strong></span> <span class='ocrx_word' id='word_1_256' title='bbox 1806 2930 1865 2976; x_wconf 91' lang='lat' dir='ltr'><strong>ut</strong></span> <span class='ocrx_word' id='word_1_257' title='bbox 1905 2923 1996 2993; x_wconf 91' lang='lat' dir='ltr'><strong>qui</strong></span> 
     </span>
    </p>
   </div>
   <div class='ocr_carea' id='block_1_40' title="bbox 399 3012 1997 3086">
    <p class='ocr_par' dir='ltr' id='par_1_40' title="bbox 399 3012 1997 3086">
     <span class='ocr_line' id='line_1_40' title="bbox 399 3012 1997 3086; baseline 0.004 -20"><span class='ocrx_word' id='word_1_258' title='bbox 399 3012 539 3068; x_wconf 89' lang='lat' dir='ltr'><strong>haud</strong></span> <span class='ocrx_word' id='word_1_259' title='bbox 574 3014 731 3086; x_wconf 90' lang='lat' dir='ltr'><strong>paulo</strong></span> <span class='ocrx_word' id='word_1_260' title='bbox 772 3013 920 3086; x_wconf 89' lang='lat' dir='ltr'><strong>plura</strong></span> <span class='ocrx_word' id='word_1_261' title='bbox 954 3015 1222 3070; x_wconf 86' lang='lat' dir='ltr'><strong>volumina</strong></span> <span class='ocrx_word' id='word_1_262' title='bbox 1270 3014 1526 3072; x_wconf 71' lang='lat' dir='ltr'><strong>Ecclesia:</strong></span> <span class='ocrx_word' id='word_1_263' title='bbox 1556 3016 1755 3072; x_wconf 84' lang='lat' dir='ltr'><strong>veteris</strong></span> <span class='ocrx_word' id='word_1_264' title='bbox 1797 3016 1997 3072; x_wconf 82' lang='lat' dir='ltr'><strong>Docto-</strong></span> 
     </span>
    </p>
   </div>
   <div class='ocr_carea' id='block_1_41' title="bbox 300 3107 1999 3179">
    <p class='ocr_par' dir='ltr' id='par_1_41' title="bbox 300 3107 1999 3179">
     <span class='ocr_line' id='line_1_41' title="bbox 300 3107 1999 3179; baseline 0.001 -16"><span class='ocrx_word' id='word_1_265' title='bbox 300 3160 309 3163; x_wconf 64' lang='lat'>,</span> <span class='ocrx_word' id='word_1_266' title='bbox 396 3122 538 3171; x_wconf 90' lang='lat' dir='ltr'><strong>rum,</strong></span> <span class='ocrx_word' id='word_1_267' title='bbox 584 3124 742 3179; x_wconf 87' lang='lat' dir='ltr'><strong>quam</strong></span> <span class='ocrx_word' id='word_1_268' title='bbox 789 3107 1133 3165; x_wconf 79' lang='lat' dir='ltr'><strong>classicorum</strong></span> <span class='ocrx_word' id='word_1_269' title='bbox 1181 3122 1481 3179; x_wconf 81' lang='lat' dir='ltr'><strong>auctorum,</strong></span> <span class='ocrx_word' id='word_1_270' title='bbox 1533 3110 1597 3165; x_wconf 88' lang='lat' dir='ltr'><strong>ad</strong></span> <span class='ocrx_word' id='word_1_271' title='bbox 1646 3109 1802 3165; x_wconf 83' lang='lat' dir='ltr'><strong>ﬁdem</strong></span> <span class='ocrx_word' id='word_1_272' title='bbox 1845 3108 1999 3166; x_wconf 83' lang='lat' dir='ltr'><strong>codi-</strong></span> 
     </span>
    </p>
   </div>
   <div class='ocr_carea' id='block_1_42' title="bbox 400 3201 1999 3271">
    <p class='ocr_par' dir='ltr' id='par_1_42' title="bbox 400 3201 1999 3271">
     <span class='ocr_line' id='line_1_42' title="bbox 400 3201 1999 3271; baseline 0.002 -16"><span class='ocrx_word' id='word_1_273' title='bbox 400 3215 522 3255; x_wconf 89' lang='lat' dir='ltr'><strong>cum</strong></span> <span class='ocrx_word' id='word_1_274' title='bbox 546 3201 836 3268; x_wconf 84' lang='lat' dir='ltr'><strong>recensuit,</strong></span> <span class='ocrx_word' id='word_1_275' title='bbox 860 3203 1157 3271; x_wconf 80' lang='lat' dir='ltr'><strong>castigavit,</strong></span> <span class='ocrx_word' id='word_1_276' title='bbox 1188 3203 1489 3258; x_wconf 85' lang='lat' dir='ltr'><strong>illustravit.</strong></span> <span class='ocrx_word' id='word_1_277' title='bbox 1521 3202 1576 3258; x_wconf 85' lang='lat' dir='ltr'><strong>ln</strong></span> <span class='ocrx_word' id='word_1_278' title='bbox 1599 3205 1799 3259; x_wconf 81' lang='lat' dir='ltr'><strong>nostris</strong></span> <span class='ocrx_word' id='word_1_279' title='bbox 1820 3213 1999 3259; x_wconf 90' lang='lat' dir='ltr'><strong>autem</strong></span> 
     </span>
    </p>
   </div>
   <div class='ocr_carea' id='block_1_43' title="bbox 403 3293 2001 3371">
    <p class='ocr_par' dir='ltr' id='par_1_43' title="bbox 403 3293 2001 3371">
     <span class='ocr_line' id='line_1_43' title="bbox 403 3293 2001 3371; baseline 0.003 -23"><span class='ocrx_word' id='word_1_280' title='bbox 403 3293 579 3357; x_wconf 85' lang='lat' dir='ltr'><strong>terris,</strong></span> <span class='ocrx_word' id='word_1_281' title='bbox 623 3295 873 3364; x_wconf 88' lang='lat' dir='ltr'><strong>primum.</strong></span> <span class='ocrx_word' id='word_1_282' title='bbox 906 3295 994 3371; x_wconf 85' lang='lat' dir='ltr'><strong>qui</strong></span> <span class='ocrx_word' id='word_1_283' title='bbox 1035 3295 1084 3350; x_wconf 93' lang='lat' dir='ltr'><strong>in</strong></span> <span class='ocrx_word' id='word_1_284' title='bbox 1119 3293 1218 3350; x_wconf 90' lang='lat' dir='ltr'><strong>hac</strong></span> <span class='ocrx_word' id='word_1_285' title='bbox 1252 3294 1361 3366; x_wconf 71' lang='lat' dir='ltr'><strong>ipsa</strong></span> <span class='ocrx_word' id='word_1_286' title='bbox 1397 3295 1574 3367; x_wconf 87' lang='lat' dir='ltr'><strong>Lipsia</strong></span> <span class='ocrx_word' id='word_1_287' title='bbox 1606 3307 1784 3354; x_wconf 82' lang='lat' dir='ltr'><strong>nostra</strong></span> <span class='ocrx_word' id='word_1_288' title='bbox 1814 3295 2001 3353; x_wconf 79' lang='lat' dir='ltr'><strong>funda-</strong></span> 
     </span>
    </p>
   </div>
   <div class='ocr_carea' id='block_1_44' title="bbox 411 3386 2002 3458">
    <p class='ocr_par' dir='ltr' id='par_1_44' title="bbox 411 3386 2002 3458">
     <span class='ocr_line' id='line_1_44' title="bbox 411 3386 2002 3458; baseline 0.005 -16"><span class='ocrx_word' id='word_1_289' title='bbox 411 3397 496 3442; x_wconf 85' lang='lat' dir='ltr'><strong>tor</strong></span> <span class='ocrx_word' id='word_1_290' title='bbox 548 3386 804 3444; x_wconf 85' lang='lat' dir='ltr'><strong>bonarum</strong></span> <span class='ocrx_word' id='word_1_291' title='bbox 847 3390 1145 3445; x_wconf 87' lang='lat' dir='ltr'><strong>litterarum</strong></span> <span class='ocrx_word' id='word_1_292' title='bbox 1196 3391 1421 3453; x_wconf 79' lang='lat' dir='ltr'><strong>exstitit.</strong></span> <span class='ocrx_word' id='word_1_293' title='bbox 1472 3390 1616 3447; x_wconf 87' lang='lat' dir='ltr'><strong>Petr.</strong></span> <span class='ocrx_word' id='word_1_294' title='bbox 1654 3391 2002 3458; x_wconf 71' lang='lat' dir='ltr'><strong>Most-IIanIIS,</strong></span> 
     </span>
    </p>
   </div>
   <div class='ocr_carea' id='block_1_45' title="bbox 407 3481 2006 3555">
    <p class='ocr_par' dir='ltr' id='par_1_45' title="bbox 407 3481 2006 3555">
     <span class='ocr_line' id='line_1_45' title="bbox 407 3481 2006 3555; baseline 0.003 -18"><span class='ocrx_word' id='word_1_295' title='bbox 407 3483 480 3537; x_wconf 88' lang='lat' dir='ltr'><strong>ita</strong></span> <span class='ocrx_word' id='word_1_296' title='bbox 512 3481 730 3538; x_wconf 67' lang='lat' dir='ltr'><strong>Graecos</strong></span> <span class='ocrx_word' id='word_1_297' title='bbox 754 3493 807 3538; x_wconf 91' lang='lat' dir='ltr'><strong>et</strong></span> <span class='ocrx_word' id='word_1_298' title='bbox 846 3483 1063 3540; x_wconf 88' lang='lat' dir='ltr'><strong>Latinos</strong></span> <span class='ocrx_word' id='word_1_299' title='bbox 1088 3484 1379 3555; x_wconf 87' lang='lat' dir='ltr'><strong>scriptores</strong></span> <span class='ocrx_word' id='word_1_300' title='bbox 1402 3486 1782 3552; x_wconf 66' lang='lat' dir='ltr'><strong>interpretatus</strong></span> <span class='ocrx_word' id='word_1_301' title='bbox 1812 3497 1911 3554; x_wconf 71' lang='lat' dir='ltr'><strong>est,</strong></span> <span class='ocrx_word' id='word_1_302' title='bbox 1948 3496 2006 3542; x_wconf 91' lang='lat' dir='ltr'><strong>ttt</strong></span> 
     </span>
    </p>
   </div>
   <div class='ocr_carea' id='block_1_46' title="bbox 409 3574 2003 3648">
    <p class='ocr_par' dir='ltr' id='par_1_46' title="bbox 409 3574 2003 3648">
     <span class='ocr_line' id='line_1_46' title="bbox 409 3574 2003 3648; baseline 0.003 -19"><span class='ocrx_word' id='word_1_303' title='bbox 409 3576 613 3644; x_wconf 89' lang='lat' dir='ltr'><strong>pariter</strong></span> <span class='ocrx_word' id='word_1_304' title='bbox 637 3574 701 3629; x_wconf 89' lang='lat' dir='ltr'><strong>ad</strong></span> <span class='ocrx_word' id='word_1_305' title='bbox 730 3575 1131 3643; x_wconf 69' lang='lat' dir='ltr'><strong>intelligentiam</strong></span> <span class='ocrx_word' id='word_1_306' title='bbox 1168 3588 1219 3633; x_wconf 93' lang='lat' dir='ltr'><strong>et</strong></span> <span class='ocrx_word' id='word_1_307' title='bbox 1250 3576 1535 3633; x_wconf 70' lang='lat' dir='ltr'><strong>lectiunem</strong></span> <span class='ocrx_word' id='word_1_308' title='bbox 1594 3576 1698 3633; x_wconf 80' lang='lat' dir='ltr'><strong>PP.</strong></span> <span class='ocrx_word' id='word_1_309' title='bbox 1734 3576 2003 3648; x_wconf 86' lang='lat' dir='ltr'><strong>interpre-</strong></span> 
     </span>
    </p>
   </div>
   <div class='ocr_carea' id='block_1_47' title="bbox 409 3667 2006 3742">
    <p class='ocr_par' dir='ltr' id='par_1_47' title="bbox 409 3667 2006 3742">
     <span class='ocr_line' id='line_1_47' title="bbox 409 3667 2006 3742; baseline 0.004 -21"><span class='ocrx_word' id='word_1_310' title='bbox 409 3667 582 3721; x_wconf 89' lang='lat' dir='ltr'><strong>tandis</strong></span> <span class='ocrx_word' id='word_1_311' title='bbox 613 3668 906 3737; x_wconf 82' lang='lat' dir='ltr'><strong>Scripturis</strong></span> <span class='ocrx_word' id='word_1_312' title='bbox 945 3667 1003 3726; x_wconf 90' lang='lat' dir='ltr'><strong>S.</strong></span> <span class='ocrx_word' id='word_1_313' title='bbox 1034 3681 1087 3725; x_wconf 93' lang='lat' dir='ltr'><strong>et</strong></span> <span class='ocrx_word' id='word_1_314' title='bbox 1120 3669 1475 3742; x_wconf 71' lang='lat' dir='ltr'><strong>przelegendis</strong></span> <span class='ocrx_word' id='word_1_315' title='bbox 1519 3670 1693 3742; x_wconf 69' lang='lat' dir='ltr'><strong>poetis</strong></span> <span class='ocrx_word' id='word_1_316' title='bbox 1720 3672 2006 3727; x_wconf 82' lang='lat' dir='ltr'><strong>ecclesias-</strong></span> 
     </span>
    </p>
   </div>
   <div class='ocr_carea' id='block_1_48' title="bbox 411 3759 2006 3832">
    <p class='ocr_par' dir='ltr' id='par_1_48' title="bbox 411 3759 2006 3832">
     <span class='ocr_line' id='line_1_48' title="bbox 411 3759 2006 3832; baseline 0.004 -19"><span class='ocrx_word' id='word_1_317' title='bbox 411 3759 550 3823; x_wconf 89' lang='lat' dir='ltr'><strong>ticis,</strong></span> <span class='ocrx_word' id='word_1_318' title='bbox 601 3759 974 3817; x_wconf 89' lang='lat' dir='ltr'><strong>adolescentes</strong></span> <span class='ocrx_word' id='word_1_319' title='bbox 1015 3763 1331 3818; x_wconf 84' lang='lat' dir='ltr'><strong>aemulantes</strong></span> <span class='ocrx_word' id='word_1_320' title='bbox 1372 3763 1487 3832; x_wconf 87' lang='lat' dir='ltr'><strong>ejus</strong></span> <span class='ocrx_word' id='word_1_321' title='bbox 1522 3764 1732 3830; x_wconf 83' lang='lat' dir='ltr'><strong>studia,</strong></span> <span class='ocrx_word' id='word_1_322' title='bbox 1766 3760 1867 3819; x_wconf 88' lang='lat' dir='ltr'><strong>hoc</strong></span> <span class='ocrx_word' id='word_1_323' title='bbox 1894 3774 2006 3832; x_wconf 86' lang='lat' dir='ltr'><strong>est,</strong></span> 
     </span>
    </p>
   </div>
   <div class='ocr_carea' id='block_1_49' title="bbox 410 3850 2012 3929">
    <p class='ocr_par' dir='ltr' id='par_1_49' title="bbox 410 3850 2012 3929">
     <span class='ocr_line' id='line_1_49' title="bbox 410 3850 2012 3929; baseline 0.006 -25"><span class='ocrx_word' id='word_1_324' title='bbox 410 3850 597 3905; x_wconf 73' lang='lat' dir='ltr'><strong>liorem</strong></span> <span class='ocrx_word' id='word_1_325' title='bbox 641 3852 961 3929; x_wconf 81' lang='lat' dir='ltr'><strong>juventntis,</strong></span> <span class='ocrx_word' id='word_1_326' title='bbox 1014 3855 1322 3911; x_wconf 88' lang='lat' dir='ltr'><strong>adduceret.</strong></span> <span class='ocrx_word' id='word_1_327' title='bbox 1364 3855 1531 3923; x_wconf 87' lang='lat' dir='ltr'><strong>Quam</strong></span> <span class='ocrx_word' id='word_1_328' title='bbox 1566 3855 1900 3927; x_wconf 59' lang='lat' dir='ltr'><strong>disciplinam</strong></span> <span class='ocrx_word' id='word_1_329' title='bbox 1944 3859 2012 3913; x_wconf 91' lang='lat' dir='ltr'><strong>ab</strong></span> 
     </span>
    </p>
   </div>
   <div class='ocr_carea' id='block_1_50' title="bbox 412 3949 2010 4023">
    <p class='ocr_par' dir='ltr' id='par_1_50' title="bbox 412 3949 2010 4023">
     <span class='ocr_line' id='line_1_50' title="bbox 412 3949 2010 4023; baseline 0.003 -23"><span class='ocrx_word' id='word_1_330' title='bbox 412 3959 478 4000; x_wconf 90' lang='lat' dir='ltr'><strong>eo</strong></span> <span class='ocrx_word' id='word_1_331' title='bbox 518 3957 792 4016; x_wconf 86' lang='lat' dir='ltr'><strong>acceptam</strong></span> <span class='ocrx_word' id='word_1_332' title='bbox 835 3949 1077 4017; x_wconf 87' lang='lat' dir='ltr'><strong>retinuit,</strong></span> <span class='ocrx_word' id='word_1_333' title='bbox 1110 3958 1165 4004; x_wconf 89' lang='lat' dir='ltr'><strong>et</strong></span> <span class='ocrx_word' id='word_1_334' title='bbox 1192 3950 1302 4004; x_wconf 85' lang='lat' dir='ltr'><strong>suis</strong></span> <span class='ocrx_word' id='word_1_335' title='bbox 1336 3949 1548 4005; x_wconf 87' lang='lat' dir='ltr'><strong>tradidit</strong></span> <span class='ocrx_word' id='word_1_336' title='bbox 1576 3949 1846 4023; x_wconf 82' lang='lat' dir='ltr'><strong>Casparus</strong></span> <span class='ocrx_word' id='word_1_337' title='bbox 1876 3951 2010 4006; x_wconf 83' lang='lat' dir='ltr'><strong>Bor-</strong></span> 
     </span>
    </p>
   </div>
   <div class='ocr_carea' id='block_1_51' title="bbox 412 4037 2014 4116">
    <p class='ocr_par' dir='ltr' id='par_1_51' title="bbox 412 4037 2014 4116">
     <span class='ocr_line' id='line_1_51' title="bbox 412 4037 2014 4116; baseline 0.005 -26"><span class='ocrx_word' id='word_1_338' title='bbox 412 4051 594 4099; x_wconf 88' lang='lat' dir='ltr'><strong>nerus,</strong></span> <span class='ocrx_word' id='word_1_339' title='bbox 635 4037 715 4091; x_wconf 87' lang='lat' dir='ltr'><strong>vir</strong></span> <span class='ocrx_word' id='word_1_340' title='bbox 738 4050 788 4094; x_wconf 90' lang='lat' dir='ltr'><strong>et</strong></span> <span class='ocrx_word' id='word_1_341' title='bbox 818 4039 952 4113; x_wconf 90' lang='lat' dir='ltr'><strong>ipse,</strong></span> <span class='ocrx_word' id='word_1_342' title='bbox 997 4046 1053 4093; x_wconf 83' lang='grc' dir='ltr'><strong>ιιι</strong></span> <span class='ocrx_word' id='word_1_343' title='bbox 1093 4039 1297 4108; x_wconf 88' lang='lat' dir='ltr'><strong>jndicat</strong></span> <span class='ocrx_word' id='word_1_344' title='bbox 1335 4040 1521 4097; x_wconf 86' lang='lat' dir='ltr'><strong>Joach.</strong></span> <span class='ocrx_word' id='word_1_345' title='bbox 1552 4043 1893 4097; x_wconf 84' lang='lat' dir='ltr'><strong>Camerarius</strong></span> <span class='ocrx_word' id='word_1_346' title='bbox 1929 4044 2014 4116; x_wconf 81' lang='lat' dir='ltr'><strong>(in</strong></span> 
     </span>
    </p>
   </div>
   <div class='ocr_carea' id='block_1_52' title="bbox 2098 2825 3716 2910">
    <p class='ocr_par' dir='ltr' id='par_1_52' title="bbox 2098 2825 3716 2910">
     <span class='ocr_line' id='line_1_52' title="bbox 2098 2825 3716 2910; baseline -0.011 -13"><span class='ocrx_word' id='word_1_347' title='bbox 2098 2843 2247 2908; x_wconf 90' lang='lat' dir='ltr'><strong>dum,</strong></span> <span class='ocrx_word' id='word_1_348' title='bbox 2278 2840 2470 2910; x_wconf 65' lang='lat' dir='ltr'><strong>quibus</strong></span> <span class='ocrx_word' id='word_1_349' title='bbox 2499 2837 2573 2893; x_wconf 92' lang='lat' dir='ltr'><strong>illi</strong></span> <span class='ocrx_word' id='word_1_350' title='bbox 2597 2836 2852 2892; x_wconf 67' lang='lat' dir='ltr'><strong>adversus</strong></span> <span class='ocrx_word' id='word_1_351' title='bbox 2887 2833 3106 2891; x_wconf 83' lang='lat' dir='ltr'><strong>Eccium</strong></span> <span class='ocrx_word' id='word_1_352' title='bbox 3150 2836 3448 2883; x_wconf 87' lang='lat' dir='ltr'><strong>uterentur.</strong></span> <span class='ocrx_word' id='word_1_353' title='bbox 3485 2825 3564 2879; x_wconf 80' lang='lat' dir='ltr'><strong>Ex</strong></span> <span class='ocrx_word' id='word_1_354' title='bbox 3594 2838 3716 2894; x_wconf 85' lang='lat' dir='ltr'><strong>quo</strong></span> 
     </span>
    </p>
   </div>
   <div class='ocr_carea' id='block_1_53' title="bbox 2100 2917 3719 3005">
    <p class='ocr_par' dir='ltr' id='par_1_53' title="bbox 2100 2917 3719 3005">
     <span class='ocr_line' id='line_1_53' title="bbox 2100 2917 3719 3005; baseline -0.011 -14"><span class='ocrx_word' id='word_1_355' title='bbox 2100 2935 2320 3005; x_wconf 78' lang='lat' dir='ltr'><strong>intelligi</strong></span> <span class='ocrx_word' id='word_1_356' title='bbox 2359 2942 2554 3003; x_wconf 88' lang='lat' dir='ltr'><strong>potest,</strong></span> <span class='ocrx_word' id='word_1_357' title='bbox 2591 2931 2727 2985; x_wconf 91' lang='lat' dir='ltr'><strong>hanc</strong></span> <span class='ocrx_word' id='word_1_358' title='bbox 2761 2938 2869 2985; x_wconf 91' lang='lat' dir='ltr'><strong>tum</strong></span> <span class='ocrx_word' id='word_1_359' title='bbox 2904 2924 3201 2995; x_wconf 59' lang='lat' dir='ltr'><strong>disciplinae</strong></span> <span class='ocrx_word' id='word_1_360' title='bbox 3231 2921 3454 2977; x_wconf 77' lang='lat' dir='ltr'><strong>forutam</strong></span> <span class='ocrx_word' id='word_1_361' title='bbox 3484 2920 3537 2973; x_wconf 90' lang='lat' dir='ltr'><strong>in</strong></span> <span class='ocrx_word' id='word_1_362' title='bbox 3563 2917 3719 2974; x_wconf 83' lang='lat' dir='ltr'><strong>Ger-</strong></span> 
     </span>
    </p>
   </div>
   <div class='ocr_carea' id='block_1_54' title="bbox 2102 3011 3719 3096">
    <p class='ocr_par' dir='ltr' id='par_1_54' title="bbox 2102 3011 3719 3096">
     <span class='ocr_line' id='line_1_54' title="bbox 2102 3011 3719 3096; baseline -0.013 -13"><span class='ocrx_word' id='word_1_363' title='bbox 2102 3028 2297 3083; x_wconf 81' lang='lat' dir='ltr'><strong>maniae</strong></span> <span class='ocrx_word' id='word_1_364' title='bbox 2325 3027 2475 3090; x_wconf 85' lang='lat' dir='ltr'><strong>locis,</strong></span> <span class='ocrx_word' id='word_1_365' title='bbox 2508 3041 2628 3096; x_wconf 78' lang='lat' dir='ltr'><strong>qua:</strong></span> <span class='ocrx_word' id='word_1_366' title='bbox 2656 3023 2812 3078; x_wconf 87' lang='lat' dir='ltr'><strong>bouis</strong></span> <span class='ocrx_word' id='word_1_367' title='bbox 2838 3019 3034 3076; x_wconf 91' lang='lat' dir='ltr'><strong>litteris</strong></span> <span class='ocrx_word' id='word_1_368' title='bbox 3070 3015 3357 3086; x_wconf 88' lang='lat' dir='ltr'><strong>plurinmm</strong></span> <span class='ocrx_word' id='word_1_369' title='bbox 3386 3011 3719 3078; x_wconf 87' lang='lat' dir='ltr'><strong>tribuerent,</strong></span> 
     </span>
    </p>
   </div>
   <div class='ocr_carea' id='block_1_55' title="bbox 2104 3105 3721 3186">
    <p class='ocr_par' dir='ltr' id='par_1_55' title="bbox 2104 3105 3721 3186">
     <span class='ocr_line' id='line_1_55' title="bbox 2104 3105 3721 3186; baseline -0.011 -11"><span class='ocrx_word' id='word_1_370' title='bbox 2104 3122 2288 3183; x_wconf 79' lang='lat' dir='ltr'><strong>fuisse,</strong></span> <span class='ocrx_word' id='word_1_371' title='bbox 2324 3128 2381 3174; x_wconf 92' lang='lat' dir='ltr'><strong>ut</strong></span> <span class='ocrx_word' id='word_1_372' title='bbox 2423 3127 2705 3186; x_wconf 83' lang='lat' dir='ltr'><strong>utrumque</strong></span> <span class='ocrx_word' id='word_1_373' title='bbox 2730 3128 2901 3185; x_wconf 88' lang='lat' dir='ltr'><strong>genus</strong></span> <span class='ocrx_word' id='word_1_374' title='bbox 2932 3112 3251 3171; x_wconf 89' lang='lat' dir='ltr'><strong>litterarum,</strong></span> <span class='ocrx_word' id='word_1_375' title='bbox 3278 3121 3309 3160; x_wconf 87' lang='lat' dir='ltr'><strong>a</strong></span> <span class='ocrx_word' id='word_1_376' title='bbox 3338 3105 3505 3175; x_wconf 85' lang='lat' dir='ltr'><strong>prima</strong></span> <span class='ocrx_word' id='word_1_377' title='bbox 3538 3116 3721 3172; x_wconf 87' lang='lat' dir='ltr'><strong>prope</strong></span> 
     </span>
    </p>
   </div>
   <div class='ocr_carea' id='block_1_56' title="bbox 2104 3194 3716 3287">
    <p class='ocr_par' dir='ltr' id='par_1_56' title="bbox 2104 3194 3716 3287">
     <span class='ocr_line' id='line_1_56' title="bbox 2104 3194 3716 3287; baseline -0.012 -19"><span class='ocrx_word' id='word_1_378' title='bbox 2104 3212 2351 3287; x_wconf 82' lang='lat' dir='ltr'><strong>pueritia,</strong></span> <span class='ocrx_word' id='word_1_379' title='bbox 2385 3212 2819 3279; x_wconf 83' lang='lat' dir='ltr'><strong>conjungeretur.</strong></span> <span class='ocrx_word' id='word_1_380' title='bbox 2864 3202 2993 3274; x_wconf 86' lang='lat' dir='ltr'><strong>Ejus</strong></span> <span class='ocrx_word' id='word_1_381' title='bbox 3035 3216 3194 3272; x_wconf 88' lang='lat' dir='ltr'><strong>porro</strong></span> <span class='ocrx_word' id='word_1_382' title='bbox 3238 3197 3538 3268; x_wconf 75' lang='lat' dir='ltr'><strong>disciplina:</strong></span> <span class='ocrx_word' id='word_1_383' title='bbox 3571 3194 3716 3249; x_wconf 88' lang='lat' dir='ltr'><strong>dili—</strong></span> 
     </span>
    </p>
   </div>
   <div class='ocr_carea' id='block_1_57' title="bbox 2104 3287 3718 3381">
    <p class='ocr_par' dir='ltr' id='par_1_57' title="bbox 2104 3287 3718 3381">
     <span class='ocr_line' id='line_1_57' title="bbox 2104 3287 3718 3381; baseline -0.015 -17"><span class='ocrx_word' id='word_1_384' title='bbox 2104 3318 2318 3381; x_wconf 83' lang='lat' dir='ltr'><strong>gentem</strong></span> <span class='ocrx_word' id='word_1_385' title='bbox 2348 3303 2656 3367; x_wconf 85' lang='lat' dir='ltr'><strong>custodem,</strong></span> <span class='ocrx_word' id='word_1_386' title='bbox 2700 3309 2753 3356; x_wconf 93' lang='lat' dir='ltr'><strong>et</strong></span> <span class='ocrx_word' id='word_1_387' title='bbox 2788 3307 3064 3354; x_wconf 86' lang='lat' dir='ltr'><strong>auctorem</strong></span> <span class='ocrx_word' id='word_1_388' title='bbox 3093 3308 3157 3348; x_wconf 90' lang='lat' dir='ltr'><strong>ac</strong></span> <span class='ocrx_word' id='word_1_389' title='bbox 3199 3287 3718 3347; x_wconf 77' lang='lat' dir='ltr'><strong>commcnilatorem</strong></span> 
     </span>
    </p>
   </div>
   <div class='ocr_carea' id='block_1_58' title="bbox 2107 3381 3723 3480">
    <p class='ocr_par' dir='ltr' id='par_1_58' title="bbox 2107 3381 3723 3480">
     <span class='ocr_line' id='line_1_58' title="bbox 2107 3381 3723 3480; baseline -0.012 -24"><span class='ocrx_word' id='word_1_390' title='bbox 2107 3403 2279 3480; x_wconf 88' lang='lat' dir='ltr'><strong>patria</strong></span> <span class='ocrx_word' id='word_1_391' title='bbox 2322 3409 2501 3457; x_wconf 87' lang='lat' dir='ltr'><strong>nostra</strong></span> <span class='ocrx_word' id='word_1_392' title='bbox 2560 3396 2747 3450; x_wconf 86' lang='lat' dir='ltr'><strong>habuit</strong></span> <span class='ocrx_word' id='word_1_393' title='bbox 2787 3393 3079 3459; x_wconf 71' lang='lat' dir='ltr'><strong>Georgium</strong></span> <span class='ocrx_word' id='word_1_394' title='bbox 3127 3384 3471 3450; x_wconf 79' lang='lat' dir='ltr'><strong>Fabricium,</strong></span> <span class='ocrx_word' id='word_1_395' title='bbox 3517 3392 3575 3436; x_wconf 92' lang='lat' dir='ltr'><strong>ut</strong></span> <span class='ocrx_word' id='word_1_396' title='bbox 3626 3381 3723 3437; x_wconf 83' lang='lat' dir='ltr'><strong>illa</strong></span> 
     </span>
    </p>
   </div>
   <div class='ocr_carea' id='block_1_59' title="bbox 2109 3474 3724 3565">
    <p class='ocr_par' dir='ltr' id='par_1_59' title="bbox 2109 3474 3724 3565">
     <span class='ocr_line' id='line_1_59' title="bbox 2109 3474 3724 3565; baseline -0.016 -15"><span class='ocrx_word' id='word_1_397' title='bbox 2109 3474 2246 3565; x_wconf 63' lang='lat' dir='ltr'><strong>ipsa,</strong></span> <span class='ocrx_word' id='word_1_398' title='bbox 2271 3507 2430 3563; x_wconf 86' lang='lat' dir='ltr'><strong>quam</strong></span> <span class='ocrx_word' id='word_1_399' title='bbox 2450 3499 2574 3544; x_wconf 88' lang='lat' dir='ltr'><strong>ante</strong></span> <span class='ocrx_word' id='word_1_400' title='bbox 2590 3483 3153 3544; x_wconf 89' lang='lat' dir='ltr'><strong>connnemoravimus,</strong></span> <span class='ocrx_word' id='word_1_401' title='bbox 3181 3475 3422 3549; x_wconf 85' lang='lat' dir='ltr'><strong>Epistula</strong></span> <span class='ocrx_word' id='word_1_402' title='bbox 3450 3474 3724 3541; x_wconf 87' lang='lat' dir='ltr'><strong>declarat,</strong></span> 
     </span>
    </p>
   </div>
   <div class='ocr_carea' id='block_1_60' title="bbox 2110 3569 3719 3657">
    <p class='ocr_par' dir='ltr' id='par_1_60' title="bbox 2110 3569 3719 3657">
     <span class='ocr_line' id='line_1_60' title="bbox 2110 3569 3719 3657; baseline -0.012 -15"><span class='ocrx_word' id='word_1_403' title='bbox 2110 3589 2162 3643; x_wconf 91' lang='lat' dir='ltr'><strong>in</strong></span> <span class='ocrx_word' id='word_1_404' title='bbox 2218 3602 2321 3657; x_wconf 87' lang='lat' dir='ltr'><strong>qua</strong></span> <span class='ocrx_word' id='word_1_405' title='bbox 2369 3585 2600 3656; x_wconf 84' lang='lat' dir='ltr'><strong>graviter</strong></span> <span class='ocrx_word' id='word_1_406' title='bbox 2639 3582 2877 3652; x_wconf 79' lang='lat' dir='ltr'><strong>queritur</strong></span> <span class='ocrx_word' id='word_1_407' title='bbox 2916 3592 3029 3643; x_wconf 73' lang='lat' dir='ltr'><strong>eos,</strong></span> <span class='ocrx_word' id='word_1_408' title='bbox 3062 3575 3149 3644; x_wconf 87' lang='lat' dir='ltr'><strong>qui</strong></span> <span class='ocrx_word' id='word_1_409' title='bbox 3190 3574 3367 3628; x_wconf 66' lang='lat' dir='ltr'><strong>latinae</strong></span> <span class='ocrx_word' id='word_1_410' title='bbox 3421 3569 3719 3639; x_wconf 64' lang='lat' dir='ltr'><strong>elegantiae</strong></span> 
     </span>
    </p>
   </div>
   <div class='ocr_carea' id='block_1_61' title="bbox 2112 3661 3727 3736">
    <p class='ocr_par' dir='ltr' id='par_1_61' title="bbox 2112 3661 3727 3736">
     <span class='ocr_line' id='line_1_61' title="bbox 2112 3661 3727 3736; baseline -0.011 -3"><span class='ocrx_word' id='word_1_411' title='bbox 2112 3677 2335 3734; x_wconf 50' lang='lat' dir='ltr'><strong>studiosi</strong></span> <span class='ocrx_word' id='word_1_412' title='bbox 2383 3692 2503 3731; x_wconf 90' lang='lat' dir='ltr'><strong>esse</strong></span> <span class='ocrx_word' id='word_1_413' title='bbox 2543 3690 2605 3729; x_wconf 92' lang='lat' dir='ltr'><strong>ac</strong></span> <span class='ocrx_word' id='word_1_414' title='bbox 2646 3673 2811 3727; x_wconf 73' lang='lat' dir='ltr'><strong>videri</strong></span> <span class='ocrx_word' id='word_1_415' title='bbox 2841 3668 3025 3732; x_wconf 89' lang='lat' dir='ltr'><strong>velint,</strong></span> <span class='ocrx_word' id='word_1_416' title='bbox 3062 3664 3336 3736; x_wconf 63' lang='lat' dir='ltr'><strong>negligere</strong></span> <span class='ocrx_word' id='word_1_417' title='bbox 3392 3661 3727 3733; x_wconf 83' lang='lat' dir='ltr'><strong>plerumque</strong></span> 
     </span>
    </p>
   </div>
   <div class='ocr_carea' id='block_1_62' title="bbox 2113 3754 3731 3840">
    <p class='ocr_par' dir='ltr' id='par_1_62' title="bbox 2113 3754 3731 3840">
     <span class='ocr_line' id='line_1_62' title="bbox 2113 3754 3731 3840; baseline -0.012 -14"><span class='ocrx_word' id='word_1_418' title='bbox 2113 3773 2311 3839; x_wconf 83' lang='lat' dir='ltr'><strong>scripta</strong></span> <span class='ocrx_word' id='word_1_419' title='bbox 2350 3768 2688 3840; x_wconf 84' lang='lat' dir='ltr'><strong>antiquorum</strong></span> <span class='ocrx_word' id='word_1_420' title='bbox 2719 3762 2971 3819; x_wconf 72' lang='lat' dir='ltr'><strong>Ecclesiae</strong></span> <span class='ocrx_word' id='word_1_421' title='bbox 3008 3761 3321 3813; x_wconf 69' lang='lat' dir='ltr'><strong>Doctorum.</strong></span> <span class='ocrx_word' id='word_1_422' title='bbox 3352 3768 3579 3826; x_wconf 89' lang='lat' dir='ltr'><strong>quorum</strong></span> <span class='ocrx_word' id='word_1_423' title='bbox 3608 3754 3731 3807; x_wconf 89' lang='lat' dir='ltr'><strong>lec-</strong></span> 
     </span>
    </p>
   </div>
   <div class='ocr_carea' id='block_1_63' title="bbox 2116 3845 3720 3934">
    <p class='ocr_par' dir='ltr' id='par_1_63' title="bbox 2116 3845 3720 3934">
     <span class='ocr_line' id='line_1_63' title="bbox 2116 3845 3720 3934; baseline -0.012 -16"><span class='ocrx_word' id='word_1_424' title='bbox 2116 3865 2189 3920; x_wconf 90' lang='lat' dir='ltr'><strong>tio</strong></span> <span class='ocrx_word' id='word_1_425' title='bbox 2226 3863 2492 3934; x_wconf 79' lang='lat' dir='ltr'><strong>cgregiam</strong></span> <span class='ocrx_word' id='word_1_426' title='bbox 2547 3859 2844 3914; x_wconf 83' lang='lat' dir='ltr'><strong>doctrinam</strong></span> <span class='ocrx_word' id='word_1_427' title='bbox 2886 3850 3251 3918; x_wconf 71' lang='lat' dir='ltr'><strong>Ecclesimque</strong></span> <span class='ocrx_word' id='word_1_428' title='bbox 3289 3845 3472 3902; x_wconf 88' lang='lat' dir='ltr'><strong>utilem</strong></span> <span class='ocrx_word' id='word_1_429' title='bbox 3504 3862 3720 3916; x_wconf 81' lang='lat' dir='ltr'><strong>suppe-</strong></span> 
     </span>
    </p>
   </div>
   <div class='ocr_carea' id='block_1_64' title="bbox 2116 3938 3729 4027">
    <p class='ocr_par' dir='ltr' id='par_1_64' title="bbox 2116 3938 3729 4027">
     <span class='ocr_line' id='line_1_64' title="bbox 2116 3938 3729 4027; baseline -0.012 -14"><span class='ocrx_word' id='word_1_430' title='bbox 2116 3956 2268 4020; x_wconf 64' lang='lat' dir='ltr'><strong>ditet,</strong></span> <span class='ocrx_word' id='word_1_431' title='bbox 2315 3955 2673 4027; x_wconf 86' lang='lat' dir='ltr'><strong>pietatemque</strong></span> <span class='ocrx_word' id='word_1_432' title='bbox 2703 3950 2829 4015; x_wconf 87' lang='lat' dir='ltr'><strong>alat,</strong></span> <span class='ocrx_word' id='word_1_433' title='bbox 2863 3948 3015 4017; x_wconf 88' lang='lat' dir='ltr'><strong>cujus</strong></span> <span class='ocrx_word' id='word_1_434' title='bbox 3046 3942 3184 3999; x_wconf 86' lang='lat' dir='ltr'><strong>haud</strong></span> <span class='ocrx_word' id='word_1_435' title='bbox 3212 3940 3368 4008; x_wconf 86' lang='lat' dir='ltr'><strong>paulo</strong></span> <span class='ocrx_word' id='word_1_436' title='bbox 3399 3938 3573 4009; x_wconf 83' lang='lat' dir='ltr'><strong>major</strong></span> <span class='ocrx_word' id='word_1_437' title='bbox 3594 3953 3729 3994; x_wconf 86' lang='lat' dir='ltr'><strong>esse</strong></span> 
     </span>
    </p>
   </div>
   <div class='ocr_carea' id='block_1_65' title="bbox 2118 4032 3733 4118">
    <p class='ocr_par' dir='ltr' id='par_1_65' title="bbox 2118 4032 3733 4118">
     <span class='ocr_line' id='line_1_65' title="bbox 2118 4032 3733 4118; baseline -0.011 -10"><span class='ocrx_word' id='word_1_438' title='bbox 2118 4052 2334 4118; x_wconf 87' lang='lat' dir='ltr'><strong>debeat,</strong></span> <span class='ocrx_word' id='word_1_439' title='bbox 2367 4066 2524 4115; x_wconf 79' lang='lat' dir='ltr'><strong>quam</strong></span> <span class='ocrx_word' id='word_1_440' title='bbox 2558 4045 2860 4117; x_wconf 64' lang='lat' dir='ltr'><strong>elegantim,</strong></span> <span class='ocrx_word' id='word_1_441' title='bbox 2887 4058 3034 4097; x_wconf 91' lang='lat' dir='ltr'><strong>cura.</strong></span> <span class='ocrx_word' id='word_1_442' title='bbox 3065 4040 3236 4105; x_wconf 72' lang='lat' dir='ltr'><strong>Quid?</strong></span> <span class='ocrx_word' id='word_1_443' title='bbox 3262 4036 3562 4095; x_wconf 86' lang='lat' dir='ltr'><strong>Barthium.</strong></span> <span class='ocrx_word' id='word_1_444' title='bbox 3594 4032 3733 4091; x_wconf 70' lang='lat' dir='ltr'><strong>Ri&#39;i-</strong></span> 
     </span>
    </p>
   </div>
   <div class='ocr_carea' id='block_1_66' title="bbox 428 4128 3734 4218">
    <p class='ocr_par' dir='ltr' id='par_1_66' title="bbox 428 4128 3734 4218">
     <span class='ocr_line' id='line_1_66' title="bbox 428 4128 3734 4218; baseline -0.009 -6"><span class='ocrx_word' id='word_1_445' title='bbox 428 4129 527 4184; x_wconf 53' lang='lat' dir='ltr'><strong>Vi&quot;</strong></span> <span class='ocrx_word' id='word_1_446' title='bbox 557 4129 659 4187; x_wconf 60' lang='grc' dir='ltr'><strong>Μ·</strong></span> <span class='ocrx_word' id='word_1_447' title='bbox 690 4132 1006 4191; x_wconf 56' lang='lat' dir='ltr'><strong>&quot;mne/&quot;&quot;-</strong></span> <span class='ocrx_word' id='word_1_448' title='bbox 1036 4155 1087 4207; x_wconf 80' lang='grc' dir='ltr'><em>Ρ·</em></span> <span class='ocrx_word' id='word_1_449' title='bbox 1116 4135 1176 4190; x_wconf 77' lang='grc' dir='ltr'>Ἠ</span> <span class='ocrx_word' id='word_1_450' title='bbox 1216 4134 1234 4203; x_wconf 84' lang='grc'><strong>)</strong></span> <span class='ocrx_word' id='word_1_451' title='bbox 1266 4134 1331 4189; x_wconf 68' lang='lat' dir='ltr'><strong>ad</strong></span> <span class='ocrx_word' id='word_1_452' title='bbox 1370 4135 1680 4203; x_wconf 67' lang='lat' dir='ltr'><strong>diSCiP&#39;im&#39;S</strong></span> <span class='ocrx_word' id='word_1_453' title='bbox 1719 4136 2015 4193; x_wconf 67' lang='grc' dir='ltr'>Γιιιιάίιιιάηε</span> <span class='ocrx_word' id='word_1_454' title='bbox 2041 4154 2086 4218; x_wconf 81' lang='lat' dir='ltr'><strong>C</strong></span> <span class='ocrx_word' id='word_1_455' title='bbox 2122 4144 2353 4207; x_wconf 90' lang='lat' dir='ltr'><strong>nesium,</strong></span> <span class='ocrx_word' id='word_1_456' title='bbox 2382 4140 2651 4204; x_wconf 66' lang='lat' dir='ltr'><strong>ltivinuni,</strong></span> <span class='ocrx_word' id='word_1_457' title='bbox 2681 4134 3092 4192; x_wconf 78' lang='lat' dir='ltr'><strong>Rittershusium</strong></span> <span class='ocrx_word' id='word_1_458' title='bbox 3111 4144 3163 4187; x_wconf 90' lang='lat' dir='ltr'><strong>et</strong></span> <span class='ocrx_word' id='word_1_459' title='bbox 3188 4131 3325 4185; x_wconf 86' lang='lat' dir='ltr'><strong>haud</strong></span> <span class='ocrx_word' id='word_1_460' title='bbox 3351 4128 3734 4201; x_wconf 86' lang='lat' dir='ltr'><strong>paucosalios,</strong></span> 
     </span>
    </p>
   </div>
   <div class='ocr_carea' id='block_1_67' title="bbox 415 4224 2018 4290">
    <p class='ocr_par' dir='ltr' id='par_1_67' title="bbox 415 4224 2018 4290">
     <span class='ocr_line' id='line_1_67' title="bbox 415 4224 2018 4290; baseline 0.004 -11"><span class='ocrx_word' id='word_1_461' title='bbox 415 4235 592 4290; x_wconf 79' lang='lat' dir='ltr'><strong>natus,</strong></span> <span class='ocrx_word' id='word_1_462' title='bbox 638 4224 721 4282; x_wconf 90' lang='lat' dir='ltr'><strong>cni</strong></span> <span class='ocrx_word' id='word_1_463' title='bbox 778 4226 1044 4283; x_wconf 89' lang='lat' dir='ltr'><strong>Lutherus</strong></span> <span class='ocrx_word' id='word_1_464' title='bbox 1073 4228 1525 4286; x_wconf 72' lang='lat' dir='ltr'><strong>etMrlanchthon</strong></span> <span class='ocrx_word' id='word_1_465' title='bbox 1583 4237 1784 4284; x_wconf 86' lang='lat' dir='ltr'><strong>tantum</strong></span> <span class='ocrx_word' id='word_1_466' title='bbox 1818 4230 1868 4284; x_wconf 92' lang='lat' dir='ltr'><strong>in</strong></span> <span class='ocrx_word' id='word_1_467' title='bbox 1918 4229 2018 4286; x_wconf 90' lang='lat' dir='ltr'><strong>hac</strong></span> 
     </span>
    </p>
   </div>
   <div class='ocr_carea' id='block_1_68' title="bbox 418 4316 2017 4395">
    <p class='ocr_par' dir='ltr' id='par_1_68' title="bbox 418 4316 2017 4395">
     <span class='ocr_line' id='line_1_68' title="bbox 418 4316 2017 4395; baseline 0.002 -21"><span class='ocrx_word' id='word_1_468' title='bbox 418 4316 706 4385; x_wconf 79' lang='lat' dir='ltr'><strong>Academia</strong></span> <span class='ocrx_word' id='word_1_469' title='bbox 762 4322 1093 4381; x_wconf 86' lang='lat' dir='ltr'><strong>tribuerunt.</strong></span> <span class='ocrx_word' id='word_1_470' title='bbox 1140 4334 1399 4395; x_wconf 90' lang='lat' dir='ltr'><strong>quantum</strong></span> <span class='ocrx_word' id='word_1_471' title='bbox 1454 4320 1674 4375; x_wconf 72' lang='lat' dir='ltr'><strong>nemini.</strong></span> <span class='ocrx_word' id='word_1_472' title='bbox 1720 4320 1885 4392; x_wconf 88' lang='lat' dir='ltr'><strong>Cujus</strong></span> <span class='ocrx_word' id='word_1_473' title='bbox 1940 4323 2017 4378; x_wconf 83' lang='lat' dir='ltr'><strong>rei</strong></span> 
     </span>
    </p>
   </div>
   <div class='ocr_carea' id='block_1_69' title="bbox 416 4410 2014 4482">
    <p class='ocr_par' dir='ltr' id='par_1_69' title="bbox 416 4410 2014 4482">
     <span class='ocr_line' id='line_1_69' title="bbox 416 4410 2014 4482; baseline 0.001 -15"><span class='ocrx_word' id='word_1_474' title='bbox 416 4424 689 4471; x_wconf 85' lang='lat' dir='ltr'><strong>attetorem</strong></span> <span class='ocrx_word' id='word_1_475' title='bbox 742 4413 995 4469; x_wconf 90' lang='lat' dir='ltr'><strong>idoneum</strong></span> <span class='ocrx_word' id='word_1_476' title='bbox 1044 4413 1302 4469; x_wconf 89' lang='lat' dir='ltr'><strong>hahemus</strong></span> <span class='ocrx_word' id='word_1_477' title='bbox 1351 4412 1638 4482; x_wconf 67' lang='lat' dir='ltr'><strong>Georgium</strong></span> <span class='ocrx_word' id='word_1_478' title='bbox 1674 4410 2014 4478; x_wconf 85' lang='lat' dir='ltr'><strong>Fabricium,</strong></span> 
     </span>
    </p>
   </div>
   <div class='ocr_carea' id='block_1_70' title="bbox 417 4502 2018 4577">
    <p class='ocr_par' dir='ltr' id='par_1_70' title="bbox 417 4502 2018 4577">
     <span class='ocr_line' id='line_1_70' title="bbox 417 4502 2018 4577; baseline 0 -18"><span class='ocrx_word' id='word_1_479' title='bbox 417 4505 569 4561; x_wconf 88' lang='lat' dir='ltr'><strong>schol</strong></span> <span class='ocrx_word' id='word_1_480' title='bbox 589 4525 617 4555; x_wconf 77' lang='grc' dir='ltr'>ι’</span> <span class='ocrx_word' id='word_1_481' title='bbox 642 4505 983 4562; x_wconf 71' lang='lat' dir='ltr'><strong>Bornerianm</strong></span> <span class='ocrx_word' id='word_1_482' title='bbox 1010 4507 1306 4571; x_wconf 86' lang='lat' dir='ltr'><strong>alumnum,</strong></span> <span class='ocrx_word' id='word_1_483' title='bbox 1337 4504 1425 4577; x_wconf 91' lang='lat' dir='ltr'><strong>qui</strong></span> <span class='ocrx_word' id='word_1_484' title='bbox 1459 4502 1701 4559; x_wconf 88' lang='lat' dir='ltr'><strong>eamdem</strong></span> <span class='ocrx_word' id='word_1_485' title='bbox 1735 4507 1803 4557; x_wconf 89' lang='lat' dir='ltr'><strong>ab</strong></span> <span class='ocrx_word' id='word_1_486' title='bbox 1826 4519 1889 4558; x_wconf 82' lang='lat' dir='ltr'><strong>eo</strong></span> <span class='ocrx_word' id='word_1_487' title='bbox 1911 4504 2018 4559; x_wconf 84' lang='lat' dir='ltr'><strong>dis-</strong></span> 
     </span>
    </p>
   </div>
   <div class='ocr_carea' id='block_1_71' title="bbox 420 4595 2021 4667">
    <p class='ocr_par' dir='ltr' id='par_1_71' title="bbox 420 4595 2021 4667">
     <span class='ocr_line' id='line_1_71' title="bbox 420 4595 2021 4667; baseline 0 -16"><span class='ocrx_word' id='word_1_488' title='bbox 420 4595 631 4667; x_wconf 69' lang='lat' dir='ltr'><strong>ciplina:</strong></span> <span class='ocrx_word' id='word_1_489' title='bbox 670 4596 893 4651; x_wconf 78' lang='lat' dir='ltr'><strong>formam</strong></span> <span class='ocrx_word' id='word_1_490' title='bbox 944 4598 1169 4665; x_wconf 85' lang='lat' dir='ltr'><strong>accepit.</strong></span> <span class='ocrx_word' id='word_1_491' title='bbox 1209 4595 1339 4651; x_wconf 86' lang='lat' dir='ltr'><strong>Nam</strong></span> <span class='ocrx_word' id='word_1_492' title='bbox 1377 4597 1427 4650; x_wconf 92' lang='lat' dir='ltr'><strong>in</strong></span> <span class='ocrx_word' id='word_1_493' title='bbox 1465 4595 1725 4665; x_wconf 82' lang='lat' dir='ltr'><strong>Epistola.</strong></span> <span class='ocrx_word' id='word_1_494' title='bbox 1760 4612 1861 4665; x_wconf 87' lang='lat' dir='ltr'><strong>qua</strong></span> <span class='ocrx_word' id='word_1_495' title='bbox 1897 4596 2021 4652; x_wconf 85' lang='lat' dir='ltr'><strong>Ale-</strong></span> 
     </span>
    </p>
   </div>
   <div class='ocr_carea' id='block_1_72' title="bbox 420 4692 2020 4767">
    <p class='ocr_par' dir='ltr' id='par_1_72' title="bbox 420 4692 2020 4767">
     <span class='ocr_line' id='line_1_72' title="bbox 420 4692 2020 4767; baseline -0.002 -16"><span class='ocrx_word' id='word_1_496' title='bbox 420 4694 659 4767; x_wconf 81' lang='lat' dir='ltr'><strong>xandro,</strong></span> <span class='ocrx_word' id='word_1_497' title='bbox 704 4692 1169 4763; x_wconf 83' lang='lat' dir='ltr'><strong>Martisburgensis</strong></span> <span class='ocrx_word' id='word_1_498' title='bbox 1231 4694 1546 4764; x_wconf 62' lang='lat' dir='ltr'><strong>prmsulitns</strong></span> <span class='ocrx_word' id='word_1_499' title='bbox 1597 4692 2020 4749; x_wconf 86' lang='lat' dir='ltr'><strong>administratori</strong></span> 
     </span>
    </p>
   </div>
   <div class='ocr_carea' id='block_1_73' title="bbox 423 4786 2017 4856">
    <p class='ocr_par' dir='ltr' id='par_1_73' title="bbox 423 4786 2017 4856">
     <span class='ocr_line' id='line_1_73' title="bbox 423 4786 2017 4856; baseline 0 -13"><span class='ocrx_word' id='word_1_500' title='bbox 423 4788 767 4843; x_wconf 85' lang='lat' dir='ltr'><strong>commendat</strong></span> <span class='ocrx_word' id='word_1_501' title='bbox 816 4803 1009 4855; x_wconf 86' lang='lat' dir='ltr'><strong>corpus</strong></span> <span class='ocrx_word' id='word_1_502' title='bbox 1068 4796 1340 4856; x_wconf 88' lang='lat' dir='ltr'><strong>poetarum</strong></span> <span class='ocrx_word' id='word_1_503' title='bbox 1402 4786 1848 4856; x_wconf 60' lang='lat' dir='ltr'><strong>Christianorum,</strong></span> <span class='ocrx_word' id='word_1_504' title='bbox 1906 4789 2017 4843; x_wconf 88' lang='lat' dir='ltr'><strong>ait:</strong></span> 
     </span>
    </p>
   </div>
   <div class='ocr_carea' id='block_1_74' title="bbox 433 4878 2021 4952">
    <p class='ocr_par' dir='ltr' id='par_1_74' title="bbox 433 4878 2021 4952">
     <span class='ocr_line' id='line_1_74' title="bbox 433 4878 2021 4952; baseline 0.001 -17"><span class='ocrx_word' id='word_1_505' title='bbox 433 4901 453 4935; x_wconf 76' lang='grc' dir='ltr'><strong>ι</strong></span> <span class='ocrx_word' id='word_1_506' title='bbox 482 4881 549 4935; x_wconf 90' lang='lat' dir='ltr'><strong>Sc</strong></span> <span class='ocrx_word' id='word_1_507' title='bbox 571 4881 776 4952; x_wconf 79' lang='lat' dir='ltr'><strong>Leipsae</strong></span> <span class='ocrx_word' id='word_1_508' title='bbox 799 4881 1068 4937; x_wconf 61' lang='lat' dir='ltr'><strong>audivisse</strong></span> <span class='ocrx_word' id='word_1_509' title='bbox 1094 4878 1252 4949; x_wconf 87' lang='lat' dir='ltr'><strong>Casp.</strong></span> <span class='ocrx_word' id='word_1_510' title='bbox 1288 4878 1609 4945; x_wconf 70' lang='lat' dir='ltr'><strong>Borni-rum,</strong></span> <span class='ocrx_word' id='word_1_511' title='bbox 1642 4880 1872 4952; x_wconf 89' lang='lat' dir='ltr'><strong>hymnos</strong></span> <span class='ocrx_word' id='word_1_512' title='bbox 1892 4881 2021 4938; x_wconf 82' lang='lat' dir='ltr'><strong>Pru-</strong></span> 
     </span>
    </p>
   </div>
   <div class='ocr_carea' id='block_1_75' title="bbox 2124 4224 3731 4310">
    <p class='ocr_par' dir='ltr' id='par_1_75' title="bbox 2124 4224 3731 4310">
     <span class='ocr_line' id='line_1_75' title="bbox 2124 4224 3731 4310; baseline -0.01 -18"><span class='ocrx_word' id='word_1_513' title='bbox 2124 4238 2242 4310; x_wconf 81' lang='lat' dir='ltr'><strong>quis</strong></span> <span class='ocrx_word' id='word_1_514' title='bbox 2274 4236 2403 4290; x_wconf 85' lang='lat' dir='ltr'><strong>satis</strong></span> <span class='ocrx_word' id='word_1_515' title='bbox 2431 4233 2674 4304; x_wconf 83' lang='lat' dir='ltr'><strong>cognitos</strong></span> <span class='ocrx_word' id='word_1_516' title='bbox 2720 4230 2898 4295; x_wconf 86' lang='lat' dir='ltr'><strong>habet,</strong></span> <span class='ocrx_word' id='word_1_517' title='bbox 2932 4228 3059 4297; x_wconf 91' lang='lat' dir='ltr'><strong>quin</strong></span> <span class='ocrx_word' id='word_1_518' title='bbox 3092 4227 3249 4287; x_wconf 87' lang='lat' dir='ltr'><strong>sciat,</strong></span> <span class='ocrx_word' id='word_1_519' title='bbox 3286 4239 3380 4279; x_wconf 90' lang='lat' dir='ltr'><strong>eos</strong></span> <span class='ocrx_word' id='word_1_520' title='bbox 3411 4224 3461 4276; x_wconf 92' lang='lat' dir='ltr'><strong>in</strong></span> <span class='ocrx_word' id='word_1_521' title='bbox 3499 4231 3731 4285; x_wconf 62' lang='lat' dir='ltr'><strong>cietera,</strong></span> 
     </span>
    </p>
   </div>
   <div class='ocr_carea' id='block_1_76' title="bbox 2126 4313 3730 4396">
    <p class='ocr_par' dir='ltr' id='par_1_76' title="bbox 2126 4313 3730 4396">
     <span class='ocr_line' id='line_1_76' title="bbox 2126 4313 3730 4396; baseline -0.01 -13"><span class='ocrx_word' id='word_1_522' title='bbox 2126 4328 2410 4383; x_wconf 85' lang='lat' dir='ltr'><strong>latinarum</strong></span> <span class='ocrx_word' id='word_1_523' title='bbox 2439 4323 2701 4396; x_wconf 89' lang='lat' dir='ltr'><strong>imprimis</strong></span> <span class='ocrx_word' id='word_1_524' title='bbox 2746 4323 3064 4385; x_wconf 88' lang='lat' dir='ltr'><strong>litterarum,</strong></span> <span class='ocrx_word' id='word_1_525' title='bbox 3107 4316 3354 4380; x_wconf 59' lang='lat' dir='ltr'><strong>scientia,</strong></span> <span class='ocrx_word' id='word_1_526' title='bbox 3402 4314 3568 4371; x_wconf 86' lang='lat' dir='ltr'><strong>etiam</strong></span> <span class='ocrx_word' id='word_1_527' title='bbox 3618 4313 3730 4367; x_wconf 84' lang='lat' dir='ltr'><strong>hoc</strong></span> 
     </span>
    </p>
   </div>
   <div class='ocr_carea' id='block_1_77' title="bbox 2126 4408 3728 4495">
    <p class='ocr_par' dir='ltr' id='par_1_77' title="bbox 2126 4408 3728 4495">
     <span class='ocr_line' id='line_1_77' title="bbox 2126 4408 3728 4495; baseline -0.012 -18"><span class='ocrx_word' id='word_1_528' title='bbox 2126 4439 2295 4495; x_wconf 65' lang='lat' dir='ltr'><strong>genus</strong></span> <span class='ocrx_word' id='word_1_529' title='bbox 2348 4415 2758 4489; x_wconf 66' lang='lat' dir='ltr'><strong>diligentissime</strong></span> <span class='ocrx_word' id='word_1_530' title='bbox 2808 4425 3083 4476; x_wconf 86' lang='lat' dir='ltr'><strong>tractasse,</strong></span> <span class='ocrx_word' id='word_1_531' title='bbox 3134 4408 3367 4464; x_wconf 87' lang='lat' dir='ltr'><strong>coluisse</strong></span> <span class='ocrx_word' id='word_1_532' title='bbox 3414 4415 3575 4477; x_wconf 88' lang='lat' dir='ltr'><strong>atque</strong></span> <span class='ocrx_word' id='word_1_533' title='bbox 3627 4418 3728 4459; x_wconf 88' lang='lat' dir='ltr'><strong>or-</strong></span> 
     </span>
    </p>
   </div>
   <div class='ocr_carea' id='block_1_78' title="bbox 2129 4499 3732 4580">
    <p class='ocr_par' dir='ltr' id='par_1_78' title="bbox 2129 4499 3732 4580">
     <span class='ocr_line' id='line_1_78' title="bbox 2129 4499 3732 4580; baseline -0.011 -9"><span class='ocrx_word' id='word_1_534' title='bbox 2129 4514 2319 4571; x_wconf 82' lang='lat' dir='ltr'><strong>nasse?</strong></span> <span class='ocrx_word' id='word_1_535' title='bbox 2364 4515 2536 4580; x_wconf 80' lang='lat' dir='ltr'><strong>Quam</strong></span> <span class='ocrx_word' id='word_1_536' title='bbox 2566 4509 2762 4566; x_wconf 90' lang='lat' dir='ltr'><strong>multos</strong></span> <span class='ocrx_word' id='word_1_537' title='bbox 2804 4506 2938 4561; x_wconf 87' lang='lat' dir='ltr'><strong>alios</strong></span> <span class='ocrx_word' id='word_1_538' title='bbox 2981 4503 3048 4561; x_wconf 89' lang='lat' dir='ltr'><strong>de</strong></span> <span class='ocrx_word' id='word_1_539' title='bbox 3095 4501 3483 4559; x_wconf 88' lang='lat' dir='ltr'><strong>recentioribus</strong></span> <span class='ocrx_word' id='word_1_540' title='bbox 3516 4499 3732 4555; x_wconf 73' lang='lat' dir='ltr'><strong>littera-</strong></span> 
     </span>
    </p>
   </div>
   <div class='ocr_carea' id='block_1_79' title="bbox 2131 4589 3738 4680">
    <p class='ocr_par' dir='ltr' id='par_1_79' title="bbox 2131 4589 3738 4680">
     <span class='ocr_line' id='line_1_79' title="bbox 2131 4589 3738 4680; baseline -0.012 -15"><span class='ocrx_word' id='word_1_541' title='bbox 2131 4609 2333 4665; x_wconf 83' lang='lat' dir='ltr'><strong>toribus</strong></span> <span class='ocrx_word' id='word_1_542' title='bbox 2364 4620 2579 4680; x_wconf 83' lang='lat' dir='ltr'><strong>possum</strong></span> <span class='ocrx_word' id='word_1_543' title='bbox 2632 4613 3074 4663; x_wconf 88' lang='lat' dir='ltr'><strong>commemorare,</strong></span> <span class='ocrx_word' id='word_1_544' title='bbox 3128 4596 3218 4667; x_wconf 93' lang='lat' dir='ltr'><strong>qui</strong></span> <span class='ocrx_word' id='word_1_545' title='bbox 3265 4591 3554 4665; x_wconf 84' lang='lat' dir='ltr'><strong>plurimum</strong></span> <span class='ocrx_word' id='word_1_546' title='bbox 3607 4589 3738 4646; x_wconf 91' lang='lat' dir='ltr'><strong>huic</strong></span> 
     </span>
    </p>
   </div>
   <div class='ocr_carea' id='block_1_80' title="bbox 2129 4684 3737 4775">
    <p class='ocr_par' dir='ltr' id='par_1_80' title="bbox 2129 4684 3737 4775">
     <span class='ocr_line' id='line_1_80' title="bbox 2129 4684 3737 4775; baseline -0.013 -15"><span class='ocrx_word' id='word_1_547' title='bbox 2129 4706 2309 4775; x_wconf 78' lang='lat' dir='ltr'><strong>generi</strong></span> <span class='ocrx_word' id='word_1_548' title='bbox 2359 4703 2682 4773; x_wconf 76' lang='lat' dir='ltr'><strong>scriptorum</strong></span> <span class='ocrx_word' id='word_1_549' title='bbox 2739 4696 2961 4768; x_wconf 86' lang='lat' dir='ltr'><strong>legendo</strong></span> <span class='ocrx_word' id='word_1_550' title='bbox 3014 4693 3351 4748; x_wconf 87' lang='lat' dir='ltr'><strong>tribuerunt:</strong></span> <span class='ocrx_word' id='word_1_551' title='bbox 3407 4690 3458 4743; x_wconf 93' lang='lat' dir='ltr'><strong>in</strong></span> <span class='ocrx_word' id='word_1_552' title='bbox 3511 4686 3598 4742; x_wconf 90' lang='lat' dir='ltr'><strong>his</strong></span> <span class='ocrx_word' id='word_1_553' title='bbox 3647 4684 3737 4742; x_wconf 79' lang='lat' dir='ltr'><strong>Jo.</strong></span> 
     </span>
    </p>
   </div>
   <div class='ocr_carea' id='block_1_81' title="bbox 2127 4777 3739 4860">
    <p class='ocr_par' dir='ltr' id='par_1_81' title="bbox 2127 4777 3739 4860">
     <span class='ocr_line' id='line_1_81' title="bbox 2127 4777 3739 4860; baseline -0.014 -5"><span class='ocrx_word' id='word_1_554' title='bbox 2127 4798 2276 4855; x_wconf 88' lang='lat' dir='ltr'><strong>Frid.</strong></span> <span class='ocrx_word' id='word_1_555' title='bbox 2308 4797 2657 4860; x_wconf 89' lang='lat' dir='ltr'><strong>Grouovium,</strong></span> <span class='ocrx_word' id='word_1_556' title='bbox 2688 4808 2849 4845; x_wconf 91' lang='lat' dir='ltr'><strong>unum</strong></span> <span class='ocrx_word' id='word_1_557' title='bbox 2873 4789 3112 4844; x_wconf 91' lang='lat' dir='ltr'><strong>omnium</strong></span> <span class='ocrx_word' id='word_1_558' title='bbox 3136 4782 3598 4855; x_wconf 86' lang='lat' dir='ltr'><strong>elegantissimum</strong></span> <span class='ocrx_word' id='word_1_559' title='bbox 3622 4777 3739 4833; x_wconf 79' lang='lat' dir='ltr'><strong>Ro-</strong></span> 
     </span>
    </p>
   </div>
   <div class='ocr_carea' id='block_1_82' title="bbox 2130 4873 3734 4959">
    <p class='ocr_par' dir='ltr' id='par_1_82' title="bbox 2130 4873 3734 4959">
     <span class='ocr_line' id='line_1_82' title="bbox 2130 4873 3734 4959; baseline -0.014 -10"><span class='ocrx_word' id='word_1_560' title='bbox 2130 4907 2410 4949; x_wconf 84' lang='lat' dir='ltr'><strong>manorum</strong></span> <span class='ocrx_word' id='word_1_561' title='bbox 2457 4890 2778 4959; x_wconf 87' lang='lat' dir='ltr'><strong>scriptorum</strong></span> <span class='ocrx_word' id='word_1_562' title='bbox 2820 4886 3190 4953; x_wconf 73' lang='lat' dir='ltr'><strong>in‘erprctem,</strong></span> <span class='ocrx_word' id='word_1_563' title='bbox 3240 4876 3331 4947; x_wconf 88' lang='lat' dir='ltr'><strong>qui</strong></span> <span class='ocrx_word' id='word_1_564' title='bbox 3385 4887 3490 4928; x_wconf 92' lang='lat' dir='ltr'><strong>non</strong></span> <span class='ocrx_word' id='word_1_565' title='bbox 3547 4873 3734 4927; x_wconf 88' lang='lat' dir='ltr'><strong>minus</strong></span> 
     </span>
    </p>
   </div>
   <div class='ocr_carea' id='block_1_83' title="bbox 427 4964 3736 5047">
    <p class='ocr_par' dir='ltr' id='par_1_83' title="bbox 427 4964 3736 5047">
     <span class='ocr_line' id='line_1_83' title="bbox 427 4964 3736 5047; baseline -0.009 2"><span class='ocrx_word' id='word_1_566' title='bbox 427 4975 594 5031; x_wconf 63' lang='lat' dir='ltr'><strong>dem“</strong></span> <span class='ocrx_word' id='word_1_567' title='bbox 640 4978 1077 5045; x_wconf 67' lang='grc' dir='ltr'><strong>ί¹¹¹θ¹⁵Ρ¹⁵ν¹³ηίθ¹η</strong></span> <span class='ocrx_word' id='word_1_568' title='bbox 1110 4972 1475 5029; x_wconf 65' lang='grc' dir='ltr'><strong>θΓ¹¹άίιί“⁵Ῐ¹¹¹θ</strong></span> <span class='ocrx_word' id='word_1_569' title='bbox 1504 4993 1517 5028; x_wconf 71' lang='grc'><strong>³</strong></span> <span class='ocrx_word' id='word_1_570' title='bbox 1562 4991 1787 5045; x_wconf 70' lang='lat' dir='ltr'><strong>ea&quot;&#39;(l&#39;le</strong></span> <span class='ocrx_word' id='word_1_571' title='bbox 1838 4974 2024 5031; x_wconf 74' lang='grc' dir='ltr'><strong>Ιθοίίο-</strong></span> <span class='ocrx_word' id='word_1_572' title='bbox 2052 4987 2102 5047; x_wconf 90' lang='grc' dir='ltr'><strong>Ι)</strong></span> <span class='ocrx_word' id='word_1_573' title='bbox 2131 4987 2288 5043; x_wconf 88' lang='lat' dir='ltr'><strong>bouis</strong></span> <span class='ocrx_word' id='word_1_574' title='bbox 2322 4982 2793 5039; x_wconf 79' lang='lat' dir='ltr'><strong>observationibus</strong></span> <span class='ocrx_word' id='word_1_575' title='bbox 2816 4979 3066 5047; x_wconf 86' lang='lat' dir='ltr'><strong>antiquos</strong></span> <span class='ocrx_word' id='word_1_576' title='bbox 3109 4970 3405 5043; x_wconf 85' lang='lat' dir='ltr'><strong>scriptores</strong></span> <span class='ocrx_word' id='word_1_577' title='bbox 3440 4964 3736 5021; x_wconf 74' lang='lat' dir='ltr'><strong>ecclesias-</strong></span> 
     </span>
    </p>
   </div>
   <div class='ocr_carea' id='block_1_84' title="bbox 430 5071 2023 5137">
    <p class='ocr_par' dir='ltr' id='par_1_84' title="bbox 430 5071 2023 5137">
     <span class='ocr_line' id='line_1_84' title="bbox 430 5071 2023 5137; baseline -0.001 -10"><span class='ocrx_word' id='word_1_578' title='bbox 430 5089 554 5127; x_wconf 87' lang='lat' dir='ltr'><strong>nem</strong></span> <span class='ocrx_word' id='word_1_579' title='bbox 604 5072 774 5137; x_wconf 91' lang='lat' dir='ltr'><strong>illum,</strong></span> <span class='ocrx_word' id='word_1_580' title='bbox 822 5088 849 5123; x_wconf 91' lang='lat' dir='ltr'><strong>a</strong></span> <span class='ocrx_word' id='word_1_581' title='bbox 898 5074 1013 5126; x_wconf 90' lang='lat' dir='ltr'><strong>viro</strong></span> <span class='ocrx_word' id='word_1_582' title='bbox 1062 5072 1364 5128; x_wconf 86' lang='lat' dir='ltr'><strong>clarissimo</strong></span> <span class='ocrx_word' id='word_1_583' title='bbox 1392 5071 1548 5126; x_wconf 78' lang='lat' dir='ltr'><strong>Petro</strong></span> <span class='ocrx_word' id='word_1_584' title='bbox 1580 5071 1872 5136; x_wconf 80' lang='lat' dir='ltr'><strong>Mosellano</strong></span> <span class='ocrx_word' id='word_1_585' title='bbox 1925 5072 2023 5126; x_wconf 90' lang='lat' dir='ltr'><strong>sibi</strong></span> 
     </span>
    </p>
   </div>
   <div class='ocr_carea' id='block_1_85' title="bbox 431 5163 2025 5235">
    <p class='ocr_par' dir='ltr' id='par_1_85' title="bbox 431 5163 2025 5235">
     <span class='ocr_line' id='line_1_85' title="bbox 431 5163 2025 5235; baseline -0.002 -14"><span class='ocrx_word' id='word_1_586' title='bbox 431 5166 583 5235; x_wconf 89' lang='lat' dir='ltr'><strong>quasi</strong></span> <span class='ocrx_word' id='word_1_587' title='bbox 612 5180 704 5233; x_wconf 90' lang='lat' dir='ltr'><strong>per</strong></span> <span class='ocrx_word' id='word_1_588' title='bbox 737 5180 921 5220; x_wconf 73' lang='lat' dir='ltr'><strong>manus</strong></span> <span class='ocrx_word' id='word_1_589' title='bbox 951 5164 1220 5232; x_wconf 86' lang='lat' dir='ltr'><strong>traditam,</strong></span> <span class='ocrx_word' id='word_1_590' title='bbox 1250 5163 1391 5220; x_wconf 89' lang='lat' dir='ltr'><strong>lideli</strong></span> <span class='ocrx_word' id='word_1_591' title='bbox 1418 5164 1756 5234; x_wconf 84' lang='lat' dir='ltr'><strong>possessione</strong></span> <span class='ocrx_word' id='word_1_592' title='bbox 1782 5164 1848 5218; x_wconf 90' lang='lat' dir='ltr'><strong>ad</strong></span> <span class='ocrx_word' id='word_1_593' title='bbox 1871 5180 2025 5219; x_wconf 86' lang='lat' dir='ltr'><strong>usum</strong></span> 
     </span>
    </p>
   </div>
   <div class='ocr_carea' id='block_1_86' title="bbox 437 5254 2026 5328">
    <p class='ocr_par' dir='ltr' id='par_1_86' title="bbox 437 5254 2026 5328">
     <span class='ocr_line' id='line_1_86' title="bbox 437 5254 2026 5328; baseline -0.002 -17"><span class='ocrx_word' id='word_1_594' title='bbox 437 5257 710 5328; x_wconf 86' lang='lat' dir='ltr'><strong>publicum</strong></span> <span class='ocrx_word' id='word_1_595' title='bbox 754 5257 952 5309; x_wconf 85' lang='lat' dir='ltr'><strong>multos</strong></span> <span class='ocrx_word' id='word_1_596' title='bbox 980 5271 1152 5313; x_wconf 86' lang='lat' dir='ltr'><strong>annos</strong></span> <span class='ocrx_word' id='word_1_597' title='bbox 1178 5257 1464 5312; x_wconf 85' lang='lat' dir='ltr'><strong>retinuisse</strong></span> <span class='ocrx_word' id='word_1_598' title='bbox 1497 5254 1600 5327; x_wconf 76' lang='lat' dir='ltr'><strong>ll).</strong></span> <span class='ocrx_word' id='word_1_599' title='bbox 1634 5274 1653 5308; x_wconf 71' lang='grc' dir='ltr'><strong>ι</strong></span> <span class='ocrx_word' id='word_1_600' title='bbox 1700 5255 1808 5310; x_wconf 84' lang='lat' dir='ltr'><strong>Nec</strong></span> <span class='ocrx_word' id='word_1_601' title='bbox 1857 5256 1923 5308; x_wconf 87' lang='lat' dir='ltr'><strong>ab</strong></span> <span class='ocrx_word' id='word_1_602' title='bbox 1964 5270 2026 5310; x_wconf 86' lang='lat' dir='ltr'><strong>ea</strong></span> 
     </span>
    </p>
   </div>
   <div class='ocr_carea' id='block_1_87' title="bbox 435 5347 2031 5415">
    <p class='ocr_par' dir='ltr' id='par_1_87' title="bbox 435 5347 2031 5415">
     <span class='ocr_line' id='line_1_87' title="bbox 435 5347 2031 5415; baseline -0.003 -7"><span class='ocrx_word' id='word_1_603' title='bbox 435 5354 643 5408; x_wconf 90' lang='lat' dir='ltr'><strong>ratione</strong></span> <span class='ocrx_word' id='word_1_604' title='bbox 695 5351 916 5405; x_wconf 87' lang='lat' dir='ltr'><strong>recessit</strong></span> <span class='ocrx_word' id='word_1_605' title='bbox 956 5350 1263 5407; x_wconf 83' lang='lat' dir='ltr'><strong>Joachimus</strong></span> <span class='ocrx_word' id='word_1_606' title='bbox 1315 5350 1675 5415; x_wconf 83' lang='lat' dir='ltr'><strong>Camerarius,</strong></span> <span class='ocrx_word' id='word_1_607' title='bbox 1729 5350 1914 5405; x_wconf 82' lang='lat' dir='ltr'><strong>tertius</strong></span> <span class='ocrx_word' id='word_1_608' title='bbox 1964 5347 2031 5403; x_wconf 90' lang='lat' dir='ltr'><strong>de</strong></span> 
     </span>
    </p>
   </div>
   <div class='ocr_carea' id='block_1_88' title="bbox 437 5439 2031 5513">
    <p class='ocr_par' dir='ltr' id='par_1_88' title="bbox 437 5439 2031 5513">
     <span class='ocr_line' id='line_1_88' title="bbox 437 5439 2031 5513; baseline -0.004 -13"><span class='ocrx_word' id='word_1_609' title='bbox 437 5457 665 5500; x_wconf 89' lang='lat' dir='ltr'><strong>numero</strong></span> <span class='ocrx_word' id='word_1_610' title='bbox 703 5457 911 5503; x_wconf 89' lang='lat' dir='ltr'><strong>eorum,</strong></span> <span class='ocrx_word' id='word_1_611' title='bbox 964 5444 1052 5513; x_wconf 93' lang='lat' dir='ltr'><strong>qui</strong></span> <span class='ocrx_word' id='word_1_612' title='bbox 1106 5444 1314 5498; x_wconf 89' lang='lat' dir='ltr'><strong>litteras</strong></span> <span class='ocrx_word' id='word_1_613' title='bbox 1366 5442 1504 5513; x_wconf 88' lang='lat' dir='ltr'><strong>apud</strong></span> <span class='ocrx_word' id='word_1_614' title='bbox 1555 5456 1653 5496; x_wconf 89' lang='lat' dir='ltr'><strong>nos</strong></span> <span class='ocrx_word' id='word_1_615' title='bbox 1710 5439 2031 5509; x_wconf 73' lang='lat' dir='ltr'><strong>fundarunt,</strong></span> 
     </span>
    </p>
   </div>
   <div class='ocr_carea' id='block_1_89' title="bbox 439 5532 2035 5609">
    <p class='ocr_par' dir='ltr' id='par_1_89' title="bbox 439 5532 2035 5609">
     <span class='ocr_line' id='line_1_89' title="bbox 439 5532 2035 5609; baseline -0.003 -16"><span class='ocrx_word' id='word_1_616' title='bbox 439 5552 599 5609; x_wconf 86' lang='lat' dir='ltr'><strong>quem</strong></span> <span class='ocrx_word' id='word_1_617' title='bbox 628 5536 868 5592; x_wconf 90' lang='lat' dir='ltr'><strong>studiose</strong></span> <span class='ocrx_word' id='word_1_618' title='bbox 881 5534 1267 5606; x_wconf 86' lang='lat' dir='ltr'><strong>diligenterque</strong></span> <span class='ocrx_word' id='word_1_619' title='bbox 1290 5543 1545 5590; x_wconf 47' lang='lat' dir='ltr'><strong>tract&#39;isse</strong></span> <span class='ocrx_word' id='word_1_620' title='bbox 1557 5535 1845 5604; x_wconf 87' lang='lat' dir='ltr'><strong>scriptores</strong></span> <span class='ocrx_word' id='word_1_621' title='bbox 1857 5532 2006 5588; x_wconf 89' lang='lat' dir='ltr'><strong>cccle</strong></span> <span class='ocrx_word' id='word_1_622' title='bbox 2018 5561 2035 5572; x_wconf 88' lang='lat'><strong>-</strong></span> 
     </span>
    </p>
   </div>
   <div class='ocr_carea' id='block_1_90' title="bbox 518 5690 2041 5763">
    <p class='ocr_par' dir='ltr' id='par_1_90' title="bbox 518 5690 2041 5763">
     <span class='ocr_line' id='line_1_90' title="bbox 518 5690 2041 5763; baseline -0.005 -13"><span class='ocrx_word' id='word_1_623' title='bbox 518 5696 599 5763; x_wconf 78' lang='lat' dir='ltr'><strong>(l)</strong></span> <span class='ocrx_word' id='word_1_624' title='bbox 634 5698 694 5749; x_wconf 67' lang='grc' dir='ltr'><strong>Α.</strong></span> <span class='ocrx_word' id='word_1_625' title='bbox 726 5696 966 5751; x_wconf 87' lang='lat' dir='ltr'><strong>Bornero</strong></span> <span class='ocrx_word' id='word_1_626' title='bbox 992 5696 1150 5750; x_wconf 82' lang='lat' dir='ltr'><strong>etiam</strong></span> <span class='ocrx_word' id='word_1_627' title='bbox 1174 5693 1508 5763; x_wconf 53' lang='lat' dir='ltr'><strong>Prudentium</strong></span> <span class='ocrx_word' id='word_1_628' title='bbox 1537 5691 1736 5763; x_wconf 76' lang='lat' dir='ltr'><strong>editum</strong></span> <span class='ocrx_word' id='word_1_629' title='bbox 1772 5706 1889 5746; x_wconf 74' lang='lat' dir='ltr'><strong>esse</strong></span> <span class='ocrx_word' id='word_1_630' title='bbox 1915 5690 2041 5761; x_wconf 58' lang='lat' dir='ltr'><strong>Lip.</strong></span> 
     </span>
    </p>
   </div>
   <div class='ocr_carea' id='block_1_91' title="bbox 445 5762 2041 5824">
    <p class='ocr_par' dir='ltr' id='par_1_91' title="bbox 445 5762 2041 5824">
     <span class='ocr_line' id='line_1_91' title="bbox 445 5762 2041 5824; baseline -0.002 -3"><span class='ocrx_word' id='word_1_631' title='bbox 445 5762 538 5821; x_wconf 69' lang='lat' dir='ltr'><strong>sim</strong></span> <span class='ocrx_word' id='word_1_632' title='bbox 560 5762 735 5821; x_wconf 80' lang='lat' dir='ltr'><strong>discas</strong></span> <span class='ocrx_word' id='word_1_633' title='bbox 753 5768 879 5824; x_wconf 88' lang='lat' dir='ltr'><strong>licet</strong></span> <span class='ocrx_word' id='word_1_634' title='bbox 904 5782 935 5823; x_wconf 88' lang='lat' dir='ltr'><strong>e</strong></span> <span class='ocrx_word' id='word_1_635' title='bbox 956 5765 1022 5824; x_wconf 70' lang='grc' dir='ltr'><strong>(ἓ.</strong></span> <span class='ocrx_word' id='word_1_636' title='bbox 1053 5765 1280 5822; x_wconf 85' lang='lat' dir='ltr'><strong>Fabricii</strong></span> <span class='ocrx_word' id='word_1_637' title='bbox 1300 5762 1578 5818; x_wconf 85' lang='lat' dir='ltr'><strong>Comment.</strong></span> <span class='ocrx_word' id='word_1_638' title='bbox 1600 5764 1653 5818; x_wconf 82' lang='lat' dir='ltr'><strong>in</strong></span> <span class='ocrx_word' id='word_1_639' title='bbox 1681 5762 1832 5821; x_wconf 82' lang='lat' dir='ltr'><strong>Poet.</strong></span> <span class='ocrx_word' id='word_1_640' title='bbox 1853 5763 2041 5820; x_wconf 80' lang='lat' dir='ltr'><strong>Christ.</strong></span> 
     </span>
    </p>
   </div>
   <div class='ocr_carea' id='block_1_92' title="bbox 451 5839 758 5900">
    <p class='ocr_par' dir='ltr' id='par_1_92' title="bbox 451 5839 758 5900">
     <span class='ocr_line' id='line_1_92' title="bbox 451 5839 758 5900; baseline -0.016 0"><span class='ocrx_word' id='word_1_641' title='bbox 451 5854 502 5900; x_wconf 83' lang='grc' dir='ltr'><strong>ι).</strong></span> <span class='ocrx_word' id='word_1_642' title='bbox 529 5840 599 5895; x_wconf 80' lang='grc'><strong>50</strong></span> <span class='ocrx_word' id='word_1_643' title='bbox 639 5839 758 5895; x_wconf 91' lang='lat' dir='ltr'><strong>init.</strong></span> 
     </span>
    </p>
   </div>
   <div class='ocr_carea' id='block_1_93' title="bbox 2130 5062 3539 5142">
    <p class='ocr_par' dir='ltr' id='par_1_93' title="bbox 2130 5062 3539 5142">
     <span class='ocr_line' id='line_1_93' title="bbox 2130 5062 3539 5142; baseline -0.019 -4"><span class='ocrx_word' id='word_1_644' title='bbox 2130 5084 2266 5138; x_wconf 89' lang='lat' dir='ltr'><strong>ticos</strong></span> <span class='ocrx_word' id='word_1_645' title='bbox 2295 5077 2581 5134; x_wconf 81' lang='lat' dir='ltr'><strong>illustravit</strong></span> <span class='ocrx_word' id='word_1_646' title='bbox 2626 5087 2677 5130; x_wconf 88' lang='lat' dir='ltr'><strong>et</strong></span> <span class='ocrx_word' id='word_1_647' title='bbox 2711 5069 3008 5142; x_wconf 82' lang='lat' dir='ltr'><strong>Castigavit.</strong></span> <span class='ocrx_word' id='word_1_648' title='bbox 3058 5082 3216 5139; x_wconf 83' lang='lat' dir='ltr'><strong>quam</strong></span> <span class='ocrx_word' id='word_1_649' title='bbox 3246 5062 3539 5119; x_wconf 78' lang='lat' dir='ltr'><strong>Rotitatios.</strong></span> 
     </span>
    </p>
   </div>
   <div class='ocr_carea' id='block_1_94' title="bbox 2210 5150 3740 5228">
    <p class='ocr_par' dir='ltr' id='par_1_94' title="bbox 2210 5150 3740 5228">
     <span class='ocr_line' id='line_1_94' title="bbox 2210 5150 3740 5228; baseline -0.015 -2"><span class='ocrx_word' id='word_1_650' title='bbox 2210 5173 2337 5228; x_wconf 75' lang='lat' dir='ltr'><strong>liam</strong></span> <span class='ocrx_word' id='word_1_651' title='bbox 2381 5180 2561 5225; x_wconf 88' lang='lat' dir='ltr'><strong>autem</strong></span> <span class='ocrx_word' id='word_1_652' title='bbox 2590 5169 2854 5223; x_wconf 88' lang='lat' dir='ltr'><strong>rationem</strong></span> <span class='ocrx_word' id='word_1_653' title='bbox 2886 5161 3082 5217; x_wconf 89' lang='lat' dir='ltr'><strong>multas</strong></span> <span class='ocrx_word' id='word_1_654' title='bbox 3107 5167 3161 5213; x_wconf 90' lang='lat' dir='ltr'><strong>et</strong></span> <span class='ocrx_word' id='word_1_655' title='bbox 3205 5168 3426 5225; x_wconf 86' lang='lat' dir='ltr'><strong>magnas</strong></span> <span class='ocrx_word' id='word_1_656' title='bbox 3474 5150 3740 5205; x_wconf 88' lang='lat' dir='ltr'><strong>utilitates</strong></span> 
     </span>
    </p>
   </div>
   <div class='ocr_carea' id='block_1_95' title="bbox 2137 5244 3738 5336">
    <p class='ocr_par' dir='ltr' id='par_1_95' title="bbox 2137 5244 3738 5336">
     <span class='ocr_line' id='line_1_95' title="bbox 2137 5244 3738 5336; baseline -0.017 -12"><span class='ocrx_word' id='word_1_657' title='bbox 2137 5269 2356 5330; x_wconf 78' lang='lat' dir='ltr'><strong>habere,</strong></span> <span class='ocrx_word' id='word_1_658' title='bbox 2402 5265 2689 5336; x_wconf 91' lang='lat' dir='ltr'><strong>plurimum</strong></span> <span class='ocrx_word' id='word_1_659' title='bbox 2719 5261 2878 5316; x_wconf 87' lang='lat' dir='ltr'><strong>etiam</strong></span> <span class='ocrx_word' id='word_1_660' title='bbox 2906 5252 3281 5312; x_wconf 76' lang='lat' dir='ltr'><strong>delectationis</strong></span> <span class='ocrx_word' id='word_1_661' title='bbox 3306 5264 3411 5304; x_wconf 89' lang='lat' dir='ltr'><strong>non</strong></span> <span class='ocrx_word' id='word_1_662' title='bbox 3437 5244 3738 5306; x_wconf 85' lang='lat' dir='ltr'><strong>illiberalis.</strong></span> 
     </span>
    </p>
   </div>
   <div class='ocr_carea' id='block_1_96' title="bbox 2139 5340 3738 5425">
    <p class='ocr_par' dir='ltr' id='par_1_96' title="bbox 2139 5340 3738 5425">
     <span class='ocr_line' id='line_1_96' title="bbox 2139 5340 3738 5425; baseline -0.017 -7"><span class='ocrx_word' id='word_1_663' title='bbox 2139 5363 2295 5419; x_wconf 78' lang='lat' dir='ltr'><strong>facile</strong></span> <span class='ocrx_word' id='word_1_664' title='bbox 2332 5358 2513 5416; x_wconf 90' lang='lat' dir='ltr'><strong>doceri</strong></span> <span class='ocrx_word' id='word_1_665' title='bbox 2561 5358 2747 5425; x_wconf 60' lang='lat' dir='ltr'><strong>potest.</strong></span> <span class='ocrx_word' id='word_1_666' title='bbox 2812 5351 2891 5408; x_wconf 76' lang='lat' dir='ltr'><strong>Ac</strong></span> <span class='ocrx_word' id='word_1_667' title='bbox 2950 5346 3202 5423; x_wconf 84' lang='lat' dir='ltr'><strong>primum,</strong></span> <span class='ocrx_word' id='word_1_668' title='bbox 3244 5340 3387 5416; x_wconf 88' lang='lat' dir='ltr'><strong>quod</strong></span> <span class='ocrx_word' id='word_1_669' title='bbox 3434 5340 3738 5393; x_wconf 88' lang='lat' dir='ltr'><strong>litterarum</strong></span> 
     </span>
    </p>
   </div>
   <div class='ocr_carea' id='block_1_97' title="bbox 2141 5427 3744 5514">
    <p class='ocr_par' dir='ltr' id='par_1_97' title="bbox 2141 5427 3744 5514">
     <span class='ocr_line' id='line_1_97' title="bbox 2141 5427 3744 5514; baseline -0.019 -1"><span class='ocrx_word' id='word_1_670' title='bbox 2141 5458 2450 5514; x_wconf 64' lang='lat' dir='ltr'><strong>erecarum</strong></span> <span class='ocrx_word' id='word_1_671' title='bbox 2473 5462 2526 5507; x_wconf 91' lang='lat' dir='ltr'><strong>et</strong></span> <span class='ocrx_word' id='word_1_672' title='bbox 2558 5449 2864 5505; x_wconf 89' lang='lat' dir='ltr'><strong>Latinarum</strong></span> <span class='ocrx_word' id='word_1_673' title='bbox 2905 5437 3349 5498; x_wconf 83' lang='lat' dir='ltr'><strong>instaurationem</strong></span> <span class='ocrx_word' id='word_1_674' title='bbox 3380 5432 3649 5505; x_wconf 75' lang='lat' dir='ltr'><strong>profuisse</strong></span> <span class='ocrx_word' id='word_1_675' title='bbox 3679 5427 3744 5483; x_wconf 88' lang='lat' dir='ltr'><strong>ad</strong></span> 
     </span>
    </p>
   </div>
   <div class='ocr_carea' id='block_1_98' title="bbox 2147 5521 3744 5607">
    <p class='ocr_par' dir='ltr' id='par_1_98' title="bbox 2147 5521 3744 5607">
     <span class='ocr_line' id='line_1_98' title="bbox 2147 5521 3744 5607; baseline -0.022 0"><span class='ocrx_word' id='word_1_676' title='bbox 2147 5544 2547 5607; x_wconf 80' lang='lat' dir='ltr'><strong>instaurandam</strong></span> <span class='ocrx_word' id='word_1_677' title='bbox 2582 5540 2843 5595; x_wconf 66' lang='lat' dir='ltr'><strong>doctrina:</strong></span> <span class='ocrx_word' id='word_1_678' title='bbox 2883 5550 3051 5590; x_wconf 65' lang='lat' dir='ltr'><strong>sacrae</strong></span> <span class='ocrx_word' id='word_1_679' title='bbox 3091 5531 3376 5602; x_wconf 89' lang='lat' dir='ltr'><strong>puritatem</strong></span> <span class='ocrx_word' id='word_1_680' title='bbox 3421 5534 3478 5579; x_wconf 89' lang='lat' dir='ltr'><strong>et</strong></span> <span class='ocrx_word' id='word_1_681' title='bbox 3521 5521 3744 5590; x_wconf 87' lang='lat' dir='ltr'><strong>integri-</strong></span> 
     </span>
    </p>
   </div>
   <div class='ocr_carea' id='block_1_99' title="bbox 2152 5616 3748 5706">
    <p class='ocr_par' dir='ltr' id='par_1_99' title="bbox 2152 5616 3748 5706">
     <span class='ocr_line' id='line_1_99' title="bbox 2152 5616 3748 5706; baseline -0.02 -7"><span class='ocrx_word' id='word_1_682' title='bbox 2152 5653 2340 5706; x_wconf 87' lang='lat' dir='ltr'><strong>tatem,</strong></span> <span class='ocrx_word' id='word_1_683' title='bbox 2373 5654 2475 5694; x_wconf 89' lang='lat' dir='ltr'><strong>una</strong></span> <span class='ocrx_word' id='word_1_684' title='bbox 2512 5644 2567 5691; x_wconf 90' lang='lat' dir='ltr'><strong>et</strong></span> <span class='ocrx_word' id='word_1_685' title='bbox 2608 5632 2980 5689; x_wconf 73' lang='lat' dir='ltr'><strong>consentiente</strong></span> <span class='ocrx_word' id='word_1_686' title='bbox 3007 5642 3158 5688; x_wconf 84' lang='lat' dir='ltr'><strong>voce,</strong></span> <span class='ocrx_word' id='word_1_687' title='bbox 3191 5625 3515 5679; x_wconf 83' lang='lat' dir='ltr'><strong>litteratores</strong></span> <span class='ocrx_word' id='word_1_688' title='bbox 3547 5616 3748 5685; x_wconf 86' lang='lat' dir='ltr'><strong>pariter</strong></span> 
     </span>
    </p>
   </div>
   <div class='ocr_carea' id='block_1_100' title="bbox 2151 5710 3748 5807">
    <p class='ocr_par' dir='ltr' id='par_1_100' title="bbox 2151 5710 3748 5807">
     <span class='ocr_line' id='line_1_100' title="bbox 2151 5710 3748 5807; baseline -0.023 -13"><span class='ocrx_word' id='word_1_689' title='bbox 2151 5749 2312 5807; x_wconf 88' lang='lat' dir='ltr'><strong>atque</strong></span> <span class='ocrx_word' id='word_1_690' title='bbox 2334 5730 2564 5800; x_wconf 85' lang='lat' dir='ltr'><strong>theologi</strong></span> <span class='ocrx_word' id='word_1_691' title='bbox 2592 5726 2784 5783; x_wconf 88' lang='lat' dir='ltr'><strong>eruditi</strong></span> <span class='ocrx_word' id='word_1_692' title='bbox 2818 5720 3125 5795; x_wconf 69' lang='lat' dir='ltr'><strong>praedicant.</strong></span> <span class='ocrx_word' id='word_1_693' title='bbox 3154 5716 3206 5771; x_wconf 90' lang='lat' dir='ltr'><strong>id</strong></span> <span class='ocrx_word' id='word_1_694' title='bbox 3236 5712 3476 5785; x_wconf 80' lang='lat' dir='ltr'><strong>profecto</strong></span> <span class='ocrx_word' id='word_1_695' title='bbox 3506 5710 3606 5763; x_wconf 87' lang='lat' dir='ltr'><strong>hac</strong></span> <span class='ocrx_word' id='word_1_696' title='bbox 3635 5719 3748 5760; x_wconf 81' lang='lat' dir='ltr'><strong>ma-</strong></span> 
     </span>
    </p>
   </div>
   <div class='ocr_carea' id='block_1_101' title="bbox 2151 5804 3745 5888">
    <p class='ocr_par' dir='ltr' id='par_1_101' title="bbox 2151 5804 3745 5888">
     <span class='ocr_line' id='line_1_101' title="bbox 2151 5804 3745 5888; baseline -0.022 -1"><span class='ocrx_word' id='word_1_697' title='bbox 2151 5804 2296 5886; x_wconf 79' lang='lat' dir='ltr'><strong>xime</strong></span> <span class='ocrx_word' id='word_1_698' title='bbox 2341 5825 2411 5884; x_wconf 89' lang='lat' dir='ltr'><strong>de</strong></span> <span class='ocrx_word' id='word_1_699' title='bbox 2436 5836 2597 5882; x_wconf 87' lang='lat' dir='ltr'><strong>causa</strong></span> <span class='ocrx_word' id='word_1_700' title='bbox 2627 5818 2869 5888; x_wconf 88' lang='lat' dir='ltr'><strong>contigit,</strong></span> <span class='ocrx_word' id='word_1_701' title='bbox 2914 5811 3059 5886; x_wconf 87' lang='lat' dir='ltr'><strong>quod</strong></span> <span class='ocrx_word' id='word_1_702' title='bbox 3096 5822 3283 5868; x_wconf 86' lang='lat' dir='ltr'><strong>earum</strong></span> <span class='ocrx_word' id='word_1_703' title='bbox 3306 5804 3745 5872; x_wconf 82' lang='lat' dir='ltr'><strong>litterarum_stu-</strong></span> 
     </span>
    </p>
   </div>
  </div>
