3950 6310
167 349 253 413 gat
1530 342 1920 408 PREFATIO.

3314 344 3424 420 ιιι

172 495 295 551 dium
342 507 459 548 cum
515 492 808 549 divinorum
853 492 1107 564 primum,
1156 491 1349 548 deinde
1392 507 1521 548 vero
1561 490 1721 546 etiam

1831 468 1906 525 Ac
1961 469 2176 540 nescio,
2204 488 2269 529 an
2315 490 2456 532 nunc
2494 491 2708 550 quoque
2753 468 3073 539 vendibillor
3124 481 3421 544 litterarum

170 596 383 642 veterum
424 584 674 640 Ecclesiw
704 583 984 640 Librorum
1035 583 1265 640 leCIione
1309 596 1362 639 et
1410 584 1729 653 interprets“

174 679 297 734 tione
344 678 680 744 Conjttn‘ctum
730 686 832 731 est.
876 672 1086 731 Etenim
1118 674 1223 730 illa:
1255 676 1445 729 litterae
1467 677 1565 728 etsi
1590 672 1729 729 hanc

172 770 261 824 vim
292 768 481 823 habere
512 779 751 837 potuere,
783 778 841 822 ut
871 767 1079 838 ingenia
1107 768 1170 821 ad
1200 767 1479 838 elegantiae
1510 780 1727 822 sensum

173 872 417 927 acuerent,
461 873 510 916 et
540 861 652 932 ejus
693 877 929 935 amorem
958 862 1321 928 incenderent,
1360 873 1559 928 tamen,
1600 862 1644 916 si
1674 862 1728 917 in

172 957 243 1023 iis,
262 957 357 1011 hoc
394 968 494 1018 eSt,
527 955 576 1009 in
603 954 947 1027 profanorum
973 956 1229 1011 librorum
1258 955 1491 1011 lectione
1513 972 1569 1008 se
1593 970 1696 1011 con

171 1047 429 1105 tinuissent
469 1066 651 1103 earum
680 1050 927 1117 studiosi,
972 1051 1105 1106 nihil
1134 1050 1276 1105 alittd
1307 1050 1405 1106 nisi
1455 1060 1731 1121 contemp-

173 1150 262 1195 tum
290 1156 464 1196 eorum
514 1143 789 1213 suscipere
821 1142 1137 1212 potuissent,
1189 1144 1277 1215 qui
1309 1157 1484 1199 rerum
1512 1144 1729 1199 divina-

171 1248 269 1287 rum
318 1233 589 1288 scientiam
646 1235 938 1301 traderent,
990 1248 1311 1307 propterea,
1354 1236 1495 1307 quod
1541 1252 1728 1294 eorum

171 1328 414 1399 disciplina
465 1330 728 1385 barbariae
761 1331 1009 1387 sordibus
1047 1331 1408 1387 contaminata
1446 1342 1499 1388 et
1538 1331 1732 1387 obscu-

171 1432 263 1478 rata
305 1432 457 1479 esset.
511 1426 587 1479 Ac
624 1424 766 1495 quod
798 1427 1050 1483 traditum
1092 1437 1174 1482 est
1200 1426 1266 1481 de
1301 1426 1571 1483 nonnullis
1590 1426 1730 1482 illius

170 1514 392 1585 temporis
435 1516 846 1586 litteratoribus,
896 1532 991 1574 eos
1019 1517 1367 1574 abhorruisse
1393 1534 1421 1572 a
1449 1516 1726 1589 religione,

169 1616 211 1662 et
241 1608 399 1663 divina
431 1610 825 1678 contempsisse
867 1619 1029 1682 atque
1072 1612 1277 1677 risisse,
1331 1612 1381 1667 id
1412 1612 1456 1667 si
1510 1611 1578 1666 ita
1622 1623 1727 1678 est,

167 1710 211 1756 et
244 1718 332 1755 non
376 1704 555 1771 potius
584 1703 900 1760 criminandi
946 1713 1001 1759 et
1026 1705 1239 1761 invidia:
1270 1703 1528 1761 faciendae
1566 1719 1727 1761 causa

166 1800 258 1847 tum
290 1809 315 1846 a
356 1795 599 1851 barbaris
636 1797 959 1863 hominibus,
995 1799 1082 1869 qui
1128 1807 1496 1869 contemptum
1529 1799 1609 1853 sui
1640 1797 1727 1853 ul-

1836 565 2208 622 huntaniorum
2264 566 2400 623 bona
2459 586 2608 628 merx
2666 572 2806 630 foret
2858 575 2909 631 itt
2972 577 3274 633 Academiis
3307 621 3324 647 ,
3375 580 3422 639 si

1831 675 2014 717 earum
2070 662 2345 734 disciplina
2403 683 2523 723 cum
2562 669 2732 723 sacris
2784 669 2872 724 tali
2912 671 3074 726 modo
3120 674 3419 746 conjunge-

1831 766 1981 811 retttr
2029 758 2095 809 ab
2125 773 2308 811 eorum
2349 759 2697 829 doctoribus,
2752 761 2839 832 qui
2892 763 2944 817 in
2991 761 3259 835 plerisque
3288 767 3423 824 locis

1834 866 1999 922 prope
2026 851 2125 906 soli
2161 852 2351 908 sedent
2392 855 2441 908 in
2492 853 2712 911 scholis.
2765 850 2898 911 Nam
2944 864 3000 913 et
3031 873 3126 929 per
3151 874 3211 915 se
3239 859 3424 918 utilior

1832 944 2111 1020 disciplina
2155 946 2503 1005 humanitatis
2544 949 2901 1019 redderetur,
2956 964 3007 1009 et
3041 951 3199 1009 facile
3227 952 3421 1031 iutclllf

1832 1050 2019 1110 gerent
2040 1042 2265 1110 juvenes
2286 1085 2300 1109 ,
2323 1057 2415 1098 eas
2430 1042 2634 1099 litteras
2660 1044 2760 1101 sibi
2792 1058 2897 1100 non
2924 1043 3114 1113 modo,
3146 1061 3262 1120 qua!
3282 1060 3425 1108 nunc

1832 1133 2064 1203 vulgaris
2094 1134 2276 1203 opinio
2318 1144 2422 1200 est,
2472 1135 2540 1191 ad
2591 1138 3034 1209 qualemcumque
3081 1139 3244 1198 latine
3284 1140 3421 1199 scri-

1833 1227 1990 1284 bendi
2024 1227 2327 1287 facultatem
2363 1231 2667 1303 profuturas
2689 1276 2705 1301 ,
2733 1249 2892 1305 quam
2936 1236 3179 1307 permulti
3210 1252 3277 1295 ne
3320 1252 3419 1295 ex-

1834 1330 2019 1391 petunt
2047 1323 2258 1394 quidem
2293 1366 2308 1391 ,
2336 1325 2477 1395 quod
2503 1326 2618 1396 ejus
2646 1324 2751 1382 sibi
2788 1342 2883 1397 pro
2910 1329 3164 1385 institutae
3188 1331 3307 1386 vita:
3336 1338 3426 1387 ra-

1834 1412 2067 1471 tionibus
2094 1419 2344 1488 exiguum
2371 1428 2462 1473 aut
2494 1420 2697 1475 nullum
2734 1434 2886 1476 usum
2912 1422 3087 1479 vident
3118 1425 3233 1481 fore
3264 1467 3280 1494 ,
3326 1424 3422 1483 sed

1831 1509 1992 1563 etiam
2026 1550 2041 1576 ,
2090 1520 2145 1566 et
2196 1513 2364 1567 multo
2405 1515 2618 1583 quidem
2656 1517 2858 1587 magis,
2889 1517 2955 1571 ad
2990 1514 3248 1574 doctrina!
3278 1518 3424 1577 utilis

1831 1601 2087 1673 copiam,
2152 1604 2217 1659 ad
2261 1620 2420 1677 quam
2461 1607 2631 1677 ipsam
2671 1619 2725 1664 et
2768 1609 3124 1681 expetendam
3168 1608 3424 1683 paulatim

1831 1696 2171 1753 allicerentur
2202 1742 2215 1763 ,
2250 1709 2304 1755 et
2333 1702 2747 1770 comparandam
2772 1702 3182 1762 adducerentur.

1901 1788 2086 1861 Neque
2134 1790 2275 1846 enim
2322 1795 2568 1865 profecto
2608 1796 2711 1852 dici
2746 1799 2845 1852 hoc
2876 1813 3003 1853 vere
3050 1810 3265 1869 potest,
3315 1814 3423 1858 non

168 1887 272 1942 cisci
310 1898 585 1957 cuperent,
634 1882 922 1944 conlictum
978 1898 1078 1957 est,
1111 1891 1251 1961 quod
1281 1890 1576 1946 doctissimi
1610 1891 1724 1962 qui—

1838 1880 2034 1939 habere
2088 1886 2373 1941 Docmrutn
2404 1891 2597 1944 veteris
2630 1888 2885 1946 Ecclesia:
2916 1888 3082 1948 libros
3112 1934 3126 1961 ,
3160 1902 3267 1965 quo
3295 1906 3422 1964 pos-

167 1980 268 2036 dam
305 1981 392 2036 viri
434 1984 771 2046 existimant,
822 1984 1027 2053 nescio,
1071 2000 1137 2041 an
1192 1986 1255 2040 iis
1299 1986 1554 2041 acciderit
1604 2002 1732 2059 pro-

168 2084 339 2144 pterea,
382 2074 527 2146 quod
570 2075 623 2130 in
676 2075 919 2145 legendis
950 2077 1349 2148 traetandisque
1379 2079 1528 2135 libris
1555 2081 1731 2151 genti-

166 2166 270 2222 lium
295 2170 716 2239 acquiescerent,
744 2186 1040 2241 eorumque
1070 2172 1331 2242 elegantia
1373 2180 1427 2227 et
1472 2173 1733 2229 suavitate

169 2259 225 2315 ita
257 2262 378 2330 capti
430 2273 769 2330 tenerentur,
824 2275 881 2319 ut
909 2265 1040 2321 nihil
1084 2265 1225 2320 aliud
1269 2266 1534 2337 attingere
1564 2283 1732 2337 cupe-

171 2363 268 2409 rent
314 2364 397 2409 ant
434 2356 788 2413 sustinerent.
836 2356 891 2414 In
923 2374 1027 2429 quo
1054 2357 1210 2416 facile
1238 2359 1487 2415 accidere
1532 2362 1724 2432 potuit,

171 2455 219 2499 ut
238 2445 558 2517 disciplinam
578 2450 850 2520 religionis
879 2450 1177 2521 judicarent
1211 2467 1243 2507 e
1270 2462 1490 2523 stupore
1517 2463 1571 2511 et
1594 2455 1731 2511 stul-

170 2539 261 2594 titia
303 2556 477 2596 eorum
542 2543 623 2597 vel
670 2543 946 2599 hominum
992 2544 1080 2615 qui
1120 2560 1236 2601 eam
1270 2555 1381 2601 tum
1419 2547 1734 2620 profiteren-

172 2642 254 2700 tur,
283 2635 356 2690 vel
398 2635 663 2691 librorum
708 2635 778 2693 de
818 2636 1097 2710 religione,
1130 2641 1218 2707 qui
1259 2639 1313 2694 in
1361 2642 1603 2696 manibus
1631 2640 1732 2695 ho-

171 2726 336 2782 minum
396 2741 605 2785 essent.
669 2730 953 2785 Enimvero
1009 2746 1129 2786 cum
1180 2732 1395 2804 quidam
1455 2732 1536 2789 his
1593 2734 1735 2789 litte-

173 2822 231 2876 ris
273 2823 445 2879 imbuti
506 2825 573 2879 ad
629 2838 840 2882 veteres
890 2826 1146 2883 Ecclesiae
1212 2829 1497 2884 Doctorum
1567 2829 1733 2886 libros

172 2911 355 2971 Gra‘cos
381 2914 712 2988 Latinosque
740 2918 1144 2989 cognoscendos
1175 2937 1232 2975 se
1260 2921 1552 2984 dedissent,
1588 2939 1724 2994 quo-

170 3020 265 3062 rum
296 3008 758 3073 intelligentlorum
808 3013 1109 3068 lacultatem
1168 3012 1374 3070 illarum
1433 3018 1732 3074 litterarum

170 3101 355 3156 scientia
401 3103 666 3168 dederat,
711 3115 820 3159 tum
862 3122 988 3162 vero
1037 3115 1091 3162 et
1136 3108 1281 3180 ipsos
1304 3109 1496 3167 Libros
1552 3128 1733 3170 saeros

168 3192 337 3247 rectius
376 3195 679 3265 intelligere
713 3198 1011 3264 discebant,
1043 3209 1096 3254 et
1125 3202 1264 3270 quod
1300 3202 1530 3273 vulgaris
1567 3205 1730 3261 disci-

1836 1978 2003 2033 simus
2026 1980 2078 2032 in
2106 1981 2249 2034 omni
2274 1995 2472 2048 genere
2496 1980 2755 2040 doctrina:
2774 2028 2788 2053 ,
2817 1987 2957 2057 quod
2988 1981 3424 2059 habeataliquam

1837 2072 1921 2127 vel
1937 2085 2057 2127 cum
2076 2074 2335 2146 religione
2354 2077 2805 2146 conjunctionem,
2832 2081 2916 2137 vel
2933 2079 2997 2135 ad
3021 2093 3226 2137 sacram
3249 2082 3425 2136 scien-

1838 2166 1963 2220 tiam
2007 2167 2142 2221 bene
2184 2171 2511 2225 tractandam
2567 2172 2848 2228 utilitatem
2882 2215 2897 2242 ,
2928 2172 3122 2244 juvari.
3184 2174 3424 2245 Longum

1837 2259 1972 2314 foret
2001 2260 2377 2319 demonstrare
2402 2306 2416 2326 ,
2445 2264 2570 2336 quid
2616 2262 2683 2321 ab
2732 2267 2797 2322 iis
2826 2267 3058 2337 pra-sidii
3103 2266 3167 2322 ad
3195 2262 3428 2324 Theolo-

1836 2355 1975 2425 giam
2008 2395 2022 2419 ,
2056 2355 2121 2409 ad
2149 2349 2648 2429 interpretationem
2677 2359 3071 2429 Scripturarutn
3102 2372 3374 2416 sacrarntn
3407 2402 3423 2437 ,

1837 2445 1903 2501 ad
1945 2460 2150 2502 sacram
2196 2449 2513 2521 civilemque
2552 2446 2830 2506 historiam
2862 2493 2877 2515 ,
2928 2446 2993 2506 ad
3030 2448 3426 2522 Geograpbiam

1838 2550 2151 2613 utramque,
2181 2542 2245 2596 ad
2277 2543 2408 2597 alias
2438 2549 2581 2599 artes
2608 2558 2670 2599 ac
2694 2538 3022 2613 disciplinas,
3055 2546 3110 2598 et
3134 2542 3423 2615 quomodo,

1838 2635 1941 2703 peti
1962 2635 2148 2704 possit.
2170 2632 2363 2705 Integri
2391 2636 2758 2690 commentarii
2783 2636 2884 2689 hoc
2898 2644 3267 2705 argumentum
3294 2640 3375 2689 εει
3406 2674 3423 2711 ,

1837 2742 1996 2797 quem
2039 2741 2181 2782 mute
2221 2742 2326 2783 non
2371 2725 2680 2784 scribimus.
2737 2726 2815 2783 Ad
2855 2727 3215 2797 elotptentiam
3261 2738 3379 2784 eam
3406 2768 3423 2796 ,

1837 2835 1939 2891 qua
1972 2821 2022 2875 in
2051 2822 2265 2892 templis
2291 2823 2365 2877 uti
2394 2823 2676 2889 convenit,
2700 2833 2951 2892 quantam
2982 2819 3188 2892 copiam
3221 2830 3422 2884 rerum,

1838 2926 2274 2987 argumentorum
2294 2959 2307 2982 ,
2344 2916 2606 2987 imprimis
2635 2917 2966 2989 popularium
2994 2959 3007 2981 ,
3037 2915 3427 2972 sententiarum

1838 3011 2070 3065 maxime
2092 3012 2412 3081 optimarum
2434 3055 2447 3075 ,
2482 3014 2641 3067 etiam
2666 3020 2940 3066 acutarum
2972 3020 3024 3065 et
3048 3016 3423 3085 venustarum,

1837 3104 2195 3175 suppeditabit
2240 3120 2300 3161 ea
2349 3105 2508 3161 lectio
2540 3118 2682 3161 reete
2730 3105 2967 3161 instituta
2995 3148 3008 3168 ,
3057 3104 3157 3158 hoc
3200 3114 3281 3158 est
3309 3143 3325 3163 .
3379 3092 3427 3156 si

1837 3198 2025 3256 doetor
2057 3242 2071 3265 ,
2122 3199 2173 3253 in
2218 3198 2319 3255 hoc
2360 3216 2558 3272 genere
2589 3199 2847 3255 librorum
2878 3210 3123 3263 versatus
3152 3240 3168 3264 ,
3224 3192 3427 3251 indica-

168 3284 287 3354 plina
327 3258 610 3359 theologia:
664 3289 893 3347 habebat
941 3258 1181 3349 stultitiae
1219 3305 1271 3348 et
1325 3258 1569 3363 inscitiae,
1602 3297 1653 3353 id
1681 3299 1729 3355 ei
1756 3258 1804 3327 α
1839 3292 2003 3357 verit,
2035 3292 2160 3363 quid
2186 3293 2237 3347 in
2265 3308 2369 3346 uno
2393 3307 2605 3364 quoque
2631 3290 2700 3348 sit
2724 3291 2789 3347 ad
2820 3292 2959 3349 hanc
2987 3290 3248 3348 rationem
3270 3286 3423 3344 utile.

168 3379 276 3436 vitio
313 3382 589 3439 hominum
620 3383 960 3441 indoctorum
993 3398 1049 3443 et
1076 3386 1424 3444 barbarorum
1466 3390 1727 3458 additum,

169 3473 517 3548 intelligebant.
563 3479 677 3547 Qua
711 3496 767 3534 re
800 3479 1001 3536 incensi
1050 3491 1173 3537 sunt
1200 3483 1359 3536 animi
1402 3484 1466 3539 ad
1495 3486 1729 3542 Studium

168 3564 416 3626 liberandae
448 3571 652 3626 divinae
696 3571 951 3628 doctrinm
991 3572 1058 3629 ab
1109 3574 1356 3631 sordibus
1381 3592 1623 3633 errorum
1676 3588 1731 3636 et

168 3657 447 3730 ineptiarum
504 3662 972 3729 seholasticarum,
1025 3665 1217 3735 quibus
1278 3682 1372 3738 per
1412 3679 1487 3723 tot
1531 3670 1728 3728 saicula

166 3756 486 3810 contaminata
536 3766 590 3811 et
623 3771 880 3827 oppressa
906 3756 1165 3829 iacuerat.

243 3847 396 3917 Atque
446 3859 508 3903 ut
561 3850 755 3904 littera:
808 3850 1148 3908 humaniores
1198 3851 1296 3909 hac
1339 3853 1546 3911 ratione
1606 3874 1729 3927 pro-

166 3935 340 3995 lutrrunt
369 3940 648 4013 religioni,
683 3943 763 3997 sic
804 3941 868 3997 iis
898 3944 1129 4000 vicissim
1181 3944 1404 4015 religio,
1436 3963 1727 4019 earumque

163 4045 261 4087 cum
288 4038 607 4106 scriptorum
638 4036 1135 4094 Ecclesiasticornm
1164 4037 1390 4095 let-tione
1420 4042 1726 4109 conjunctio

164 4123 411 4191 plurimum
439 4128 666 4200 profuit.
724 4129 934 4184 Etenim
965 4145 1085 4185 cum
1124 4133 1388 4201 SOpbistm
1414 4146 1467 4190 et
1494 4132 1725 4192 Theolo-

161 4213 283 4283 gista:
322 4220 531 4275 barbari
579 4231 707 4276 ante
743 4220 1064 4276 clamassent
1087 4266 1099 4287 ,
1147 4223 1352 4280 litteras
1387 4226 1505 4283 illas
1532 4226 1725 4286 obesse

162 4308 366 4379 religioni
399 4356 413 4379 ,
445 4322 538 4367 aut
571 4324 720 4368 certe
748 4312 799 4368 in
831 4316 1038 4379 Verbis,
1071 4316 1265 4372 fabulis
1287 4361 1299 4383 ,
1327 4316 1574 4376 inanibus
1606 4321 1714 4378 his-

163 4403 293 4459 toriis
328 4408 531 4462 versari
566 4416 703 4463 totas
732 4450 746 4475 ,
780 4408 909 4463 nihil
945 4411 1198 4477 prodesse
1224 4410 1519 4483 disciplinis
1553 4414 1722 4486 majo-

159 4494 281 4551 ribus
297 4542 309 4564 ,
331 4515 358 4554 a
386 4502 549 4555 rebus
572 4501 779 4571 magnis
800 4508 853 4557 et
876 4503 1090 4558 utilibus
1107 4506 1171 4559 ad
1197 4506 1506 4577 religionem
1529 4524 1722 4567 vacuas

158 4600 287 4657 esse,
321 4608 547 4663 eamque
573 4593 643 4648 ob
668 4606 884 4649 causam
916 4596 1164 4663 inutiles,
1213 4613 1310 4653 nec
1334 4596 1521 4671 dignas
1544 4598 1721 4657 studio

150 4681 413 4752 juventutts
443 4732 457 4754 ,
501 4687 647 4761 quod
683 4688 940 4758 jactatum
989 4691 1150 4746 etiam
1194 4689 1247 4746 in
1293 4691 1391 4747 hac
1433 4694 1716 4752 Academia

154 4779 386 4851 traditur,
436 4798 559 4839 cum
613 4782 846 4852 Rhagins
888 4784 1345 4857 1Estieampianus
1389 4802 1480 4843 eas
1521 4790 1720 4846 docere

154 4873 404 4941 coepisset,
458 4875 677 4930 Andrea
717 4874 979 4932 Deiitiano
1026 4892 1148 4934 eum
1192 4879 1429 4949 quintam
1464 4883 1514 4938 in
1557 4900 1718 4941 curru

152 4972 299 5018 rotam
329 4977 582 5034 vocante,
625 4981 686 5021 os
727 4967 790 5019 iis
830 4968 1135 5026 obturatum
1166 4981 1248 5028 est
1292 4983 1402 5028 tmn
1433 5019 1446 5039 ,
1489 4992 1609 5031 cum
1641 4993 1720 5035 etc

153 5053 319 5110 littertr.
357 5060 420 5115 ad
454 5076 731 5119 sacrorum
760 5064 1043 5121 Librdrum
1071 5108 1085 5131 ,
1122 5064 1186 5120 ad
1215 5064 1471 5122 Ecclesim
1497 5066 1717 5126 Patrum

150 5144 528 5222 intelligentiam
576 5160 847 5237 translatae
896 5167 1077 5214 essent
1110 5198 1125 5225 ,
1171 5158 1668 5230 intelligeretttrque
1700 5205 1714 5230 ,

152 5252 339 5307 pereas
384 5246 585 5303 aditum
633 5249 749 5304 dari
799 5252 865 5306 ad
907 5267 1090 5307 veram
1132 5266 1405 5307 sacrorum
1456 5252 1715 5312 librorum

149 5330 618 5404 interpretationem
656 5349 712 5396 et
751 5342 815 5397 ad
867 5359 1044 5399 veram
1077 5343 1385 5413 Theol0gicc
1415 5347 1714 5404 scientiam.

149 5422 308 5499 Itaque
363 5447 482 5489 cum
554 5434 612 5491 Ρ.
663 5434 994 5492 Mosellanus
1063 5439 1401 5509 interpretari
1464 5441 1719 5509 «cpisset

148 5512 389 5587 Epistolas
416 5524 600 5592 Pauli,
632 5528 686 5582 in
724 5544 831 5598 quo
856 5530 1088 5585 maxime
1112 5571 1128 5595 ,
1164 5540 1218 5586 ut
1248 5539 1359 5586 tum
1401 5541 1554 5588 erant
1581 5544 1711 5590 tem-

145 5622 285 5677 Pﬁra,
317 5616 665 5684 adiuvabatur
707 5621 923 5677 Patrum
974 5622 1286 5680 Graecorum
1322 5632 1375 5679 et
1402 5624 1711 5684 Latinorum

143 5701 354 5765 lectione
377 5752 393 5779 ,
427 5716 553 5771 tanti
586 5730 882 5772 concursus
903 5716 1199 5787 juventntis
1228 5728 1353 5775 sunt
1382 5718 1542 5787 facti,
1565 5728 1621 5776 et
1644 5722 1711 5778 ad

146 5793 249 5851 illas
274 5800 415 5868 ipsas
439 5848 450 5865 .
477 5815 529 5862 et
556 5806 623 5862 ad
654 5815 878 5865 ceteras
907 5810 1025 5881 ejus
1053 5798 1343 5878 lectiones,
1375 5820 1432 5868 ιιι
1456 5806 1713 5882 Ῑειιιινιιειί

139 5885 399 5967 iacerent,
441 5901 527 5971 qui
582 5900 739 5961 bonis
784 5903 979 5964 litteris
1022 5913 1146 5964 ante
1190 5912 1374 5965 essent
1416 5905 1708 5967 adversati.

1837 3385 1973 3442 Sunt
2002 3387 2143 3439 enim
2179 3385 2230 3439 in
2281 3387 2380 3439 hoc
2419 3401 2617 3457 genere
2647 3400 2777 3441 sane
2822 3385 2971 3442 multi
3013 3380 3209 3457 egregii
3254 3388 3310 3437 et
3334 3392 3424 3437 cc.

1836 3479 1998 3549 piosi,
2025 3489 2080 3532 ut
2110 3478 2238 3533 nihil
2258 3478 2429 3533 dicam
2459 3478 2925 3552 deChrysostomo
2944 3521 2957 3545 ,
2982 3489 3033 3533 et
3061 3473 3420 3538 aliisGraacis.

1833 3572 2154 3643 cloquentim
2205 3573 2419 3627 nomine
2441 3572 2629 3641 claris,
2660 3573 3018 3630 Tertullianus
3041 3615 3058 3641 ,
3087 3572 3384 3648 Cyprianus
3404 3610 3419 3635 ,

1833 3665 2160 3737 Augustinus
2185 3708 2199 3730 ,
2235 3667 2606 3739 imprimisque
2636 3667 2946 3723 Ambrosius
2976 3683 3097 3723 cum
3127 3664 3380 3721 Salviano
3404 3703 3419 3730 ,

1832 3759 1990 3814 Petro
2028 3758 2392 3830 Chrysologo,
2426 3769 2479 3814 et
2504 3803 2516 3821 ,
2550 3760 2687 3831 quod
2717 3760 2931 3831 quidem
2962 3760 3028 3814 ad
3069 3762 3278 3829 copiam
3328 3754 3423 3812 hoc

1831 3867 2019 3906 uarum
2053 3894 2068 3918 ,
2124 3864 2401 3907 acutarum
2433 3894 2445 3917 ,
2516 3863 2570 3908 et
2624 3863 2968 3908 vennstarum
3034 3852 3418 3906 sententiarum

1829 3946 2018 4001 attinet
2041 3987 2056 4008 ,
2093 3960 2316 4017 quarum
2345 3948 2396 4001 ιιι
2428 3947 2729 4017 eloquentia
2759 3947 3117 4002 ecclesiastica
3151 3959 3278 3999 usus
3312 3944 3383 3998 sit
3404 3986 3417 4010 ,

1829 4036 2065 4091 omnium
2115 4038 2384 4107 principe,
2430 4037 2734 4104 Bernardo,
2777 4038 2867 4108 qui
2918 4036 3116 4092 nullam
3161 4036 3318 4090 aliam
3351 4031 3421 4088 ob

1828 4140 2045 4184 causam
2094 4129 2383 4186 mellilluns
2426 4131 2597 4185 dictus
2626 4138 2729 4185 est.
2806 4132 2977 4200 Atque
3029 4130 3165 4185 hanc
3203 4134 3420 4184 senten-

1830 4214 2020 4269 tiarum
2069 4217 2278 4286 copiam
2306 4231 2370 4272 ex
2409 4217 2602 4271 talibus
2650 4226 2796 4271 tanto
2834 4215 3102 4271 salubrius
3147 4214 3421 4271 hauserint

1826 4308 2047 4364 studiosi
2072 4351 2088 4377 ,
2117 4311 2257 4380 quod
2291 4310 2358 4365 de
2385 4308 2640 4381 religione
2670 4324 2793 4364 vera
2823 4309 3006 4379 scripti
3038 4319 3202 4376 sunt,
3247 4310 3419 4379 iisque

1826 4403 2066 4471 legendis
2092 4405 2252 4458 etiam
2285 4418 2473 4459 sensus
2498 4404 2711 4476 pietatis
2738 4402 3060 4458 excitabitur
3080 4446 3096 4469 ,
3118 4403 3293 4458 aletur
3318 4442 3333 4467 ,
3366 4408 3420 4457 et

1826 4496 2275 4563 continuabitur,
2331 4496 2472 4567 quod
2534 4498 2584 4551 in
2639 4494 3064 4552 Christianorum
3128 4504 3415 4563 veterum,

1827 4589 1987 4642 etiam
2027 4600 2303 4658 poetarum
2331 4632 2346 4655 ,
2374 4590 2603 4644 lectione
2635 4589 2898 4659 imprimis
2938 4589 3213 4657 spectabat
3249 4588 3419 4643 Geor-

1826 4683 1942 4753 gius
1976 4683 2248 4738 Fabricius
2277 4701 2289 4738 :
2329 4703 2349 4737 ι
2388 4684 2501 4739 Non
2532 4686 2708 4749 enim,
2749 4703 2767 4735 ι
2802 4683 2975 4754 inquit
3003 4724 3019 4751 ,
3049 4681 3294 4756 (Prwfat.
3347 4683 3418 4737 ad

1827 4778 1973 4833 Poet.
2004 4777 2192 4835 Christ.
2220 4796 2271 4848 ιι.
2296 4781 2350 4849 4)
2373 4800 2391 4833 ι
2419 4781 2536 4834 linis
2552 4780 2846 4835 studiorum
2875 4790 2922 4834 et
2945 4778 3203 4833 doctrina:
3225 4777 3416 4832 unicus

1823 4886 1904 4931 est
1933 4917 1945 4939 ,
1980 4884 2036 4930 ut
2068 4877 2296 4946 linguam
2322 4876 2638 4946 perpolitam
2664 4882 2719 4929 et
2747 4872 3035 4931 volubilem
3060 4871 3259 4926 habeas
3278 4912 3293 4934 ,
3320 4869 3415 4926 sed

1825 4980 1879 5023 ut
1909 4969 2116 5025 colatur
2167 4978 2220 5022 et
2261 4969 2497 5024 abundet
2543 4982 2721 5023 rerum
2773 4980 3083 5037 magnarum
3124 4975 3177 5020 et
3208 4965 3413 5019 utilium

1822 5062 2043 5117 scientia
2076 5062 2306 5119 animus.
2364 5064 2595 5117 Omnino
2622 5070 2799 5116 autem
2840 5059 2999 5114 nulla!
3028 5070 3115 5114 res
3143 5059 3410 5129 majores,

1822 5154 2245 5225 fructuosiorcs,
2291 5164 2345 5211 et
2391 5156 2660 5226 digniores
2708 5163 2872 5217 sunt,
2901 5166 3060 5224 quam
3105 5154 3319 5225 pietatis
3362 5158 3416 5208 et

1822 5249 2095 5319 religiOnis
2124 5250 2343 5304 scientia
2379 5292 2391 5308 .
2422 5264 2542 5320 qua:
2582 5245 2686 5319 peti
2717 5261 2781 5302 ex
2813 5245 2895 5300 his
2933 5246 3284 5317 scriptoribus
3320 5260 3416 5316 po-

1823 5349 1926 5395 test
1961 5359 1973 5394 :
2007 5340 2057 5395 in
2089 5340 2282 5412 quibus
2320 5340 2528 5396 etiamsi
2582 5340 2685 5394 alia
2732 5352 2837 5394 non
2870 5337 3143 5394 excellunt
3172 5380 3184 5397 ,
3235 5347 3411 5394 tamen

1824 5431 2077 5488 lectorem
2102 5434 2377 5488 meliorem
2406 5441 2457 5487 et
2476 5432 2796 5487 sanctiorem
2825 5437 3052 5501 possunt
3077 5429 3407 5488 dimittere.»

1804 5527 1929 5583 'Sed
1959 5527 2201 5598 profecto
2222 5528 2428 5583 inscitia
2458 5532 2763 5581 noStrorttm
2783 5532 3083 5592 temporum
3105 5533 3158 5578 et
3180 5525 3408 5592 ignavia,

1818 5634 1937 5692 qua:
1959 5623 2118 5678 etiam
2145 5623 2282 5693 apud
2305 5620 2609 5693 Theologos
2638 5619 2690 5673 ln
2725 5615 2821 5672 bac
2847 5625 2996 5689 parte
3018 5618 3175 5687 longe
3201 5617 3412 5690 lateque

1818 5717 2156 5786 dominatur,
2183 5718 2340 5773 nimis
2366 5717 2639 5772 htnniliter
2665 5717 2826 5772 sentit
2851 5716 2919 5772 de
2951 5717 3052 5772 hoc
3075 5720 3188 5771 toto
3212 5727 3412 5786 genero

1817 5807 2141 5881 scriptorum
2167 5854 2183 5881 ,
2213 5812 2354 5882 quod
2389 5821 2566 5866 tamen
2597 5819 2688 5866 aut
2716 5810 2937 5867 omnino
2965 5826 3072 5877 non
3098 5810 3285 5877 novit,
3319 5812 3411 5866 aut

1817 5904 1907 5962 vix
1930 5904 2218 5978 aliquando
2262 5918 2358 5978 per
2387 5905 2533 5963 leves
2553 5913 2609 5964 et
2627 5914 2777 5965 raras
2813 5903 3126 5965 occasiones
3150 5900 3405 5976 quasdam
