3988 6310
465 318 575 377 ΩΞΞ

1884 316 2272 376 ΡΒΕΕΑΤῙΟ.

3654 318 3767 376 ω

469 435 490 511 (
516 437 616 491 hoc
639 443 722 492 est
745 475 761 500 ,
791 433 857 490 ad
890 433 1251 490 testimonium
1275 431 1476 489 citandi
1497 447 1656 489 causa
1681 475 1694 498 ,
1729 432 1823 490 sed
1856 432 1968 490 fere
1989 449 2053 489 ex
2083 430 2135 491 Α
2161 431 2354 487 simum
2393 432 2622 497 videtur,
2665 434 2891 505 proponi
2936 443 2992 492 et
3025 434 3391 492 commendari
3420 450 3515 492 eos
3539 437 3711 493 libros
3730 481 3747 504 ,

474 529 671 586 indicio
716 529 1037 584 uovitiorum
1076 528 1392 597 scriptorum
1417 525 1436 599 )
1465 527 1714 598 inSpexit.
1749 528 1858 599 Ego
1882 574 1898 600 ,
1928 538 1983 581 ut
2011 527 2063 582 in

476 639 538 681 ea
571 635 724 696 parte
765 641 848 679 tne
877 627 1176 680 contineam
1203 665 1219 689 ,
1259 638 1376 694 Qua:
1416 622 1479 677 ad
1529 623 1849 694 eloquentia:
1893 623 2065 679 studia

474 719 709 776 maxime
757 720 1010 791 pertinet,
1060 733 1216 773 unam
1248 718 1498 791 Cypriani
1526 719 1822 790 Epistulam
1853 718 1920 775 de
1950 720 2068 775 lon-

472 813 712 886 gioribus
743 855 759 879 ,
797 822 850 870 et
897 814 1199 868 accuratius
1251 813 1498 881 scriptis,
1545 814 1686 870 velut
1733 815 2062 883 secundam,

474 909 744 966 Ambrosii
773 911 896 964 item
926 923 1044 963 eam
1063 951 1078 973 ,
1109 924 1266 980 quam
1297 908 1622 982 Symmacho
1641 949 1656 976 ,
1685 910 1952 979 paganica:
1981 924 2066 966 re-

475 1001 689 1074 ligionis
705 1003 1167 1059 conservationem
1187 1003 1253 1060 ab
1276 1003 1688 1075 imperatoribus
1715 1004 2064 1060 disertissima

476 1096 700 1168 epistola
749 1098 993 1168 petenti,
1027 1101 1278 1169 Opposuit
1306 1141 1323 1164 ,
1369 1099 1452 1153 vel
1497 1099 1876 1154 Bernardinam
1905 1143 1919 1164 ,
1961 1115 2064 1169 qua

476 1186 539 1248 S.
582 1190 897 1247 Theoderici
917 1190 1108 1248 Abbati
1137 1189 1420 1247 Guilielmo
1448 1233 1463 1256 ,
1507 1191 1644 1260 apud
1674 1207 1830 1263 quem
1860 1191 2064 1247 delatus

472 1293 630 1354 erat,
674 1284 817 1356 quod
863 1285 1102 1343 studiose
1151 1285 1459 1343 detraheret
1508 1286 1576 1342 de
1622 1287 2064 1344 Cluniacensibus

472 1381 750 1439 monachis
773 1422 788 1446 ,
833 1383 904 1437 ita
944 1396 1002 1436 se
1035 1391 1220 1454 purgat
1247 1424 1263 1448 ,
1307 1395 1362 1437 ut
1389 1398 1576 1438 eorum
1607 1383 1728 1438 vitia
1757 1384 1933 1438 omnia
1965 1399 2062 1438 ex-

472 1475 707 1548 primat:
739 1474 836 1530 bas
881 1474 1041 1545 igitur
1072 1518 1087 1543 ,
1139 1485 1196 1530 ut
1237 1477 1338 1530 alia
1386 1476 1580 1532 similia
1628 1487 1830 1532 taceam
1858 1520 1874 1545 ,
1908 1477 2065 1548 longe

473 1568 802 1640 praetulerim
829 1569 1077 1624 omnibus
1107 1570 1286 1624 latinis
1300 1569 1675 1642 Panegyricis,
1700 1570 1790 1642 qui
1816 1570 2064 1628 Pliniano

471 1663 829 1732 subjiciuntur
853 1703 867 1725 ,
901 1678 1088 1733 parum
1117 1663 1304 1729 abest;
1349 1664 1482 1735 quin
1514 1665 1671 1719 etiam
1715 1665 1880 1734 ipsius
1909 1664 2063 1720 Plinii

471 1755 736 1824 ambiguis
764 1755 988 1826 argutiis
1007 1797 1021 1821 ,
1050 1765 1104 1812 et
1131 1756 1582 1812 assentationibus
1602 1758 1828 1813 eruditis
1853 1801 1869 1826 ,
1904 1775 2063 1828 prop-

2169 527 2256 596 qui
2306 528 2590 581 maximam
2634 527 2864 584 habeant
2911 529 3344 600 caujunctiouem
3381 545 3502 586 cum
3549 531 3767 588 caeteris

2169 618 2320 674 istius
2357 624 2531 677 artatis
2571 623 2789 686 studiis,
2824 625 2907 678 vel
2949 626 3141 688 rebus,
3172 626 3255 680 vel
3285 641 3484 698 genere
3522 626 3763 682 dicendi.

2170 712 2405 768 Dubitari
2448 724 2626 769 autem
2672 732 2776 770 non
2821 725 3027 787 potest,
3071 718 3197 789 quin
3244 719 3361 788 ejus
3407 720 3618 790 generis
3655 723 3769 775 sint

2167 808 2397 862 maxime
2438 808 2555 862 libri
2589 809 2659 876 ii,
2692 810 2782 880 qui
2816 810 3094 881 religionis
3123 809 3447 866 Christianae
3481 813 3766 868 veritatem

2166 897 2584 969 demonstrant,
2631 911 2685 956 et
2732 901 3172 971 superstitionem
3225 904 3535 974 paganicatu
3588 919 3762 975 Oppu-

2167 1002 2346 1065 guaut.
2378 993 2509 1048 Nam
2539 1010 2741 1061 rerum,
2773 997 3026 1065 primum,
3062 1011 3250 1067 magna
3277 1011 3400 1066 pars
3427 997 3507 1052 vel
3531 1005 3651 1051 nota
3679 1006 3764 1052 est

2167 1088 2214 1142 ei
2243 1090 2384 1144 :etati
2413 1104 2444 1144 e
2472 1089 2750 1159 gentilium
2781 1091 3102 1161 scriptorum
3131 1132 3144 1156 ,
3180 1101 3457 1166 poetarum
3486 1092 3722 1146 maxime
3747 1133 3761 1158 ,

2166 1181 2397 1238 lcetiune
2422 1225 2436 1247 ,
2479 1185 2620 1254 quod
2651 1183 2816 1240 efﬁcit
2842 1184 3246 1256 intelligentiam
3287 1199 3473 1240 eorum
3505 1185 3762 1240 librorum

2168 1274 2490 1340 faciliorem,
2529 1275 2614 1331 vel
2642 1277 2812 1332 lucem
2840 1278 3078 1332 vicissim
3106 1275 3333 1332 aﬁ‘undit
3367 1276 3471 1331 illis
3501 1277 3671 1340 libris,
3709 1279 3760 1332 in

2169 1369 2364 1440 quibus
2402 1371 2790 1441 cognoscendis
2822 1380 2930 1424 tum
2971 1370 3202 1426 maxime
3227 1371 3431 1425 versari
3457 1370 3630 1426 debet.
3669 1371 3764 1426 Est

2167 1462 2326 1516 etiam
2369 1471 2528 1517 aetate
2569 1463 2681 1532 ipsa
2721 1462 2962 1519 classicis
3001 1463 3352 1535 scriptoribus
3391 1462 3762 1535 conjuncﬁssi-

2167 1570 2312 1609 nium
2359 1554 2459 1609 hoc
2497 1569 2700 1625 genus,
2743 1570 2863 1610 cum
2905 1557 3135 1611 maxima
3175 1569 3300 1626 pars
3338 1570 3406 1610 ex
3437 1571 3504 1612 eo
3532 1557 3600 1611 sit
3627 1565 3764 1610 tem-

2170 1664 2322 1718 pore,
2356 1664 2462 1720 quo
2492 1647 2805 1719 superstitio
2837 1649 3050 1719 gentilis
3077 1648 3471 1705 dominabatur.
3502 1649 3606 1718 lpsi
3632 1664 3764 1705 vero

2169 1753 2417 1796 auctores
2443 1757 2628 1796 eorum
2656 1741 2938 1806 librorum,
2969 1743 3133 1797 etiam
3164 1742 3252 1812 qui
3281 1743 3452 1798 serius
3479 1743 3683 1803 vixere,
3709 1751 3764 1798 ut

475 1857 556 1904 ter
597 1863 730 1920 quas
782 1848 1167 1921 Panegyricum
1216 1851 1334 1921 ejus
1388 1850 1741 1906 admirantur.
1799 1851 1954 1907 Venit
2011 1853 2065 1908 in

2177 1835 2523 1904 Augustinus,
2558 1833 2802 1899 Orosius,
2833 1843 2887 1891 et
2910 1836 3021 1899 alii,
3063 1836 3146 1891 vel
3177 1836 3416 1906 magistri
3445 1835 3767 1906 eloquentia

472 1952 710 1999 mentem
734 1985 750 2008 ,
800 1943 925 1997 dum
963 1944 1218 1998 Bernardi
1247 1946 1570 2000 mentionem
1607 1945 1743 2001 facio
1766 1989 1781 2012 ,
1806 1946 2064 2003 librorum

473 2031 591 2102 ejus
621 2034 683 2087 de
708 2022 1143 2102 Consideratione,
1173 2035 1240 2091 ad
1272 2037 1566 2108 Eugenium
1588 2036 1677 2094 Ill.
1709 2038 1772 2094 P.
1797 2038 1860 2094 R.
1892 2041 2064 2110 scrip-

473 2132 685 2194 torum,
747 2142 880 2198 quos
929 2145 1098 2199 nuper
1145 2129 1195 2184 in
1249 2129 1487 2186 historiae
1537 2131 1682 2187 Eccl.
1749 2132 2066 2190 lectionibus

472 2217 841 2274 commendavi
870 2222 1138 2276 studiosis.
1174 2221 1309 2277 Sunt
1342 2223 1375 2277 ii
1400 2238 1530 2279 sane
1553 2267 1568 2290 ,
1599 2236 1654 2278 ut
1685 2235 1878 2280 caetera
1912 2226 2066 2282 istius

473 2307 603 2376 viri,
634 2319 687 2364 et
712 2308 929 2366 Patrum
978 2311 1122 2368 Eccl.
1152 2313 1260 2370 fere
1285 2315 1524 2371 omnium
1545 2358 1561 2384 ,
1587 2315 1785 2388 scripta
1805 2360 1818 2378 .
1837 2317 1907 2375 de
1928 2315 2062 2374 Lud.

473 2399 622 2458 Vivis
651 2405 928 2462 verissimo
961 2407 1163 2476 judicio
1189 2449 1203 2474 ,
1246 2423 1351 2463 non
1385 2410 1695 2481 pellucidte,
1727 2410 1822 2466 sed
1851 2420 2064 2480 pertur-

472 2493 696 2552 batioris
717 2513 870 2570 aquae
894 2542 908 2565 ,
939 2499 1042 2554 hoc
1070 2511 1152 2556 est
1175 2542 1192 2570 ,
1226 2517 1330 2557 non
1361 2503 1584 2560 omnino
1614 2520 1761 2574 purae
1790 2505 2066 2562 latinitatis

472 2596 528 2643 et
545 2589 804 2659 elegantis
835 2609 849 2645 :
879 2600 934 2646 at
967 2593 1172 2662 scripti,
1205 2603 1262 2649 ut
1300 2607 1452 2666 puto,
1483 2597 1548 2652 ad
1588 2597 1936 2654 imitationem
1969 2614 2066 2654 no-

479 2679 756 2739 bilissimas
782 2684 1038 2756 Epistulae
1068 2686 1343 2744 Ciceronis
1358 2689 1426 2746 ad
1444 2690 1696 2759 Quintum
1726 2691 1817 2748 Fr.
1839 2692 1907 2748 de
1929 2693 2066 2749 bene

475 2772 895 2832 administranda
922 2780 1191 2848 provincia
1209 2823 1224 2847 ,
1240 2783 1393 2852 cujus
1416 2784 1575 2839 etiam
1599 2787 1892 2841 sententias
1913 2801 2067 2858 quas-

472 2861 594 2920 dam
626 2866 818 2933 habet,
858 2883 1178 2942 quamquam
1209 2869 1312 2928 alia
1343 2885 1490 2931 veste
1520 2877 1734 2932 indutas
1771 2896 1786 2941 ;
1819 2887 1874 2933 at
1921 2879 1971 2934 in
2002 2880 2066 2936 iis

472 2971 578 3012 non
624 2959 814 3016 minori
846 2971 958 3018 arte
981 3007 996 3030 ,
1033 2981 1133 3022 nec
1169 2968 1346 3024 minus
1386 2971 1532 3027 tuolli
1572 2972 1796 3028 articulo
1822 3013 1840 3041 ,
1874 2981 2066 3028 tractat

472 3049 770 3132 Eugenium
795 3099 808 3125 ,
842 3073 1000 3131 quam
1042 3059 1251 3118 Marcus
1293 3062 1549 3134 fratrem,
1579 3066 1801 3122 hOrtans
1831 3082 1927 3138 per
1954 3067 2067 3122 lau-

471 3149 595 3206 dem
627 3191 642 3217 ,
689 3158 744 3206 et
771 3151 842 3207 ita
889 3154 1246 3225 prmscribens
1285 3156 1420 3213 bene
1459 3159 1679 3228 gerendi
1712 3159 2063 3216 Pontiﬁcatus

2170 1928 2342 1992 fuere,
2369 1927 2511 1998 quod
2539 1926 2607 1982 de
2633 1928 2900 1999 plerisque
2925 1928 3172 1984 traditum
3196 1939 3296 1996 est,
3334 1929 3416 1984 vel
3444 1930 3560 1999 ejus
3581 1938 3634 1985 et
3661 1930 3764 1985 hu-

2172 2020 2472 2074 maniorum
2502 2020 2798 2075 litterarum
2827 2022 3068 2078 omnium
3096 2021 3319 2077 studiosi
3349 2023 3628 2093 imprimis.
3660 2023 3765 2077 Ita-

2169 2126 2273 2182 que
2297 2111 2349 2164 itt
2382 2112 2444 2164 iis
2483 2126 2610 2166 cura
2635 2111 2884 2169 dictionis
2912 2125 2962 2170 et
2990 2113 3274 2170 artiﬁcium
3315 2114 3524 2170 dicendi
3565 2129 3624 2170 ac
3653 2116 3767 2170 dis-

2169 2203 2382 2259 serendi
2412 2205 2580 2275 magis
2610 2204 2740 2274 fere,
2775 2222 2934 2278 quam
2966 2208 3018 2261 itt
3050 2208 3261 2262 caeteris
3287 2218 3527 2277 apparet.
3559 2206 3696 2263 Nam
3723 2208 3767 2263 si

2168 2295 2258 2366 qui
2292 2295 2488 2353 habent
2520 2298 2718 2369 aliquid
2762 2299 3085 2371 impuritatis
3115 2301 3167 2355 in
3211 2300 3425 2366 verbis,
3469 2311 3560 2355 aut
3594 2301 3648 2356 in
3686 2301 3767 2356 di-

2168 2395 2324 2450 cendi
2363 2412 2564 2467 genere
2591 2397 2709 2452 duri
2741 2408 2796 2454 et
2830 2397 3067 2466 horridi,
3096 2407 3152 2452 ut
3183 2398 3472 2466 Arnobius,
3504 2397 3557 2453 id
3593 2397 3710 2454 fere
3736 2415 3765 2453 a

2168 2488 2338 2558 patria
2361 2497 2596 2546 traxere.
2625 2488 2678 2544 In
2701 2505 2806 2561 quo
2834 2499 3005 2561 potest
3033 2493 3209 2545 caveri
3231 2490 3523 2557 juventuti,
3550 2505 3614 2544 ne
3641 2491 3764 2546 inde

2168 2579 2370 2651 aliquid
2400 2581 2594 2646 trahat,
2627 2582 2671 2636 si
2705 2581 3078 2638 indifferantur
3101 2583 3168 2637 ad
3199 2582 3248 2637 id
3279 2592 3488 2652 tempus
3510 2624 3528 2650 ,
3560 2597 3684 2638 cum
3716 2583 3764 2636 in

2169 2673 2308 2730 bene
2337 2676 2604 2732 scribendi
2637 2677 2865 2742 ratione,
2894 2679 3084 2734 Saltem
3111 2677 3285 2748 quoad
3325 2678 3608 2749 puritatem
3653 2693 3769 2732 ver-

2169 2767 2382 2836 borum,
2414 2770 2613 2841 aliquid
2641 2769 2909 2826 ﬁrmitatis
2937 2780 3059 2825 sunt
3079 2770 3373 2826 consecuti.
3402 2769 3524 2825 Mihi
3556 2770 3765 2825 initium

2169 2865 2354 2920 talium
2389 2866 2646 2921 librorum
2683 2864 3031 2936 legendorum
3065 2862 3164 2919 fuit
3202 2863 3462 2918 Minucius
3489 2863 3763 2932 Octavius,

2169 2958 2222 3015 in
2261 2975 2416 3030 quem
2461 2960 2690 3030 primum
2733 2958 2892 3014 incidi
2944 2959 2995 3013 in
3033 2957 3213 3012 schola
3256 2957 3529 3019 Porteusi.
3567 2959 3617 3012 in
3663 2974 3766 3029 qua

2172 3062 2280 3107 tum
2315 3051 2436 3107 huic
2475 3051 2693 3106 lectioni
2723 3051 2921 3122 aliquid
2959 3049 3330 3116 tribuebatur,
3370 3049 3438 3104 de
3476 3050 3763 3119 magistro-

2171 3161 2287 3200 rum
2316 3145 2814 3208 commendatione,
2855 3159 2953 3200 nee
2992 3145 3148 3200 facile
3172 3154 3283 3198 erat
3323 3143 3390 3198 de
3419 3143 3772 3213 provectiori-

472 3243 731 3300 rationem
762 3286 778 3311 ,
811 3254 865 3300 ut
895 3249 1071 3304 omnia
1101 3248 1418 3306 Pontiﬁcum
1443 3293 1460 3319 ,
1494 3253 1680 3323 quales
1721 3254 1829 3308 illis
1859 3264 2062 3326 tempo-

2174 3239 2307 3303 bus,
2335 3241 2424 3310 qui
2457 3254 2561 3295 non
2605 3254 2768 3294 unum
2809 3247 2864 3294 et
2906 3240 3031 3294 item
3072 3239 3301 3295 alterum
3344 3238 3499 3294 talem
3539 3237 3774 3308 scripto-

474 3336 622 3392 ribus
649 3347 829 3405 erant,
873 3340 1098 3411 Eugenii
1127 3342 1293 3411 ipsius
1319 3386 1334 3409 ,
1362 3344 1604 3413 aulteque
1642 3345 1937 3402 Pontificizn
1961 3391 1976 3414 ,
2011 3358 2065 3404 et

474 3432 602 3487 cleri
649 3435 880 3490 universi
931 3438 1055 3492 vitia
1117 3439 1414 3497 clarissime
1477 3441 1787 3511 describat,
1841 3459 2066 3501 servans

477 3524 671 3596 ubique
697 3528 951 3584 decorum
975 3571 988 3589 .
1033 3539 1087 3586 et
1113 3532 1463 3590 offensionem
1491 3536 1682 3592 vitans.
1735 3537 1912 3606 Itaque
1941 3552 2064 3592 cum

477 3618 707 3690 primum
729 3619 851 3675 illos
875 3622 1039 3678 lihros
1069 3625 1246 3696 legere
1266 3628 1404 3697 (ιωρὶ
1430 3667 1445 3693 ,
1475 3643 1798 3699 quamquam
1820 3643 2066 3688 assuetus

480 3713 784 3783 purioribus
811 3724 865 3771 et
885 3717 1304 3787 elegantioribus
1324 3763 1338 3784 ,
1366 3729 1542 3777 tamen
1566 3723 1635 3778 ita
1659 3739 1745 3779 me
1760 3735 2064 3792 tenuerunt,

477 3814 533 3860 ut
555 3805 715 3862 abeis
742 3824 847 3863 non
877 3821 1005 3866 ante
1027 3853 1040 3876 ,
1069 3828 1225 3882 quam
1249 3813 1314 3867 ad
1345 3814 1507 3870 ﬁnem
1542 3815 1888 3888 perlegissem
1911 3858 1926 3884 ,
1961 3817 2069 3874 dis-

477 3900 754 3956 cesserim.
795 3901 946 3973 Quod
977 3906 1020 3959 si
1053 3906 1246 3962 talibus
1276 3907 1516 3979 legendis
1541 3909 1654 3979 ipse
1686 3909 1854 3967 teneri
1881 3911 2026 3982 potui
2049 3953 2063 3977 ,

476 4005 596 4046 cum
641 4001 745 4048 tam
775 3995 1016 4053 studiose
1047 4001 1314 4072 principes
1337 4003 1657 4074 eloquentiae
1685 4004 1886 4060 Graeca!
1923 4006 2069 4061 Lati-

477 4101 695 4156 naeque,
747 4104 847 4144 nec
870 4133 883 4156 ,
919 4101 977 4146 ιιι
1005 4095 1224 4164 opinor,
1257 4097 1374 4152 sine
1400 4112 1560 4154 sensu
1584 4098 1898 4170 elegantiae,
1931 4109 2070 4154 trac-

480 4189 646 4238 tarem
681 4225 697 4252 ,
734 4195 787 4241 et
816 4187 939 4243 inde
966 4186 1196 4245 fructum
1234 4190 1492 4246 doctrinae
1541 4207 1734 4264 capere
1761 4233 1776 4258 ,
1817 4194 1907 4264 qui
1941 4194 2068 4248 mihi

483 4292 816 4350 nequaquam
863 4285 1290 4341 contemnendus
1327 4285 1598 4341 videretur
1627 4303 1641 4340 :
1672 4287 1806 4341 alios
1828 4328 1841 4349 ,
1895 4287 2071 4344 minus

481 4371 598 4428 istis
629 4373 974 4432 humanitatis
999 4379 1190 4434 studiis
1219 4380 1428 4435 deditos
1455 4423 1470 4447 ,
1509 4381 1686 4434 minus
1719 4381 1878 4436 etiam
1912 4381 1964 4436 in
2007 4382 2072 4439 iis

479 4479 792 4536 provectos,
828 4484 933 4524 non
956 4470 1244 4534 delectari,
1269 4489 1372 4527 non
1399 4472 1638 4543 adjuvari
1668 4487 1826 4543 posse
1851 4475 1918 4530 ad
1945 4475 2074 4531 doc-

481 4557 672 4612 trinam
707 4561 926 4628 putem?

2166 3347 2300 3398 rem,
2338 3341 2520 3402 pectas
2548 3333 2709 3389 etiam
2737 3333 2942 3403 aliquot
2971 3331 3327 3397 Christianos,
3359 3332 3598 3396 haberet,
3628 3345 3772 3402 quos

2171 3444 2264 3498 per
2293 3427 2409 3482 dies
2447 3429 2778 3494 dotninicos,
2815 3427 3062 3494 aliosque
3091 3427 3288 3493 festos,
3330 3425 3547 3498 legeret.
3592 3427 3773 3497 Atque

2169 3520 2295 3576 hinc
2321 3520 2449 3576 mihi
2481 3523 2708 3591 primum
2752 3521 2980 3589 injectus
3004 3527 3090 3576 est
3125 3534 3279 3575 amor
3303 3518 3625 3588 scriptorum
3667 3518 3767 3570 Ee-

2169 3614 2614 3680 clesiastieorum,
2646 3615 2736 3685 qui
2773 3622 2890 3684 post
2940 3615 3099 3668 etiant
3130 3612 3473 3667 conﬁrmatus
3503 3621 3604 3673 est,
3650 3627 3776 3666 cum

2170 3717 2224 3763 ct
2247 3707 2572 3763 litteratores
2600 3707 2861 3762 maximos
2885 3706 3123 3763 viderem
3151 3707 3216 3760 iis
3242 3705 3464 3760 multum
3489 3705 3772 3770 tribuisse,

2171 3812 2224 3857 et
2256 3801 2519 3872 principes
2549 3799 2946 3872 Theologorutn
2968 3842 2982 3864 ,
3018 3800 3245 3869 primum
3279 3813 3306 3852 a
3341 3795 3775 3868 praeceptoribus

2171 3897 2435 3963 audirem,
2472 3897 2666 3953 deinde
2695 3898 2810 3968 ipse
2853 3895 3126 3961 viderem,
3166 3895 3288 3950 inde
3328 3911 3357 3948 a
3387 3893 3602 3949 Lntheri
3640 3903 3781 3948 tem-

2174 3994 2416 4065 poribus,
2448 3994 2660 4050 Patrum
2689 3993 2903 4067 scriptis
2925 3992 3315 4065 c0gnoscendis
3338 3992 3628 4064 plurimum
3659 4002 3780 4046 stu—

2173 4088 2246 4144 dii
2280 4089 2546 4144 tribuisse.

2245 4183 2363 4250 Quo
2405 4184 2572 4254 magis
2611 4184 2829 4256 probavi
2871 4182 2984 4239 Viri
3023 4181 3357 4247 doctissimi,
3402 4179 3488 4237 Jo.
3536 4178 3786 4236 Gottlieb

2176 4280 2453 4346 Liudneri,
2482 4279 2692 4336 Schola:
2717 4280 2988 4337 Salzensis
3030 4280 3081 4334 in
3113 4277 3402 4348 Thuringis
3429 4275 3784 4330 Coureetoris

2176 4375 2494 4444 dignissimi,
2525 4375 2824 4440 consilium,
2858 4374 3069 4428 Minucii
3104 4386 3292 4427 rursus
3317 4368 3538 4433 edendi,
3567 4378 3625 4424 et
3653 4384 3787 4425 cum

2175 4469 2402 4526 aliorum
2435 4470 2713 4525 doctorum
2747 4469 3007 4534 virorum,
3043 4475 3156 4522 tum
3197 4466 3307 4519 suis
3342 4461 3786 4519 animadversio-

2175 4562 2333 4618 nibus
2356 4561 2552 4617 talibus
2578 4560 2894 4623 illustraudi,
2925 4575 3020 4632 per
3045 4573 3176 4628 quas
3201 4555 3409 4612 facilior
3435 4567 3580 4610 esset
3613 4555 3792 4610 lectio

549 4651 656 4710 Sed
693 4653 832 4708 sicut
860 4654 912 4707 in
942 4655 1332 4727 antiquioribus
1359 4657 1564 4714 ϐνωείε
1590 4668 1642 4714 et
1672 4659 1905 4729 Latinis,
1933 4677 2069 4732 quos
2093 4633 2148 4695 D
2174 4656 2294 4724 ejus
2331 4664 2384 4710 et
2425 4654 2606 4708 utilior
2625 4652 2892 4724 juventuti
2919 4649 3276 4706 scltolastiere.
3303 4647 3439 4719 Ipsis
3464 4658 3653 4704 autem
3685 4664 3795 4704 no-

479 4745 734 4803 classicos
765 4761 1038 4816 vocamus,
1065 4750 1196 4804 ordo
1213 4752 1452 4822 quidam,
1477 4755 1913 4810 aeeonnuodatus
1929 4757 2071 4812 aetati

481 4837 917 4911 profectibusque
983 4843 1324 4910 discentium,
1383 4846 1656 4915 praescribi
1720 4863 1748 4901 a
1804 4849 2074 4919 magistris

481 4931 830 4990 humanitatis
855 4936 995 4992 solet
1019 4952 1033 4992 :
1062 4938 1138 4991 sic
1159 4939 1316 4993 etiam
1343 4940 1394 4994 in
1421 4940 1523 4996 hoc
1543 4957 1737 5011 genere
1765 4944 1899 4998 ratio
1921 4959 2071 5014 qua:-

481 5023 603 5080 dam
628 5026 747 5081 talis
773 5027 1015 5084 adhiberi
1049 5031 1226 5086 debet.
1250 5031 1436 5103 Neque
1457 5034 1598 5090 enim
1623 5037 1801 5091 omnia
1825 5038 2075 5094 omnibus

482 5128 602 5188 apta
641 5130 793 5188 sunt,
835 5133 928 5177 aut
967 5125 1112 5179 omni
1160 5131 1425 5198 tempori,
1470 5130 1766 5201 studiisque
1803 5130 2073 5189 omnibus.

482 5210 600 5268 Alia
624 5211 878 5282 juvenilis
904 5225 1033 5273 :etas
1070 5217 1360 5284 desiderat,
1403 5237 1524 5277 cum
1569 5223 1763 5279 litteris
1789 5223 1992 5281 Grmcis
2021 5234 2078 5282 et

482 5301 686 5359 Latinis
714 5308 944 5364 maxime
972 5321 1146 5378 vacat,
1173 5313 1276 5368 alia
1306 5329 1427 5369 curn
1456 5316 1507 5370 in
1538 5316 1815 5372 altioribus
1841 5316 2077 5374 Theolo-

484 5398 586 5470 gize
613 5399 804 5455 studiis
833 5415 1100 5472 versatur,
1129 5406 1232 5462 alia
1266 5408 1316 5461 itt
1350 5409 1646 5478 principiis.
1679 5410 1780 5465 alia
1811 5425 1930 5466 cum
1961 5411 2078 5467 lon-

484 5491 604 5561 gius
630 5491 684 5547 in
712 5491 777 5546 iis
804 5507 1079 5564 progressa
1106 5508 1210 5564 est,
1237 5513 1358 5554 eum
1388 5500 1453 5556 ad
1480 5500 1861 5570 perfectionem
1891 5520 2076 5574 quam-

483 5582 608 5640 dam
649 5593 708 5640 et
741 5587 950 5655 capiam
998 5589 1258 5649 doctrina:
1295 5595 1517 5666 aspirat.
1562 5597 1640 5652 Ac
1669 5597 1798 5652 mihi
1841 5614 1946 5655 non
1977 5599 2080 5658 hoc

481 5675 594 5748 jam
623 5687 709 5734 est
747 5678 1078 5744 institutum.
1110 5695 1170 5740 ut
1197 5685 1265 5740 de
1299 5687 1544 5744 universa
1587 5689 1930 5760 legendorum
1973 5692 2077 5749 Pa-

488 5777 628 5828 trum
656 5770 866 5829 ratione
888 5782 943 5829 et
978 5775 1168 5832 ordine
1194 5779 1446 5838 universo
1481 5782 1739 5840 disseram
1780 5799 1794 5839 :
1823 5783 1890 5840 de
1916 5785 2082 5842 initiis

486 5862 601 5933 ejus
631 5864 796 5923 studii
827 5868 956 5927 satis
985 5867 1091 5926 erit
1117 5872 1406 5931 monuisse.
1437 5875 1496 5934 In
1525 5876 1716 5946 quibus
1740 5878 1871 5935 mihi
1894 5880 2079 5938 rectis-

2178 4752 2246 4808 tis
2275 4751 2384 4807 Viri
2415 4749 2805 4821 perspiciendis
2830 4748 2958 4812 vidi,
2999 4763 3106 4802 non
3149 4743 3310 4800 modo
3337 4744 3498 4799 multa
3533 4743 3681 4800 bene
3723 4745 3795 4802 de

2177 4845 2358 4901 verbis
2397 4844 2668 4913 rebusque
2701 4841 2894 4896 tradita
2923 4855 3064 4906 esse,
3099 4837 3195 4895 sed
3219 4839 3382 4895 etiam
3419 4837 3579 4892 crisin
3619 4839 3793 4894 adbi-

2179 4939 2342 4994 bitam
2373 4951 2496 4993 esse
2525 4935 2823 4992 modestam
2851 4945 2906 4990 et
2933 4944 3262 4998 accuratam,
3292 4945 3413 5002 qua:
3439 4928 3794 4986 defendenda

2181 5033 2350 5101 magis
2376 5040 2430 5086 et
2454 5028 2770 5100 explicanda
2813 5027 3042 5082 lectione
3079 5025 3324 5096 vulgata,
3363 5037 3522 5094 quam
3557 5023 3794 5094 conjec-

2182 5125 2318 5180 turis
2344 5123 2664 5180 exercendis
2693 5127 3066 5192 occuparetur,
3095 5133 3229 5190 quas
3267 5117 3430 5173 nimis
3458 5115 3665 5171 multas
3694 5134 3795 5174 ex-

2180 5230 2365 5292 pertus
2389 5227 2474 5274 est
2511 5217 2794 5272 Minucius.
2842 5215 3022 5284 itaque
3058 5209 3274 5268 conﬁdo
3297 5251 3313 5277 ,
3357 5211 3499 5265 hunc
3539 5208 3794 5265 libellum

2184 5314 2367 5371 utilem
2405 5310 2516 5365 fore
2556 5319 2612 5366 et
2645 5306 3108 5364 accommodatum
3147 5304 3333 5359 multis
3370 5301 3687 5359 nominibus
3710 5304 3798 5374 ju-

2183 5407 2426 5474 ventuti,
2469 5406 2924 5472 vehementerque
2961 5408 3120 5470 opto,
3162 5407 3219 5454 ιιι
3260 5396 3352 5452 Vir
3395 5395 3794 5463 doctissimus,

2184 5518 2306 5560 eum
2353 5501 2455 5556 alia
2513 5499 2731 5570 praemia
2772 5495 2916 5552 docti
2962 5493 3123 5564 hujus
3163 5492 3403 5559 laboris,
3452 5489 3796 5563 omninoque

2184 5595 2444 5653 doctrina:
2472 5607 2604 5660 suae,
2635 5591 2828 5664 capiat,
2866 5598 2976 5644 tum
3007 5588 3239 5643 maxime
3265 5584 3389 5652 hoc,
3417 5591 3477 5638 ut
3496 5582 3791 5655 intelligat,

2186 5705 2245 5746 se
2273 5705 2338 5744 eo
2378 5686 2562 5744 utilem
2593 5683 2858 5756 juventuti
2899 5681 3224 5738 Christianae
3254 5691 3477 5746 operam
3511 5690 3794 5732 navasse:

2185 5782 2328 5855 quod
2372 5789 2427 5838 et
2470 5780 2644 5851 ipsum
2699 5775 2933 5834 maxime
2977 5776 3032 5831 in
3080 5775 3185 5833 hoc
3226 5772 3412 5828 labore
3440 5767 3794 5839 suscipienda

2184 5884 2460 5948 spectasse
2488 5871 2717 5932 conﬁdo.
2749 5870 2866 5929 Ser.
2893 5871 3087 5944 Lipsize
3125 5885 3176 5926 a.
3208 5869 3264 5925 (Ι.
3287 5865 3378 5923 ιν.
3403 5864 3523 5925 Kal.
3547 5864 3791 5924 Martias.
