3988 6310
252 230 362 292 953

1726 237 2084 300 OCTAVIUS.

3436 259 3547 318 254

248 348 415 405 modo
446 347 576 403 mihi
611 347 822 404 viderer
852 346 904 403 in
933 348 1201 418 praeterita
1234 349 1441 416 redire,
1475 365 1580 407 non
1608 367 1670 408 ea
1720 369 1839 425 quae
1866 359 1916 418 Λ
1943 347 2410 424 τίι›υε,’ςοηεοῖιιε
2441 359 2554 428 ipse
2574 399 2589 425 ,
2630 361 2808 417 socius
2838 362 2890 418 in
2921 365 3220 434 erroribus,
3252 376 3308 425 et
3335 386 3500 443 quum
3522 419 3538 444 ,

245 445 360 515 jam
384 454 653 499 transacta
677 453 730 498 et
748 443 976 499 decursa
998 453 1141 511 sunt,
1171 445 1545 502 recordatione
1567 462 1842 504 revocare.

249 538 327 595 Ita
357 538 474 609 ejus
501 539 906 609 contemplatio,
936 549 1189 610 quantum
1219 539 1490 596 subtracta
1519 550 1600 597 est
1629 543 1799 597 oculis
1825 584 1840 609 ,

248 639 458 686 tantum
485 631 685 702 pectori
713 646 855 693 meo,
884 647 946 686 ac
973 646 1109 702 pene
1135 629 1338 686 intimis
1363 633 1633 700 sensibus,
1661 633 1841 704 impli-

248 733 368 780 cata
405 733 504 779 est.
538 722 623 796 (ιι)
655 723 762 779 Nec
806 724 1074 780 immerito
1109 724 1393 781 discedens
1423 727 1504 781 vir
1533 727 1758 782 eximius
1788 735 1842 782 et

245 827 464 873 sanctus
493 817 810 873 innuensum
839 817 919 872 sui
951 817 1275 873 desiderium
1305 819 1458 874 nobis
1480 820 1724 892 reliquit:
1755 828 1839 875 ut-

243 919 376 980 pote
400 924 561 980 quum
593 916 647 963 et
676 908 790 978 ipse
820 917 966 964 tanto
997 910 1165 964 nostri
1195 925 1410 981 semper
1437 926 1622 968 amore
1647 911 1840 982 ﬂagra-

244 1002 404 1067 verit,
431 1009 490 1055 ut
516 1008 570 1056 et
597 1001 649 1055 in
678 999 895 1056 ludicris
922 1010 977 1056 et
997 1001 1152 1057 seriis
1181 1003 1294 1072 pari
1321 1019 1531 1058 mecum
1556 1005 1832 1060 voluntate

242 1094 588 1161 concineret,
619 1092 807 1149 eadem
836 1093 996 1151 vellet
1030 1094 1114 1150 vel
1160 1095 1343 1151 nollet.
1385 1094 1651 1152 Crederes
1678 1112 1838 1152 unam

242 1199 482 1246 mentem
511 1189 563 1244 in
591 1187 802 1244 duobus
833 1188 996 1246 fuisse
1021 1189 1311 1245 'divisam:
1334 1191 1410 1247 sic
1434 1191 1582 1248 solus
1610 1192 1660 1247 in
1691 1206 1841 1248 amo-

1947 450 2189 508 discussa
2219 452 2468 524 caligine,
2500 452 2568 509 de
2599 455 2941 513 tenebrarum
2981 460 3251 530 profundo
3280 464 3332 519 in
3365 466 3543 524 lucem

1944 544 2222 612 sapientia:
2249 552 2306 599 et
2331 545 2571 600 veritatis
2601 563 2967 619 emergerem,
3008 569 3112 608 non
3141 557 3346 628 respuit
3374 564 3546 617 comi-

1946 643 2074 700 tem,
2105 636 2220 700 sed,
2248 637 2390 707 quod
2438 648 2521 694 est
2562 639 2868 709 gloriOsius,
2914 648 3282 713 praecucurrit.
3332 649 3540 722 Itaque,

1944 743 2066 784 cum
2095 745 2187 800 per
2227 732 2532 788 universam
2563 736 2847 792 convictus
2879 743 3048 797 nostri
3074 754 3123 798 et
3158 744 3536 806 familiaritatis

1945 834 2156 881 aetatem
2176 841 2292 881 mea
2310 827 2562 898 cogitatio
2585 831 2906 901 volveretur,
2939 834 2992 890 in
3018 835 3109 892 illo
3133 841 3400 911 praecipue
3427 859 3544 899 ser-

1945 932 2104 972 mone
2131 918 2250 988 ejus
2298 919 2492 976 meutis
2533 937 2665 978 meae
2705 925 2903 979 resedit
2935 927 3163 983 intentio
3187 972 3202 996 ,
3240 948 3347 1002 quo
3374 934 3545 992 Greci-

1942 1008 2093 1075 lium,
2129 1009 2518 1080 superstitiosis
2550 1015 2872 1071 vanitatibus
2903 1020 3062 1074 etiam
3093 1037 3236 1078 nunc
3275 1024 3544 1084 inhaeren-

1944 1110 2050 1158 tem
2077 1142 2092 1167 ,
2136 1101 2498 1173 disputatione
2539 1107 2855 1177 gravissima
2897 1111 2964 1167 ad
3002 1127 3183 1170 veram
3225 1117 3542 1190 religionem

1943 1193 2278 1249 reformavit.

1561 1305 1924 1364 VARIORUM
1961 1307 2192 1365 ΝΟΤᾸΕ.

316 1425 728 1513 D_isccdens._Ex
773 1426 1170 1513 toto'grationis
1205 1427 1699 1513 contextunliquido
1721 1444 1824 1513 pa-
1926 1433 2004 1501 git
2029 1448 2058 1513 ε.
2081 1429 2238 1513 Haud
2260 1448 2378 1513 raro
2409 1435 2482 1488 ita
2507 1452 2586 1491 res
2602 1438 2797 1513 eadem
2823 1450 2914 1494 aut
2942 1443 3104 1513 ferme
3134 1446 3307 1503 cadent
3331 1451 3550 1510 diversis

239 1507 319 1555 tet
350 1501 492 1554 hunc
529 1499 797 1570 dialogum
829 1515 857 1553 a
891 1497 1070 1554 Felice
1101 1509 1285 1554 nostro
1314 1510 1438 1570 post
1467 1497 1674 1556 Octavii
1719 1497 1826 1556 fata

239 1572 435 1626 litteris
467 1571 633 1643 fuisse
663 1570 970 1643 mandatum
1003 1589 1016 1624 :
1048 1582 1374 1642 quapropter
1403 1571 1689 1643 legendum
1731 1574 1821 1628 de-

1929 1502 2134 1594 u’oc'ibfts
2165 1505 2532 1594 ingeminatur,
2567 1510 2697 1563 citra
2723 1527 2878 1580 quant
2915 1502 3115 1594 necesse
3141 1519 3241 1584 sit,

1935 1578 2211 1662 ἀσύνδετονῖ
2256 1585 2312 1662 cut
2353 1577 2404 1661 in
2445 1578 2548 1662 hoc
2595 1577 2848 1662 provocat
2885 1585 2953 1662 ad
2995 1602 3129 1662 cap.‘
3158 1589 3191 1644 5
3217 1577 3238 1653 ,⁷
3273 1577 3540 1662 emicat-el,

237 1643 470 1730 cedens;
491 1642 572 1730 Ita
609 1658 849 1730 persrepe
886 1641 1078 1730 Cicero
1102 1684 1125 1730 ,.
1159 1641 1356 1730 aliique
1389 1641 1688 1730 scriptores
1729 1659 1826 1714 op-
1861 1641 1909 1701 B
1937 1656 2245 1730 emergeret;
2272 1648 2326 1730 ἒξ,
2369 1641 2770 1730 indignandum,
2803 1641 3254 1724 indolescendum}
3276 1641 3546 1730 litigi:

238 1716 379 1769 timi.
418 1714 690 1780 Phaedrus,
727 1713 822 1767 lib.
852 1730 927 1779 Iv,
957 1712 1067 1768 fab.
1098 1714 1132 1768 4
1163 1732 1176 1765 :
1214 1712 1440 1783 Quidam
1466 1712 1708 1770 decedens
1736 1712 1834 1770 tres

239 1788 445 1856 reliquit
495 1787 648 1853 ﬁlias.
693 1784 961 1856 Sulpicius
999 1785 1212 1854 Seven,
1264 1786 1401 1840 Hist.
1443 1803 1605 1851 sacr.,
1645 1788 1741 1843 lib.
1785 1804 1836 1854 I,

237 1873 362 1927 cap.
398 1859 430 1911 7
462 1874 477 1910 :
511 1857 647 1912 Sara
671 1873 825 1926 quum
849 1858 1117 1927 septimum
1144 1869 1190 1911 et
1218 1859 1507 1912 vicesimum
1539 1875 1697 1928 supra
1717 1876 1837 1913 cen-

241 1931 482 2001 tesimum
519 1947 709 1983 annum
747 1939 950 2001 ageret,
997 1929 1226 1983 decessit.
1269 1930 1360 1985 Sic
1401 1938 1454 1984 et
1484 1930 1608 1985 alibi
1639 1931 1838 2001 passim

234 2001 381 2057 idem
413 2000 720 2058 historicus.
754 1998 1082 2056 Claudianus
1124 2010 1302 2057 tamen
1335 2002 1388 2057 in
1424 1998 1697 2071 Rufinum,
1741 2002 1834 2058 lib.

236 2074 434 2142 11,10:

1333 2192 1515 2242 Solatia
1540 2191 1678 2244 letho

366 2251 582 2302 Exitinm
604 2264 861 2303 commune
892 2254 1045 2314 dabit,
1073 2266 1166 2304 nec
1186 2256 1390 2304 territus
1411 2262 1527 2305 ante

364 2315 626 2365 Discedam
651 2331 663 2376 ;
691 2330 800 2366 cum
827 2317 938 2366 luce
957 2317 1102 2367 simul
1122 2317 1386 2380 linquenda
1409 2326 1646 2381 potestas.

235 2447 310 2501 At
337 2445 406 2501 ibi
436 2445 649 2516 quidam
672 2445 830 2501 codd.
854 2447 1094 2501 decedam
1120 2458 1213 2502 :et
1233 2463 1359 2503 vere
1377 2447 1616 2517 quidem.
1647 2448 1830 2505 Davis.

235 2518 369 2573 ——Si
399 2518 703 2574 Grunerum
735 2517 923 2572 audias
950 2519 1001 2573 in
1028 2519 1165 2573 Actis
1185 2519 1374 2574 Societ.
1397 2518 1570 2573 Latin.
1593 2520 1831 2588 Jenens.,

233 2590 350 2645 vol.
378 2605 451 2655 Iv,
483 2605 604 2660 pag.
629 2589 737 2644 209
759 2631 774 2653 ,
807 2589 1073 2644 editorum
1101 2591 1262 2644 lectio
1298 2593 1572 2646 retinenda
1592 2633 1608 2659 ,
1639 2592 1832 2648 eodem

234 2676 422 2717 sensu.
453 2662 651 2716 Verum
681 2662 760 2732 vir
798 2662 1041 2716 eruditus
1072 2662 1248 2715 minus
1277 2663 1538 2732 appositis
1566 2663 1833 2732 exemplis

236 2733 290 2787 id
316 2733 598 2787 adstruere
623 2731 1166 2801 videtur;cojusmodi
1185 2743 1309 2788 sunt
1326 2751 1337 2784 :
1354 2731 1395 2785 ’a
1420 2734 1521 2786 vita
1545 2731 1830 2800 discedens,

235 2820 302 2877 ea:
333 2804 448 2877 vita
461 2803 665 2877 discedo
685 2848 698 2864 ,
717 2803 1004 2877 discessum
1037 2820 1068 2856 a
1094 2820 1324 2877 corpore.
1355 2803 1503 2877 Loca
1527 2817 1678 2859 erant
1706 2823 1831 2877 pro-

237 2875 507 2940 ducenda,
537 2874 588 2928 in
620 2875 816 2943 quibus
844 2875 1064 2929 verbum
1097 2875 1300 2930 discedo
1330 2875 1647 2944 simpliciter
1677 2874 1832 2932 usur-

237 2958 448 3017 patum,
475 2945 542 3001 de
570 2958 742 3001 morte
771 2946 1018 3000 absolute
1045 2961 1109 2999 ac
1135 2948 1251 3001 sine
1279 2948 1650 3002 controversia
1682 2949 1828 3003 acci-

239 3019 440 3086 piatur,
503 3033 612 3087 quo
658 3017 818 3071 modo
865 3033 995 3071 sane
1041 3027 1253 3073 constat
1297 3017 1363 3072 de
1405 3018 1572 3072 verbo
1617 3018 1825 3076 decedo.

240 3087 518 3144 GALLAND.
546 3118 616 3128 —
642 3087 784 3143 Nihil
827 3098 910 3142 est
951 3088 1094 3158 quod
1132 3087 1200 3142 de
1239 3098 1414 3144 morte
1452 3089 1689 3158 cogitare
1733 3106 1830 3146 nos

233 3160 447 3228 jubeat,
477 3160 618 3229 quod
649 3160 774 3215 facit
800 3158 1129 3224 GronOvins,
1165 3161 1234 3214 oh
1275 3159 1445 3214 levem
1478 3161 1831 3216 imitationem

237 3230 517 3287 Ciceronis
537 3274 552 3296 ,
584 3231 678 3300 qui
709 3231 760 3285 in
792 3231 1055 3300 principio
1084 3230 1230 3284 Bruti
1257 3233 1334 3284 ait
1363 3249 1375 3283 :
1415 3230 1565 3294 Quod
1587 3232 1661 3284 vir
1691 3248 1834 3301 egre-

237 3304 354 3375 gius
375 3303 683 3357 alienissimo
707 3304 835 3372 reip.
866 3312 1104 3375 tempore
1119 3302 1414 3375 exstinctus,
1447 3312 1494 3375 et
1515 3305 1834 3375 auctoritatis

238 3372 287 3428 et
315 3374 600 3444 prudentia:
623 3389 730 3444 sua:
751 3376 892 3444 triste
910 3373 1054 3427 nobis
1072 3372 1376 3427 desiderium
1396 3374 1674 3439 reliquerit.
1699 3375 1832 3430 Nam

237 3446 298 3499 4°
331 3445 614 3514 scripsisse
645 3443 761 3498 haec
793 3443 1054 3499 Minucius
1083 3460 1235 3513 teque
1263 3453 1477 3514 poterat
1517 3455 1637 3510 post
1673 3447 1834 3501 Octa-

237 3517 311 3571 vii
337 3532 368 3570 c
400 3517 569 3571 Roma
601 3514 893 3571 discessum
914 3557 932 3584 ,
961 3531 1122 3585 quam
1169 3526 1419 3571 mortem.
1471 3515 1530 3568 2"
1578 3515 1832 3572 Memoria

239 3604 349 3642 non
378 3589 558 3642 n'iinus
589 3597 671 3640 est
701 3589 1023 3652 absentium,
1055 3603 1215 3656 quam
1250 3597 1601 3642 mortuorum.
1637 3590 1694 3645 5°
1729 3589 1833 3644 De-

237 3659 500 3714 siderimn
544 3659 702 3712 amici
733 3659 973 3713 absentis
1003 3668 1088 3714 est
1119 3661 1479 3725 immensum;
1513 3662 1708 3714 mortui
1741 3661 1835 3716 tri-

241 3741 359 3795 ste,
411 3745 513 3785 ncc
555 3729 709 3784 facile
751 3728 1053 3784 ferendum.
1096 3731 1153 3786 4°
1194 3729 1448 3784 Octavius
1494 3740 1618 3786 tunc
1661 3731 1834 3788 adhuc

237 3811 359 3856 erat
382 3802 586 3871 junior,
616 3801 685 3856 ob
712 3801 909 3855 liberos
936 3800 1190 3858 infantes.
1237 3801 1293 3856 5°
1328 3801 1521 3856 Dubito
1566 3817 1632 3856 an
1665 3805 1832 3858 disce-

236 3873 360 3928 dere
387 3872 707 3941 simpliciter
732 3872 942 3927 dicatur
973 3888 1068 3942 pro
1099 3875 1246 3928 mori.
1286 3872 1550 3930 LINDNEB.

328 3943 416 3998 Vir
452 3945 671 4000 eximius
699 3955 746 3998 et
787 3954 1010 3999 sanctus.
1040 3945 1226 4002 Virum
1255 3955 1483 3999 sanctum
1509 3953 1562 4000 et
1603 3954 1835 3999 sanctam

240 4017 498 4073 feminam
537 4017 702 4072 etiam
743 4015 944 4071 ethnici
995 4016 1246 4073 dicebant
1275 4017 1517 4072 moribus
1555 4025 1609 4071 et
1637 4019 1835 4073 virtute

239 4096 614 4158 prmstaatem.
657 4086 812 4158 Apud
852 4087 1221 4155 Chrisuanos,
1264 4089 1354 4157 qui
1399 4086 1578 4143 datam
1621 4086 1834 4143 Christo

239 4159 404 4215 ﬁdem
447 4160 738 4221 servabat,
784 4160 872 4228 qui
915 4160 1184 4229 Baptisma
1227 4175 1382 4214 suum
1425 4158 1654 4214 habebat
1695 4159 1832 4214 inte-

238 4247 396 4302 grum
420 4269 438 4296 ,
485 4239 692 4302 sanctus
721 4231 1112 4300 appellabatur.
1149 4232 1212 4286 Et
1243 4232 1358 4302 haec
1386 4230 1676 4302 appellatio
1708 4230 1834 4285 reli-

239 4300 458 4374 gionem
485 4301 731 4372 designat
770 4311 824 4357 et
863 4317 1064 4358 mores.
1105 4301 1330 4374 Quodsi
1359 4300 1552 4369 aliquis
1592 4302 1833 4374 moribus

241 4372 504 4443 improbis
544 4382 854 4445 notaretur,
927 4374 1038 4445 jam
1078 4373 1357 4430 desinebat
1396 4387 1518 4428 esse
1555 4381 1609 4428 et
1647 4372 1832 4430 haberi

238 4446 598 4501 Christianus.
635 4444 855 4501 RIGAL'I‘.

318 4515 385 4570 Et
414 4517 467 4569 in
498 4517 709 4570 ludicris
739 4528 783 4570 et
813 4517 978 4570 seriis.
1009 4515 1092 4570 Cl.
1125 4516 1490 4582 Heumannus,
1519 4525 1565 4570 et
1585 4517 1639 4570 in
1659 4517 1826 4572 seriis.

240 4587 350 4644 Sed
379 4587 521 4641 nulla
551 4602 687 4657 opus
714 4588 1028 4643 mutatione.
1062 4591 1258 4642 Amant
1285 4601 1430 4642 certe
1454 4588 1720 4657 ejusmodi
1745 4589 1830 4643 di-

240 4658 403 4716 cendi
434 4658 751 4728 compendia
794 4668 1004 4716 veteres
1035 4659 1111 4713 illi
1140 4660 1321 4714 saeculi
1353 4659 1574 4714 secundi
1606 4670 1660 4714 et
1689 4661 1832 4715 tertii

243 4740 518 4790 auctores.
557 4731 634 4785 illi
661 4729 928 4800 inprimis,
959 4731 1049 4802 qui
1080 4745 1332 4787 sermone
1362 4731 1505 4786 brevi
1533 4741 1588 4785 et
1614 4735 1832 4787 conciso

245 4810 493 4862 utuntur.
545 4812 610 4873 et,
639 4816 817 4873 rerum
859 4803 1030 4873 magis
1082 4819 1241 4873 quam
1283 4801 1568 4857 verborum
1623 4804 1831 4871 copiam

244 4881 545 4928 sectantur.
579 4872 658 4927 Ex
685 4872 891 4939 Tacito,
926 4872 1117 4938 Plinio,
1146 4875 1404 4929 Suetonio
1427 4881 1481 4927 et
1509 4873 1649 4926 illius
1700 4884 1832 4927 zeta-

245 4945 318 4999 tis
361 4943 517 5008 aliis,
567 4959 673 4998 non
712 4944 1010 5000 dubitarem
1057 4945 1299 5014 exempla
1343 4945 1450 5013 peti
1492 4944 1621 4997 satis
1667 4944 1833 4999 multa

244 5030 432 5086 posse.
463 5014 745 5070 Mesenen.
778 5017 953 5072 ——Sic
975 5017 1188 5082 Livius,
1220 5013 1325 5082 54,
1358 5016 1412 5080 ’7,
1443 5016 1508 5070 14
1538 5033 1550 5069 :
1581 5013 1648 5068 Et
1677 5033 1761 5069 vos
1784 5024 1835 5071 in

242 5103 406 5140 manu
433 5097 480 5141 et
501 5089 772 5142 tutela.....
797 5088 984 5144 debetis
1006 5089 1189 5143 habere
1209 5104 1316 5143 eas.
1342 5086 1576 5151 Tacitus,
1613 5086 1832 5154 Histor.,

244 5159 283 5230 4
303 5200 319 5224 ,
351 5158 423 5213 56
451 5177 464 5210 :
499 5157 564 5230 In
586 5160 762 5213 luxum
793 5157 941 5227 eﬂ‘usi
981 5170 1027 5214 et
1061 5161 1237 5230 epulas
1266 5171 1313 5214 et
1353 5169 1623 5213 nocturnos
1658 5169 1830 5215 cretus.

243 5229 475 5290 Plinius,
513 5229 795 5302 Panegyr.,
827 5233 918 5296 2|,
950 5233 1016 5287 ὃς
1044 5230 1111 5287 In
1140 5232 1323 5286 animis
1349 5231 1533 5285 nostris
1560 5240 1606 5284 et
1620 5232 1838 5300 judiciis

245 5316 363 5355 eras
392 5312 533 5370 pater
563 5305 763 5370 pati-ite.
797 5302 1055 5362 LINDNER.

322 5371 519 5426 Eadem
545 5374 688 5426 uellet
711 5377 785 5428 vel
812 5376 985 5429 nollet.
1037 5376 1127 5430 Sic
1151 5375 1319 5430 edidit
1345 5373 1623 5440 Heraldus,
1656 5383 1840 5431 aucto-

245 5443 430 5517 ritate,
463 5444 516 5517 ni
546 5443 721 5517 fallor,
753 5459 850 5499 ms.
874 5447 1297 5517 regii.Rigaltius
1315 5461 1441 5500 vero
1465 5455 1519 5499 et
1542 5447 1650 5515 Sig.
1677 5445 1840 5502 Gele-

243 5516 372 5587 nius
401 5515 599 5569 habent
625 5515 799 5568 cadent
828 5515 953 5573 velle
980 5520 1056 5572 uel
1097 5515 1264 5583 nolle,
1311 5517 1452 5587 quod
1494 5519 1727 5586 explicat
1763 5519 1838 5576 cl.

247 5586 527 5642 Grunerns
573 5603 667 5655 per
709 5588 912 5643 infinita
957 5600 1200 5645 naturain
1247 5586 1523 5644 nominum
1567 5589 1839 5646 habentia.

246 5656 591 5733 wopkeoius
616 5660 748 5733 ,Ucui
789 5661 1020 5730 glossam
1063 5676 1255 5733 sapere
1288 5671 1537 5733 quatuor
1561 5661 1642 5715 ha:
1681 5677 1841 5720 voces

249 5730 528 5804 Videntur,
571 5730 716 5804 nullo
759 5733 919 5788 modo
962 5745 1045 5789 est
1090 5730 1404 5789 audiendus.
1437 5731 1544 5788 Sed
1584 5735 1736 5804 ipse,
1787 5745 1845 5791 ut

251 5801 580 5876 COnjectura:
610 5799 734 5856 huic
759 5818 870 5858 suae
907 5820 1091 5871 parum
1117 5806 1378 5874 conlisus,
1411 5808 1591 5861 statim
1604 5799 1843 5880 ‘subiun-

571 5893 851 5958 Ps'rnos.
881 5895 986 5960 ΙΙΙ.

1945 1719 2373 1800 tuis,_extinctis;
2413 1719 2502 1800 '57,
2536 1725 2649 1800 uri,_
2681 1728 2897 1800 cremari
2923 1747 2939 1790 ;
2970 1729 3039 1783 24
3061 1772 3076 1794 ,
3107 1719 3294 1800 sciunt,
3333 1719 3546 1794 norunt.

1943 1790 2023 1868 (Il.
2072 1789 2531 1868 Heumanmts__ita
2563 1795 2674 1868 vult
2723 1796 2824 1866 legi
2861 1813 2874 1853 :
2907 1789 3231 1868 concineret,
3275 1789 3322 1858 et
3365 1789 3546 1864 eadem

1942 1861 2020 1916 vel
2050 1862 2194 1939 uellet
2223 1863 2301 1916 vel
2338 1864 2516 1919 nollet.
2557 1864 2664 1921 Sed
2695 1861 2826 1921 usus
2864 1861 3300 1939 frequentissime
3330 1877 3433 1931 hoc
3463 1861 3546 1935 di;

1942 1933 2096 2013 cendi
2127 1949 2324 2013 genel'e
2352 1944 2567 2013 _v_eter_es
2608 1948 2875 2013 auctores.
2927 1933 3191 2013 citeniplis
3226 1957 3308 2002 sat
3365 1933 3547 2008 multis

1945 2003 2141 2090 probat
2162 2003 2320 2090 [ΠΟ.
2350 2006 2720 2090 Μθηριςριιὶιξξ,
2752 2012 2948 2079 quibus
2979 2003 3121 2090 addo
3154 2015 3317 2090 Plin.,
3352 2020 3444 2074 lib.
3475 2003 3542 2090 it,

1942 2073 2042 2144 ΕΡ·
2076 2077 2180 2132 50'-
2218 2077 2460 2147 δαρετεει
2486 2089 2540 2132 ut
2567 2089 2619 2134 tu
2652 2073 2941 2136 librdtorem
2969 2085 3044 2138 vel
3066 2073 3396 2143 architectum
3423 2073 3544 2146 mit:

1942 2155 2040 2199 tas.
2087 2147 2296 2202 Plorusi
2318 2191 2332 2214 ,
2364 2148 2396 2201 9
2418 2191 2431 2212 ,
2468 2150 2534 2204 10
2561 2169 2574 2205 :
2605 2150 2688 2204 Nc
2717 2161 2938 2220 potestas
2977 2157 3253 2213 solitudine
3277 2161 3356 2214 vel
3399 2181 3546 2218 mora

1939 2229 2370 2303 corrumperetur.
2396 2220 2657 2303 Minucius
2673 2231 2886 2303 poster,
2910 2225 2980 2280 20
3000 2245 3010 2278 :
3031 2229 3320 2303 Antiquitas
3342 2235 3548 2303 fabellis

1939 2289 2304 2370 delectala_vel
2331 2300 2501 2370 capta.
2531 2291 2632 2370 ld_.,
2810 2293 3058 2370 Q_uoruni_
3068 2289 3178 2353 cibo
3209 2303 3286 2354 vel
3311 2289 3543 2370 fastidio;

1941 2359 2150 2444 Itaque,
2174 2362 2346 2444 sicut
2389 2359 2559 2444 vulgo
2592 2363 2785 2444 legitur
2809 2366 3005 2444 dicere
3020 2367 3259 2444 Felicem
3283 2359 3542 2444 potuisse,

1937 2447 2046 2504 non
2074 2440 2158 2487 est
2182 2431 2443 2498 dubium;
2475 2431 2711 2490 voluisse
2739 2448 2920 2492 autem
2946 2479 2960 2504 ,
2993 2439 3092 2494 hoc
3122 2431 3330 2497 facilitis
3359 2431 3543 2501 credi:

1937 2503 2131 2582 derint,
2177 2519 2284 2573 quo
2314 2506 2491 2582 magis
2513 2505 2627 2575 ipse
2652 2503 2952 2582 cavendum
2984 2510 3315 2582 intelligebat
3351 2532 3418 2571 ne
3446 2518 3541 2572 de-

1939 2575 2126 2630 licatas
2155 2590 2312 2630 aures
2345 2575 2434 2629 illa
2461 2575 2595 2630 duas
2621 2576 2862 2645 ejusdem
2898 2579 3082 2636 fortine
3109 2575 3181 2638 ac
3198 2587 3316 2639 soni
3377 2603 3544 2644 vocu-

1937 2647 2016 2701 las
2044 2646 2322 2716 repetendi
2354 2647 2490 2702 ratio
2521 2647 2840 2705 offenderet.
2880 2651 3145 2708 Lmouzn.

2008 2717 2250 2773 Crederes
2287 2735 2444 2772 unam
2485 2728 2794 2775 mentem....
2838 2722 3073 2780 divisam.
3116 2724 3260 2780 Nihil
3301 2727 3354 2784 in
3397 2729 3546 2788 hisce

1938 2789 2121 2874 verbis
2149 2791 2289 2872 inest
2330 2789 2462 2844 vitii.
2497 2790 2808 2874 Lactantius
2841 2793 2910 2874 de
2953 2795 3117 2874 Mort.‘
3143 2796 3375 2874 Persem,
3417 2818 3538 2874 cap.

1935 2859 2159 2942 8.:'Nec
2203 2863 2341 2942 enim
2387 2873 2591 2931 possent
2620 2863 2672 2916 in
2699 2865 2925 2942 amicitia
2950 2874 3060 2942 tam,
3080 2868 3220 2942 ﬁdeli
3248 2859 3538 2942 cohaerere,

1935 2932 2035 3010 nisi
2063 2942 2189 3010 esset
2209 2934 2267 3010 in
2298 2944 2508 3010 utroque
2534 2951 2674 3010 mens
2703 2951 2824 2988 una.
2860 2935 2998 2991 Vide
3027 2932 3275 3010 Persium
3299 2983 3316 3008 ,
3341 2944 3454 2998 Sat.
3487 2932 3542 3010 νζ

1933 3000 2042 3084 ἓξ,
2070 3003 2222 3084 etnibi
2252 3000 2499 3084 scholia;
2529 3016 2584 3062 et
2612 3005 2999 3078 Hieronymum
3022 3049 3038 3075 ,
3085 3009 3264 3080 Epist.
3303 3000 3326 3067 ἰ
3369 3025 3424 3070 et
3452 3000 3542 3084 xv;

1939 3072 2071 3129 edit.
2113 3075 2216 3129 BB.
2251 3075 2433 3130 DAVIS.

2012 3145 2102 3200 Sic
2125 3147 2268 3226 solus
2288 3144 2877 3226 in.ainoriltus_c01tscius
2892 3151 3010 3226 ipse
3030 3152 3215 3226 socius.
3245 3153 3373 3210 Huic
3394 3159 3545 3226 equi-

1937 3215 2062 3290 dem
2093 3217 2170 3290 sic
2196 3216 2434 3290 intelligo
2454 3235 2474 3290 7:
2510 3216 2599 3271 Sic
2620 3219 2668 3290 is
2695 3219 2781 3290 qui
2810 3215 2935 3274 mihi
2960 3223 3100 3276 solus
3127 3236 3234 3277 erat
3263 3229 3315 3279 in
3346 3215 3542 3283 antori-

1940 3286 2048 3360 lius,
2074 3287 2224 3360 cujus
2252 3288 2326 3360 rei
2351 3289 2488 3342 testis
2509 3286 2718 3360 estiipse
2747 3291 3173 3360 locupletissimus
3195 3299 3545 3359 socius,etiam

1938 3358 2038 3438 fuit
2060 3358 2118 3438 in
2140 3358 2525 3438 erroribus._§n
2557 3358 2790 3438 similem
2819 3358 2994 3438 locum
3026 3366 3166 3438 apud
3197 3358 3539 3438 Ciceronem,

1937 3429 2027 3510 qui
2059 3429 2152 3484 lib.
2170 3446 2268 3510 vn,
2301 3430 2400 3510 Enp.
2428 3429 2613 3510 3?,_de
2644 3432 2875 3510 Curione
2904 3436 3025 3510 ita:
3058 3429 3152 3490 Est
3175 3439 3320 3505 mihi,
3346 3450 3398 3494 ut
3419 3429 3538 3510 scis,

1937 3501 1991 3554 in
2016 3501 2297 3556 amoribus.
2326 3502 2478 3569 Quod
2504 3501 2700 3557 Minue.
2731 3502 2960 3559 fortasse
2985 3506 3054 3560 ita
3083 3519 3226 3564 esset
3253 3501 3498 3569 elocutus
3522 3501 3538 3567 Ξ

1944 3569 2039 3626 Est
2069 3573 2193 3626 milii
2232 3573 2464 3627 conscius
2503 3574 2631 3643 ipse,
2664 3574 2715 3628 in
2743 3577 3023 3630 amoribus.
3066 3578 3377 3636 Scheﬂ‘erus
3408 3584 3541 3640 illud

1938 3646 2173 3699 conscius
2203 3643 2348 3699 delet
2383 3653 2437 3700 et
2468 3645 2537 3698 ita
2568 3645 2848 3715 legendum
2890 3658 3078 3704 censet
3109 3667 3122 3703 :
3165 3651 3257 3705 Sic
3286 3656 3454 3709 socius
3485 3657 3540 3710 in

1937 3717 2195 3770 amoribus
2222 3716 2353 3782 ipse,
2381 3716 2547 3770 socius
2571 3717 2624 3768 in
2655 3718 2928 3772 erroribus.
2960 3718 3267 3777 Gronovius
3296 3725 3366 3778 ita
3399 3744 3410 3778 :
3448 3727 3540 3782 Sic

1937 3786 2161 3864 θοι-υσρη
2194 3787 2452 3864 amoribus
2481 3788 2732 3864 conscius,
2770 3789 2879 3859 ipse
2894 3791 3071 3864 socius
3097 3793 3148 3844 in
3177 3796 3451 3864 erroribus,
3485 3808 3542 3853 et

1937 3858 2052 3911 vult
2079 3857 2359 3912 Octavium
2391 3858 2474 3936 his
2499 3860 2676 3912 verbis
2699 3861 2768 3914 de
2794 3857 2860 3914 ise
2891 3861 3064 3936 ipsum
3101 3864 3368 3927 conliteri,
3395 3857 3541 3936 quod

1939 3943 2189 3983 venerem
2232 3930 2535 3998 promiscue
2571 3940 2919 3998 spargerent,
2959 3932 3087 3986 dum
3133 3950 3284 3989 inore
3323 3930 3539 3994 illorum

1937 3999 2355 4054 adolescentiam
2390 4001 2458 4054 ab
2488 4015 2548 4055 se
2574 4011 2746 4056 actam
2779 4001 2998 4058 fatetur.
3038 4003 3388 4062 lleumannus
3415 4011 3484 4063 ita
3521 4029 3534 4063 :

1939 4071 2031 4143 Sic
2061 4071 2202 4125 solus
2240 4071 2590 4143 infantoribus
2627 4072 2761 4139 ipsi,
2809 4075 2974 4126 socius
3018 4075 3070 4128 in
3101 4078 3388 4143 erroribus,
3423 4097 3538 4135 cunt

1939 4142 2182 4221 discussa.
2219 4142 2504 4221 caligine...
2545 4159 2866 4221 emergerem.
2905 4144 3093 4201 (Sousse
3157 4163 3254 4203 cur
3292 4142 3540 4221 acquies-

1938 4215 2138 4291 cere_in
2171 4214 2272 4268 hac
2297 4213 2670 4291 emendatione
2714 4230 2976 4291 nequeam
2999 4259 3013 4284 ,
3055 4227 3181 4273 sunt
3220 4239 3233 4275 :
3264 4213 3492 4290 primum
3517 4268 3533 4291 ,

1937 4284 2078 4355 quod
2111 4300 2270 4360 voces
2295 4285 2498 4354 aliquot
2525 4283 2815 4360 ejiciendis
2842 4297 3005 4360 sunb,
3049 4291 3224 4358 quod,
3264 4283 3536 4360 quomodo

1937 4357 2185 4432 excusari
2200 4365 2397 4432 queat,
2421 4370 2534 4432 non
2564 4356 3116 4432 videogrdeiude'pars
3141 4356 3403 4418 orationis
3435 4382 3535 4432 op-

1857 4436 1912 4498 ι)
1940 4427 2068 4483 tima
2096 4419 2314 4482 excidit.
2344 4427 2466 4482 Tria
2506 4427 2647 4482 enim
2690 4428 2884 4483 Minue.
2915 4432 2981 4486 de
2996 4419 3233 4486 'Octavio
3262 4449 3360 4488 suo
3388 4419 3536 4490 affir-

1937 4507 2065 4572 mat,
2096 4499 2150 4554 i°
2181 4499 2552 4572 quodamicus
2582 4498 2776 4566 fuerit;
2803 4499 2862 4554 2°
2891 4502 3033 4572 quod
3055 4517 3120 4558 ex
3146 4503 3229 4558 sui
3255 4519 3441 4562 amore
3457 4506 3536 4563 si-

1935 4571 2047 4626 mul
2079 4571 2249 4626 errori
2280 4569 2600 4636 adhaeserit;
2639 4572 2695 4626 ὅθ
2727 4572 2869 4640 quod
2904 4569 2969 4628 ex
3002 4589 3186 4628 errore
3215 4577 3371 4630 simul
3409 4594 3534 4635 cum

1934 4659 2001 4698 eo
2035 4643 2088 4697 in
2120 4643 2295 4698 lucem
2327 4641 2567 4696 veritatis
2599 4643 2838 4698 redierit.
2876 4644 2973 4699 llic
3005 4661 3154 4712 vero,
3187 4662 3252 4701 ex
3281 4650 3535 4706 emenda-

1935 4713 2084 4770 tione
2115 4712 2520 4768 Heumanuiana
2552 4715 2852 4770 membrum
2895 4717 3191 4771 secundum
3221 4718 3393 4772 abest.
3425 4720 3535 4777 Ob-

1934 4795 2115 4859 servet
2149 4786 2370 4859 insuper
2410 4785 2579 4859 lcetor
2622 4786 2936 4859 elegantem
2983 4790 3382 4859 paronomasin,
3407 4809 3536 4848 con.

1939 4856 2073 4911 scius
2099 4864 2154 4912 et
2177 4858 2366 4922 socius,
2388 4854 2646 4912 amoribus
2678 4854 2733 4912 et
2759 4854 3032 4912 erroribus.
3061 4857 3316 4915 LINDNER.

2011 4928 2294 5005 Sapientia:
2336 4935 2384 5005 et
2427 4927 2687 5005 ueritatis.
2746 4929 2857 5005 lloc
2897 4939 3020 5005 est,_
3048 4946 3189 5005 vera:
3233 4932 3530 5005 sapientiae,

1940 5015 2132 5068 nempe
2161 4998 2494 5054 Christianae.
2539 4999 2631 5054 Sic
2661 5000 2877 5069 feminas
2906 5001 3212 5067 sapientiam
3242 4998 3534 5063 consecutus

1939 5070 2074 5146 dixit
2097 5070 2478 5146 Tertullianus,
2505 5070 2866 5146 Qhristianas;
2892 5081 2945 5126 et
2973 5072 3236 5146 socraten:
3260 5092 3440 5146 sapere
3465 5081 3534 5133 ad

1939 5143 2196 5269 ἓωῧιαιεῖἐ
2217 5183 2232 5206 ,
2261 5156 2384 5195 cum
2410 5140 2478 5196 ad
2504 5141 2932 5198 Christianorum
2957 5142 3092 5199 scita
3129 5140 3350 5217 propius
3375 5164 3532 5207 acce-

1979 5231 2006 5269 e
2047 5223 2121 5268 at.
2202 5227 2465 5269 lGAL'l‘lUS.

1979 5215 2121 5270 ebat.
2154 5215 2465 5269 RlGAL'I‘lUS.

2015 5306 2380 5361 Praecucurrit.
2408 5306 2497 5360 Sic
2534 5306 2587 5360 in
2624 5322 2725 5362 ms.
2755 5314 2860 5372 est;
2891 5314 2946 5362 at
2987 5307 3040 5362 in
3075 5307 3309 5367 editione
3337 5312 3538 5371 Roma-

1942 5393 2032 5445 na,
2067 5394 2185 5448 quae
2207 5379 2446 5433 omnium
2473 5386 2557 5432 est
2585 5379 2776 5446 prima,
2807 5380 3094 5448 prtecurrit.
3121 5380 3226 5436 Sed
3257 5383 3387 5438 nihil
3419 5402 3536 5442 mu-

1943 5450 2165 5507 tandum
2207 5460 2392 5505 contra
2435 5463 2537 5503 ms.
2584 5451 2980 5506 auctoritatem.
3028 5451 3195 5506 Habet
3243 5453 3379 5510 hanc
3422 5457 3537 5512 for-

1943 5538 2084 5578 mam
2113 5522 2352 5585 Plautus,
2394 5521 2722 5588 Mentec/im.,
2753 5521 2808 5588 5,
2837 5521 2900 5585 8,
2934 5521 2988 5576 8.
3038 5522 3195 5577 Conf.
3229 5524 3298 5579 de
3327 5542 3541 5582 concur-

1945 5611 2076 5668 rere,
2107 5594 2394 5668 decurrere,
2426 5608 2741 5661 procurrere,
2779 5591 2963 5648 eadem
2995 5595 3161 5668 forma
3195 5594 3536 5668 Freinshem,

1944 5667 1999 5720 in
2027 5665 2209 5720 Indice
2233 5665 2301 5719 ad
2326 5662 2562 5727 Florum,
2587 5679 2640 5718 ν.
2675 5680 2985 5719 concurrere.
3021 5664 3282 5721 LINDNER.

2021 5738 2194 5792 Etiam
2220 5754 2353 5791 nunc
2378 5736 2726 5808 inglia'rentem.
2756 5737 2843 5792 Sic
2881 5737 3117 5808 loquitur
3146 5737 3406 5795 Minucius
3451 5757 3540 5796 re-

1947 5810 2186 5885 spiciens
2213 5811 2282 5868 ad
2310 5806 2444 5866 illud
2471 5809 2733 5884 temporis
2771 5808 2885 5865 sive
2914 5806 3110 5877 negotii
3141 5809 3284 5880 quod
3305 5809 3428 5869 heic
3446 5812 3549 5874 ἀρα

2957 5899 3017 5967 8.
