3988 6310
456 253 568 318 255

1074 363 1303 422 CAPUT
1341 363 1404 420 ll.

456 507 853 563 Ancuumrun.
891 531 963 544 —
1003 501 1204 556 Octavii
1244 501 1460 555 Romam
1496 500 1739 554 adventus
1782 499 2061 568 forensium

531 600 772 672 feriarum
815 607 1074 669 tempore,
1121 608 1389 669 pergratus
1437 595 1682 651 Minucio.
1736 594 1947 665 Utrique
1993 594 2062 648 ad

531 693 733 747 marina
762 691 920 746 Ostia:
958 689 1167 754 balnea,
1199 689 1392 743 adscito
1422 686 1638 742 Minucii
1683 688 1861 742 comite
1900 687 2063 741 Carci-

533 786 625 854 lio,
654 787 729 840 ire
768 786 980 856 placuit.
1017 782 1154 837 Dum
1181 783 1332 838 simul
1361 781 1430 838 ad
1465 797 1604 836 mare
1632 789 1869 852 pergunt,
1904 778 2062 833 Cinci-

456 889 459 896 ‘
533 882 632 936 lius
669 888 934 950 conspecto
980 876 1247 949 Serapidis
1285 876 1557 931 simulacro
1577 915 1590 939 ,
1621 890 1831 928 manum
1859 873 1936 928 ori
1966 872 2062 926 ad-

533 989 758 1039 movens,
796 970 927 1026 illud
951 971 1095 1027 colit.

536 1107 671 1166 Nam
725 1108 922 1178 negotii
963 1115 1020 1166 et
1055 1105 1261 1163 visendi
1304 1105 1413 1162 mei
1450 1104 1652 1175 gratia,
1681 1102 1905 1158 Romam
1933 1116 2062 1157 con-

463 1206 733 1272 tenderat,
766 1205 953 1261 relicta
978 1205 1160 1274 domo,
1191 1202 1440 1272 conjuge,
1473 1199 1678 1267 liberis,
1706 1210 1781 1264 et,
1809 1198 1951 1269 quod
1975 1207 2060 1254 est

462 1297 517 1353 in
561 1297 747 1353 liberis
786 1295 1072 1352 amabilius
1096 1337 1112 1362 ,
1151 1293 1329 1349 adhuc
1362 1291 1518 1346 annis
1554 1289 1958 1356 innocentibus,
2005 1299 2058 1345 et

457 1387 630 1444 adhuc
653 1387 932 1443 dimidiata
959 1386 1119 1442 verba
1169 1383 1521 1450 tentantibus,
1551 1382 1816 1452 loquelam
1845 1383 1958 1452 ipso
1980 1383 2061 1436 of-

460 1479 721 1540 fensantis
745 1481 938 1553 lingua:
965 1478 1227 1553 fragmine
1249 1476 1568 1533 dulciorem.
1593 1474 1712 1544 Quo
1742 1475 1795 1530 in
1823 1474 2061 1531 adventu

1721 245 1931 306 lllARCl
1967 244 2229 310 MINUCII
2269 242 2536 302 FELICIS

2081 364 2276 449 Aejus
2323 380 2430 419 non
2475 375 2692 434 possum
2744 355 3048 430 exprimere
3112 355 3492 423 sermonibus,
3557 366 3767 428 quanto

3652 237 3762 294 236

2162 471 2430 528 quamque
2472 451 2768 524 impatienti
2799 450 2993 522 gaudio
3022 449 3413 512 exultaverim,
3456 464 3618 520 quum
3660 465 3767 504 au-

2157 558 2310 622 geret
2353 547 2584 602 maxime
2633 545 2870 600 Ιίυιίιίιιιιὶ
2923 558 3100 599 meam
3151 540 3468 598 amicissimi
3517 540 3760 596 hominis

2164 641 2436 712 inopinata
2482 637 2784 706 iirmsentia.
2815 636 3005 708 Igitur,
3057 644 3176 706 post
3223 650 3386 690 unum
3431 642 3484 688 et
3533 633 3768 689 alterum

2165 732 2328 796 diem,
2361 747 2523 802 quum
2547 730 2658 800 jam
2687 740 2738 784 et
2764 728 3072 783 aviditatem
3101 726 3352 783 desiderii
3386 726 3636 796 frequens
3666 741 3756 779 as-

2164 824 2433 882 siduitatis
2460 838 2588 879 usus
2614 822 2911 892 implesset,
2965 831 3020 876 et
3051 837 3169 892 qua:
3197 837 3291 891 per
3317 819 3616 876 absentiam
3646 834 3768 874 mu-

2171 929 2314 974 tuam
2346 918 2415 974 de
2449 918 2603 974 nobis
2634 917 3008 972 nesciebamus
3031 955 3046 981 ,
3085 915 3346 971 relatione
3373 915 3580 968 alterna
3608 929 3765 971 cont-

2166 1011 2535 1082 perissemus;
2579 1009 2777 1080 placuit
2817 1007 3020 1064 Ostiam
3069 1019 3252 1078 petere
3278 1049 3292 1073 ,
3338 1008 3766 1064 amoenissiu'iam

2164 1104 2435 1162 civitatem
2462 1144 2476 1168 ,
2509 1101 2651 1172 quod
2681 1111 2825 1157 esset
2862 1101 3075 1170 corpori
3116 1115 3237 1157 meo
3273 1101 3542 1156 siccandis
3573 1101 3767 1155 humo-

2164 1197 2314 1252 ribus
2341 1195 2409 1250 de
2438 1195 2660 1250 marinis
2687 1196 2915 1250 lavacris
2946 1193 3140 1249 blanda
3170 1202 3224 1248 et
3252 1193 3497 1264 apposita
3530 1195 3764 1249 curatio.

2161 1287 2302 1345 Sane
2341 1297 2396 1343 et
2433 1288 2501 1342 ad
2541 1287 2868 1342 vindemiam
2909 1285 3055 1342 ferite
3091 1286 3430 1357 judiciariam
3459 1301 3641 1342 curam
3671 1303 3762 1342 re-

2164 1382 2495 1437 laxaverant.
2527 1379 2660 1436 Nam
2691 1380 2742 1435 id
2778 1381 3060 1451 temporis,
3095 1389 3216 1450 post
3241 1381 3481 1434 aestivam
3512 1380 3676 1444 diem,
3707 1380 3767 1434 in

2167 1477 2477 1547 temperiem
2505 1481 2677 1532 semet
2705 1475 3036 1530 autumnitas
3059 1473 3342 1545 dirigebat.
3362 1471 3564 1545 Itaque,
3595 1489 3770 1545 quum

1772 1587 2134 1645 VARIORUM
2172 1589 2400 1646 ΝΟΤΔΕ.

454 1690 724 1747 scribitur.
750 1688 905 1744 [οων.
927 1716 1000 1728 —-
1019 1686 1194 1742 Proba
1217 1684 1399 1748 lectio,
1423 1697 1582 1754 quam
1611 1682 1757 1737 varie
1774 1696 2035 1754 icorrupe-
2070 1687 2118 1745 B
2149 1684 2231 1736 trii
2259 1683 2482 1748 dolebat;
2510 1691 2564 1737 et
2586 1684 2714 1737 Aur.
2741 1681 2928 1754 Victor
2956 1681 3008 1735 in
3037 1680 3193 1745 Cum,
3225 1695 3345 1751 cap.
3380 1683 3414 1737 6
3442 1699 3456 1738 :
3491 1682 3592 1750 Qui
3619 1699 3762 1751 ρηεο

452 1772 574 1818 rant
613 1777 736 1816 cum
786 1761 875 1815 alii
902 1761 1211 1821 etiamnum,
1243 1756 1329 1811 alii
1371 1753 1522 1809 etiam
1565 1763 1681 1807 tunc
1721 1753 2034 1808 edidissent.

452 1833 732 1903 Apuleius,
769 1831 936 1886 Miles.
966 1833 998 1886 4
1025 1849 1037 1884 :
1073 1831 1142 1884 Ac
1170 1827 1437 1903 paululum
1463 1843 1495 1878 a
1525 1825 1606 1879 via
1634 1835 1924 1903 retractum,
1955 1842 2042 1903 per

451 1896 754 1958 altissimum
780 1919 1005 1973 princeps
1028 1896 1249 1973 invium
1275 1898 1560 1970 proximam
1595 1896 1746 1950 etiam
1777 1913 1908 1973 nunc
1937 1897 2043 1964 spi-

451 1985 646 2028 rantem
682 1967 1022 2046 praecipitant.
1058 1972 1194 2046 lleic
1215 1967 1367 2046 etiam
1399 1986 1533 2046 nunc
1560 1976 1762 2046 estin.
1799 1967 2040 2022 lienam.

525 2046 656 2100 CAP.
683 2041 753 2100 ill.
782 2041 856 2085 -'-
879 2047 1057 2098 Adhuc
1074 2045 1222 2098 annis
1242 2041 1605 2096 innocentibus.
1630 2041 1850 2108 Pr0pter
1873 2055 2044 2094 annos

454 2116 775 2188 tenerosqni
795 2118 912 2188 fere
933 2127 1056 2172 sunt
1082 2116 1362 2170 criminum
1393 2112 1556 2166 nescii
1573 2129 1589 2188 ς
1611 2125 1733 2164 nam
1765 2110 1903 2165 male
1931 2126 2043 2188 rem

454 2191 619 2260 gessit
642 2183 1114 2260 FiilviusUrsinus,
1134 2189 1222 2257 qui
1251 2199 1436 2238 vocem
1461 2183 2045 2260 annisexpungendain

455 2253 686 2317 censuit.
706 2253 1292 2313 DM'Is.—lunocentem
1305 2256 1563 2310 wtatulam
1585 2255 1710 2306 dicit
1729 2253 2049 2308 Prudentius

455 2331 511 2385 in
537 2346 708 2402 agone
737 2331 961 2385 Romani
989 2325 1525 2402 martyris._Taci_t_us,
1556 2326 1649 2379 lib.
1676 2325 2048 2402 iit,iiinoxiam

453 2395 673 2458 (statim.
703 2402 1021 2458 HERALD.—-
1039 2395 1369 2464 Lactantius,
1399 2399 1494 2451 lib.
1519 2411 1556 2462 ι,
1583 2411 1700 2466 cap.
1729 2395 1801 2450 20
1829 2413 1843 2448 :
1873 2395 2044 2462 Quum

456 2483 671 2540 teneras,
706 2475 893 2541 inquit,
925 2484 1074 2544 atque
1112 2474 1400 2544 innocentes
1429 2468 1648 2544 animas,
1689 2481 1804 2537 qua:
1830 2467 2049 2544 maxime

454 2556 528 2600 est
555 2538 680 2600 artas
715 2538 1007 2617 parentibui
1043 2543 1263 2617 dulcior,
1302 2541 1409 2594 sine
1444 2540 1548 2617 ulla
1585 2549 1811 2617 respectu
1848 2538 2049 2617 pietatis

457 2609 845 2688 extinguerent,
897 2626 1002 2688 etc.
1030 2613 1314 2688 Notium
1356 2609 1637 2688 -—__Anuis
1670 2609 1853 2688 adhuc
1879 2610 2052 2688 _inno-

458 2679 706 2742 centibus.
778 2679 1080 2758 Wopkcnio
1149 2681 1481 2758 intelligendi
1538 2683 1755 2758 omnino
1808 2679 2054 2758 videntur

459 2758 611 2813 liberi
639 2758 726 2828 qui
753 2769 869 2812 sunt
885 2753 1069 2812 adhuc
1093 2757 1240 2808 annis
1258 2753 1352 2828 vel
1387 2753 1458 2828 _in
1505 2754 1654 2828 annis
1680 2753 2051 2828 innocentibus,

459 2824 746 2883 subaudito
787 2844 881 2899 per
919 2829 1133 2897 ellipsin
1175 2825 1492 2899 tralaticium
1523 2824 1805 2899 participio
1835 2827 2055 2899 existen-

457 2899 609 2954 tibus.
639 2893 944 2955 lnnoccntes
971 2893 1168 2970 quippe
1191 2911 1359 2970 _ann_o_s
1388 2893 1831 2970 dixitMiuucius,
1862 2906 1919 2970 ut
1947 2898 2052 2970 fes-

458 2987 543 3025 sos
561 2988 723 3026 annos
745 2973 972 3038 Seneca,
989 2965 1218 3039 ’Hippol.
1243 2967 1348 3021 9.67
1381 2965 1594 3039 :‘Rudes
1615 2982 1774 3018 annos
1791 2965 2048 3039 Quinctii.

459 3041 636 3096 Instit.
674 3043 821 3098 Orat.
856 3043 890 3096 Ι.
927 3036 967 3105 i,
995 3057 1045 3096 c.
1078 3036 1134 3094 n'.
1156 3037 1482 3094 Euam—Ita
1513 3036 1862 3103 satis,credo,
1897 3037 2055 3093 lectio

463 3123 678 3183 recepta
715 3122 820 3169 stat
845 3113 1181 3183 confirmata,
1218 3124 1391 3183 neque
1432 3118 1557 3183 erat
1585 3124 1679 3183 cur
1711 3108 2057 3183 ilenmauuus

462 3178 787 3240 rescriberet
824 3200 838 3238 :
874 3194 939 3250 et,
982 3181 1116 3250 quod
1148 3191 1219 3236 est
1253 3178 1544 3245 amabilius,
1585 3178 1752 3232 liberis
1779 3178 1946 3232 adhuc
1971 3181 2056 3233 in-

465 3255 780 3311 nocentibus.
834 3255 990 3310 Addo
1019 3268 1174 3324 posse
1202 3253 1317 3324 haec
1345 3252 1509 3324 verba
1539 3250 1872 3324 commodius
1901 3260 1955 3305 et
1984 3251 2057 3305 ita

371 3338 388 3345 ’
463 3328 717 3396 explicari
763 3346 776 3382 :
818 3328 986 3380 liberis
1020 3320 1194 3378 ndhuc
1218 3322 1570 3396 innocentibus
1599 3323 1778 3396 annis,
1809 3320 1865 3374 li.
1891 3337 1940 3376 e.
1966 3337 2057 3396 per

462 3391 648 3464 annos,
676 3398 789 3454 sive
818 3409 1026 3469 propter
1047 3411 1229 3449 annos.
1261 3393 1569 3469 Ablativuni
1595 3391 2058 3469 certeqhocgmbdo

466 3463 1008 3540 exiionendume'sse
1029 3481 1453 3540 JlQﬂllllﬂlQllﬁlll
1479 3463 1699 3540 ,__docet
1740 3464 1952 3540 Curtius
1991 3463 2057 3520 ad

467 3533 562 3595 lib'.
591 3556 627 3594 ti
651 3540 822 3610 Epist.
849 3539 990 3603 Cic.,
1023 3539 1194 3609 Epist.
1224 3533 1374 3608 lO,’§
1415 3536 1467 3590 5.
1497 3533 1839 3610 Menckenbis
1877 3534 2058 3610 liberos

466 3613 617 3666 annis
643 3607 991 3667 innocentibus
1020 3607 1406 3680 interpretatur
1458 3623 1554 3680 per
1585 3607 1767 3662 liberos
1815 3607 1901 3676 qui
1941 3617 2056 3661 sunt

465 3698 720 3738 annorum
746 3684 1107 3738 innocentium.
1137 3679 1396 3735 Lmnnsn.

540 3753 934 3825 Loquelam.....
977 3754 1285 3825 dulciorem.
1319 3749 1567 3825 Meursio
1589 3748 1950 3825 reponendum
1983 3750 2060 3805 vi-

468 3822 869 3898 detur'loquela,
883 3828 994 3898 ipso
1015 3823 1314 3898 oﬂ'ensantis
1335 3822 1522 3898 lingua:
1541 3822 1792 3898 fragmine
1811 3822 2056 3890 dulciore,

469 3911 532 3951 ac
554 3895 626 3951 ita
654 3892 783 3954 sane
807 3892 976 3955 edidit
1000 3892 1129 3951 Cbr.
1161 3892 1442 3950 Cellarius.
1471 3892 1576 3948 Sed
1603 3895 1674 3945 uti
1701 3893 1770 3966 de
1797 3904 2059 3966 χακοφωνίᾳ

470 3967 603 4022 nihil
629 3970 836 4035 dicam,
868 3969 1080 4040 vulgata
1110 3977 1294 4040 etlms.
1327 3966 1473 4040 regio
1504 3965 1710 4018 lirmata
1727 3964 1893 4040 lectio
1940 3964 2056 4020 ma-

470 4055 598 4094 num
617 4041 879 4096 medicam
902 4035 1006 4095 non
1031 4038 1262 4110 ﬂagitat;
1290 4037 1532 4110 estieuim
1555 4035 1820 4110 appiisitio
1837 4039 2055 4110 schema

472 4126 580 4182 non
627 4112 936 4182 infrequens
960 4152 974 4177 ,
1016 4111 1082 4166 de
1105 4106 1218 4182 quo
1245 4108 1390 4182 adiri
1424 4106 1706 4182 poteritLG.
1737 4107 1798 4182 _J_.
1837 4106 2059 4182 Vossius

473 4180 538 4236 de
571 4177 878 4249 tonstru'ct"
913 4199 1032 4253 cap.
1061 4177 1142 4235 2f
1163 4181 1291 4253 Vide
1329 4190 1382 4234 et
1416 4177 1575 4250 Casp.
1607 4178 1879 4253 l_3a_rthium
1903 4221 1917 4244 ,
1949 4179 2058 4232 Ad-

470 4268 628 4320 vers.,
660 4253 754 4310 lib.
785 4248 942 4317 mn,
982 4248 1105 4323 cap.
1158 4252 1249 4307 25.
1290 4253 1467 4305 strs.
1502 4248 1574 4323 -_-_
1600 4248 1814 4323 Crimen
1845 4275 2060 4322 κακοφω-

473 4334 577 4386 vles:
619 4325 741 4381 huic
770 4321 1130 4382 emendatiOni
1165 4327 1501 4393 imputatum,
1545 4321 1818 4376 declinare
1843 4321 2056 4391 quidem

473 4395 589 4450 Cel.
634 4396 978 4454 Hetnnannus
1004 4396 1185 4452 studet
1204 4438 1218 4462 ,
1247 4394 1479 4448 adducto
1517 4408 1639 4446 cuni
1673 4394 1725 4445 in
1755 4393 1911 4446 linem
1942 4395 2060 4452 loco

474 4466 811 4540 Hieronym.,
859 4469 1051 4538 Epist.,
1100 4484 1152 4540 p_.
1190 4465 1288 4540 _49,
1339 4463 1561 4540 Garrula
1590 4475 1749 4540 atque
1784 4464 2061 4540 balbutiens
2088 4471 2138 4534 Ι)

472 4534 972 4611 ιὶησιιιεόᾔεὶιδὶοὶιε
1005 4540 1065 4611 ﬁt
1105 4534 1324 4591 dulcior.
1367 4534 1493 4611 Sed
1512 4535 1632 4611 quis
1665 4550 1768 4611 non
1811 4537 1954 4611 videt
1984 4539 2062 4590 lri—

472 4606 595 4665 cuin
629 4606 768 4666 hunc
798 4612 954 4682 longe
983 4610 1254 4682 diversum
1303 4621 1423 4661 esse
1447 4606 1515 4660 ab
1543 4607 1631 4660 illo
1657 4607 1747 4660 ubi
1777 4608 2061 4678 quinquies

471 4696 627 4740 casus
653 4693 836 4738 sextus
863 4679 1162 4752 repetitur?
1191 4679 1448 4752 Lixnnsn.

546 4753 843 4824 [inpatienti
876 4747 1084 4825 gaudio.
1124 4751 1267 4821 Lego
1297 4747 1689 4825 iinpotentizlta
1718 4759 1771 4804 et
1791 4749 2059 4825 impoten-

473 4832 571 4878 tem
599 4819 686 4896 (id
715 4839 795 4879 (πει
824 4819 1275 4896 innnoderatumt
1300 4833 1354 4878 et
1371 4819 1486 4896 Equi
1515 4819 1765 4896 eflicitut
1790 4821 1950 4896 homo
1977 4825 2057 4878 sui

475 4891 678 4970 amisit
709 4895 933 4970 potens)
976 4911 1204 4970 antorem
1239 4891 1476 4970 Catullus
1501 4891 1652 4970 dixit
1674 4891 1849 4970 Epigr.
1881 4894 1971 4960 56,
2005 4907 2056 4950 et

475 4964 721 5031 Tacitus,
743 4968 878 5023 Hist.
908 4964 977 5028 iv,
1006 4965 1093 5020 44.
1125 4966 1294 5020 Etiam
1324 4967 1374 5018 in
1398 4964 1654 5018 Lactantii
1697 4965 1787 5018 lib.
1809 4981 1858 5026 v,
1880 4981 1998 5034 cap.
2026 4970 2049 5022 1

473 5051 572 5106 pro
607 5038 907 5108 impotentes
942 5039 1139 5094 librarii
1165 5036 1848 5106 scripseruntimpatientes.
1876 5037 2052 5091 liccat.

472 5135 543 5146 —
568 5109 707 5175 Quid
733 5127 908 5166 cansm
933 5115 1000 5163 sit
1027 5126 1121 5166 cur
1149 5123 1244 5179 pro
1269 5108 1550 5177 impatienti
1597 5108 1880 5177 legendum
1910 5110 2052 5164 lieu-

472 5194 701 5235 manuus
732 5183 991 5252 impotenti
1014 5185 1225 5246 sciscat,
1261 5181 1397 5252 baud
1433 5180 1688 5250 intelligo.
1726 5180 2051 5234 Vocabulum

470 5252 740 5318 impatiens
780 5251 922 5308 enim
969 5263 1052 5309 est
1096 5251 1390 5323 ejusmodi,
1438 5260 1495 5304 ut
1535 5251 1602 5304 de
1648 5252 2052 5306 vehementibus

470 5323 631 5376 animi
685 5325 1134 5380 coniunctionibus
1207 5323 1452 5393 inprimis
1507 5332 1834 5390 usurpetur,
1892 5333 2052 5391 atque

471 5393 603 5449 Ideo
630 5393 696 5450 de
722 5399 910 5466 gaudio
944 5408 1086 5450 recte
1120 5396 1286 5466 possit
1323 5395 1589 5464 usurpari.
1619 5393 1778 5458 Nam,
1813 5395 1857 5447 si
1898 5395 2052 5449 dolo-

465 5480 580 5519 rem
617 5466 875 5523 dixerunt
912 5479 1120 5523 veteres
1172 5467 1553 5536 impatientem,
1600 5480 1706 5520 non
1743 5467 1898 5519 video
1954 5483 2050 5522 cur

464 5538 640 5590 minus
671 5539 770 5593 hoc
799 5539 1115 5594 Vocabulum
1141 5538 1480 5594 tribuendum
1505 5538 1714 5606 gaudio,
1736 5538 1877 5607 quod
1902 5553 2050 5593 eam-

461 5607 585 5662 dem
641 5612 1012 5667 ciunmovendi
1044 5613 1281 5665 animum
1330 5609 1488 5663 habet
1531 5614 1656 5672 vim,
1689 5611 2044 5665 exisnimetur.

458 5677 533 5732 Ita
563 5697 754 5751 nempe
789 5686 856 5737 de
884 5683 1069 5735 dolore
1098 5683 1358 5743 Justinus,
1392 5680 1478 5743 l2,
1515 5682 1579 5734 15
1614 5700 1625 5734 :
1663 5681 1923 5747 Quosdam
1951 5685 2048 5736 im-

453 5753 727 5817 patientius
753 5755 978 5807 dolentes
1001 5757 1292 5807 consolatus
1313 5763 1406 5812 est;
1437 5763 1492 5806 et
1517 5754 1605 5815 52,
1637 5757 1705 5808 53
1733 5775 1744 5806 :
1775 5753 1872 5806 llis
1899 5755 2044 5809 rebus

448 5821 671 5894 offensus
710 5825 981 5900 Philippus
1010 5828 1351 5896 impatientius
1385 5841 1436 5877 ιη
1471 5825 1579 5882 dies
1606 5837 1813 5884 mortem
1857 5826 2043 5882 Deme-

2149 1755 2307 1808 latum
2337 1757 2611 1826 adoptione
2646 1764 2756 1824 ejus
2783 1752 3041 1826 APisonem
3071 1754 3416 1826 impatientius
3445 1755 3622 1808 dolens
3649 1795 3662 1815 ,
3705 1761 3768 1810 et

2152 1826 2201 1879 in
2239 1824 2448 1896 Epist,
2475 1841 2591 1895 cap.
2626 1827 2692 1880 H
2723 1844 2737 1880 :
2771 1824 2964 1896 Dolore
2991 1824 3178 1878 ardens
3201 1867 3215 1890 ,
3259 1826 3664 1894 impatiensque:
3705 1836 3766 1881 et

2151 1897 2314 1963 Pliu.,
2346 1898 2437 1951 lib.
2475 1914 2546 1964 ix,
2582 1898 2678 1966 Ep.
2706 1898 2777 1951 ΞΕ).
2820 1914 2834 1956 ;
2868 1895 3017 1950 Dolet
3041 1940 3054 1961 ,
3089 1907 3144 1949 ut
3170 1898 3255 1964 qui
3280 1898 3764 1966 impatientissime;

2149 1979 2203 2023 et
2222 1969 2457 2034 Tacitus,
2491 1970 2580 2023 lib.
2613 1985 2662 2022 tv
2714 1969 2926 2032 Annal.,
2952 1983 3069 2033 cap.
3101 1968 3164 2021 i7
3194 1986 3208 2022 :
3239 1966 3370 2020 Tum
3398 1986 3537 2030 vero,
3566 1972 3767 2038 (equari

2149 2040 2490 2094 adolescentes
2510 2052 2721 2094 seuech
2743 2056 2848 2093 sine
2864 2040 3186 2107 impatienter
3204 2040 3444 2093 indoluit.
3469 2040 3762 2095 Mesenen.

2149 2141 2221 2151 -—-
2249 2112 2301 2165 Si
2345 2113 2426 2166 vel
2461 2112 2690 2166 maxime
2728 2115 3123 2172 concesserim,
3168 2111 3413 2181 gaudium
3451 2112 3558 2166 dici
3600 2128 3763 2181 posse

2151 2184 2421 2251 impatiens
2463 2192 2520 2236 ut
2560 2184 2820 2248 dolorem,
2863 2181 3005 2248 quod
3046 2185 3132 2236 vix
3172 2182 3493 2237 crediderim
3518 2225 3530 2248 ,
3575 2194 3761 2238 tamen

2151 2255 2400 2323 gaudium
2433 2255 2766 2321 iu0pinatum
2792 2254 3206 2324 etrepentinum
3231 2265 3285 2309 et
3315 2270 3560 2324 praesens
3583 2271 3649 2309 an
3677 2260 3760 2310 sic

2152 2327 2380 2390 dicatur,
2415 2326 2571 2380 valde
2600 2326 2803 2380 dubito.
2846 2323 3109 2380 LINDNER.

2225 2398 2437 2468 Corpori
2480 2413 2608 2450 meo.
2661 2397 2958 2450 llemnann.
3003 2397 3190 2452 scribit
3218 2400 3448 2466 corporis
3489 2399 3604 2452 mei.
3648 2398 3758 2454 Sed

2155 2484 2250 2523 usu
2307 2470 2438 2522 satis
2493 2469 2614 2521 trita
2667 2468 2998 2523 c0nstructio
3052 2469 3199 2522 verbi
3253 2471 3574 2524 substantivi
3629 2485 3757 2525 cum

2153 2554 2279 2665 ἵιευ
2304 2540 2482 2594 tertio.
2516 2539 2650 2594 Vide
2680 2549 2857 2610 tamen
2886 2539 3110 2594 Bunem.
3145 2538 3214 2593 ad
3239 2538 3503 2606 Lactant.,
3529 2557 3581 2606 v,
3606 2541 3660 2604 Ξ,
3694 2543 3752 2598 5.

2204 2627 2416 2665 inausa.

2204 2627 2416 2666 INDNIB.

2233 2684 2500 2738 Siccandis
2545 2683 2840 2737 humoribus
2865 2725 2878 2747 ,
2930 2698 3026 2751 pro
3069 2682 3136 2736 ad
3183 2682 3450 2737 siccandos
3492 2684 3751 2739 Itiimores.

2159 2753 2289 2808 Nam
2321 2755 2523 2808 balneis
2553 2756 2774 2808 marinis
2801 2755 3084 2808 utebantur
3109 2756 3320 2823 quoties
3370 2757 3582 2810 vitiosis
3609 2758 3755 2812 intus

2160 2826 2475 2880 humoribus
2501 2835 2882 2880 contraxerant
2913 2825 3243 2895 languorem,
3276 2827 3452 2880 nervis
3477 2827 3755 2882 remissio-

2159 2899 2308 2952 ribus
2354 2907 2408 2950 et
2447 2899 2600 2952 laxis.
2648 2896 2936 2951 Suetonius
2979 2899 3028 2949 in
3068 2899 3326 2966 Angusto,
3364 2896 3468 2961 82,
3502 2897 3553 2952 5.
3599 2898 3755 2955 Adde

2161 2968 2496 3024 Scriveriana
2524 2968 2589 3021 ad
2623 2968 2935 3031 Martialem,
2971 2968 3162 3038 i045.
3185 2968 3752 3024 lincunt—Curatio-

2083 3071 2127 3133 C
2165 3043 2255 3133 9i?
2287 3039 2990 3133 ¹ἔξ¹³ξξ⁸,ρ⁴ἓὶίὲτῖ¹,-δ’ἷίῖξξῖἓξδο
3002 3039 3527 3133 Ἦὲἷῖἓίίῖἳῗίηηῖθίῖῗέλ
3565 3043 3750 3133 libi}?

2161 3127 2278 3180 cap.
2306 3115 2358 3165 9.
2388 3111 2584 3166 Refero
2609 3113 2708 3164 bnc
2730 3120 2785 3164 et
2809 3111 2935 3164 illud
2960 3110 3287 3180 Symmachi,
3314 3112 3406 3169 lib.
3439 3128 3552 3174 vni,
3579 3111 3750 3176 Epist.

2162 3182 2250 3236 46.
2279 3182 2448 3250 Quem
2477 3184 2651 3236 locum
2680 3183 2731 3236 in
2763 3184 3014 3252 singulari
3047 3183 3430 3238 Dissertatione
3484 3200 3574 3237 an.
3609 3185 3751 3240 1754

2161 3254 2302 3308 edita
2353 3252 2578 3322 Lipsiae,
2621 3261 2677 3308 et
2720 3254 2916 3308 ibidem
2959 3255 3302 3323 subsequenti
3342 3270 3485 3309 anno
3524 3256 3575 3308 in
3615 3257 3755 3310 Actis

2163 3323 2510 3396 Academicis,
2567 3339 2620 3394 p.
2648 3324 2757 3396 120
2783 3336 2837 3379 et
2864 3341 3042 3395 seqq.,
3071 3327 3336 3380 recensita
3373 3328 3754 3396 interpretatus

2162 3405 2245 3450 est
2273 3395 2385 3450 Jac.
2413 3397 2576 3451 Henr.
2603 3395 2728 3450 Chr.
2758 3397 2966 3450 Adami.
2996 3398 3176 3450 Hann.

2236 3467 2316 3519 Ad
2336 3467 2660 3521 vindemiam.
2695 3467 2881 3524 Heum.
2913 3469 3098 3522 scribit
3118 3468 3179 3522 ob
3204 3467 3528 3522 vindemiam.
3556 3470 3755 3527 Imme-

2167 3539 2303 3593 renti
2335 3538 2536 3594 vocula:
2568 3538 2684 3593 haec
2707 3539 2898 3607 injuria
2933 3539 3177 3604 infertur,
3216 3555 3349 3606 nec,
3381 3542 3472 3608 qui
3499 3545 3628 3597 satis
3654 3543 3754 3598 ba-

2164 3609 2250 3664 bet
2278 3612 2547 3680 cognitum
2579 3612 2630 3664 in
2659 3611 2840 3664 multis
2893 3621 3168 3665 auctorum
3202 3612 3353 3676 locis,
3378 3628 3603 3680 quorum
3639 3630 3755 3667 ma-

2163 3696 2266 3805 gna
2301 3699 2421 3751 pars
2450 3698 2480 3736 a
2507 3681 2591 3736 Jo.
2627 3683 2664 3734 F
2671 3683 2772 3736 rid.
2803 3681 3075 3738 Gronovio
3100 3683 3163 3736 ad
3215 3684 3436 3764 Seneca:
3463 3683 3555 3737 lib.
3588 3687 3756 3766 iv,_de

2212 3758 2368 3805 enet‘..
2394 3769 2511 3805 can.
2544 3753 2580 3805 6
2606 3755 2825 3805 collecta
2852 3765 2950 3805 est.
2983 3758 3052 3805 ad
3083 3765 3271 3805 nutare
3317 3754 3456 3805 idem
3490 3757 3630 3805 nund
3657 3759 3755 3805 illo

2212 3758 2368 3824 ette{.,
2394 3769 2511 3823 cap.
2544 3753 2580 3808 6
2606 3755 2825 3808 collecta
2852 3765 2950 3816 est,
2983 3758 3052 3806 ad
3083 3765 3271 3808 notare
3317 3754 3456 3807 idem
3490 3757 3632 3825 quod
3657 3759 3755 3811 illo

2166 3834 2388 3892 tempore
2417 3835 2508 3878 aut
2549 3827 2686 3878 circa
2730 3826 2862 3878 illud
2901 3837 3100 3895 tempus
3124 3867 3138 3889 ,
3175 3826 3224 3879 is
3262 3826 3440 3879 minus
3468 3828 3756 3883 commode

2167 3898 2397 3965 positum
2427 3896 2527 3951 hoc
2553 3898 2605 3950 in
2635 3900 2750 3951 loco
2762 3897 3038 3967 judicnbit,
3062 3913 3169 3968 quo
3195 3896 3336 3966 ferite
3354 3898 3424 3950 ad
3447 3898 3756 3953 vindemiant

2167 3969 2270 4040 illa:
2319 3980 2441 4022 sunt
2472 3984 2590 4038 qua:
2622 3970 2900 4023 vindemia:
2951 3979 3193 4040 tempore
3231 3969 3517 4034 habentur,
3547 3972 3757 4026 scilicet

2168 4037 2313 4093 feria:
2340 4037 2687 4094 vindemialcs
2712 4051 2788 4103 et,
2820 4050 2874 4093 ut
2905 4037 3087 4094 verum
3113 4042 3306 4106 dicam,
3331 4041 3628 4109 elegantius
3678 4043 3756 4097 ita

2166 4126 2322 4199 quam
2355 4114 2398 4166 si
2437 4113 2497 4165 ob
2529 4123 2754 4199 pniiatu‘r
2796 4126 2888 4194 pro
2923 4114 3032 4199 ad,
3065 4112 3334 4199 dicuntur.
3364 4112 3648 4199 .Msncitnn.
3681 4143 3756 4153 —-

2163 4181 2483 4238 COuferatur
2519 4194 2679 4237 etiam
2715 4182 2928 4238 Curtius
2967 4184 3034 4238 ad
3061 4182 3240 4240 Cicer.
3275 4181 3469 4252 Epist.,
3511 4185 3602 4239 lib.
3648 4201 3751 4251 ut,

2169 4253 2264 4322 Ep.
2294 4259 2346 4320 5,
2378 4272 2432 4308 η.
2461 4255 2515 4310 9.
2549 4255 2644 4309 Est
2673 4266 2725 4310 et
2753 4257 2853 4310 alia
2881 4256 3167 4324 explicatio
3195 4270 3298 4310 non
3327 4257 3508 4310 minus
3535 4257 3755 4326 elegans

2166 4336 2220 4378 et
2258 4329 2553 4388 concinna,
2585 4343 2687 4394 qua
2727 4327 2868 4381 ferize
2909 4329 3156 4382 dicuntur
3196 4327 3376 4380 laxare
3408 4327 3752 4396 judiciariam

2165 4412 2348 4452 curam
2374 4399 2439 4452 ad
2473 4399 2792 4452 vindemiam
2825 4398 3123 4454 fruendam.
3156 4398 3414 4453 Linnnsa.

2239 4468 2377 4521 Nam
2417 4471 2470 4522 id
2509 4472 2764 4538 temporis.
2805 4472 2916 4525 Duo
2945 4471 3204 4524 Minucius
3247 4472 3394 4539 ponit
3442 4487 3562 4539 qua
3613 4471 3754 4527 hanc

2165 4543 2495 4594 curationem
2524 4542 2606 4594 vel
2634 4542 2863 4596 maxime
2893 4542 3362 4602 commendabant,
3393 4546 3549 4612 ferias
3579 4543 3755 4596 vinde-

2165 4613 2341 4665 miales
2371 4612 2575 4666 scilicet
2603 4624 2654 4665 et
2684 4615 2971 4680 temperiem
2999 4615 3368 4667 autumnitatis.
3409 4613 3610 4669 Blanda
3631 4626 3754 4670 erat

2163 4685 2368 4757 curatio
2399 4684 2466 4757 ob
2496 4685 2862 4757 autniuuitatis
2901 4687 3240 4756 temperiem;
3273 4688 3540 4757 apposita,
3570 4686 3638 4740 ob
3667 4685 3754 4742 [c-

2162 4755 2270 4809 rias
2299 4755 2666 4810 vindemiales.
2693 4755 2948 4812 Lmansn.

2234 4828 2556 4880 Antumnitas
2595 4828 2860 4898 dirigebat.
2895 4828 3114 4883 Frustra
3155 4829 3242 4883 hic
3269 4827 3556 4897 scrupulus
3582 4828 3752 4899 injec-

2163 4905 2246 4952 tus
2274 4899 2368 4952 fuit
2410 4899 2477 4952 ab
2510 4900 2822 4954 doctissimo
2849 4902 3078 4955 Meursio
3098 4942 3113 4967 ,
3147 4902 3296 4969 quasi
3325 4902 3578 4957 deessent
3619 4915 3751 4956 non-

2163 4971 2303 5024 nulla
2371 4969 2437 5024 de
2485 4969 2701 5026 (Iwcilio
2774 4972 3219 5027 deau'iliulationis
3267 4973 3466 5026 comite
3518 4972 3749 5027 adscito.

2160 5041 2342 5111 Itaque
2371 5043 2532 5097 etiam
2566 5045 2766 5098 nullum
2795 5060 2858 5097 ex
2888 5045 3015 5097 viris
3044 5043 3216 5098 doctis
3261 5060 3352 5113 qui
3410 5056 3596 5112 postea
3622 5045 3749 5099 edi-

2155 5114 2380 5178 derunt,
2414 5115 2512 5169 sibi
2555 5117 2933 5169 assentientem
2978 5116 3214 5178 invenit,
3255 5116 3396 5169 haud
3433 5116 3595 5170 dubie
3632 5132 3748 5172 non

2155 5187 2296 5254 quod
2342 5187 2541 5254 Opinati
2576 5186 2771 5240 fuerint
2808 5187 2983 5241 omitti
3016 5187 3274 5255 quasdam
3311 5189 3746 5242 circumstantias

2157 5259 2316 5310 veluti
2343 5273 2405 5312 ex
2424 5261 2562 5325 jure,
2595 5260 2733 5326 quod
2761 5257 3000 5313 historici
3029 5275 3134 5312 non
3164 5259 3448 5328 refugiant,
3475 5259 3568 5313 sed
3598 5259 3748 5328 quod

2154 5329 2479 5383 crediderint
2527 5331 2657 5384 satis
2705 5329 2882 5400 colligi
2921 5330 3036 5400 ejus
3084 5332 3398 5384 comitatum
3445 5331 3634 5398 partim
3678 5346 3749 5386 ex

2153 5402 2555 5471 superioribus,
2609 5402 2694 5455 ubi
2736 5401 2971 5456 ostendit
3010 5417 3068 5456 se
3107 5413 3348 5455 acturum
3381 5401 3449 5455 de
3491 5417 3750 5457 sermone

2152 5473 2376 5535 Octavii,
2402 5489 2506 5539 quo
2525 5472 2799 5527 Caecilium
2825 5473 3136 5527 reformavit
3158 5473 3522 5542 disputatione
3541 5475 3750 5542 gravis—

2151 5546 2282 5598 sima
2311 5545 2376 5596 ad
2403 5559 2582 5616 veram
2618 5544 2966 5616 religionem;
3009 5546 3204 5616 partim
3241 5559 3304 5599 ex
3328 5547 3702 5616 sequentibus
3729 5588 3743 5610 ,

2152 5617 2237 5670 ubi
2269 5616 2524 5670 describit
2552 5615 2802 5671 Octavius
2838 5614 3112 5670 Camillum
3142 5617 3285 5670 domi
3320 5614 3560 5685 forisque
3587 5617 3747 5672 lateri

2152 5689 2359 5742 Minucii
2398 5686 2768 5742 inhmrentem.
2805 5691 2930 5744 "th
2958 5689 3100 5742 enim
3131 5689 3237 5742 duo
3266 5688 3379 5740 loca
3419 5691 3500 5742 sic
3532 5687 3747 5742 ordina-

2149 5762 2222 5812 vit
2251 5773 2372 5828 apte
2407 5770 2611 5825 auctor,
2650 5770 2705 5812 ut
2731 5776 2794 5814 ex
2823 5761 3170 5833 eisnequeat
3200 5759 3368 5812 lector
3397 5760 3552 5814 aliter
3591 5762 3746 5833 cogi-

2151 5845 2283 5896 tare,
2315 5846 2473 5902 quam
2507 5847 2628 5888 eum
2658 5833 2816 5887 simul
2844 5832 3096 5890 exivisse.
3124 5830 3372 5889 Gkottov.
