3988 6310
209 368 306 424 251

1603 362 1964 422 OCTAVIUS.

3405 376 3514 432 242

211 481 352 537 tione
409 477 619 545 ridere;
663 477 758 534 sed
815 485 1016 544 tacens,
1064 476 1274 543 anxius,
1323 487 1653 549 segregatus,
1701 475 1799 533 do~
1829 476 1882 538 A
1909 483 2286 547 protegerent;
2315 477 2545 535 necboc
2574 479 2816 553 obsequii
2861 481 2978 549 fuit,
3034 492 3124 540 aut
3165 483 3368 542 ordinis
3416 495 3512 544 aut

207 573 320 630 lere
352 572 536 629 nescio
565 570 694 643 quid
740 571 887 625 vultu
919 569 1200 626 fatebatur.
1234 568 1330 625 Cui
1356 585 1454 641 ego
1486 589 1499 626 :
1527 569 1668 638 Quid
1701 569 1801 626 hoc

205 677 284 724 est
313 665 426 722 rei?
457 681 553 720 cur
599 680 705 719 non
744 678 998 736 agnosco,
1030 663 1228 731 Caecili,
1275 663 1604 719 alacritatem
1654 673 1800 719 tuam

204 761 345 817 illam
372 760 397 812 ?
425 771 476 815 et
499 759 642 814 illam
675 757 950 813 oculorum
995 759 1154 813 etiam
1195 757 1246 812 in
1273 755 1429 812 seriis
1478 755 1799 812 hilaritatem

203 855 461 926 requiro?
501 853 638 909 Tum
689 853 779 908 ille
809 870 823 907 :
855 851 1174 908 Jamdudum
1227 867 1312 908 me
1368 849 1575 908 Octavii
1630 853 1797 909 nostri

199 949 397 1006 acriter
427 949 573 1019 angit
600 958 654 1004 et
682 947 956 1004 remordet
981 948 1176 1011 oratio,
1227 962 1351 1018 qua,
1379 946 1432 1001 in
1455 953 1509 1001 te
1531 946 1795 1014 invectus,

198 1045 503 1116 objurgavit
523 1043 876 1115 negligentite,
892 1051 950 1098 ut
968 1058 1052 1098 me
1067 1039 1470 1096 dissimulanter
1481 1041 1696 1114 gravius
1712 1056 1799 1096 ar—

197 1148 386 1212 gueret
403 1135 908 1207 inscientizeJtaque
923 1135 1230 1206 progrediar
1253 1133 1503 1190 ulterius:
1520 1134 1588 1191 de
1614 1143 1724 1190 toto
1744 1143 1800 1191 et

199 1232 411 1304 integro
425 1231 553 1286 mibi
575 1245 696 1285 cum
711 1229 839 1285 Octa
850 1229 1022 1285 viores
1046 1237 1144 1284 est.
1164 1228 1218 1285 Si
1235 1227 1406 1298 placet
1427 1237 1482 1284 ut
1503 1229 1667 1299 ipsius
1681 1244 1797 1286 sec-

196 1337 262 1382 tae
290 1328 455 1380 homo
479 1340 599 1379 cum
614 1337 680 1380 eo
693 1321 982 1396 disputem,
1003 1321 1112 1392 jam
1129 1319 1370 1392 profecto
1390 1320 1648 1392 intelliget
1667 1321 1796 1378 laci-

193 1421 296 1477 lius
310 1436 436 1477 esse
455 1420 505 1474 in
523 1417 998 1475 contubernalibus
1015 1415 1311 1485 disputare,
1327 1431 1484 1486 quant
1507 1431 1795 1474 conserere

192 1515 522 1587 sapientium
555 1513 750 1580 modo;
783 1511 944 1568 modo
975 1511 1026 1566 in
1067 1511 1182 1566 istis
1218 1510 1286 1566 ad
1317 1511 1535 1567 tutelam
1579 1511 1795 1568 balnea-

190 1627 312 1667 rum
345 1610 521 1681 jactis,
545 1618 599 1663 ct
631 1609 683 1664 in
711 1608 877 1663 altum
926 1607 1366 1679 procurrentibus
1395 1616 1668 1677 petrarum
1697 1606 1793 1662 ob-

189 1703 362 1760 icibus
391 1702 707 1769 residamus,
741 1711 797 1756 ut
823 1708 877 1755 et
913 1701 1252 1772 requiescere
1299 1699 1367 1755 de
1406 1700 1592 1755 itinere
1629 1700 1795 1771 possi-

191 1811 318 1852 mus
343 1803 400 1851 et
426 1793 686 1850 intentius
727 1793 1020 1864 disputare.
1048 1793 1116 1848 Et
1144 1808 1264 1848 cum
1293 1792 1436 1848 dicto
1452 1793 1567 1863 ejus
1587 1793 1790 1850 assedi-

1912 570 1932 600 ⁸
1954 567 2195 638 honoris,
2218 571 2413 643 quippe
2441 586 2562 627 cum
2584 573 2816 630 amicitia
2839 591 2992 646 pares
3018 592 3232 649 semper
3255 589 3345 635 aut
3365 582 3507 637 acci-

1909 662 2016 734 piat
2058 671 2148 718 aut
2179 662 2354 732 faciat,
2411 665 2505 720 sed
2541 676 2599 721 ut
2624 667 2844 735 arbiter,
2873 678 2927 725 et
2953 672 3165 742 utrique
3207 675 3507 744 proximus,

1905 771 2065 812 aures
2092 757 2297 822 darem,
2315 766 2366 813 et
2382 758 2740 831 disceptantes
2762 762 2894 818 duos
2912 764 3119 826 medius
3137 783 3500 842 segregarem.

1906 850 2040 908 Tum
2070 850 2148 906 sic
2173 849 2418 908 Caecilius
2439 868 2664 912 exorsus
2694 865 2776 912 est
2801 876 2815 912 :

2526 989 2754 1047 CAPUT
2805 991 2872 1048 V.

1903 1145 2298 1202 Ancuuea'run.
2323 1145 2822 1219 —-Disputati0nem
2871 1169 3018 1209 suam
3061 1157 3356 1227 aggreditur
3395 1160 3508 1216 Car-

1975 1241 2124 1296 cilius
2155 1257 2173 1294 :
2213 1250 2262 1296 et
2288 1243 2510 1312 printum
2539 1243 2739 1313 quidem
2774 1248 2943 1302 omnia
2971 1249 3026 1303 in
3075 1251 3222 1306 rebus
3270 1254 3508 1310 huntanis

1972 1333 2126 1388 dubia
2150 1345 2194 1388 et
2220 1335 2451 1400 incerta;
2480 1336 2704 1406 adeoque
2731 1339 3004 1395 dolendum
3033 1343 3170 1414 quod
3201 1341 3501 1411 Christiani,

1969 1426 2119 1480 rudes
2140 1427 2434 1499 plerumque
2458 1435 2502 1482 et
2527 1428 2796 1497 illitterati,
2821 1432 2884 1487 de
2909 1449 3106 1488 summa
3136 1453 3305 1491 rerum
3329 1454 3390 1491 ac
3418 1439 3502 1491 di-

1969 1519 2086 1572 vina
2124 1519 2386 1588 majestate
2411 1518 2607 1589 aliquid
2652 1521 2774 1576 certi
2815 1522 3081 1580 decernere
3108 1528 3355 1594 audeant;
3380 1530 3500 1584 hinc

1968 1611 2111 1666 nulla
2138 1613 2451 1681 prouidentia
2467 1614 2709 1668 mundum
2730 1617 2834 1687 regi
2848 1619 3037 1687 arguit,
3055 1621 3403 1694 concluditque
3415 1640 3471 1680 sa
3485 1653 3499 1671 ο

1969 1705 2067 1761 tius
2095 1721 2202 1761 esse
2226 1705 2426 1761 traditis
2447 1707 2775 1778 religionibus
2802 1710 3082 1768 adluerere.

186 1905 310 1949 tuus
362 1889 436 1948 ita
483 1899 540 1946 ut
583 1904 672 1946 me
701 1904 769 1946 ex
816 1888 985 1946 tribus
1030 1887 1263 1945 medium
1294 1888 1476 1945 lateris
1502 1891 1794 1950 ambitione
1821 1886 1872 1947 Β
1896 1892 2231 1964 Quamquam
2261 1891 2377 1960 tibi,
2405 1891 2581 1951 Marce
2607 1892 2795 1962 frater,
2840 1894 2909 1953 de
2951 1913 3058 1969 quo
3095 1900 3326 1958 maxime
3348 1916 3501 1974 qure-

1554 2004 1913 2066 VABIORUM
1951 2005 2180 2064 NOTAE.

182 2121 339 2178 verbi
365 2121 536 2192 ccepit,
575 2120 770 2190 ubique
817 2119 935 2177 fere
983 2119 1183 2192 aliquid
1228 2119 1471 2176 dissoluti
1504 2120 1703 2177 habent
1729 2131 1784 2177 et

183 2195 394 2263 positos
420 2193 662 2248 invenies
692 2194 744 2247 in
775 2191 1006 2263 tristitia,
1037 2191 1372 2263 confusione,
1403 2193 1778 2262 trepidatione.

179 2262 366 2321 Ctrsar
388 2265 451 2318 de
479 2263 612 2318 Bell.
645 2263 784 2318 Call.
818 2265 870 2329 1,
897 2262 968 2319 32
991 2283 1003 2316 :
1025 2262 1173 2318 Nihil
1191 2264 1416 2335 Sequani
1442 2266 1744 2335 respondere
1763 2307 1778 2330 ,

177 2338 264 2390 sed
291 2339 349 2390 in
372 2336 548 2390 eadem
573 2336 776 2406 tristitia
801 2337 943 2389 taciti
962 2334 1280 2406 permanere.
1307 2335 1384 2390 Id.
1417 2349 1465 2390 c.
1492 2334 1559 2390 16
1591 2354 1603 2390 :
1632 2335 1781 2392 Diem

176 2423 239 2460 ea:
294 2407 382 2462 die
422 2409 606 2462 ducere
655 2405 840 2476 1Edui,
891 2405 1134 2477 conferri,
1185 2407 1528 2477 comportari,
1584 2407 1778 2475 adesse,

177 2479 370 2550 dicere.
405 2479 604 2534 Eadem
627 2479 762 2534 ratio
788 2488 868 2534 est
891 2479 1193 2550 Asgndetor.
1219 2479 1475 2534 Ltaoxsn.

249 2549 488 2616 Taceas,
547 2551 764 2614 anxius,
819 2549 1127 2623 segregatus.
1187 2551 1451 2606 Describit
1507 2550 1779 2608 hominem

177 2631 430 2676 vexatum
465 2623 786 2677 mmrorilnts
810 2634 862 2677 et
909 2624 1052 2677 curis
1083 2623 1387 2681 ingentibus
1441 2624 1616 2690 qualis
1663 2634 1782 2679 erat

178 2691 404 2766 Homeri
435 2693 783 2766 Bellerophon
816 2693 996 2766 (Iliad.
1027 2694 1090 2752 Ζ.
1118 2693 1267 2764 201).
1314 2692 1537 2750 ΒιοΑιτ.

242 2765 580 2835 Segregutus,
605 2765 775 2819 dolere
799 2765 962 2820 nescio
975 2767 1098 2836 quid
1115 2768 1250 2820 vultu
1278 2766 1550 2834 fatebatur.
1571 2765 1780 2821 incom-

173 2838 340 2910 mode
386 2837 607 2910 omnino
649 2852 750 2910 ms.
801 2853 911 2910 reg.
946 2847 1000 2892 et
1028 2838 1178 2892 edttt.
1213 2838 1466 2910 exhibent
1489 2847 1780 2910 segregatus

170 2909 374 2980 dolore,
408 2909 573 2962 nescio
617 2909 740 2978 quid
789 2909 926 2962 vultu
981 2911 1252 2980 fatebatur,
1298 2909 1582 2966 allectuum
1631 2911 1776 2964 enim

170 2979 338 3034 index
367 2987 451 3034 est
479 2979 674 3038 vultus.
705 2995 862 3050 quem
907 2979 1189 3051 prepterca
1217 2979 1408 3037 Cicero
1455 2983 1505 3035 in
1536 2980 1779 3035 Pisonem

171 3051 387 3104 vocavit
436 3066 714 3104 sermonem
763 3052 1030 3117 quemdam
1089 3054 1296 3106 tacitura
1328 3053 1525 3106 utentis.
1557 3052 1691 3108 Vide
1722 3061 1778 3107 et

174 3121 351 3192 U/ﬁc.,
379 3121 467 3176 lib.
503 3139 538 3186 t,
562 3137 682 3188 cap.
727 3123 818 3176 29.
884 3123 1379 3179 Daris—Bolae.
1437 3125 1490 3178 In
1542 3141 1642 3180 ms.
1692 3133 1777 3179 cst

1890 2123 1953 2195 in
1970 2122 2079 2177 istis
2124 2123 2192 2176 ad
2247 2123 2456 2178 tutelam
2511 2124 2826 2195 balnearum,
2858 2134 2963 2184 etc.
3015 2130 3214 2188 Omnes
3243 2132 3498 2190 hactenus

1890 2193 2158 2266 editiones
2183 2209 2345 2265 prava
2377 2193 3050 2266 interpunctionc'sensum
3077 2213 3400 2261 everterant.
3432 2208 3496 2262 Et

1891 2263 2011 2345 falsi
2058 2263 2200 2345 sunt
2228 2263 2549 2345 interpretes
2598 2269 2982 2345 qui‘asseruut
3030 2274 3082 2345 iu
3128 2279 3495 2345 manuscripto

1890 2336 1995 2406 legi
2021 2337 2178 2392 aliter
2213 2353 2373 2404 quam
2423 2338 2508 2394 hic
2555 2336 2854 2394 retulimus.
2904 2342 2995 2397 Ait
3024 2344 3273 2401 Caecilius
3327 2336 3496 2404 facta.

1890 2423 2008 2486 rum
2034 2423 2094 2464 se
2119 2417 2197 2486 _u_t
2222 2408 2474 2464 Octavius
2504 2410 2759 2486 intelligat
2788 2411 2998 2468 facilius
3020 2429 3166 2486 esse
3218 2418 3493 2486 disputare

1889 2489 1944 2536 et
1963 2480 2131 2555 rixari
2163 2480 2304 2535 inter
2347 2482 2758 2555 contubernales
2809 2484 3116 2555 vulgaribus
3161 2480 3398 2543 dictet-iis
3437 2501 3495 2548 et

1888 2552 2167 2624 conviciis,
2199 2566 2358 2621 quam
2410 2553 2671 2624 comedo
2700 2552 2989 2610 conserére
3033 2572 3139 2624 quo
3186 2560 3364 2614 solent
3407 2575 3495 2616 sa-

1890 2623 2118 2692 pientes.
2158 2623 2357 2678 Deinde
2407 2623 2592 2692 incipit
2642 2624 2798 2678 aliam
2832 2623 3125 2682 clausulam
3155 2648 3167 2684 :
3194 2629 3261 2685 In
3288 2631 3398 2687 istis
3424 2633 3495 2686 ad

1883 2693 2094 2772 tutelam
2123 2695 2438 2772 balnearum,
2472 2704 2576 2753 etc.
2610 2695 3269 2772 R_I‘G.\L'rtus.—Conserere
3289 2705 3494 2772 sapien-

1885 2765 2012 2844 tium
2031 2766 2201 2831 ntodo,
2222 2769 2273 2818 b.
2294 2783 2344 2820 e.
2365 2778 2612 2844 accurate
2633 2769 2927 2844 disputare,
2948 2781 3102 2844 prout
3120 2765 3486 2844 philosophos,

1881 2837 2069 2905 quales
2095 2853 2191 2892 nos
2215 2851 2335 2909 esse
2377 2837 2910 2909 prolitemttr,’decet.
2943 2837 3248 2909 Conserei'e,
3299 2837 3377 2899 se.
3403 2837 3492 2900 ar;

1881 2920 2155 2988 gumenta,
2180 2919 2262 2988 est
2284 2908 2578 2988 disput_are_.
2616 2907 2781 2988 blade
2798 2921 2975 2988 autem
3007 2907 3242 2988 positum
3267 2925 3347 2970 est
3393 2933 3490 2988 pro

1882 2995 2038 3056 more.
2079 2978 2156 3056 lla
2181 2979 2426 3056 Lactant.
2454 2981 2595 3056 7,_7,
2628 2980 2661 3036 9
2689 2999 2702 3036 :
2735 2981 2955 3056 Erravit
2989 2978 3108 3056 ergo
3129 2978 3484 3056 Democritus,

1881 3051 1969 3120 qui
2001 3052 2389 3122 vermiculorum
2417 3051 2565 3106 modo
2599 3054 2794 3120 putavit
2822 3051 3063 3109 homines
3079 3055 3267 3122 effusos
3296 3074 3402 3112 esse
3429 3051 3493 3115 de

1877 3129 2028 3193 terra.
2050 3121 2225 3176 Etiam
2247 3123 2309 3175 de
2325 3122 2438 3189 Ira,
2463 3139 2580 3193 cap.
2599 3125 2784 3189 20,10.
2803 3124 3082 3181 Nonnullae
3103 3121 3231 3184 edit.
3256 3128 3486 3185 habent:

169 3190 374 3267 dolore,
410 3194 549 3248 unde
572 3194 761 3249 Ileum.
789 3194 912 3249 facit
933 3196 1143 3251 doloris.
1179 3195 1464 3267 Eleganter
1490 3211 1650 3267 sane;
1677 3197 1771 3251 sed
1799 3194 1844 3258 C
1880 3190 2145 3267 [jecudum
2175 3194 2323 3248 modo
2349 3195 2491 3248 humi
2531 3190 2729 3267 repere.
2779 3196 2836 3251 In
2871 3211 2994 3262 ηις..
3027 3208 3162 3253 teste
3187 3200 3400 3256 llerald.
3432 3214 3487 3256 et

170 3265 463 3335 elegantia:
493 3281 606 3338 non
641 3267 814 3338 minus
845 3278 928 3338 est
957 3267 1006 3320 in
1039 3265 1534 3338 lectione'recepta.
1589 3266 1775 3322 Dolere

169 3339 349 3390 nescio
378 3336 500 3405 quid
539 3348 622 3392 est
647 3337 816 3391 dolere
841 3337 901 3392 ob
930 3337 1143 3400 aliquid.
1175 3336 1432 3394 Ltnuxcn.

237 3408 576 3482 Alacritatem
607 3416 747 3482 tuam
774 3408 938 3465 illam.
975 3409 1054 3465 Ne
1083 3427 1238 3480 quem
1270 3411 1508 3466 offendat
1529 3409 1779 3482 junctura

168 3481 466 3534 verborqu
500 3489 633 3532 tuam
663 3481 850 3535 illam?
898 3491 944 3535 et
974 3482 1138 3548 illam,
1188 3481 1290 3537 hoc
1317 3498 1382 3538 ex
1413 3498 1508 3537 usu
1536 3481 1781 3538 anetoris

170 3551 288 3605 fieri
339 3551 637 3623 ostendant.
685 3552 772 3623 Sic
820 3551 1013 3608 Noster
1035 3553 1126 3618 21,
1162 3553 1195 3607 5
1223 3571 1235 3608 :
1262 3554 1428 3610 Sacra
1456 3555 1568 3623 ipsa
1594 3564 1641 3608 et
1667 3556 1781 3623 ipsa

170 3622 442 3692 mysteria;
469 3623 561 3685 55,
590 3624 624 3677 4
654 3641 666 3678 :
701 3622 970 3678 Parentent
997 3626 1220 3680 omniunt
1271 3636 1316 3679 et
1361 3622 1587 3681 omnium
1613 3622 1780 3679 domi-

169 3693 405 3766 ttuut;_9,
423 3692 456 3748 8
488 3713 500 3746 :
533 3710 683 3748 sexus
709 3697 873 3751 omnis
895 3697 1120 3752 homines
1137 3707 1183 3752 et
1212 3699 1376 3753 omnis
1402 3698 1589 3763 (etatis;
1618 3697 1776 3766 10,2:

176 3764 374 3834 templa
403 3766 564 3829 nulla,
596 3766 738 3820 nulla
768 3777 886 3822 nota
909 3769 1205 3832 simulacra;
1225 3769 1313 3834 10,
1348 3770 1382 3826 5
1407 3788 1420 3824 :
1451 3771 1503 3823 in
1555 3764 1781 3823 omnium

169 3852 362 3912 mores,
413 3847 566 3912 actus
606 3839 830 3912 omnium
873 3840 1148 3907 inquirere;
1179 3843 1266 3909 10,
1291 3842 1324 3897 6
1357 3860 1370 3897 :
1402 3841 1569 3894 adstat
1631 3845 1782 3912 {actis

170 3906 432 3971 omnibus,
465 3910 593 3962 locis
618 3911 848 3965 onmibus
887 3906 1310 3978 interereat;7,—4
1339 3930 1352 3968 :
1378 3923 1492 3967 rata
1518 3906 1656 3966 testis
1683 3922 1774 3980 est,

171 3980 323 4056 testis
346 3988 416 4043 et;
457 3980 511 4056 5,
535 3980 604 4035 5:
633 3981 771 4056 beati
815 3985 957 4049 satis,
1007 3985 1231 4056 satisque
1273 3985 1563 4056 prudentes;
1593 3983 1682 4046 28,
1713 3984 1776 4038 8:

171 4050 529 4124 boum_capita
577 4063 623 4106 et
658 4055 829 4124 capita
875 4050 1357 4122 vervecunt,‘32,'8:
1388 4056 1598 4108 tenebris
1647 4055 1779 4110 inte-

169 4131 300 4196 rest,
335 4122 539 4196 interest
567 4122 976 4196 cogitationibus;
1003 4127 1094 4193 25,
1123 4127 1156 4181 8
1182 4145 1195 4181 :
1226 4128 1483 4181 torntentis
1504 4125 1684 4196 quibus
1731 4136 1780 4180 et

171 4193 360 4263 quibus
395 4193 682 4262 machinis;
728 4195 820 4261 24,
849 4197 881 4251 4
905 4215 918 4251 :
944 4198 1157 4253 ridenda
1198 4214 1350 4263 quant
1394 4193 1571 4262 multa,
1621 4198 1781 4252 multa

173 4264 334 4319 etiam
364 4265 652 4320 miseranda
680 4277 815 4322 sunt.
850 4268 958 4325 Hoc
984 4269 1255 4340 expedito,
1289 4278 1536 4340 superest
1587 4279 1642 4323 ut
1670 4269 1780 4324 lec-

175 4345 260 4390 tor
313 4347 592 4412 moneatur
631 4339 941 4409 interrogat.
995 4339 1088 4396 cur
1136 4351 1262 4397 ante
1305 4339 1525 4396 verbum
1579 4341 1779 4412 requiro

173 4421 304 4462 esse
334 4409 705 4485 repetendam,
753 4427 852 4483 per
887 4429 1128 4483 zeugma.
1163 4413 1217 4467 Si
1246 4413 1364 4485 quis
1395 4412 1530 4468 adeo
1561 4414 1611 4468 in
1647 4409 1779 4467 'tex-

175 4487 291 4533 tum
323 4480 452 4533 velit
501 4480 769 4551 recipere,
820 4498 915 4554 per
954 4480 1039 4540 uie
1089 4486 1232 4541 licet.
1265 4480 1393 4539 'Hoc
1421 4495 1565 4539 certe
1592 4485 1774 4554 liquet,

173 4565 568 4626 supervacuam
592 4567 711 4608 esse
722 4556 1160 4626 emendationem
1187 4556 1376 4611 Ileum.
1397 4571 1556 4626 quam
1578 4555 1733 4610 all‘ert
1762 4571 1775 4608 :

174 4618 283 4674 Cur
311 4637 412 4675 non
439 4638 677 4693 agnosco,
705 4623 896 4690 Caecili,
929 4627 1241 4682 alacritatem
1271 4618 1610 4693 tuam-illam,
1642 4638 1685 4680 et
1716 4627 1780 4682 il-

173 4693 282 4766 lam
305 4693 599 4766 aculmina,
623 4697 773 4751 etiam
809 4697 862 4752 in
881 4701 1026 4754 seriis
1049 4700 1390 4754 hilaritatem?
1413 4715 1512 4754 nec
1554 4699 1776 4766 Cellar.,

173 4763 479 4837 quiﬂillam?
506 4779 550 4818 et
584 4768 632 4820 in
665 4785 756 4822 cur
780 4779 970 4837 mutat,
998 4786 1118 4826 esse
1147 4770 1488 4826 audiendum.
1518 4763 1776 4826 LINDNER.

255 4834 579 4912 Obiurgauit.
613 4840 704 4896 Sc.
737 4851 802 4912 ξιξ,
836 4834 976 4911 quod
1008 4857 1302 4912 pronomen
1331 4843 1489 4898 etiam
1517 4843 1780 4897 omittitur

173 4906 322 4977 apud
352 4908 459 4962 Cic.
497 4909 588 4962 lib.
617 4927 709 4978 vn,
744 4906 916 4980 Epist.
945 4906 1035 4978 28,
1070 4916 1103 4970 5
1136 4933 1149 4970 :
1177 4913 1416 4969 Intellexi
1445 4917 1577 4969 enim
1603 4931 1664 4968 ea:
1695 4924 1780 4968 tuo

173 4993 431 5060 sermone,
465 4980 632 5060 dicere
655 4992 702 5037 te
729 4999 792 5039 ea:
830 4984 950 5039 meis
976 4985 1117 5042 libris
1137 4989 1362 5040 animum
1387 5003 1552 5040 nteant
1571 4984 1666 5060 (te)
1694 4985 1782 5041 de-

175 5049 434 5104 siderare.
465 5050 723 5109 LINDNER.

255 5120 628 5203 Ipsius-secta:
666 5127 837 5184 homo.
885 5128 1184 5200 Opponitur
1225 5130 1534 5187 adversario
1564 5128 1685 5184 licto
1726 5138 1784 5186 ct

175 5194 334 5274 quasi
359 5194 676 5274 uuibratico.
705 5203 792 5269 qui
822 5194 1064 5274 exercitii
1095 5211 1296 5257 tantum
1319 5204 1511 5274 gratia,
1534 5203 1784 5257 adversa-

176 5265 245 5356 rii
289 5271 478 5356 Partes
504 5267 575 5356 'iit
621 5265 950 5356 sel‘s'uscipit,
977 5275 1208 5356 quodnﬁt
1234 5265 1354 5330 cum
1383 5265 1683 5356 disputauit:
1729 5274 1782 5356 in

179 5337 783 5417 contubernalibus.Quo
797 5337 919 5414 jure
941 5337 1095 5417 igitur
1119 5347 1309 5402 Heum.
1330 5337 1589 5400 rescribat
1606 5365 1617 5399 :
1637 5344 1704 5400 Ut
1721 5345 1784 5400 de

176 5411 347 5489 ipsius
375 5418 512 5489 secta
538 5411 688 5489 hodie
713 5411 827 5489 cum
869 5433 925 5489 eo
953 5411 1222 5489 dtspatent,
1250 5418 1344 5489 alii
1368 5417 1784 5489 videantaWop-

180 5472 315 5532 ken.
338 5485 498 5557 etiam
520 5484 736 5557 sinistre
758 5472 1044 5551 intellexit:
1056 5472 1141 5557 qtti
1165 5472 1230 5544 de
1252 5488 1438 5544 eadem
1462 5472 1780 5544 cumOcta'v.

181 5557 342 5630 secta.
357 5552 574 5633 cogitat.
600 5553 792 5633 Melius
813 5558 992 5633 utique
1007 5552 1202 5633 Cellar.
1221 5563 1309 5633 qui
1333 5572 1536 5633 sectam
1551 5575 1783 5630 pagano-

179 5633 308 5693 rum
331 5623 593 5693 intelligit,
611 5627 694 5681 cui
709 5623 1510 5687 adhucdedituseratCmcilins.
1526 5623 1782 5686 Clausen.

264 5689 436 5774 Quarti
458 5689 718 5774 co'nserere
735 5702 1040 5771 sapientium
1068 5705 1233 5757 modo.
1258 5706 1346 5760 Sic
1367 5702 1520 5758 facile
1551 5702 1787 5756 restitui-

182 5769 662 5844 musipsissimaut
713 5769 1033 5841 scripturam
1088 5774 1300 5831 Minucii
1349 5775 1692 5844 depravatum
1733 5775 1787 5828 itt

184 5835 487 5916 esemplari
514 5854 764 5916 perversa
811 5835 1080 5902 litterula:
1115 5846 1342 5911 Facilius
1363 5835 1471 5908 esse
1510 5847 1564 5912 in
1611 5855 1790 5906 contu-

188 5901 480 5963 bernalibus
508 5901 784 5982 disputare,
832 5933 984 5986 quam
1013 5901 1270 5976 conserere
1314 5901 1616 5990 sapientiam
1639 5901 1790 5972 modo

1804 4590 1858 4651 D

1885 3263 2136 3339 Rigaltio,
2179 3275 2268 3339 est
2310 3283 2526 3339 :_quant
2572 3263 2832 3323 conserere
2883 3269 3187 3339 sapientiant
3227 3274 3377 3326 modo
3434 3275 3489 3329 in

1885 3337 2012 3412 istis,
2041 3346 2160 3412 elc._
2179 3336 2306 3412 Inde
2337 3337 2534 3412 Rigalt,
2564 3342 2765 3412 primus
2792 3336 2957 3395 feciti
2989 3358 3252 3396 conserere
3271 3346 3485 3412 sapien-

1885 3409 2012 3461 tium
2043 3408 2211 3462 modo.
2243 3406 2308 3463 In
2331 3409 2461 3474 istis,
2515 3419 2618 3463 etc.
2651 3411 2706 3464 lu
2765 3412 2862 3466 bac
2897 3413 3273 3470 emendatione
3323 3406 3486 3472 utinm

1885 3478 2016 3554 illud
2044 3479 2313 3554 desidero,
2338 3479 2477 3551 quod
2522 3481 2764 3554 elausula
2794 3499 3028 3552 sequens
3058 3487 3217 3540 nimis
3259 3486 3485 3554 abrupte

1885 3549 1958 3622 ita
1986 3551 2190 3621 incipit.
2226 3549 2630 3620 Hinc—suspicor
2681 3549 2910 3622 priorem
2939 3555 3232 3611 clausulam
3261 3549 3488 3613 desiisse

1887 3621 1938 3698 in
1970 3622 2140 3698 modo,
2173 3631 2225 3698 et
2254 3623 2609 3698 posteriorem
2637 3621 2841 3698 illiwng
2873 3625 3157 3698 incepisse,
3187 3628 3340 3697 cujus
3369 3645 3488 3698 qut-

1885 3693 2006 3766 dem
2034 3695 2256 3766 rationis
2281 3695 2530 3763 exempla
2562 3695 2684 3749 dedi
2711 3695 2777 3748 ad
2805 3697 2994 3764 capitis
3036 3697 3194 3766 hujus
3223 3693 3398 3752 n'utuf
3427 3702 3482 3754 ὅ.

1883 3764 2200 3839 Utilissionis
2217 3775 2393 3839 autem
2415 3767 2549 3839 ratio
2571 3766 2624 3820 in
2640 3767 2895 3822 alterutra
2917 3764 3150 3823 clausula
3166 3769 3216 3823 in
3235 3781 3486 3839 promptu

1884 3846 1987 3890 est.
2018 3835 2205 3902 Nemo,
2259 3835 2442 3903 credo,
2499 3837 2690 3892 Ileum.
2745 3839 3071 3893 aSsentietur
3116 3835 3481 3894 rescribenti:

1885 3905 1945 3962 Si
1977 3909 2139 3975 placet
2183 3919 2234 3961 ut
2263 3925 2376 3962 cum
2406 3925 2463 3962 eo
2502 3909 2774 3976 disputent,
2829 3909 2882 3963 in
2911 3910 3022 3964 istis
3066 3910 3134 3964 ad
3164 3911 3373 3965 tutelam
3397 3912 3485 3964 iit-

1883 3979 2064 4052 lentius
2091 3979 2369 4052 disputare.
2399 3978 2521 4052 .lam
2559 3984 2784 4052 profecto
2818 3980 3064 4051 intelliget
3100 3981 3304 4052 facilius
3354 3999 3480 4047 esse,

1883 4049 1935 4102 in
1956 4051 2393 4124 contubernalibus
2415 4049 2664 4124 disserere
2706 4049 2798 4123 (ita
2832 4049 3012 4124 scribo
3039 4049 3135 4124 pro
3172 4052 3482 4124 conserere),

1881 4136 2036 4190 quam
2075 4121 2334 4191 disputare
2362 4123 2666 4195 sapientium
2705 4121 2874 4178 modo.
2919 4122 3136 4179 llerald.
3168 4140 3322 4195 quam
3360 4121 3482 4180 cou-

1882 4207 2049 4246 serere
2074 4195 2288 4262 sapienti
2321 4209 2548 4247 manant.
2574 4193 2834 4249 LINDNBn.

1955 4263 2056 4318 Aut
2083 4266 2297 4319 ordinis.
2350 4263 2571 4319 Fallitur
2597 4264 2777 4320 Wow.
2827 4265 3018 4321 abesse
3063 4281 3091 4320 a
3142 4275 3264 4323 ms.“
3298 4266 3484 4324 codice

1883 4335 2003 4390 haec
2031 4337 2190 4392 verba
2219 4348 2384 4390 ratus.
2415 4335 2756 4392 Contrarium
2811 4346 3037 4392 testatur
3074 4342 3318 4400 αὐτόπτης
3372 4340 3480 4393 lle—

1884 4407 2086 4474 raldus,
2116 4408 2205 4478 qui
2227 4417 2282 4463 et
2310 4422 2428 4478 cap.
2457 4407 2514 4473 9,
2547 4408 2602 4472 '5,
2634 4408 2812 4473 docet,
2844 4409 3040 4479 saepius
3067 4408 3244 4465 Wow.
3284 4410 3482 4466 alierre

1883 4479 2116 4550 aliquam
2157 4480 2500 4549 scripturam,
2538 4481 2691 4550 quasi
2731 4480 2874 4534 illius
2910 4481 3103 4534 vetusti
3147 4481 3349 4536 codicis
3384 4483 3476 4546 sit,

1884 4565 2004 4607 cum
2026 4561 2202 4608 tamen
2231 4551 2301 4606 ibi
2325 4566 2432 4606 non
2460 4552 2742 4622 reperitur.
2768 4551 3053 4607 Felellerat
3078 4551 3326 4608 videlicet
3353 4568 3476 4608 eum

1885 4625 2110 4688 amicus,
2140 4626 2226 4694 qui
2250 4638 2279 4676 a
2303 4637 2362 4677 se
2402 4624 2701 4694 inspectum
2729 4637 2850 4679 esse
2875 4625 3033 4678 istum
3055 4623 3296 4679 codicem
3329 4638 3482 4678 meu-

1886 4695 2012 4750 titus
2044 4693 2234 4750 fuerat.
2265 4695 2529 4750 lit-:ust.—
2555 4693 2667 4749 Nec
2691 4695 2784 4749 hoc
2814 4694 3034 4764 obsequii
3064 4695 3182 4764 fuit,
3226 4705 3315 4748 aut
3341 4695 3483 4748 ordi-

1885 4767 1982 4832 nis,
2008 4778 2094 4821 aut
2117 4767 2340 4822 honoris.
2364 4766 2460 4822 Ms.
2487 4783 2598 4838 reg.
2629 4766 2756 4820 nihil
2790 4763 2978 4820 mutat.
3007 4763 3139 4820 Nam
3166 4765 3305 4834 quod
3327 4768 3478 4838 aiunt

1885 4839 2044 4893 verba
2073 4839 2170 4894 ista
2197 4846 2285 4893 aut
2313 4839 2508 4893 ordinis
2537 4836 2588 4893 iit
2637 4853 2702 4892 eo
2747 4851 3008 4905 nusquam
3060 4850 3344 4905 apparere,
3377 4836 3480 4891 fal-

1883 4909 2094 4977 luntur;
2140 4926 2239 4966 nec
2267 4912 2492 4965 aliorum
2523 4909 2988 4964 observationibus
3019 4905 3178 4961 [idem
3224 4908 3480 4962 arbitrari

1885 4989 1990 5036 tam
2024 4983 2177 5038 facile
2205 4982 2524 5037 debuerant.
2557 4982 2718 5045 Sane,
2750 4982 2792 5033 si
2826 4979 2916 5049 qui
2961 4978 3357 5044 honoratiores,
3383 4989 3481 5033 aut

1884 5054 2160 5124 amplioris
2185 5053 2389 5109 ordinis
2419 5064 2594 5115 erant,
2625 5051 2772 5124 locus
2798 5049 3202 5124 Itonoratior__i_is
3227 5051 3477 5124 dabatur,

1884 5135 1940 5181 et
1963 5118 2158 5180 idcirco
2179 5124 2409 5180 medius.
2437 5125 2707 5194 Appianus
2734 5121 2795 5174 de
2823 5118 2982 5174 Bellis
3007 5119 3256 5186 civilibus,
3279 5122 3370 5176 lib.
3403 5138 3482 5176 ιχ.

1883 5204 1986 5254 Κιὶ
2010 5201 2285 5268 crevistisro
2312 5203 2361 5268 ei
2385 5201 2532 5267 τρεῖς,
2564 5202 2804 5263 Καίσαρος
2841 5199 2886 5246 ἓν
2915 5199 3043 5263 μέσῳ
3080 5195 3162 5245 διὰ
3198 5204 3284 5250 τὶν
3332 5195 3490 5264 ἀρχὴ

1887 5293 1943 5342 πρ
1953 5271 2067 5325 tier
2077 5266 2275 5333 learns-op
2309 5266 2349 5321 11
2359 5266 2615 5342 εμιρυξ.

1959 5342 2327 5414 Disceptantes.
2363 5339 2540 5396 Editio
2569 5335 2888 5394 Oxonieusis
2916 5333 3079 5392 habet
3115 5336 3484 5462 digrepantes.

3223 5424 3376 5462 UZEL.

3223 5424 3376 5462 UZEL.

1957 5484 2560 5554 CAP.V.-—Quamqaant
2582 5480 2688 5544 tibi,
2713 5477 2887 5554 Marce
2903 5481 3078 5549 frater.
3101 5476 3347 5534 Caecilius
3369 5477 3486 5532 ctlt-

1888 5559 2039 5614 tticus
2083 5558 2370 5613 Minucium
2393 5551 2750 5608 Christianum
2797 5551 3007 5619 fratrem
3034 5558 3211 5614 vocat,
3253 5565 3489 5618 quocum

1889 5639 2006 5685 erat
2020 5630 2269 5685 amicitia:
2286 5623 2648 5681 familiaritate
2670 5619 3162 5689 conjunctissimus,
3180 5629 3234 5674 ut
3254 5621 3490 5672 indicant

1891 5702 1977 5756 illa
2001 5700 2202 5756 Octavii
2233 5699 2298 5753 ad
2329 5698 2612 5751 Minucium
2639 5692 2705 5747 de
2723 5691 2958 5759 Caecilio,
2977 5693 3179 5760 cap.5:
3211 5689 3488 5743 Hominem

1889 5773 2027 5827 danti
2047 5773 2270 5846 [orisque
2298 5769 2456 5846 lateri
2492 5775 2576 5820 tuo
2607 5767 2955 5846 iit/umentem.
3007 5763 3322 5846 “lustinus.
3341 5760 3493 5846 :De

1926 5860 2008 5902 tta.
2047 5833 2245 5902 Minue.
2291 5840 2365 5906 id,
2410 5839 2473 5893 de
2522 5853 2621 5909 quo
2642 5835 2940 5909 scripserit,
2972 5848 3196 5909 necesse
3222 5833 3494 5909 est._'l‘am

1926 5861 2008 5902 αθ.
2050 5861 2245 5902 Μιιιιιο.
2291 5861 2365 5906 ια,
2410 5861 2473 5893 tte
2522 5861 2621 5909 quo
2642 5861 2940 5905 δυϊψδυῐιι,
2972 5861 3196 5891 siccabat;
3222 5861 3322 5886 cat.
3370 5861 3494 5887 suus

1891 5861 2024 5970 dura
2055 5915 2197 5971 enim
2229 5912 2432 5983 ellipsis
2477 5923 2582 5967 non
2614 5907 2866 5964 convenit
2893 5905 3142 5976 scriptori
3191 5911 3302 5958 tam
3333 5899 3499 5956 latlrte
