3950 6310
198 327 294 389 9J9
1625 317 1989 378 OCTAVIUS.

201 447 423 505 meliores
466 443 635 514 ponus
674 439 1014 497 occumbere.
1091 438 1148 494 In
1202 454 1332 510 pace
1383 438 1580 506 etiam,
1647 455 1753 496 non
1782 443 1834 502 Α

200 548 376 597 tantum
417 543 651 605 aequatur
675 533 908 602 nequitia
942 531 1254 587 melioribus
1274 573 1287 596 ,
1321 531 1414 587 scd
1438 540 1491 586 et
1520 532 1710 587 colitur
1740 552 1752 588 :

199 634 315 688 utin
345 629 574 699 pluribus
617 628 826 682 nescias
863 637 1041 680 utrum
1085 629 1153 680 sit
1202 643 1389 682 eorum
1441 626 1756 684 detestanda

200 724 434 797 pravitas,
460 737 526 776 an
565 719 792 790 optanda
844 719 1091 774 felicitas.
1126 718 1225 792 (tv)
1254 719 1405 788 Quod
1433 720 1477 775 si
1524 721 1755 777 mundus

199 817 350 873 divina
397 814 724 886 providentia
774 821 828 869 et
876 814 1105 884 alicujus
1151 815 1388 870 nuruinis
1438 815 1755 871 auctoritate

198 919 462 983 regeretur,
485 924 773 979 numquam
801 918 1100 964 mereretur
1128 909 1369 965 Phalaris
1393 920 1448 965 et
1473 911 1755 984 Dionysius

198 1019 428 1074 regnum,
485 1017 773 1072 numquam
823 1001 1053 1058 Rutilius
1097 1012 1151 1059 et
1179 1002 1433 1059 Camillus
1463 1005 1708 1060 exsilium
1735 1049 1749 1072 ,

196 1111 449 1164 numquam
481 1095 732 1151 Socrates
762 1111 1046 1150 venenum.
1081 1094 1158 1166 (v)
1188 1096 1328 1151 Ecce
1357 1097 1571 1152 arbusta
1589 1098 1751 1168 frugi-

197 1190 305 1250 fera.
336 1204 453 1244 ecce
479 1189 589 1259 jam
615 1204 769 1260 seges
807 1204 960 1250 cana.
985 1189 1094 1260 jam
1137 1190 1431 1246 temulenta
1479 1192 1750 1248 vindemia

197 1281 329 1336 imbri
362 1281 734 1351 corrumpitur,
776 1279 1032 1350 grandine
1062 1281 1284 1336 caeditur
1317 1300 1330 1338 :
1359 1282 1492 1338 adeo
1534 1293 1623 1337 aut
1667 1283 1752 1339 in-

197 1384 319 1430 certa
339 1374 484 1428 nobis
517 1375 712 1429 veritas
738 1373 1036 1430 occultatur
1061 1384 1115 1429 et
1137 1375 1430 1444 premitur;
1459 1384 1570 1440 aut,
1611 1377 1752 1448 quod

195 1467 336 1534 magis
361 1465 686 1522 credendum
716 1475 820 1531 est,
848 1466 1011 1521 variis
1052 1475 1108 1522 et
1152 1467 1371 1523 lubricis
1399 1468 1640 1537 casibus,
1666 1485 1752 1525 so-

194 1557 281 1615 luta
307 1560 502 1632 legibus
533 1559 746 1616 fortuna
775 1559 1105 1616 dominatur.

2485 431 2712 493 CAPUT
2751 434 2841 490 VI.

1858 591 2238 634 assensurum.
2261 606 2332 616 —
2365 571 2612 644 Quaelibet
2659 577 2799 630 natio
2819 617 2834 642 ,
2877 589 2937 629 ac
2981 574 3202 630 Romani
3231 582 3445 649 postm0«

1929 673 2052 726 dum
2083 671 2293 726 numina
2313 687 2406 725 sua
2436 671 2506 724 ita
2532 670 2766 736 coluere,
2812 679 2865 724 ut
2915 686 3086 726 eorum
3131 671 3326 726 cultum
3371 687 3460 726 su-

1931 783 2157 839 premum
2183 767 2334 822 totius
2364 765 2498 821 orbis
2529 775 2675 820 terra:
2705 765 2972 836 imperium
3001 765 3190 835 fuerint
3219 765 3454 820 assecuti.

1929 906 2062 962 Cum
2103 907 2260 978 igitur
2303 916 2396 962 aut
2440 907 2648 963 fortuna
2671 916 2838 972 certa,
2868 915 2959 963 aut
3010 907 3216 964 incerta
3266 918 3452 965 natura

1856 1002 1943 1068 sit,
1999 1009 2200 1072 quanto
2244 1001 2600 1056 venerabilius
2623 1015 2685 1055 ac
2711 1001 2924 1067 melius,
2963 1001 3227 1056 antistites
3254 1001 3453 1056 verita-

1859 1093 1924 1147 tis
1956 1093 2218 1163 majorum
2239 1092 2494 1164 excipere
2509 1092 2844 1162 disciplinam
2864 1135 2878 1159 ,
2913 1092 3200 1164 religiones
3231 1092 3452 1148 traditas

1858 1187 2066 1253 colere;
2134 1187 2265 1242 deos
2317 1202 2450 1258 quos
2502 1202 2530 1240 a
2581 1187 2889 1256 parentibus
2934 1197 3059 1242 ante
3113 1187 3350 1242 imbutus
3393 1204 3453 1244 es

1858 1280 2080 1346 timere,
2141 1295 2300 1350 quam
2351 1295 2510 1335 nosse
2559 1278 2896 1345 familiarius,
2938 1279 3199 1344 adorare;
3258 1295 3357 1336 nec
3384 1280 3452 1336 dc

1858 1373 2165 1428 numinibus
2189 1372 2329 1428 ferre
2374 1374 2726 1440 sententiam,
2757 1373 2850 1428 scd
2883 1376 2903 1404 ⁸
2932 1372 3199 1443 prioribus
3224 1372 3451 1430 credere

1859 1467 1968 1538 qui,
2019 1465 2194 1520 adlmc
2239 1465 2358 1521 rudi
2409 1465 2630 1530 sccculo,
2694 1466 2859 1537 ipsius
2904 1464 3088 1520 nmudi
3143 1464 3448 1531 natalibus,

1859 1569 2176 1617 meruerunt
2222 1559 2352 1617 deos
2411 1561 2497 1617 vel
2562 1559 2744 1617 faciles
2794 1558 3024 1628 habere,
3101 1558 3188 1615 vel
3263 1559 3452 1630 reges!

1479 1697 1839 1758 VARIORUM
1877 1697 2107 1756 NOTAE.

192 1839 393 1896 auctoris
439 1840 615 1895 nostri
655 1840 972 1909 scripturam
1004 1856 1017 1892 :
1049 1854 1165 1892 cum
1211 1836 1332 1894 belli
1377 1837 1532 1892 ardor
1583 1839 1742 1893 sumit.

1923 1838 2104 1894 Adhuc
2116 1840 2234 1894 rudi
2249 1844 2458 1899 stecnlo.
2473 1841 2602 1896 Haec
2621 1840 2782 1896 verba
2799 1839 2996 1896 desunt
3014 1840 3067 1896 in
3085 1839 3173 1897 ed.
3191 1840 3450 1910 Gronov.,

193 1913 273 1980 Qui
299 1923 462 1966 tamen
492 1913 580 1983 vir
608 1910 952 1966 doctissimus
986 1910 1087 1983 hoc
1116 1910 1483 1983 impersonali.
1517 1926 1583 1966 ex
1616 1926 1746 1983 neu-
1853 1920 2122 1983 typorum,
2157 1923 2213 1965 ut
2251 1918 2466 1983 opinor.
2498 1914 2644 1968 vitio.
2681 1913 2946 1968 Lmnusn.

195 1996 261 2037 ιιι)
289 1986 452 2038 activo
490 1982 759 2055 formato,
807 1984 976 2053 magis
995 1981 1324 2055 offendatur,
1367 1998 1526 2052 quam
1570 1982 1749 2037 verbis
1878 1981 1887 1983 ⁷
1925 1981 3454 2055 lnipsiusmundinatalibus.Nonopinorimpleriempha-

193 2055 291 2118 itur,
317 2065 488 2119 statur,
519 2054 772 2124 equidem
806 2069 910 2108 non
960 2053 1136 2126 video,
1165 2054 1550 2126 maximeicum
1609 2069 1747 2123 prtn-
1854 2055 1938 2109 sin
1974 2056 2042 2109 ab
2065 2059 2397 2123 pronomine,
2429 2057 2657 2126 quatnin
2677 2072 2742 2110 eo
2759 2053 3101 2112 voluitsitam
3116 2073 3235 2111 esse
3253 2053 3449 2114 Minue.

194 2136 276 2180 ter.
304 2127 513 2180 stenitum
544 2137 620 2180 cst
651 2135 899 2180 occurrat
925 2125 1065 2196 apud
1093 2124 1352 2179 Velleium
1373 2166 1386 2190 ,
1411 2125 1504 2180 lib.
1537 2141 1594 2186 tt.
1625 2139 1746 2194 cap.
1855 2127 1899 2181 si
1934 2126 2122 2181 edatur
2149 2127 2199 2180 in
2217 2129 2377 2196 ipsius
2403 2124 2583 2183 mundi
2613 2137 2742 2187 nal..
2775 2130 3053 2194 proutvult
3075 2143 3177 2183 ms.
3207 2127 3453 2197 Itnplebit

194 2198 248 2251 Ἠ
274 2216 285 2251 :
322 2197 382 2251 In
404 2197 685 2252 Perusinos
715 2199 877 2267 magis
908 2199 987 2250 ira
1014 2197 1270 2264 militum,
1310 2214 1460 2259 quam
1491 2197 1751 2268 uoluntate
1855 2208 2056 2263 autem,
2075 2199 2116 2251 si
2141 2201 2489 2268 scripserisin
2513 2200 2637 2265 ipsis
2651 2200 2830 2253 mundi
2846 2210 3049 2262 nat.,ut
3068 2198 3225 2258 infra.
3245 2203 3308 2253 ab
3328 2203 3452 2268 ipsis

193 2270 384 2322 smitam
413 2269 584 2324 ducis.
613 2268 834 2325 Curtius
857 2268 952 2324 lib.
981 2283 1093 2324 vm.
1123 2283 1242 2338 cap.
1270 2269 1358 2335 19,
1391 2269 1423 2324 6
1455 2285 1468 2322 :
1499 2267 1669 2322 Etiam
1697 2268 1751 2322 in

195 2349 298 2394 tecta
329 2343 542 2396 sa'vitum
577 2352 668 2398 est.

251 2411 404 2467 Sedet
427 2415 637 2467 colitur.
670 2412 796 2468 Hmc
820 2420 902 2466 est
947 2413 1273 2481 exemplaris
1316 2411 1493 2467 lectio.
1529 2412 1638 2476 AL,
1668 2410 1757 2466 sed

194 2484 427 2538 attollitur.
476 2486 747 2547 Davisius,
788 2485 876 2538 sed
907 2485 1243 2552 prazponitur.
1268 2483 1630 2550 Wopkensius
1661 2482 1756 2538 de-

194 2553 255 2609 let
297 2556 393 2609 sed.
425 2556 549 2611 Mihi
589 2558 745 2622 plane
773 2556 904 2610 nihil
947 2557 1255 2610 mutandum
1298 2557 1524 2610 videtur.
1575 2555 1756 2624 Neque

194 2629 493 2696 perspexisse
515 2627 774 2682 videntur
801 2627 946 2681 vocis
975 2628 1156 2681 colitur
1180 2626 1492 2688 efficaciam.
1524 2627 1612 2696 qui
1639 2641 1756 2681 mu-

195 2700 374 2752 tandam
403 2710 754 2755 censuerunt.
781 2699 895 2754 Non
937 2700 1101 2759 enim.
1135 2700 1176 2752 si
1207 2710 1435 2769 a‘quatur
1465 2699 1754 2753 melioribus

194 2772 421 2838 nequitia,
475 2773 660 2824 statim
700 2781 754 2826 et
796 2771 998 2825 colitur.
1044 2769 1137 2824 Illa
1184 2771 1328 2827 enim
1377 2787 1442 2826 eo
1484 2772 1599 2841 ipso
1643 2771 1752 2839 jam

192 2852 391 2904 a'qualur
411 2844 726 2908 melioribus,
757 2844 800 2898 si
831 2843 1048 2911 impuuc
1069 2841 1196 2896 licet
1222 2861 1341 2899 esse
1365 2859 1611 2913 nequam.
1649 2843 1754 2898 Sed

193 2915 350 2966 colitur
369 2916 546 2979 etiam,
586 2917 627 2969 si
664 2915 911 2969 homines
957 2913 1184 2982 improbi
1226 2915 1366 2972 eain
1400 2915 1608 2968 fortuna
1661 2929 1756 2983 po-

196 2996 383 3052 nuntur,
431 2996 485 3040 ιιι
524 2988 621 3041 alii
650 2987 892 3040 venerari
922 3001 1015 3041 eos
1045 2987 1195 3054 quasi
1223 2997 1529 3043 mereantur
1549 3028 1562 3049 ,
1617 2995 1672 3041 et
1700 2987 1752 3041 in

196 3071 360 3124 magno
388 3061 596 3113 honore
648 3059 846 3113 habere
874 3065 1152 3125 cogantur.
1203 3060 1314 3114 lloc
1340 3062 1480 3113 enim
1511 3059 1621 3111 vult
1652 3073 1753 3112 vox

193 3127 560 3220 colerjezCiccro
591 3130 874 3220 aliquoties
901 3129 1063 3184 colere
1083 3138 1130 3182 et
1159 3130 1422 3185 observare
1450 3129 1747 3220 eopjuugi't,
1779 3157 1824 3220 ρ

193 3207 239 3252 ιιι
259 3204 319 3252 ad
336 3201 509 3256 divers.
537 3219 657 3260 xm.
692 3202 782 3266 78,
814 3200 994 3266 Meque
1018 3211 1200 3270 praeter
1223 3214 1427 3257 cazteros
1454 3200 1572 3256 colit
1604 3211 1649 3254 et
1666 3202 1754 3254 ob-

192 3283 346 3344 servat.
381 3275 438 3328 Iit
458 3275 521 3328 de
556 3273 706 3344 Oﬂic.
737 3290 774 3338 ι,
793 3274 855 3327 41
883 3291 895 3326 :
929 3271 1032 3326 Eos
1055 3290 1266 3343 quorum
1291 3275 1392 3328 vita
1420 3283 1678 3344 perspecta
1704 3275 1755 3327 in

193 3342 319 3398 rebus
343 3345 556 3401 honestis
582 3342 732 3412 atque
750 3346 944 3415 magnis
970 3342 1135 3408 est,...
1170 3347 1315 3400 sicuti
1353 3342 1542 3415 aliqro
1568 3348 1758 3400 honore

192 3421 230 3486 et
245 3416 435 3479 imperio
464 3418 684 3486 aﬂ'ectos
705 3417 968 3471 observare
983 3425 1026 3470 et
1049 3418 1212 3472 colere
1231 3417 1483 3471 debemus.
1507 3415 1749 3472 GRUNER.

195 3484 224 3558 l.
245 3501 284 3539 c.
299 3519 363 3528 —
379 3484 590 3552 Elliiisi,
619 3490 833 3544 duriore
851 3504 1001 3554 sane,
1029 3489 1452 3544 subaudiendum
1476 3487 1633 3550 foret,
1650 3505 1757 3558 pra:

195 3555 295 3622 illis,
341 3563 451 3615 scil.
487 3560 826 3616 melioribus.
850 3560 1208 3628 Quamobrem
1262 3577 1366 3615 non
1408 3555 1754 3629 rejii-iendum

193 3631 308 3696 quod
336 3633 545 3701 conjicit
569 3634 769 3697 Davis.,
787 3636 874 3686 sed
897 3633 1211 3703 prwponitur
1231 3648 1249 3687 :
1266 3633 1366 3687 nisi
1387 3633 1540 3697 forte,
1559 3631 1757 3687 leviore

195 3703 469 3768 mutatione,
497 3705 786 3760 malimus:
811 3705 860 3756 in
894 3721 1016 3772 pace
1041 3704 1188 3758 etiam
1215 3705 1267 3757 in
1311 3715 1502 3758 tantum
1531 3713 1758 3774 aequatur

193 3775 381 3846 nequitia
406 3777 703 3830 melioribus
728 3785 773 3830 et
799 3775 999 3840 colitur,
1031 3786 1084 3829 ut
1108 3778 1162 3830 in
1190 3775 1417 3846 pluribus
1439 3777 1520 3831 vel
1569 3785 1754 3844 potus:

194 3841 375 3907 Inpacc
398 3850 551 3902 etiam
576 3864 680 3903 non
711 3857 904 3902 tantum
934 3859 1166 3917 a'quatur
1190 3841 1420 3914 nequitia
1443 3841 1752 3912 melioribus,

192 3917 265 3967 sed
290 3918 352 3971 ita
371 3920 577 3982 colitur,
614 3930 667 3973 ut
695 3921 746 3972 in
769 3919 1023 3988 pluribus,
1055 3929 1162 3974 etc.
1190 3921 1282 3974 i.c.
1319 3929 1374 3972 ut
1403 3921 1581 3988 plures
1609 3921 1754 3985 mali,

191 4001 324 4053 quam
339 3991 456 4044 boui
482 3991 672 4046 felices
699 3989 1220 4047 sint.WorK.—Sed
1241 4001 1285 4044 et
1312 3989 1471 4046 habet
1501 3990 1635 4044 Plin.
1660 4007 1752 4057 vn,

193 4056 286 4131 305
316 4060 416 4116 Sed
453 4074 500 4116 et
532 4072 765 4116 nostram
806 4064 1020 4130 gloriam
1050 4079 1450 4131 percenseamus.
1496 4056 1757 4118 Lmoaan.

251 4128 477 4204 Phalaris
507 4144 556 4188 et
587 4128 886 4204 Dionysius.
917 4128 1087 4190 liabet
1114 4150 1181 4186 ex
1210 4134 1490 4200 CicerOue,
1523 4137 1612 4200 qui
1643 4135 1760 4190 hinc

193 4198 326 4259 latius
351 4205 560 4260 diduxit
608 4205 672 4260 de
705 4198 831 4260 Nat.
884 4205 1040 4262 Deor.
1088 4205 1182 4260 lib.
1216 4221 1292 4271 ιιι,
1339 4198 1493 4331 capp}
1539 4198 1630 4271 '52,
1663 4207 1754 4263 55.

1404 4292 1543 4331 Αγιε.

1404 4292 1543 4332 Αγιε.

247 4345 354 4400 lum
381 4350 658 4403 temulenta
689 4348 960 4404 vindemia.
992 4349 1241 4405 Proxima
1273 4358 1510 4416 temeto;
1562 4348 1629 4404 de
1659 4364 1760 4420 qua

193 4430 295 4472 mox
323 4431 576 4476 temetum
609 4420 731 4476 ﬁat:
767 4422 906 4478 unde
936 4433 989 4476 et
1018 4421 1318 4476 ternuleuti.
1338 4421 1650 4477 RIGALTIUS.

248 4510 356 4588 [am
385 4532 526 4586 seges
571 4532 723 4570 cana.
755 4515 1020 4588 Reseribit
1048 4516 1238 4588 I‘Ieum.
1291 4517 1396 4581 iant
1420 4533 1548 4570 cana
1599 4533 1756 4588 seges,

192 4583 268 4636 sed
291 4583 590 4655 perperam.
619 4587 1081 4642 l’romiscueenim
1101 4587 1296 4642 Noster
1315 4587 1579 4655 adjet-tiva
1604 4583 1763 4643 modo

193 4660 444 4722 I'f-l'lmttil,
491 4658 656 4712 modo
689 4659 982 4728 postponit.
1026 4659 1192 4725 Quum
1243 4669 1330 4712 aut
1378 4664 1586 4727 fortuna
1628 4670 1765 4714 certa

191 4737 264 4798 aut
289 4730 473 4784 incerta
500 4741 689 4785 natura
717 4731 800 4784 sit.
835 4732 888 4795 7,
919 4731 1304 4784 dantcautelam
1333 4732 1569 4798 periculis
1591 4773 1606 4794 ,
1626 4748 1766 4785 mor-

192 4796 532 4873 bismedclam.
592 4803 680 4863 51,
711 4816 892 4856 nonut
944 4803 1222 4872 afﬁrmatur
1263 4796 1601 4856 testimonium
1628 4804 1765 4873 fecit,

191 4869 266 4920 sed
289 4875 567 4928 convicium
595 4884 647 4927 ut
677 4885 850 4928 orator
875 4869 1146 4943 adspersit.
1176 4873 1357 4929 Wow.
1393 4883 1542 4928 notat
1573 4869 1637 4926 in
1661 4889 1762 4929 ms.

191 4953 295 4996 esse
331 4946 507 5014 ﬂava,
561 4946 658 5000 sed
717 4955 950 5013 nonest;
1001 4955 1262 5000 testantur
1308 4945 1488 5071 Herirn.
1541 4953 1596 5000 et
1643 4945 1763 5018 Rig.

1442 5033 1658 5071 nausea.

1442 5033 1658 5072 INDNER.

251 5108 380 5162 Adeo
426 5121 538 5165 aut.
595 5109 723 5165 Haec
770 5110 931 5166 lectio
986 5125 1092 5165 non
1145 5117 1226 5164 est
1274 5123 1338 5164 ex
1392 5109 1769 5165 emendatione

192 5174 383 5254 llctirsii
439 5197 537 5251 pro
588 5182 802 5254 vulgata
859 5183 986 5236 adeo
1035 5194 1119 5250 ut,
1169 5181 1263 5236 sed
1309 5191 1392 5237 cst
1441 5181 1600 5236 lectio
1655 5182 1768 5252 ipsa

193 5262 282 5305 ms.
316 5250 579 5310 Linum-zu.

251 5344 371 5402 Car.
405 5347 586 5404 VI.-—-
616 5347 817 5414 Quanto
871 5347 1226 5402 venerabilius.
1273 5346 1330 5400 In
1377 5345 1605 5414 vulgatis
1652 5357 1767 5402 erat

191 5419 397 5482 quando.
431 5419 540 5473 Sed
574 5420 752 5475 laurea
780 5437 844 5475 ex
889 5420 987 5474 hac
1007 5417 1383 5473 emendatione
1409 5417 1633 5474 debetur
1660 5434 1766 5474 non

189 5483 423 5552 Meursio.
457 5491 554 5545 sed
578 5491 705 5546 Her.
733 5495 821 5559 qui
845 5492 923 5548 sic
951 5507 1015 5546 ex
1051 5490 1236 5545 edidit.
1281 5489 1540 5544 LINDNER.

251 5561 504 5633 Antistites
568 5565 807 5619 veritatis.
869 5564 992 5617 Il:cc
1035 5573 1116 5619 cst
1156 5563 1385 5632 germina
1447 5561 1570 5615 cod.
1636 5562 1767 5633 regii

191 5626 353 5684 Iceliu.
381 5632 518 5701 Imp.
551 5638 842 5690 antistitem.
877 5635 1008 5690 ΕΜ).

252 5703 375 5756 Ante
405 5706 626 5761 imbutus
652 5725 703 5761 cs
735 5709 927 5761 timere.
951 5707 1262 5762 [lectissima
1291 5718 1366 5760 ρει
1391 5705 1504 5758 hmc
1529 5704 1645 5760 libri
1676 5721 1768 5762 ve-

191 5775 304 5846 teris
333 5778 615 5845 scriptura.
650 5778 717 5833 Et
743 5778 1171 5839 inmersoualiter
1201 5778 1415 5846 quidem
1454 5779 1764 5846 accipienda

190 5842 408 5901 videtur.
445 5842 966 5920 illurn—Vulgo“
1007 5851 1180 5914 male:
1213 5842 1430 5916 imbutus
1455 5842 1760 5918 t'a‘ist'imttt’e,

191 5930 328 5981 quam
357 5935 613 5989 cognosse.
642 5921 900 5980 LINDNER.

1857 2270 2060 2339 imperii
2082 2273 2331 2326 nascentis
2348 2271 2691 2326 incunabulis.
2716 2271 2872 2326 Certe
2893 2272 3052 2325 etiam
3076 2271 3152 2324 sic
3175 2271 3454 2328 ediderant

1858 2341 1984 2395 olim
2015 2340 2190 2396 Wow.
2221 2353 2274 2398 et
2302 2342 2584 2408 Elmenh.,
2617 2343 2714 2396 etsi
2746 2352 2905 2412 queat
2952 2342 3165 2410 placere
3211 2344 3454 2412 enallage

1858 2428 2101 2467 casuum.
2132 2414 2284 2479 Quod
2311 2425 2489 2470 autem
2518 2431 2582 2469 ex
2606 2428 2832 2484 persona
2857 2413 3055 2469 Caecilii
3085 2428 3225 2466 nunc
3249 2415 3454 2481 profert

1858 2494 2070 2548 auctor.
2099 2485 2254 2554 plane
2305 2495 2473 2541 totum
2506 2485 2670 2539 habes
2701 2496 2757 2538 ut
2782 2495 3059 2554 acceptum
3084 2493 3138 2538 et
3166 2485 3448 2553 probatum

1859 2557 1988 2610 olim
2021 2556 2320 2624 Germanis,
2349 2558 2487 2626 apud
2519 2557 2687 2611 Tacit.
2719 2558 2768 2610 in
2795 2555 3124 2626 Germ.,cap.
3156 2557 3254 2610 ωε
3288 2555 3453 2611 liere-

1858 2628 2049 2682 rentius
2075 2628 2234 2682 visunt
2257 2640 2326 2684 est
2356 2631 2418 2684 dc
2443 2630 2568 2683 actis
2594 2628 2802 2682 deorum
2840 2628 3065 2754 crederet,
3108 2643 3258 2694 quam
3300 2631 3450 2685 scire.

3047 2713 3236 2753 aonov.

3047 2713 3236 2753 RONOV.

1935 2770 1988 2844 Μ
1995 2783 2231 2826 eruerant
2258 2773 2377 2827 deos
2403 2773 2480 2827 vel
2504 2773 2680 2844 faciles
2717 2769 2919 2844 habere,
2948 2773 3026 2844 vel
3055 2785 3215 2840 reges.
3249 2770 3454 2844 Faciles

1859 2842 1989 2898 dicit
2019 2844 2308 2908 beneficos,
2342 2845 2478 2899 bene
2505 2841 2749 2899 meritos.
2786 2841 2988 2897 Plinius
3016 2842 3108 2895 lib.
3144 2857 3224 2896 tt.:
3259 2842 3360 2896 llic
3381 2853 3453 2896 cst

1858 2916 2226 2988 vetustissimus
2249 2917 2498 2988 referendi
2527 2918 2648 2970 bene
2676 2916 2974 2988 merentibus
3003 2914 3220 2988 gratiam
3245 2931 3372 2978 mos,
3398 2925 3454 2988 ut

1859 2987 1983 3040 tales
2037 2985 2326 3042 numinibus
2375 2988 2731 3041 adscribuntur
2759 2987 2982 3049 “IGALT,
3015 3015 3083 3024 —
3112 2985 3273 3040 Miror
3313 2986 3454 3041 unde

1860 3058 2053 3112 factum
2087 3069 2141 3114 ut
2168 3061 2248 3113 vir
2279 3059 2620 3113 doctissimus
2650 3058 2762 3113 Jac.
2823 3057 3136 3112 Perizonius
3164 3055 3263 3110 hoc
3297 3056 3346 3110 in
3373 3058 3452 3110 lo-

1857 3145 1923 3185 co
1952 3132 2251 3197 reposuerit
2277 3133 2354 3185 vel
2382 3143 2550 3200 patres
2577 3129 2796 3184 habuere
2841 3129 2917 3182 vel
2969 3145 3140 3198 reges,
3191 3142 3310 3182 cum
3353 3143 3453 3183 nec

1858 3217 2047 3256 omnes
2080 3202 2115 3256 ii
2144 3203 2231 3270 qui
2261 3199 2439 3257 statim
2473 3211 2844 3267 recensentur,
2873 3200 2957 3255 vel
2989 3210 3167 3268 patres
3193 3199 3339 3254 fuere
3369 3201 3452 3255 vel

1859 3289 2034 3345 reges.
2070 3273 2276 3345 Faciles
2297 3285 2421 3345 sunt
2451 3273 2642 3340 placidi
2675 3282 2729 3328 et
2762 3273 2998 3345 propitii,
3027 3285 3091 3328 ac
3113 3270 3336 3342 proinde
3357 3272 3452 3328 be-

1859 3344 2035 3401 nefici.
2069 3344 2323 3416 Virgilius
2350 3343 2531 3417 Eclog.
2552 3361 2628 3414 nl,
2653 3346 2686 3402 9
2721 3365 2733 3400 :

2298 3486 2492 3539 Faciles
2510 3489 2731 3554 nympha:
2749 3490 2908 3539 risere

1859 3617 1962 3692 Ubi
1998 3619 2217 3675 Servius
2260 3619 2362 3675 hoc
2389 3620 2550 3676 modo
2577 3640 2589 3675 :
2615 3620 2742 3675 Ideo
2765 3663 2780 3686 ,
2806 3621 2996 3692 inquit,
3030 3622 3286 3677 indulsere
3310 3639 3453 3692 nym-

1861 3691 1996 3763 pltte,
2026 3693 2143 3755 quia
2169 3692 2312 3746 mites
2339 3703 2454 3745 sunt
2479 3704 2524 3763 et
2575 3691 2891 3759 exorabiles;
2930 3696 3009 3748 sic
3039 3697 3089 3747 in
3130 3691 3407 3763 GeorgiCis
3437 3712 3449 3747 :

1862 3761 1932 3815 Et
1962 3762 2688 3838 facilesquenerarc‘Napwas.
2720 3764 3041 3821 Prudentius
3063 3775 3249 3822 contra
3282 3761 3453 3838 ‘Synt-

1861 3835 2110 3890 machum
2153 3835 2241 3890 lib.
2274 3851 2329 3903 ιι,
2374 3835 2477 3891 804
2509 3835 2538 3891 τ’
3343 3835 3353 3838 '
3431 3874 3438 3880 .

1986 3988 2069 4052 Sic
2095 3990 2294 4052 probus,
2325 3998 2473 4052 atque
2499 4004 2618 4040 reus
2640 3991 2862 4042 capitalis
2879 3993 3094 4042 criminis
3110 3992 3270 4042 isdem

1988 4050 2268 4114 Sideribus,
2294 4050 2551 4117 facilisque
2570 4053 2666 4104 boli
2689 4055 2912 4105 bonitate
2936 4052 3182 4106 fruuntur.

1864 4199 2005 4276 Hinc,
2029 4201 2169 4271 apud
2200 4201 2494 4276 Arnobiutn
2528 4203 2674 4257 lib.t.
2696 4217 2827 4276 pag.
2854 4204 2920 4258 5:
2949 4205 3191 4276 Sequitur
3218 4216 3269 4260 ut
3291 4203 3454 4260 abun-

1865 4273 2053 4348 tlantitc
2079 4285 2300 4348 tempore
2323 4274 2447 4348 (dii),
2470 4276 2586 4328 irati
2602 4273 2925 4346 difﬁcilesque
2942 4273 3041 4330 non
3060 4280 3178 4332 sint.
3207 4277 3263 4332 In
3283 4279 3458 4332 ethni-

1864 4345 1941 4418 cis
1963 4354 2140 4399 autem
2175 4345 2370 4418 mullos
2401 4347 2470 4400 ob
2502 4362 2723 4401 munera
2749 4345 3051 4418 artiumque
3095 4349 3454 4404 inventionem

1865 4415 1998 4472 deos
2030 4433 2150 4472 esse
2198 4417 2430 4476 habitos.
2481 4419 2678 4473 nemini
2736 4419 2883 4474 latet.
2940 4415 3072 4475 Vide
3123 4421 3454 4475 Clementem

1866 4488 2286 4561 Alexandrinum
2329 4490 2380 4544 in
2411 4487 2666 4560 Protrept.
2701 4506 2820 4561 pag.
2851 4492 2941 4558 15,
2981 4493 3042 4557 A,
3091 4491 3178 4547 ed.
3209 4491 3458 4561 Lugduu.

1787 4565 1840 4624 D
1867 4559 2029 4634 1616.
2079 4561 2428 4634 etNostrum.
2463 4559 2710 4634 caprxx.
2737 4559 2916 4618 Diuus.
2950 4594 3022 4602 —
3051 4564 3247 4618 Schefl'.
3296 4559 3458 4618 socios

1872 4633 1947 4686 vel
2004 4633 2283 4702 familiares
2357 4633 2640 4700 rescribit,
2715 4650 2848 4690 voce
2923 4636 3124 4703 fantiles
3185 4645 3458 4690 contractu

1872 4703 2068 4772 scripta
2119 4719 2239 4757 cmn
2274 4704 2462 4759 lineola
2517 4705 2569 4760 in
2620 4707 2812 4776 capite.
2848 4706 3037 4762 I-Ieum.
3067 4707 3216 4770 cives,
3273 4707 3343 4760 ob
3395 4723 3456 4762 ea

1873 4790 1991 4844 qua:
2069 4784 2362 4844 sequuntur
2426 4792 2544 4846 cap.
2604 4776 2695 4832 20.
2765 4778 2868 4833 Sed
2945 4777 3026 4832 ha:
3093 4779 3457 4834 cerrectioues

1872 4855 1998 4900 sunt
2046 4846 2308 4916 ejusmodi
2341 4889 2354 4913 ,
2411 4858 2466 4901 ut
2536 4850 2616 4903 vel
2678 4865 2743 4904 ex
2793 4851 3128 4906 dissensione
3185 4849 3453 4919 partium,

1874 4919 2067 4991 malum
2100 4935 2315 4974 causam
2351 4919 2525 4991 possis
2565 4921 2900 4975 subodorari.
2937 4922 3072 4989 Quid
3100 4931 3182 4976 est
3231 4921 3372 4991 quod
3404 4923 3455 4976 iu

1874 4988 2104 5044 lectione
2148 4988 2365 5060 recepta
2391 4990 2668 5046 offendat?
2699 4995 2766 5047 At
2797 4992 2883 5045 illa
2913 4988 3114 5060 omime
3140 4988 3262 5045 eum
3293 5004 3456 5047 carto-

1873 5061 1947 5115 ris
1978 5061 2187 5134 Minucii
2218 5063 2396 5134 verbis
2423 5062 2679 5118 colum-et.
2723 5063 2854 5134 Cap.
2892 5063 2954 5118 2f
3005 5062 3133 5117 dicit
3159 5063 3351 5118 Noster
3395 5065 3455 5118 ob

1872 5134 2053 5207 merita
2091 5133 2365 5207 uirtutis__(
2387 5151 2451 5188 en
2484 5134 2678 5207 rcges)
2725 5148 2812 5189 aut
2856 5137 3077 5189 muneris
3108 5135 3207 5207 (en
3235 5135 3456 5207 faciles)

1874 5203 1993 5277 deos
2020 5205 2236 5277 habitos.
2295 5203 2488 5260 verum
2522 5203 2734 5275 quidem
2765 5216 2846 5261 est
2868 5207 3006 5275 quod
3053 5203 3227 5277 capite
3257 5203 3456 5272 prince;

1875 5275 2035 5331 dente
2063 5276 2264 5332 mentio
2299 5277 2390 5331 fiat
2418 5278 2622 5342 civium,
2655 5277 2749 5332 sed
2796 5293 2897 5330 non
2931 5275 3132 5333 civium
3169 5279 3414 5332 absolute
3440 5321 3453 5344 ,

1872 5347 1965 5401 sed
1992 5358 2044 5400 ut
2059 5349 2239 5420 civium
2262 5349 2408 5403 bona:
2429 5352 2705 5412 memorite,
2734 5349 2788 5420 lt.
2814 5365 2862 5403 e.
2885 5351 3068 5403 talium
3112 5351 3200 5420 qui
3229 5348 3454 5419 alicujus

1873 5419 2111 5474 muneris
2143 5421 2223 5475 vel
2256 5422 2386 5474 artis
2417 5421 2720 5476 inventione
2772 5419 2955 5475 faciles
2983 5435 3042 5476 se
3088 5419 3295 5475 civibus
3347 5421 3458 5478 suis

1875 5490 2235 5559 praebuerunt,
2265 5506 2435 5562 eoque
2463 5492 2578 5562 ipso
2604 5493 2798 5547 bonam
2832 5493 3143 5547 memoriam
3173 5502 3296 5546 sunt
3323 5508 3456 5546 emi-

1872 5563 2064 5616 secuti.
2100 5563 2294 5618 Verum
2342 5565 2524 5627 etiam,
2551 5564 2688 5633 quod
2713 5563 2909 5619 Scltcll‘.
2943 5573 3106 5632 laxat,
3140 5565 3457 5634 parumjus-

1874 5643 1977 5706 tarn
1998 5634 2499 5702 sibioppositioncm
2519 5635 2871 5706 videri,quam
2897 5636 3129 5704 postulet
3145 5635 3452 5706 colijunctio

1873 5705 1969 5758 uel.
2014 5706 2118 5759 Sed
2150 5707 2346 5760 nullam
2376 5705 2767 5777 Oj‘p‘tSIliOltCIIl
2815 5708 2898 5761 hic
2926 5708 3098 5760 locum
3120 5705 3336 5764 habere.
3361 5707 3456 5762 sed

1871 5779 1946 5850 uel
1978 5777 2257 5850 utrobique
2283 5778 2461 5850 valere
2489 5790 2535 5832 et
2566 5779 2702 5834 bene
2727 5791 2907 5834 monet
2933 5777 3129 5850 Wopk.
3162 5791 3212 5834 et
3243 5779 3460 5835 adducit

1871 5847 2128 5903 Severum
2160 5848 2300 5902 Hist.
2331 5849 2505 5917 Sacr,,
2541 5868 2578 5921 ι,
2613 5851 2704 5920 55,
2753 5861 2800 5906 et
2845 5867 2991 5911 sacra
3035 5847 3330 5908 ornamenta
3380 5852 3458 5910 vel

1871 5921 2093 5990 publica,
2127 5921 2203 5976 vel
2230 5922 2446 5990 privata.
