3980 6302
471 311 581 373 255

473 536 699 592 deorum
760 534 1102 606 praesentiam
1153 541 1462 603 contempta
1506 531 1743 604 auspicia
1770 542 2070 589 contestata

473 638 619 685 smn.
664 628 756 684 Sic
811 627 955 685 Allia
1003 643 1201 684 nomen
1250 625 1573 693 infaustum,
1629 627 1711 684 sic
1756 624 1961 681 Claudii
2016 634 2074 683 et

472 723 655 791 Junii,
691 739 798 779 non
832 721 1075 794 prmlium
1123 722 1176 777 in
1222 720 1453 787 Poenos,
1501 720 1594 777 sed
1640 719 1808 777 ferale
1855 719 2071 777 naufra-

473 818 620 890 gium
652 827 753 873 εει.
782 816 881 883 Et,
932 825 990 872 ut
1015 815 1367 872 Trasimenus
1394 815 1766 873 Romanorum
1810 818 2074 888 sanguine

474 920 531 968 et
580 911 752 981 major
778 919 924 967 esset
962 918 1015 965 et
1046 908 1287 977 decolor,
1342 909 1549 980 sprevit
1600 909 1820 981 auguria
1868 909 2071 965 Flami-

474 1004 634 1060 nius:
665 1013 749 1070 et,
808 1015 865 1059 ut
913 1002 1145 1059 Parthos
1193 1004 1343 1075 signa
1386 1018 1769 1075 reposcamus,
1821 1004 2071 1059 Dirarum

474 1098 891 1170 imprecationes
931 1096 1159 1153 Crassus
1197 1107 1252 1152 ct
1298 1098 1496 1153 meruit
1540 1105 1595 1153 et
1639 1096 1826 1152 irrisit.
1872 1096 2075 1154 Omitto

472 1202 690 1261 vetera,
741 1209 861 1265 quae
892 1193 1059 1249 multa
1091 1202 1249 1260 sunt,
1296 1200 1351 1248 et
1395 1190 1463 1248 de
1512 1191 1737 1248 deorum
1770 1192 2071 1263 natalibus,

472 1281 670 1353 donis,
703 1287 1050 1356 muneribus,
1084 1287 1299 1358 negligo
1330 1285 1568 1343 carmina
1598 1296 1908 1358 poetarum;
1941 1302 2077 1357 pra:-

472 1380 614 1437 dicta
647 1382 810 1439 etiam
840 1381 909 1437 de
930 1383 1164 1438 oraculis
1186 1381 1290 1436 fata
1311 1382 1661 1447 transilio,ne
1676 1381 1829 1435 vobis
1841 1380 2074 1451 antiqui-

473 1481 555 1530 tas
581 1474 806 1530 nimium
835 1473 1079 1530 fabulosa
1110 1474 1377 1530 videatur.
1410 1474 1633 1530 Intende
1661 1475 1873 1545 templis
1903 1488 1964 1529 ac
1978 1472 2075 1530 de-

471 1566 641 1622 lubris
666 1565 890 1622 deorum
915 1568 1106 1638 quibus
1123 1567 1365 1623 Romana
1383 1567 1570 1623 civitas
1586 1575 1642 1624 et
1658 1565 1952 1638 protegitur
1966 1567 2009 1598 ¹⁰
2022 1576 2077 1622 et

471 1668 738 1715 armatur:
758 1660 927 1731 magis
942 1670 1067 1717 sunt
1079 1671 1299 1732 augusta
1314 1662 1621 1717 numinibus
1637 1661 1825 1717 incolis
1842 1676 2077 1732 praesen-

474 1751 637 1818 tibus,
658 1752 952 1824 inquilinis,
985 1769 1146 1825 quam
1170 1756 1346 1811 cultus
1371 1755 1669 1827 insignibus
1689 1764 1743 1812 et
1765 1756 2077 1813 muneribus

1653 313 1864 372 MARCI
1905 315 2166 375 MINUCII
2205 315 2472 374 FELICIS
3650 323 3740 385 256

475 440 791 513 eoaeqoavit.
841 435 1202 511 Frequentius
1253 438 1416 496 etiam
1479 453 1641 512 quam
1711 438 2062 507 volebamus,
2092 437 2594 504 Acalamitatibus,
2650 434 2925 495 laboribus
2988 436 3353 494 levamentum

3403 453 3418 492 :
3464 438 3617 494 etiam
3658 455 3740 512 per

2173 533 2409 605 quietem
2437 532 2568 588 deos
2596 532 2842 589 videmus
2860 574 2877 602 ,
2905 530 3156 588 audimus
3178 571 3195 598 ,
3224 532 3561 605 agnoscimus
3581 575 3596 603 ,
3625 550 3741 607 quos

2173 627 2338 700 impie
2368 643 2465 699 per
2490 626 2633 684 diem
2662 642 2956 701 negamus,
2986 627 3271 696 nolumus,
3303 628 3619 701 peieramus.

2762 722 2996 783 CAPUT
3031 723 3163 780 VIII.

2175 815 2568 873 Ancouuruu.
2596 845 2670 857 —-
2693 815 2906 872 Mimine
2939 816 3154 890 ferenda
3193 816 3482 886 Theodori,
3530 818 3745 893 Diagora

2246 927 2306 966 ac
2332 909 2635 983 Protagorae
2656 912 2818 985 impia
2847 913 3122 973 temeritas.
3139 913 3228 984 qui
3243 910 3456 968 deorum
3479 914 3743 987 religionem

2248 1008 2329 1062 vel
2363 1011 2563 1080 penitus
2590 1008 2768 1064 tollere
2788 1051 2803 1074 ,
2847 1008 2925 1064 vel
2947 1008 3128 1064 saltem
3153 1008 3417 1078 inﬁrmare
3445 1009 3640 1065 voluere
3660 1029 3677 1075 ;
3699 1020 3742 1066 at

2247 1101 2408 1155 multo
2471 1100 2638 1156 minus
2701 1100 2825 1172 ferri
2879 1101 3023 1156 debet
3079 1100 3330 1155 latebrosa
3384 1110 3433 1155 et
3509 1102 3745 1174 lucifugae

2248 1193 2656 1250 Christianorum
2696 1195 2858 1259 natio,
2907 1194 2994 1265 qui
3041 1192 3163 1250 deos
3210 1193 3503 1265 despuunt,
3550 1203 3595 1249 et
3637 1204 3744 1250 antu

2246 1287 2378 1341 mori
2400 1296 2513 1358 post
2538 1296 2749 1343 mortem
2778 1288 2954 1342 timent
2976 1328 2992 1354 ,
3023 1287 3231 1350 interim
3256 1286 3387 1341 mori
3413 1303 3517 1341 non
3539 1286 3714 1342 timent.

2249 1378 2452 1450 Itaque,
2475 1394 2596 1435 cum
2619 1379 2860 1435 omnium
2882 1378 3119 1450 gentium
3144 1378 3213 1435 de
3230 1377 3333 1435 diis
3360 1378 3743 1448 immortalibus,

2178 1473 2420 1545 quamvis
2451 1472 2653 1529 incerta
2684 1472 2753 1528 sit
2774 1472 2860 1528 vel
2889 1472 3026 1529 ratio
3045 1472 3129 1528 vel
3154 1471 3329 1543 origo,
3359 1480 3572 1528 maneat
3596 1481 3745 1529 tamen

2180 1567 2334 1622 ﬁrma
2367 1566 2687 1633 consensio;
2721 1566 2992 1623 neminem
3019 1566 3135 1623 l'ero
3177 1574 3324 1622 tanta
3355 1565 3609 1635 audacia,
3633 1575 3748 1622 tam-

2179 1660 2601 1733 qneirreligiosa
2639 1660 2824 1716 nescio
2869 1675 2975 1732 qua
3015 1658 3296 1729 prudentia
3359 1670 3744 1731 tumescentem,

2180 1757 2271 1829 qui
2298 1754 2436 1812 hanc
2460 1754 2775 1829 religionem
2798 1762 2905 1811 tam
2940 1763 3226 1820 vetustam,
3269 1761 3379 1809 tam
3407 1753 3590 1810 utilem
3619 1796 3633 1822 ,
3659 1760 3746 1807 tam

472 1844 749 1916 opulenta.
811 1844 938 1901 Inde
981 1848 1117 1904 adeo
1147 1848 1287 1918 pleni
1314 1858 1369 1905 et
1395 1850 1543 1905 mixti
1578 1850 1688 1906 Deo
1715 1860 1867 1906 vates
1895 1849 2070 1906 futura
2098 1852 2147 1912 B
2173 1849 2443 1905 salubrem
2488 1848 2788 1905 dissolvere
2829 1857 2921 1905 aut
2949 1848 3224 1904 inﬁrmare
3254 1847 3478 1904 nitatur.
3529 1845 3610 1902 Sit
3644 1846 3748 1903 licet

478 1946 857 2009 prtecerpunt,
891 1940 1023 1995 dant
1067 1942 1330 1996 cautelam
1380 1941 1664 2014 periculis,
1711 1943 1915 1999 morbis
1958 1958 2074 1999 me-

474 2027 688 2100 delam,
740 2046 895 2103 spem
974 2032 1226 2103 afﬂictis,
1298 2050 1455 2108 opem
1502 2035 1745 2103 miseris,
1819 2035 2068 2092 solatium

2179 1944 2270 2002 ille
2297 1944 2617 2002 Theodorus
2683 1943 3005 2017 Cyrenaeus,
3063 1943 3183 2011 vel,
3253 1943 3346 2015 qui
3418 1942 3589 2015 prior,
3643 1941 3747 1995 Dia-

2173 2054 2332 2112 goras
2414 2039 2643 2107 Melius,
2714 2038 2802 2095 cui
2866 2036 3077 2093 Atheon
3144 2050 3448 2111 cegnomen
3527 2033 3746 2108 apposuit

1807 2157 2168 2217 VARIORUM
2204 2159 2437 2217 NOTAE.

474 2243 647 2304 lorum
680 2250 1042 2322 accingamur.
1073 2247 1273 2322 Equitis
1297 2250 1380 2305 sui
1406 2257 1489 2306 est
1517 2250 1782 2322 apposilio
1800 2264 1899 2322 pro
1926 2250 2067 2322 mole

471 2337 566 2375 sua
605 2320 690 2392 qui
713 2337 877 2393 eques
922 2330 1048 2376 erat.
1098 2321 1262 2393 Moles
1308 2322 1505 2377 dicitur
1530 2320 1603 2378 de
1628 2320 1858 2393 pompa,
1901 2321 2067 2392 maje-

477 2391 644 2464 s_tate,
676 2391 725 2447 vi
750 2408 814 2448 ac
841 2395 1100 2464 potentia.
1120 2392 1241 2448 Vid.
1271 2393 1510 2449 Gronov.
1564 2391 1861 2464 in’Obsero.
1895 2410 1933 2459 ι,
1967 2391 2059 2448 ‘20.

469 2460 553 2518 En
578 2480 721 2518 arma
742 2506 756 2530 ,
788 2460 1064 2536 in'quibus
1094 2466 1173 2519 vis
1197 2464 1373 2520 omnis
1397 2465 1744 2521 consistebat.
1779 2463 1960 2519 Honor
1983 2474 2065 2520 est

469 2537 750 2606 prmtiiiuin
781 2537 1024 2603 virtutis,
1050 2536 1254 2605 judicio
1291 2536 1575 2606 studioque
1599 2536 1792 2591 civium
1825 2536 2059 2591 delatum

469 2605 536 2661 ad
564 2606 830 2678 aliquem,
864 2608 973 2662 Cic.
995 2650 1009 2673 ,
1042 2608 1110 2663 de
1139 2607 1278 2661 ϐίαν.
1308 2606 1455 2663 Orat.
1481 2605 1608 2672 280,
1636 2622 1686 2662 c.
1710 2607 1801 2664 8l.
1833 2609 1909 2663 En
1946 2607 2064 2662 Vir-

472 2686 628 2752 tutem
652 2719 666 2743 ,
718 2694 838 2749 qua:
867 2679 976 2752 duo
997 2679 1426 2752 requ_irebantur,
1454 2694 1518 2752 e_x
1541 2681 1781 2752 oraculo,
1812 2681 1856 2752 si
1889 2695 2059 2752 remp.

471 2750 674 2821 salvam
704 2765 824 2806 esse
849 2750 1070 2806 vellent.
1104 2750 1263 2805 Errat
1288 2766 1420 2821 ergo
1465 2750 1666 2809 Cellar.
1700 2754 1789 2821 qui
1820 2750 2061 2807 Curtium

474 2820 725 2893 intelligit
750 2823 818 2877 de
848 2822 965 2877 lacu
988 2864 1003 2887 ,
1046 2830 1102 2878 ct
1130 2820 1371 2892 equitem
1395 2821 1463 2879 de
1484 2838 1645 2892 equo.
1664 2823 1856 2878 Heum.
1883 2839 2064 2880 veram

470 2892 792 2967 scripturam
824 2896 960 2949 hanc
986 2893 1609 2963 fuisscputatzlhtrtius.
1659 2895 1746 2965 qui
1791 2911 1938 2967 eques
1984 2901 2064 2949 sui

2172 2252 2310 2308 tituli
2337 2260 2463 2308 sunt
2498 2260 2739 2325 augusta:
2784 2250 2893 2308 illa:
2922 2249 3300 2319 inscriptiones
3326 2264 3341 2302 :

2616 2343 3013 2403 NVMINIBVS.
3054 2339 3344 2399 INCOLIS.

2486 2436 2872 2493 NVMINIBVS.
2916 2430 3457 2493 PRAESENTIBVS.

2561 2532 2955 2590 NVMINIBVS.
2995 2528 3379 2601 lNQVILINIS.

2167 2625 2237 2681 At
2258 2626 2681 2702 opulentaeultus
2708 2626 2930 2702 insignia
2948 2632 3073 2702 sunt
3105 2637 3277 2677 aurae
3298 2627 3485 2702 stature
3502 2661 3517 2685 ,
3546 2618 3741 2702 ςΙιεειιειειε

2167 2687 2377 2763 acerrte,
2397 2698 2724 2763 lectisternia,
2738 2687 3047 2760 solisternia,
3065 2702 3325 2758 currus,et.
3346 2693 3451 2745 alia
3471 2687 3742 2763 huiusmodi

2170 2760 2424 2838 pretiosa.
2469 2768 2591 2826 Βιθ.
2625 2760 2798 2824 —'lta
2842 2766 3276 2838 distinguendum
3333 2763 3601 2838 existimat
3637 2760 3739 2813 llcr.

2168 2833 2318 2912 quam
2342 2841 2505 2907 cultu,
2522 2841 2823 2912 insignibus,
2849 2852 2894 2894 et
2912 2833 3202 2912 "itineribus
3222 2834 3491 2912 opulenta.
3515 2833 3740 2888 lusorias.

2242 2912 2378 2968 Inde
2401 2915 2548 2967 adeo.
2581 2906 2691 2983 ue,
2723 2926 2935 2983 qua-so,
2962 2910 3147 2983 dubita
3179 2906 3613 2983 mecum__leger_e
3653 2912 3740 2956 Leo

472 2965 595 3058 2”"!
608 2965 1099 3058 ξιευοξὲοηείιῑαζιέηξ.
1112 2975 1309 3058 ξιθοβΰι
1326 2967 1504 3058 ςηιιὶιὶε
1521 2978 1699 3058 omium
1714 2982 1780 3058 εξ
1802 2965 1950 3058 alii“?
1964 2968 2065 3058 δαίς
2092 2993 2137 3058 C
2173 2983 2312 3053 pleni
2329 2965 2368 3048 ,v
2393 2965 2563 3054 inquit
2583 2965 2828 3052 ίηὸῖιῐῖιέ
2846 2965 2941 3039 sed
2965 2979 3149 3038 nescio
3169 2995 3238 3035 an
3266 2965 3520 3034 omnibus
3548 2977 3616 3031 sit
3638 2989 3741 3046 pcr-

472 3052 570 3108 pro
600 3037 862 3091 devotione
890 3036 1170 3108 scripsisse
1191 3036 1472 3106 olevelone,
1504 3039 1645 3093 unde
1676 3036 1859 3092 natum
1885 3040 1964 3093 ole
1984 3038 2065 3093 vel

472 3109 702 3173 hortare;
731 3111 851 3164 olim
882 3110 1113 3180 denique
1158 3125 1220 3164 ex
1268 3109 1347 3165 vel
1372 3127 1421 3163 m
1474 3121 1678 3166 natum.
1729 3108 1926 3166 Credat
1970 3113 2061 3179 qui

472 3181 636 3235 volet.
663 3180 920 3236 Ltuoxen.
960 3179 1035 3221 -έ
1066 3179 1158 3234 Vel
1187 3182 1395 3237 honore.
1431 3182 1773 3238 Rescribebat
1805 3181 2067 3239 lleraldns

472 3252 552 3307 vel
576 3269 746 3308 onere.
782 3253 957 3308 Minus
994 3262 1142 3307 recte
1165 3295 1180 3319 ,
1215 3262 1271 3307 ut
1297 3254 1526 3310 videtur.
1570 3254 1701 3319 Quis
1729 3253 1872 3309 enim
1919 3254 2066 3308 exis-

477 3323 630 3378 timet
657 3325 938 3394 scripsisse
966 3323 1253 3379 Minucium
1280 3325 1356 3379 vel
1376 3325 1541 3392 mole,
1594 3325 1673 3380 vel
1714 3341 1866 3380 onere
1889 3326 1913 3377 ἴ)
1940 3325 2070 3380 Vul-

473 3404 650 3468 gatam
679 3396 959 3452 lectionem
988 3397 1270 3451 conlirmat
1305 3396 1566 3468 Rigaltius
1595 3413 1659 3451 ex
1691 3396 1905 3452 Valerio
1927 3397 2062 3451 Max.

476 3466 565 3521 lib.
595 3482 645 3533 ν,
673 3482 792 3536 cap.
819 3469 869 3534 6,
895 3469 963 3522 ita
990 3469 1041 3521 in
1064 3470 1199 3523 hanc
1223 3466 1540 3524 sententiam
1567 3469 1834 3524 scribente
1860 3485 1873 3522 :
1900 3468 2070 3538 Super

474 3554 623 3608 quem
653 3540 872 3612 universi
888 3542 1019 3594 cives
1043 3540 1249 3595 honoris
1275 3542 1458 3611 gratim
1478 3542 1706 3595 certatio:
1734 3540 1905 3612 fruges
1932 3541 2067 3612 inje-

475 3620 670 3682 cernrrt.
693 3610 827 3665 Vide
850 3628 1061 3681 quoque
1084 3610 1289 3667 Livium
1318 3612 1410 3667 lib.
1432 3628 1525 3675 vn,
1564 3627 1684 3682 cap.
1707 3612 1758 3666 6.
1793 3610 2067 3666 GALLaivn.

547 3680 734 3736 Ferale
765 3680 1106 3755 naufragium
1155 3695 1249 3739 est.
1297 3683 1468 3755 Leges
1493 3680 1856 3755 grammatica}
1880 3694 2066 3755 postu-

479 3751 593 3807 lant
642 3764 699 3808 ut
745 3751 986 3808 deleatur
1016 3770 1118 3810 vox
1145 3755 1353 3811 ultima.
1380 3751 1673 3811 Minucius
1698 3757 1841 3810 enim
1869 3751 1973 3808 non
2003 3754 2070 3810 de

479 3834 720 3898 tempore
751 3834 876 3881 tunc
902 3835 1173 3898 praesente
1194 3867 1210 3893 ,
1250 3826 1346 3882 sed
1372 3826 1466 3882 diu
1509 3829 1782 3952 prmteritlo
1810 3827 2067 3897 loquitur.

1764 3908 1924 3952 )AVIS.

1764 3908 1924 3956 )AVIS.

554 3967 621 4023 Ut
679 3967 901 4043 Part/tos
937 3971 1099 4043 signa
1139 3980 1449 4043 repetamus.
1496 3969 1847 4043 Reposearitits
1874 3970 2072 4043 rescri-

477 4038 607 4113 bcrc
638 4041 814 4096 nullus
862 4038 1156 4113 dubitavit,
1189 4038 1258 4098 ob
1284 4043 1470 4099 oculos
1514 4038 1659 4098 enim
1684 4041 1872 4098 habuit
1897 4040 2073 4113 Virgi-

479 4110 606 4166 lium
630 4128 807 4179 suum,
839 4112 1054 4168 IEneid.
1084 4131 1179 4178 vu,
1210 4115 1313 4170 606
1340 4133 1354 4172 :

964 4184 1271 4249 Parthosque
1294 4199 1562 4250 reposcere
1576 4188 1737 4250 signa.

478 4244 648 4315 Quem
682 4246 856 4301 locum
881 4247 924 4302 si
956 4250 1006 4303 in
1036 4244 1281 4318 promptu
1307 4244 1601 4313 habuisset,
1629 4244 1715 4302 'vel
1753 4248 2070 4315 lleum.vel,

478 4333 637 4390 quem
665 4318 999 4374 inventorem
1024 4320 1416 4376 emendationis
1439 4321 1635 4390 laudat,
1657 4320 1940 4388 Hensing,
1966 4336 2072 4375 non

480 4389 660 4460 utique
689 4392 1089 4462 rescripsissem
1116 4409 1148 4445 a
1176 4392 1403 4448 Parthis.
1707 4392 1964 4448 LlNDNER.

554 4485 738 4572 Ethde
771 4486 980 4572 deorum
1008 4486 1401 4572 natalibus‘etc.
1422 4487 1601 4572 Poetis
1627 4502 1658 4541 a
1684 4488 1874 4572 vitiosa
1901 4488 2067 4572 inter-
2096 4513 2147 4572 Ι)

483 4558 772 4628 punctione
817 4561 1053 4614 laborat:
1087 4560 1163 4614 sic
1196 4568 1375 4614 autem
1404 4558 1809 4625 distinguendus
1837 4570 1920 4614 est
1947 4577 1961 4612 :
1986 4569 2065 4627 et,

482 4630 554 4703 de
572 4630 779 4684 deorum
808 4632 1064 4685 natalibus
1086 4673 1101 4694 ,
1134 4630 1282 4684 donis
1308 4672 1321 4695 ,
1354 4630 1645 4685 muneribus
1664 4673 1677 4694 ,
1727 4631 1926 4703 neglige
1955 4647 2069 4686 car-

486 4701 625 4774 mina
654 4714 950 4770 poetarum;
979 4718 1135 4774 uenio
1184 4703 1325 4756 enim
1370 4705 1539 4756 nescit
1576 4718 1735 4773 quam
1764 4701 2070 4774 frequentes

482 4772 590 4843 sint
617 4773 667 4827 in
697 4774 781 4828 his
818 4773 1074 4828 canendis
1106 4783 1298 4843 poetae.
1343 4772 1603 4828 DAVIs.—¥
1625 4772 1928 4829 Heumanns
1957 4776 2027 4829 ita
2054 4792 2069 4830 :

488 4841 679 4917 Omitto
720 4854 885 4899 uetera
905 4887 919 4904 .
943 4861 1057 4917 qua:
1091 4841 1248 4898 multa
1267 4856 1420 4912 sunt,
1453 4847 1516 4899 de
1542 4847 1751 4901 deorum
1779 4847 2033 4902 natalibus
2052 4887 2068 4913 ,

484 4913 664 4980 donis,
697 4913 1006 4981 muneribus,
1037 4917 1266 4971 carmina
1289 4927 1571 4982 poetarum.
1606 4922 1674 4973 At
1700 4934 1805 4974 non
1836 4919 2068 4975 dicitur:

484 4987 702 5040 multum
730 5004 835 5042 esse
857 4988 923 5044 de
947 5005 1002 5043 re
1021 5031 1035 5054 ,
1068 4990 1187 5052 sed,
1219 4989 1270 5042 in
1296 5006 1367 5043 re.
1414 4990 1671 5045 LINDNER.

558 5057 842 5125 Antiquitas
885 5062 1097 5114 nimium
1140 5061 1393 5131 fabulosa.
1433 5061 1565 5117 Nam
1613 5071 1761 5118 certe
1802 5062 2075 5119 sciverunt

486 5143 604 5205 eam
650 5144 864 5205 onmem
917 5132 1212 5188 fabulosam
1242 5147 1420 5205 esse,
1462 5144 1517 5189 et
1568 5133 1747 5190 forsan
1802 5134 1904 5189 hoc
1954 5137 2073 5205 ipso

485 5199 976 5275 blinucii‘tempore
1017 5220 1134 5258 eam
1185 5204 1345 5259 talem
1367 5206 1584 5269 scripsit
1612 5206 1855 5262 Justinus
1885 5199 2023 5275 x1,'6
2054 5223 2068 5260 :

492 5271 558 5326 Ut
587 5273 751 5327 omnis
773 5275 1045 5342 antiquitas
1074 5276 1308 5344 fabulosa
1331 5286 1428 5332 est.
1456 5276 1697 5333 GBONOV.

564 5344 951 5419 Quam__cultus
994 5346 1307 5419 insignibus.
1356 5348 1447 5404 Sic
1489 5350 1617 5403 olim
1672 5348 1855 5404 habuit
1906 5347 2073 5405 codex

488 5430 604 5487 reg.
654 5415 825 5491 Hodie
872 5415 1134 5491 praefert}
1177 5421 1317 5474 cultu
1364 5421 1663 5491 insignibus.
1714 5419 1867 5476 Unde
1905 5421 2075 5476 critici

489 5489 832 5543 occasionem
861 5489 1136 5564 arripuere
1163 5489 1512 5564 corrigendi:
1547 5491 1691 5546 cultu
1719 5491 2076 5564 insignia.Sed

489 5506 832 5543 occasionem
861 5506 1136 5558 arripuere
1163 5506 1465 5615 corrigendi
1500 5509 1512 5542 :
1547 5506 1691 5546 euun
1719 5506 2076 5564 mstgma.bt3tl

489 5571 749 5642 apparent
798 5560 1019 5642 vestigia
1072 5560 1277 5642 derasa:
1341 5565 1508 5618 ittera:
1548 5579 1574 5618 s
1628 5580 1788 5642 quam
1835 5579 1932 5642 nos
1982 5563 2079 5642 hac

488 5630 725 5687 editione
778 5630 1084 5687 reducimus
1136 5632 1190 5686 in
1247 5633 1451 5701 lucem,
1516 5644 1576 5689 ut
1639 5630 1821 5690 redeat
1868 5635 2078 5691 Minucii

488 5716 681 5757 sensus
722 5703 822 5758 iste
866 5703 1177 5774 genuinus:
1215 5706 1407 5773 templa
1456 5722 1519 5761 ac
1569 5705 1790 5761 delubra
1839 5706 2078 5762 Itoni-ana

487 5774 658 5849 magis
683 5789 804 5849 esse
827 5773 1024 5840 divina:
1058 5775 1424 5849 beneﬁcentia:
1451 5773 1621 5835 titulis
1650 5787 1895 5849 augusta,
1918 5793 2079 5849 quam

487 5845 664 5903 cultus
687 5846 984 5920 insignibus
1011 5856 1065 5905 et
1090 5847 1400 5905 muneribus
1428 5849 1701 5920 opulenta.
1722 5845 2081 5920 Beneﬁcentite

2171 3070 2451 3111 suasurus.
2475 3057 2732 3112 LINDNER.

2246 3125 2512 3198 Negamus
2532 3168 2547 3189 .
2579 3129 2837 3193 nolumus,
2880 3126 3188 3198 pejeramus:
3204 3121 3332 3198 Haec
3370 3130 3459 3177 est
3484 3119 3635 3198 lectio
3658 3130 3738 3172 ms.

2172 3213 2285 3271 reg.
2331 3190 2514 3271 Editio
2543 3199 2784 3271 Romana
2809 3190 2832 3264 ,’
2854 3190 3121 3271 volumus;
3147 3193 3404 3271 Geleu_i_us
3416 3234 3454 3271 ,_
3483 3190 3740 3271 uiolamus,

2171 3262 2359 3394 £50nf.
2386 3284 2506 3340 cap.
2533 3269 2701 3340 XXIX)
2733 3288 2745 3324 :
2775 3262 2896 3338 qua:
2935 3268 3095 3323 lectio
3133 3280 3238 3320 non
3292 3263 3600 3333 displiceret
3633 3262 3673 3314 si
3695 3262 3744 3315 Ii-

2211 3356 2391 3394 rornm
2423 3343 2685 3394 niteretur
2710 3341 3049 3394 auctoritate.
3076 3335 3525 3394 Hanno—Mihi
3549 3332 3740 3389 dubiant

2211 3356 2391 3396 rornm
2423 3332 2693 3398 niteretur
2710 3332 3049 3397 auctoritate.
3076 3332 3525 3394 Henann.-+Mihi
3549 3332 3740 3389 dubium

2174 3428 2280 3467 non
2311 3412 2523 3484 videtur
2573 3415 2702 3484 quin
2734 3413 2814 3468 vir
2849 3426 3092 3467 summus
3120 3409 3169 3466 J.
3191 3408 3252 3463 F.
3282 3407 3611 3484 Gronovius,
3660 3402 3744 3456 0b-

2171 3500 2301 3555 serv.
2332 3482 2477 3539 Eccl.
2519 3480 2639 3555 cap.
2667 3500 2739 3540 vn
2765 3524 2781 3550 ,
2834 3493 2981 3539 recte
3036 3480 3337 3538 correxerit
3385 3493 3624 3555 negamus
3664 3488 3743 3555 nos

2172 3554 2390 3621 videre,
2438 3546 2673 3611 nolumus
2703 3546 2920 3623 audire,
2949 3555 3238 3627 ejeramus,
3271 3551 3415 3621 quod
3453 3546 3601 3627 idem
3627 3546 3742 3627 valet

2171 3642 2235 3682 ac
2248 3644 2346 3681 non
2361 3618 2701 3699 agnoscimus.
2712 3618 3306 3699 Davtsé-Iietinendum
3325 3622 3549 3699 omnino
3562 3618 3741 3690 quodin

2172 3714 2283 3774 ms.
2320 3694 2554 3774 itemque
2592 3699 2643 3755 in
2682 3698 2925 3774 editione
2966 3698 3213 3774 Romana
3223 3704 3386 3774 __est,
3442 3694 3743 3774 pejoramus:

2171 3771 2375 3841 scilicet
2402 3765 2630 3841 peierare
2657 3770 2778 3825 deos
2807 3770 2998 3841 eodem
3042 3768 3166 3841 jure
3193 3765 3621 3841 Minuc.__di_xit,_
3655 3776 3742 3830 quo

2174 3840 2279 3915 dici
2312 3834 2667 3915 solet'jurare
2691 3843 2834 3915 deos.
2862 3834 3213 3915 Notissimum
3254 3845 3339 3894 est
3376 3834 3548 3892 illud:
3589 3836 3742 3887 Jovem

2174 3913 2397 3985 lapidem
2433 3910 2643 3984 jurare,
2694 3914 2744 3969 id
2785 3926 2867 3969 est
2914 3928 3008 3983 per
3049 3910 3284 3967 Jovem:

2268 4008 2415 4072 Qujus
2430 4010 2602 4072 jurare
2626 4008 2808 4072 timent
2819 4004 3296 4072 get_l‘allere_nu_men.
3322 3999 3532 4067 (Virgil.
3545 4014 3608 4061 vt,
3628 3997 3741 4059 524.)

2268 4065 2613 4143 giariaaspera
2630 4071 2760 4143 juro.
2786 4066 2945 4143 (Ibid.
2970 4065 3178 4143 ρλὸξιε.)

2268 4133 2463 4200 Stygias
2479 4124 2948 4200 iuravimusundas.
2977 4124 3412 4200 (Q9id.,;b{eunn.,
3431 4142 3486 4190 ιι,
3506 4124 3633 4189 lOl.)

2486 4192 2592 4246 Diis
2599 4194 2809 4259 jurando
2833 4192 3001 4258 palusf
3022 4192 3108 4256 IV.
3128 4192 3232 4255 ιϐ.)

2178 4280 2383 4337 Dicitur
2411 4298 2540 4336 vero
2562 4291 2618 4338 et
2645 4282 2938 4351 periurare,
2977 4279 3093 4351 sive
3145 4277 3410 4351 peierare,
3449 4273 3613 4351 deos,
3660 4270 3742 4325 hoc

2177 4363 2260 4408 est
2293 4353 2622 4409 mendaciter
2645 4344 2841 4423 'jurare
2883 4366 2979 4422 per
3030 4344 3183 4405 deos.
3236 4347 3317 4403 En
3365 4345 3543 4403 Ovidii
3591 4344 3741 4399 locum

2179 4425 2422 4481 Amorum
2450 4442 2522 4491 ut,
2561 4424 2647 4488 ll),
2675 4425 2748 4480 22
2780 4440 2794 4478 :

2381 4496 2424 4546 St
2447 4489 2721 4558 periuratos
2742 4497 2790 4545 in
2813 4506 2929 4544 mea
2948 4494 3172 4543 dammna
3192 4489 3582 4558 deos._Hn_nuu.

2360 4496 2424 4547 Et
2482 4497 2721 4558 erjuratos
2742 4497 2790 4545 in
2813 4506 2929 4544 mea
2948 4496 3172 4543 dammna
3192 4496 3333 4542 deos.
3357 4496 3582 4541 Huius.

2244 4559 2370 4615 Car.
2380 4511 2492 4615 γιῗι
2503 4559 2723 4614 .—Tam
2740 4568 3005 4618 vetustam,
3021 4567 3123 4610 tam
3135 4554 3389 4610 utilemJu
3402 4556 3582 4623 aliquo
3594 4562 3743 4606 exent-

2180 4634 2310 4703 plari
2343 4632 2600 4701 scriptum
2633 4636 2803 4687 luerat
2822 4627 3125 4699 antiquaria
3148 4640 3299 4683 more
3318 4668 3334 4692 ,
3354 4635 3469 4703 tam
3497 4634 3630 4703 uetus
3655 4630 3739 4703 tam

2174 4692 2368 4769 utilem,
2397 4692 2537 4774 quod
2560 4712 2672 4769 e-t,
2699 4712 2805 4757 tam
2833 4692 3116 4774 vetustam,
3153 4708 3259 4774 tam
3295 4692 3742 4774 utileui_._Syllahas

2176 4767 2717 4846 prosilire-repetitas
2759 4773 2929 4846 semel
2973 4769 3311 4846 scribebant,
3355 4767 3669 4846 inridemus
3695 4767 3739 4815 in

2173 4838 2409 4902 editione
2430 4838 2810 4901 Pandectarum
2826 4844 2963 4913 juris
2984 4842 3050 4898 ad
3076 4841 3353 4911 exemplar
3374 4838 3735 4913 Florentinum:

2175 4917 2246 4973 Et
2272 4917 2387 4972 haec
2417 4919 2681 4985 scriptura
2710 4907 3038 4987 compluries
3057 4915 3117 4969 in
3138 4907 3441 4968 Minuciano
3471 4907 3737 4977 exemplari

2174 4991 2460 5064 reperitur.
2505 4989 2734 5064 Bianor.
2818 5059 2868 5064 Μ
2927 5059 2957 5064 __
3084 5057 3133 5064 __
3402 5055 3443 5064 __
3525 5053 3537 5064 ο
3657 5048 3703 5064 Α,

2250 5055 2339 5117 Sic
2383 5062 2522 5117 licet.
2568 5061 2779 5128 Scr-ibo,
2808 5059 2890 5116 Sit
2919 5059 3056 5115 licet.
3084 5057 3291 5113 Menas.
3315 5055 3467 5111 —-Et
3496 5055 3573 5109 sic
3599 5055 3736 5106 estin

2176 5147 2281 5189 ms.
2314 5148 2425 5204 reg.
2817 5203 2828 5204 ί
3190 5199 3248 5204 __
3295 5128 3588 5204 LINDNE'};..
3640 5192 3652 5204 .

2248 5194 2504 5275 Diagoras
2545 5204 2753 5259 Melius.
2810 5203 2867 5259 In
2895 5216 2996 5259 ms.
3050 5208 3135 5258 est
3180 5199 3436 5277 Diagora:
3491 5194 3735 5277 Milesius;

2175 5292 2240 5333 ac
2268 5268 2508 5332 ita‘sane
2555 5292 2677 5332 eum
2723 5283 2987 5331 vocarunt
3032 5289 3138 5329 non
3189 5268 3348 5327 modo
3394 5269 3647 5326 Eusebius
3690 5268 3734 5315 et

2175 5348 2590 5413 Theodoretus,
2637 5356 2695 5402 ut
2732 5348 2935 5402 notavit
2978 5346 3059 5401 vir
3110 5343 3452 5413 doctissimus
3481 5342 3590 5394 llic.
3619 5336 3733 5390 Beu-

2180 5422 2340 5479 tletus
2370 5422 2435 5474 ad
2468 5419 2685 5490 Fragm.
2709 5418 3012 5490 Callimachi
3034 5417 3124 5490 86,
3156 5416 3253 5472 sed
3278 5427 3331 5470 et
3354 5412 3731 5488 Chrysostomus

2180 5492 2334 5564 Ιιοιιι.
2371 5508 2444 5560 IV,
2478 5494 2529 5548 in
2562 5488 2595 5546 Ι“
2609 5490 2777 5559 Epist.
2806 5492 2893 5564 Aad
2919 5488 3348 5564 Corin_t_h.,__cap.
3403 5502 3438 5550 ι,
3476 5492 3549 5564 .ut
3579 5490 3728 5564 manu

2180 5563 2281 5620 sim
2340 5554 2568 5628 dubius,
2616 5554 2893 5618 auctorine
2926 5577 2994 5617 an
3036 5557 3248 5615 sibariis
3294 5554 3435 5613 hanc
3467 5554 3726 5628 lectionem

2180 5617 2959 5710 debeamusivlltcumqufdsit,
3002 5631 3195 5710 albens
3223 5631 3396 5710 istoin
3433 5617 3725 5710 Meloﬂii'sulf

2182 5707 2282 5769 fuit
2335 5718 2512 5763 natus.
2563 5706 2697 5763 Vide
2732 5696 3058 5771 'jElianum,
3112 5701 3235 5774 Var,
3297 5699 3435 5761 Hist.
3482 5714 3533 5764 ιι,
3564 5696 3647 5765 25,
3682 5696 3722 5749 el

2182 5778 2419 5841 Suidam.
2467 5780 2646 5846 Davis,
3117 5842 3129 5846 Α
3402 5844 3412 5846 ᾼ
3631 5845 3635 5846 ,
3678 5830 3690 5842 .

2256 5850 2453 5907 Atheon
2483 5842 2781 5923 aagnomen.
2826 5848 3018 5906 Heum.
3065 5842 3132 5903 ad
3204 5846 3346 5904 hunc
3400 5844 3564 5901 locum
3595 5845 3638 5895 ct
3676 5844 3719 5885 ιη
