3980 6302
352 280 462 339 265

1540 269 1753 328 MARCI
1793 268 2049 329 MINUCII
2104 268 2367 328 FELICIS

3550 279 3671 337 264

351 396 518 455 lemni
546 394 634 452 die
658 400 877 462 coeunt,
895 388 1496 456 cumomuibusliberis,
1514 390 1811 455 sororibus,
1834 404 1952 445 ma-
1981 395 2034 454 Α
2130 400 2251 446 nota
2293 389 2593 445 simulacra.
2646 386 2780 444 Deus
2806 389 3054 456 illorum,
3101 391 3232 445 sicut
3257 401 3304 446 et
3331 392 3670 463 Judtrorum,

353 490 545 552 tribus,
564 503 725 544 sexus
748 487 924 543 omnis
938 485 1170 542 hominis
1190 494 1245 542 et
1263 485 1439 541 omnis
1459 485 1666 541 aetatis:
1690 484 1815 553 illic,
1837 493 1959 555 post

357 584 556 641 multas
571 582 776 654 epulas,
796 581 882 638 ubi
896 580 1200 638 convivium
1230 580 1397 636 caruit
1417 578 1645 653 [caluit],
1666 589 1720 636 et
1738 580 1956 636 incestat

355 675 594 733 libidinis
637 676 914 732 ebrietatis
940 674 1121 732 fervor
1148 676 1369 743 exarsit,
1418 674 1598 729 carnis
1628 673 1820 747 [canis]
1866 675 1956 744 qui

357 768 681 827 candelabro
702 782 869 826 nexus
890 776 990 835 est,
1006 766 1153 838 jactu
1174 767 1352 823 oﬂ'ula:
1377 766 1516 822 ultra
1543 766 1775 837 spatium
1800 767 1958 824 liueat

356 879 461 938 qua
492 863 699 919 vinctus
723 872 805 918 est
825 904 841 930 ,
876 862 944 917 ad
976 861 1235 932 impetum
1264 870 1320 917 et
1363 861 1561 916 saltum
1589 871 1910 932 provocatur
1939 879 1953 917 :

354 958 434 1015 sic
456 974 646 1014 everso
690 966 746 1013 et
783 958 1053 1014 exstincto
1092 956 1311 1013 conscio
1361 956 1598 1023 lumine,
1632 956 1958 1028 impudenti-

356 1049 456 1109 bus
484 1050 718 1107 tenebris
756 1065 922 1106 nexus
954 1048 1184 1105 infandae
1213 1049 1521 1120 cupiditatis
1559 1049 1836 1106 involvunt
1863 1065 1959 1122 per

357 1144 621 1201 incertum
651 1144 848 1212 sortis;
875 1153 950 1209 et,
982 1141 1027 1199 si
1060 1158 1166 1199 non
1196 1157 1387 1199 omnes
1409 1157 1593 1213 opera,
1624 1143 1957 1201 conscientia

360 1246 537 1295 tamen
590 1240 792 1310 pariter
838 1239 1063 1306 incesti,
1111 1238 1363 1309 quoniam
1409 1247 1535 1294 voto
1583 1241 1957 1298 universorum

358 1333 626 1406 appetitur
676 1332 932 1406 quicquid
984 1332 1231 1390 accidere
1277 1340 1453 1405 potest
1500 1333 1555 1389 in
1602 1344 1727 1390 actu
1776 1335 1962 1408 singu-

362 1427 559 1487 lorum.

1000 1497 1229 1557 CAPUT
1277 1502 1348 1559 Χ.

358 1600 757 1658 Ancuuzuruu.
780 1629 848 1643 -
883 1600 1144 1672 Quidquid
1163 1600 1356 1666 colunt,
1384 1616 1689 1672 magnopere
1715 1603 1968 1659 occultare

357 1716 373 1770 ι
430 1698 662 1752 nituntur
692 1712 711 1751 :
756 1693 929 1751 nullas
966 1711 1085 1749 aras
1128 1695 1353 1762 habent,
1397 1694 1583 1765 templa
1611 1695 1789 1763 nulla,
1824 1696 1970 1752 nulla

2129 485 2312 540 unicus
2338 500 2450 540 esse
2473 482 2639 555 fertur
2664 500 2684 539 :
2701 500 2849 554 quem
2878 500 2994 538 cum
3024 500 3118 539 nec
3144 486 3314 540 videre
3356 503 3447 541 nec
3498 498 3678 543 osten-

2130 578 2249 634 dere
2275 586 2489 649 queant,
2525 577 2672 632 illum
2696 575 3026 632 nihilominus
3052 579 3354 647 molestum,
3381 581 3679 652 inquietum

2131 680 2176 726 et
2208 681 2517 741 prtepostere
2536 672 2792 726 curiosum
2813 671 3147 728 arbitrantur.

2130 763 2291 819 Multa
2319 772 2582 835 pra-terea
2611 764 2893 833 consulto;
2927 781 3049 821 nam
3081 775 3135 822 et
3165 765 3281 824 hac
3308 768 3465 825 nimis
3491 770 3680 826 multa

2065 867 2189 913 sunt
2217 874 2337 928 qua:
2363 868 2457 913 aut
2499 859 2677 914 omnia
2707 869 2801 914 aut
2829 859 3087 930 pleraque
3130 863 3367 917 omnium
3413 878 3538 921 vera
3567 864 3683 921 de-

2065 951 2233 1007 clarat
2262 951 2432 1022 ipsius
2462 967 2640 1022 prava:
2666 952 2941 1024 religionis
2965 952 3287 1011 obscuritas.
3325 954 3432 1012 Cur
3454 958 3681 1014 etenim

2064 1046 2335 1103 occultare
2368 1046 2411 1077 ¹³
2448 1055 2502 1101 et
2530 1045 2863 1102 abscondere
2890 1046 3147 1120 quidquid
3177 1048 3308 1105 illud
3339 1050 3525 1106 cnlunt
3552 1066 3687 1105 ma-

2062 1153 2296 1211 gnopere
2320 1140 2580 1205 nituntur,
2609 1155 2773 1211 quum
2807 1139 3028 1195 honesta
3052 1154 3268 1211 semper
3298 1143 3513 1213 publico
3534 1159 3691 1215 gau-

2062 1229 2262 1297 deant,
2292 1231 2496 1287 scelera
2525 1240 2733 1287 secreta
2757 1231 2906 1287 sint?
2944 1247 3044 1287 cur
3071 1232 3247 1288 nullas
3277 1248 3397 1289 aras
3436 1234 3688 1304 habent,

2066 1323 2264 1393 templa
2293 1323 2464 1390 nulla,
2486 1323 2634 1379 nulla
2657 1334 2784 1380 nota
2813 1324 3139 1381 simulacra?
3167 1341 3453 1397 numquam
3486 1327 3693 1398 palam

2066 1416 2249 1489 loqui,
2285 1432 2575 1487 numquam
2604 1417 2773 1475 libere
2809 1420 3126 1490 congregari
3168 1416 3520 1494 [sustinent],
3563 1421 3697 1477 nisi

2067 1511 2197 1568 illud
2228 1512 2368 1583 quod
2389 1512 2574 1568 colunt
2597 1520 2655 1568 et
2676 1511 3080 1583 interprimunt,
3108 1523 3199 1567 aut
3228 1514 3556 1584 puniendum
3596 1524 3703 1570 est

2070 1613 2162 1660 aut
2188 1603 2530 1676 pudendum?
2570 1603 2727 1662 Unde
2754 1614 2932 1662 autem
2959 1647 2973 1671 ,
3011 1605 3094 1661 vel
3131 1606 3251 1676 quis
3290 1605 3382 1663 ille
3405 1652 3421 1677 ,
3459 1615 3555 1662 aut
3588 1606 3702 1663 ubi

2074 1700 2218 1757 Deus
2245 1702 2455 1768 unicus,
2501 1700 2774 1757 solitarius
2799 1741 2816 1767 ,
2860 1700 3182 1768 destitutus;
3214 1717 3373 1772 quem
3404 1717 3514 1758 non
3540 1716 3707 1773 gens

1722 1787 1809 1844 VA
1821 1789 2083 1849 RIORUM
2122 1791 2353 1849 NOTAE.

360 1889 654 1946 oriebatur.
712 1886 989 1944 Excidisse
1045 1883 1363 1942 videbantur
1393 1884 1549 1959 illius
1576 1899 1764 1959 ppera
1818 1900 1956 1959 pene
1985 1889 2032 1950 B
2061 1888 2313 1943 ebrietatis
2354 1891 2522 1959 feruor
2562 1889 2768 1944 exarsit.
2817 1886 3073 1944 Gelenius
3115 1907 3129 1943 :

360 1964 630 2025 universa,
659 1960 840 2031 paucis
870 1959 1108 2031 exceptis
1124 1957 1487 2031 grammatica:
1514 1956 1953 2031 reifragtnentis:

357 2049 478 2089 cum
535 2027 805 2089 illustriss.
837 2032 892 2087 S.
929 2027 1088 2087 R.'E.
1127 2030 1414 2101 presbyter
1459 2027 1757 2101 cardinalis
1815 2029 1956 2100 Aug.

358 2104 547 2171 Maius,
578 2106 630 2160 in
661 2104 979 2159 bibliotheca
1009 2099 1385 2165 Amlirosiana,
1432 2115 1463 2154 e
1494 2099 1839 2155 vetustiSsimi
1869 2099 1963 2155 co-

357 2176 490 2233 dicis
516 2184 857 2245 πσιλιμψοάστου
882 2173 1175 2229 visceribus
1203 2171 1427 2227 feliciter
1451 2171 1518 2225 ad
1531 2172 1716 2245 lucem
1738 2186 1960 2245 revoca-

359 2250 435 2305 vit
465 2242 716 2318 pleraque
745 2247 1034 2318 Frontonis
1062 2258 1314 2318 optet-mae
1336 2257 1396 2318 ea
1425 2242 1699 2318 evulgavit
1726 2244 1828 2318 sub
1862 2245 1964 2299 hoc

357 2313 739 2390 epigrammate
764 2335 777 2371 :
809 2317 885 2390 M.
906 2316 1123 2390 Cornelii
1142 2313 1598 2390 Frontonisoytera
1614 2315 1827 2390 inedita,
1849 2332 1964 2390 eunt

358 2385 584 2461 epis'tolis
606 2392 725 2444 item
745 2389 949 2443 ineditt's
981 2388 1224 2442 Antonini
1253 2388 1345 2456 pii,
1378 2386 1453 2440 Μ.
1484 2386 1714 2461 Aurelii,
1849 2385 1964 2461 Veri

355 2456 401 2517 et
427 2462 668 2532 Appiani.
691 2478 886 2516 necnon
912 2460 1134 2532 aliorum
1156 2468 1377 2532 ueterum
1405 2456 1961 2532 fragmen_tis._Metliol.

359 2480 401 2517 ει
427 2480 465 2515 Α
508 2480 668 2532 ptum.
691 2480 886 2516 necnon
912 2480 1134 2514 auorum
1156 2480 1377 2513 veterum
1405 2480 1726 2528 pagmemts.
1745 2480 1958 2513 πιεαιοι.

359 2480 518 2600 ίϐιὲ,
549 2533 711 2589 iit-8°.
745 2533 908 2589 Deest.
956 2530 1214 2587 adversus
1240 2528 1579 2585 Christianos
1617 2529 1958 2654 :leclatttatio.

1634 2617 1747 2654 ‘.DD.

1634 2620 1645 2653 ‘.
1660 2617 1747 2656 DD.

428 2678 554 2734 Cum
572 2677 803 2734 omnibus
830 2675 1021 2730 liberis.
1051 2674 1231 2730 Νοιπί
1260 2673 1422 2729 debet
1448 2672 1537 2727 hic
1563 2673 1711 2727 locus
1731 2715 1744 2737 ,
1775 2673 1863 2744 qui
1896 2689 1962 2730 ex

356 2751 634 2807 mentione
664 2747 884 2804 luminis
927 2746 1126 2802 indicat
1176 2744 1343 2801 fuisse
1384 2760 1629 2807 cmnam;
1684 2754 1757 2808 et,
1799 2761 1962 2814 quum

355 2838 544 2879 omnes
576 2822 772 2875 liberes
802 2831 856 2873 et
876 2819 1050 2872 omnis
1067 2818 1241 2872 aetatis
1271 2816 1516 2872 homines
1540 2814 1775 2871 adfuisse
1800 2826 1963 2872 testa-

356 2902 460 2958 tur,
485 2909 553 2947 an
582 2893 851 2948 credimus
880 2890 1004 2944 illos
1048 2904 1238 2945 omnes
1276 2888 1476 2942 liberos
1514 2904 1619 2941 non
1666 2887 1828 2942 fuisse
1878 2892 1963 2943 ba-

352 2964 627 3036 ptizatos?
664 2964 821 3018 Certe
858 2961 996 3036 mihi
1022 2972 1207 3036 contra
1234 2959 1710 3036 videturnarratio
1738 2960 1961 3036 inuucre

354 3030 638 3093 manifeste
667 3037 828 3090 etiam
856 3033 909 3087 in
934 3042 1094 3087 astate
1123 3033 1290 3102 prima
1316 3031 1648 3101 Baptismum
1674 3030 1845 3102 luisse
1867 3032 1959 3085 da-

3180 1885 3398 1942 lncestte
3436 1888 3709 1943 libidinis

2062 1960 2300 2014 ebrietate
2317 1964 2482 2029 fervor
2494 1962 2682 2014 exarsit
2710 1959 2973 2015 Meursius
2992 1959 3222 2027 reponit,
3242 1960 3462 2015 ebriatis.
3488 1960 3710 2022 Rigal-

2062 2032 2170 2085 tius
2202 2051 2214 2087 :
2266 2031 2333 2085 Et
2358 2034 2565 2085 incesta:
2592 2031 2792 2085 libidini
2819 2030 3071 2086 ebrietatis
3101 2034 3270 2101 fervor
3297 2034 3507 2085 exarsit.
3537 2030 3712 2087 Gro—

2066 2103 2256 2157 novius
2281 2119 2296 2155 :
2348 2101 2417 2155 Et
2446 2103 2498 2156 in
2523 2118 2684 2158 cwcas
2713 2102 2948 2158 libidines
2977 2103 3231 2157 ebrietatis
3257 2104 3423 2171 fervor
3457 2104 3710 2157 exarsit.

2068 2173 2246 2229 Valer.
2280 2174 2559 2238 Maximus,
2590 2175 2682 2229 lib.
2707 2191 2767 2241 tl,
2799 2176 2852 2239 1,
2878 2176 2911 2231 5
2938 2192 2951 2229 :
2986 2174 3260 2229 Proximus
3280 2191 3311 2228 a
3329 2173 3513 2228 Libero
3530 2186 3714 2245 patre

2067 2247 2473 2313 intemperantia:
2519 2247 2833 2318 graduspad
2885 2248 3258 2318 inconcessum
3294 2262 3518 2300 venerem
3576 2263 3717 2301 esse

2068 2320 2345 2373 consuevit.
2377 2316 2700 2373 Hinc-uinum
2715 2316 2898 2373 Libero
2927 2327 3133 2388 propter
3152 2317 3473 2388 excitandam
3501 2318 3717 2372 libidi-

2066 2406 2180 2443 nem
2209 2391 2523 2444 attributmn
2550 2404 2672 2446 esse
2696 2387 3186 2445 testaturlsidorus
3210 2387 3355 2459 Orig.
3381 2405 3497 2449 vnt.
3528 2390 3596 2444 8.

2141 2459 2295 2515 Canis
2324 2472 2644 2531 provocatur.
2675 2459 2885 2527 Carnis,
2905 2460 3180 2516 indubium
3211 2462 3494 2530 antiquarii
3522 2472 3715 2518 vetc-

2068 2533 2145 2587 ris
2178 2536 2453 2599 mendum,
2486 2548 2580 2603 pro
2609 2534 2770 2587 canis.
2806 2533 2940 2588 Eon.
2969 2531 3716 2603 —Uuchentcsicalum-

2068 2605 2214 2658 niam
2243 2605 2381 2660 hanc
2405 2602 2720 2667 habuerint,
2760 2606 3009 2674 coniectu
3041 2614 3124 2660 est
3149 2602 3386 2674 difficile.
3413 2602 3717 2661 Credide-

2068 2677 2170 2731 rim
2196 2687 2372 2732 tamen
2403 2681 2540 2731 hanc
2565 2680 2643 2732 rei
2675 2677 2840 2732 fuisse
2855 2673 3118 2743 eriginem
3144 2695 3156 2730 :
3182 2673 3345 2730 Canes
3361 2676 3720 2733 dicebantur

2068 2748 2159 2818 qui
2198 2747 2267 2801 ad
2298 2749 2695 2819 investigandas
2722 2756 2777 2803 et
2802 2748 3105 2819 odorandas
3135 2762 3220 2802 res
3249 2746 3711 2819 adhibebantur,

2067 2815 2297 2874 docente
2340 2815 2725 2875 Venflt‘rnesti
2767 2820 2819 2874 in
2872 2818 3023 2874 Clave
3066 2815 3323 2879 Cicerom,
3349 2818 3494 2888 quod
3526 2820 3716 2876 verbi

2065 2891 2225 2944 etiam
2251 2890 2469 2946 Plautus
2499 2906 2595 2960 pro
2616 2891 2756 2961 vigili
2784 2891 3051 2946 adhibuit.
3091 2891 3371 2961 Quumque
3394 2894 3716 2948 nascentis

2069 2962 2325 3016 Ecclesia:
2357 2960 2690 3032 temporibus
2719 2963 2901 3033 plures
2928 2976 3112 3018 essent
3142 2962 3231 3031 qui
3255 2960 3588 3015 Christianis
3618 2964 3719 3019 in-

2065 3033 2421 3106 sidiareutnr,
2462 3035 2710 3089 aluerunt
2749 3035 2911 3089 etiam
2952 3033 3213 3106 quosdam
3242 3033 3330 3102 qui
3359 3035 3716 3106 inconven-

353 3119 487 3164 ttnn.
545 3104 996 3177 (Samson—Pin
1033 3100 1135 3177 est:
1163 3104 1277 3177 haec
1323 3100 1622 3177 meditatio,
1655 3100 1840 3157 dubito
1870 3120 1956 3177 Διιῐι
1985 3104 2030 3167 C
2071 3105 2211 3160 tibus
2246 3105 2572 3177 dispicercnt
2609 3121 2675 3160 an
2719 3106 2934 3162 adesset
2970 3100 3301 3177 speculator,
3332 3103 3419 3177 qui
3461 3119 3718 3177 sermo-

353 3181 515 3235 etiam
540 3178 731 3233 Solida.
767 3176 844 3232 Ex
887 3175 1169 3246 praesentia
1215 3174 1493 3229 hominum
1531 3176 1581 3228 in
1617 3189 1772 3229 caena
1802 3174 1960 3230 colli-

353 3251 434 3321 git
483 3251 566 3304 vir
623 3250 966 3305 doctissimus
1015 3263 1110 3305 eos
1166 3260 1356 3321 omnes
1413 3246 1958 3321 luisse__baptizatos.

350 3316 536 3387 biubi,
577 3322 717 3376 inter
763 3334 897 3390 quos
945 3321 1110 3375 etiam
1160 3316 1542 3373 Constantinus
1595 3317 1685 3372 ille
1718 3317 1957 3388 Magnus,

350 3393 685 3465 Baptismutn
722 3393 789 3447 ad
831 3402 1059 3465 mortem
1091 3405 1258 3459 usque
1298 3390 1670 3465 reservabant,
1703 3404 1836 3460 quos
1884 3399 1961 3465 ta-

352 3460 475 3520 men
532 3464 617 3519 vix
674 3464 977 3520 verositnile
1028 3471 1112 3517 est
1166 3471 1277 3516 toto
1328 3460 1420 3515 illo
1479 3470 1720 3531 tempore
1776 3462 1960 3531 agapis

351 3534 780 3592 Christianorum
833 3534 1177 3589 abstinuisse.
1237 3531 1438 3587 Deinde
1483 3533 1596 3602 ipsa
1649 3547 1750 3586 vox
1793 3533 1962 3587 missa:

349 3607 421 3662 de
474 3609 652 3677 populi
693 3606 1009 3662 dimissione
1052 3620 1150 3677 nos
1190 3604 1429 3677 cogitare
1482 3604 1679 3677 jubet.
1713 3602 1823 3659 Sed
1874 3602 1960 3677 fac

350 3679 425 3734 ita
458 3675 571 3735 hate
599 3694 742 3745 esse,
767 3688 824 3733 ut
849 3678 962 3731 vult
988 3693 1042 3732 v.
1068 3676 1123 3731 d.
1169 3685 1224 3731 et
1250 3675 1514 3742 Justinus,
1546 3675 1698 3741 Apol.
1731 3690 1771 3742 ι,
1803 3689 1852 3729 c.
1888 3675 1959 3730 85

350 3758 575 3806 testatur
594 3769 607 3803 :
635 3760 696 3806 Oi
714 3752 999 3815 καλεύμενοι
1022 3749 1134 3820 παρ’
1150 3752 1263 3816 ἡμῖν
1282 3752 1512 3813 διάκονοι,
1537 3752 1751 3802 διδὸσισιν
1779 3753 1959 3817 ἑκάστῳ

348 3832 440 3879 τῶν
458 3826 700 3896 παρόντων
727 3824 1013 3892 μεταλαϐιῖν
1035 3828 1135 3877 ἀπὸ
1158 3830 1245 3875 τοῦ
1272 3824 1687 3892 εὖχαρισκτηθέντος
1708 3825 1855 3891 ἄρτου
1876 3822 1959 3896 usti

350 3899 473 3949 δῖνον
524 3890 607 3950 imi
642 3890 834 3959 ὔδαξτος,
883 3900 965 3948 καὶ
1010 3899 1109 3957 τοῖς
1154 3896 1207 3946 οὗ
1243 3890 1477 3963 παροῦσιν
1514 3890 1804 3962 ἀπορίρούσι
1878 3890 1956 3945 Id.

349 3982 467 4037 cap.
503 3967 608 4024 86:
637 3985 721 4031 τῆς
747 3973 1056 4037 εὖχιριστίας
1077 3967 1224 4019 οὐδενὶ
1250 3969 1381 4034 ἄλλῳ
1407 3970 1665 4033 μετασχεῖν
1689 3967 1787 4028 ἰξόν
1812 3970 1955 4025 ἐστιν,

350 4046 381 4098 ἦ
418 4052 482 4109 τῷ
510 4045 780 4096 mutabo-ist
822 4051 907 4092 ιε’ῑί
954 4044 1221 4106 λουςσιμὲνῳ
1248 4044 1303 4093 τὸ
1332 4042 1445 4106 iter
1474 4039 1676 4106 αἱρέσεως
1707 4039 1958 4109 ᾅμαρτιῷν

349 4114 431 4167 καὶ
463 4107 537 4172 .z.
576 4117 875 4178 alvu-[mam
905 4116 1113 4180 λουτρῶν.
1153 4109 1430 4180 lnlirmntn
1461 4116 1638 4163 tamen
1666 4107 1770 4161 erit
1801 4107 1959 4180 testi-

350 4183 592 4237 monium
635 4176 702 4238 ex
742 4198 837 4237 ore
874 4176 1109 4245 inimici,
1137 4179 1260 4247 qui,
1290 4194 1409 4249 qua:
1439 4188 1685 4243 testatur,
1719 4193 1825 4249 non
1852 4176 1961 4249 ad-

350 4255 586 4324 spexerit
609 4255 741 4323 ipse.
757 4252 849 4307 sed
874 4252 1011 4324 fama
1038 4260 1261 4324 tantum,
1278 4248 1448 4320 eaque
1462 4251 1681 4324 incerta
1699 4258 1753 4305 et
1773 4248 1957 4324 dubia,

347 4320 675 4397 cognoverit.
726 4324 782 4381 Si
811 4322 955 4379 enim
983 4339 1050 4397 ea
1078 4325 1179 4397 hoc
1206 4322 1573 4397 luco‘prqbari
1611 4328 1794 4390 posset
1818 4320 1954 4374 libe-

350 4391 444 4453 res
487 4397 539 4452 in
588 4412 739 4452 sacra
784 4411 935 4451 coena
966 4392 1388 4449 administranda
1438 4391 1601 4448 fuisse
1640 4401 1954 4460 praesentes,

347 4483 457 4526 non
487 4469 643 4524 video
685 4467 868 4538 quidni
916 4466 1106 4521 eodem
1134 4465 1254 4535 jure
1283 4463 1501 4538 probari
1542 4473 1723 4538 posset
1766 4477 1954 4517 canem

349 4539 680 4596 candelabro
704 4534 829 4595 vere
858 4538 1027 4593 fuisse
1053 4534 1271 4592 nexum.
1304 4534 1514 4589 Liberis
1542 4535 1686 4590 enim
1717 4549 1958 4604 pnesen.

349 4612 513 4675 tibus,
540 4612 817 4684 mysteria,
836 4608 1021 4674 credo,
1042 4608 1469 4684 Christianorum
1494 4621 1600 4684 rion
1632 4606 1724 4661 diu
1746 4606 1960 4684 occulta

350 4678 696 4740 mansissent.
750 4682 934 4753 Neque
999 4696 1066 4735 ex
1124 4679 1449 4753 accensione
1498 4678 1731 4733 lucerna:
1779 4678 1962 4753 colligi

354 4770 485 4811 usus
533 4770 703 4813 creua:
747 4749 895 4810 recie
944 4759 1157 4822 potest,
1221 4749 1486 4820 siquidem
1527 4749 1961 4822 persecutionum

354 4834 597 4900 tempore
615 4833 912 4883 conventus
935 4821 1249 4895 plerumque
1275 4831 1566 4949 nocturnas
1592 4821 1959 4877 celebrabant.

1546 4909 1756 4949 meum.

1546 4909 1756 4949 INDNER.

424 4970 721 5027 Conviuiuut
762 4970 941 5026 caluit.
995 4966 1251 5023 Formula
1289 4966 1477 5037 eadem
1530 4968 1698 5021 utitur
1745 4980 1961 5037 quoque

353 5040 503 5113 Sttlp.
533 5044 791 5110 Severus,
825 5041 964 5098 Hist.
997 5041 1146 5098 Sacr.
1185 5056 1224 5096 ll
1248 5080 1265 5105 ,
1306 5039 1377 5113 15
1408 5057 1421 5093 :
1452 5036 1637 5113 Igitur,
1669 5036 1835 5113 quum
1845 5040 1962 5108 jam

392 5110 467 5188 est
508 5116 685 5188 epulas
711 5113 1122 5188 ntultisApoculis
1170 5110 1457 5188 conuiuium
1503 5111 1669 5164 calere
1706 5110 1957 5188 ctepisset.

392 5133 467 5169 οει
508 5133 685 5188 eptttas
711 5133 883 5169 mutus
927 5133 1122 5185 pocutts
1170 5133 1457 5167 σοηυιυιιιηι
1503 5133 1669 5164 catere
1706 5133 1955 5177 cwpruet.

354 5133 545 5243 {Vorm
598 5216 671 5228 —-
715 5186 832 5242 Non
877 5186 1065 5241 dubito
1112 5182 1514 5241 rescribendum
1563 5197 1685 5238 esse
1723 5182 1955 5235 incaluit.

350 5258 588 5322 Curtius,
620 5275 672 5321 ν,
706 5260 759 5325 7,
785 5260 839 5322 ὃς
868 5273 986 5322 vnt,
1016 5258 1071 5322 l,
1094 5255 1165 5310 εἰ
1190 5273 1203 5310 :
1251 5254 1382 5325 Cum
1404 5270 1496 5325 rea:
1522 5255 1683 5308 multo
1711 5254 1961 5325 incaluis-

350 5342 423 5385 set
453 5347 613 5385 ntero.
644 5323 755 5385 Nec
792 5338 970 5384 movet
995 5343 1083 5384 me
1118 5342 1279 5399 quem
1308 5324 1505 5396 Wopk.
1543 5327 1749 5399 profert
1778 5323 1963 5393 Sulpi-

352 5402 422 5458 cii
450 5404 630 5458 lucum
661 5419 675 5456 :
710 5416 831 5456 nam
859 5409 913 5456 et
942 5401 1031 5455 hie
1059 5397 1225 5471 calere
1252 5399 1535 5471 scripsisse
1564 5397 1838 5471 librarium
1865 5411 1960 5464 pro

353 5474 577 5530 incutere
603 5516 618 5537 ,
650 5474 976 5528 antecedens
1010 5488 1062 5525 m
1089 5470 1220 5526 mihi
1264 5468 1530 5540 persuasit
1559 5468 1733 5525 facile.
1777 5468 1953 5540 Heus.

352 5575 425 5590 -—-
448 5545 586 5614 Quid
614 5561 743 5601 vero
775 5546 930 5601 faciet
958 5543 1078 5600 loco
1110 5538 1332 5598 Horatii.
1362 5539 1538 5597 Carm.
1568 5556 1647 5608 lll,
1676 5540 1768 5607 2|,
1795 5538 1863 5595 12
1887 5557 1901 5594 :

497 5659 735 5713 Narratur
755 5665 807 5710 et
829 5657 975 5722 prisci
999 5655 1193 5708 Catonis
1227 5668 1363 5720 stupe
1388 5667 1527 5706 mero
1550 5653 1761 5706 caluisse
1784 5653 1956 5705 virtus.

1592 5741 1851 5797 LINDNER.

366 5884 371 5889 -
426 5842 647 5906 Incesta:
666 5840 890 5900 libidinis
915 5839 1125 5897 exarsit.
1155 5836 1216 5895 lu
1254 5852 1355 5896 ms.
1390 5846 1474 5896 est
1500 5837 1703 5895 inceste
1735 5837 1957 5894 libidinis

2069 3191 2198 3248 nntn
2231 3188 2285 3233 et
2327 3175 2705 3248 mysteriorum
2748 3175 3034 3247 aucupium
3078 3175 3296 3232 faceret.
3350 3175 3508 3248 llunc
3532 3176 3720 3235 duce-

2067 3246 2199 3301 bant
2234 3246 2434 3303 canent.
2482 3248 2733 3305 Fortasse
2764 3250 2842 3303 illi
2881 3246 2981 3303 fuit
3025 3249 3295 3318 negotium
3327 3246 3716 3305 candelarum

2064 3320 2573 3390 cxtiuguendarutu,
2608 3322 2654 3376 si
2700 3320 2915 3390 quando
2966 3320 3188 3375 insidias
3217 3328 3570 3383 vererentur,
3609 3322 3717 3378 vel

2052 3400 2211 3447 certe
2240 3395 2598 3447 l'eueStrarum
2632 3392 3080 3447 obstruendarum
3102 3432 3117 3455 .
3159 3392 3353 3462 (litibus
3381 3390 3718 3450 inconsulti

2063 3462 2139 3516 illi
2170 3474 2502 3532 Spectatores
2523 3463 2958 3519 excluderentur.
2982 3463 3241 3518 LINDNBR.

2138 3532 2329 3603 Opera.
2372 3535 2557 3590 Lectio
2593 3550 2722 3591 sana
2744 3576 2759 3601 ,
2789 3551 2946 3606 quam
2977 3552 3081 3606 non
3116 3534 3344 3591 debebat
3369 3534 3438 3591 cl.
3474 3534 3711 3593 licunt.

2062 3605 2377 3678 sollicitare,
2403 3615 2459 3662 et
2488 3608 2789 3662 rescribere
2811 3604 3206 3678 opere.’Cicero
3233 3608 3297 3661 de
3324 3606 3471 3677 οπερ.
3496 3624 3537 3674 t,
3569 3611 3664 3666 35
3696 3630 3713 3665 :

2063 3674 2261 3732 Liberis
2300 3682 2423 3733 dare
2462 3695 2672 3747 operam
2700 3695 2755 3732 re
2789 3674 3055 3733 honestum
3092 3689 3203 3744 est,
3238 3674 3440 3732 nomine
3484 3684 3719 3736 obscae-

2063 3765 2204 3804 num.
2237 3751 2436 3818 Plaut.,
2466 3750 2629 3805 Merc.
2656 3750 2711 3816 4,
2746 3751 2799 3811 5.
2840 3750 2938 3806 l0:
2974 3748 3073 3804 Pot
3094 3749 3234 3804 haud
3261 3749 3529 3805 censebam
3562 3754 3719 3808 ista.

2063 3836 2176 3874 runt
2205 3838 2477 3892 operarum
2496 3839 2603 3877 8888
2635 3833 2850 3888 patrem.
2883 3822 3141 3877 LINDNER.

2135 3893 2265 3949 CAP.
2284 3893 2684 3965 X.—Pleraque
2706 3895 2951 3966 omnium.
2969 3892 3186 3965 Wupk.:
3215 3894 3455 3966 pleraque
3480 3898 3713 3966 omnia,

2062 3972 2122 4020 ut
2146 3966 2375 4037 pleriqtte
2402 3982 2575 4021 omnes
2598 3966 2740 4036 apud
2771 3965 3083 4021 Terentium
3108 3976 3163 4020 et
3190 3965 3473 4036 Nepotem.
3532 3965 3715 4023 Heu;

2063 4052 2291 4121 manuus
2314 4055 2332 4121 ξ
2348 4040 2589 4121 pleraque
2610 4040 2834 4121 omninq.
2863 4037 2998 4108 Ege,
3023 4038 3106 4092 vel
3122 4038 3398 4121 'vulgptatn
3429 4038 3715 4097 retinen-

2062 4108 2218 4173 dam,
2252 4111 2335 4165 vel
2350 4107 2594 4164 omnium
2617 4107 3089 4180 delendutn’puto.
3122 4107 3382 4164 Luvtit'ten.

2137 4180 2402 4251 Quidquid
2440 4180 2573 4236 illud
2604 4182 2799 4235 colunt.
2853 4180 3037 4252 Heum.
3094 4181 3344 4235 reserihit
3378 4198 3391 4233 :
3424 4181 3717 4252 quidquid

2060 4250 2195 4306 illud
2224 4250 2297 4307 est
2343 4253 2479 4325 quod
2506 4253 2719 4325 colunt.
2766 4252 2893 4308 Mihi
2920 4251 3051 4307 illud
3082 4253 3410 4323 pleonastice
3460 4250 3716 4311 videtur

2062 4337 2184 4380 esse
2214 4325 2469 4394 positum.
2501 4324 2763 4380 LINDNER.

2135 4393 2239 4449 Cur
2261 4397 2431 4451 nullas
2452 4413 2571 4451 aras
2594 4396 2795 4453 habent.
2830 4395 3085 4467 Adeoque
3109 4395 3175 4452 de
3204 4394 3472 4452 sacrificio
3498 4393 3715 4456 Missa:

2065 4464 2131 4521 iis
2157 4469 2495 4538 temporibus
2526 4468 2693 4523 altum
2725 4464 3031 4524 silentium’!
3065 4467 3326 4523 Ltsnxea.

2066 4504 2131 4521 ..ο
2166 4504 2270 4522 .e...
2315 4504 2495 4523 ..μη
2725 4504 2997 4524 samum...
3019 4509 3031 4522 .
3065 4504 3326 4523 unus“.

1984 4504 2039 4565 Ι)
2140 4504 2312 4593 Nulli;
2350 4550 2472 4595 nota
2509 4541 2806 4595 simulacra.
2864 4538 2997 4594 Vota
3038 4555 3132 4608 pro
3172 4551 3294 4594 nota
3320 4538 3708 4598 scribendum

2064 4610 2275 4666 videtur
2302 4612 2420 4668 NIC.
2450 4611 2687 4667 Heinsio.
2720 4611 2931 4666 Advers.
2967 4612 3058 4665 lib.
3077 4626 3115 4676 l,
3137 4627 3255 4681 (ιλιι).
3276 4612 3364 4677 18,
3396 4625 3514 4681 pag.
3552 4614 3711 4670 185.

2068 4683 2135 4736 At
2179 4683 2255 4737 nil
2288 4683 2623 4739 mutandum.
2655 4683 2831 4737 lunuit
2868 4684 3118 4738 ethnicus
3136 4682 3480 4739 Christianos
3503 4684 3715 4741 simu-

2064 4752 2267 4809 lacrum
2302 4755 2517 4826 aliquod
2544 4754 2687 4826 quod
2714 4755 2896 4810 colant
2923 4796 2938 4818 ,
2972 4755 3259 4826 scdvulgo
3286 4753 3651 4826 incognitum
3688 4777 3708 4814 :

2066 4827 2223 4894 paulo
2252 4825 2545 4882 enim’ante
2565 4825 2709 4881 dixit
2733 4843 2816 4881 eos
2855 4827 2909 4880 id
2951 4825 3089 4897 quod
3118 4826 3296 4881 colunt
3333 4825 3624 4883 occultare
3660 4840 3715 4884 et

2064 4898 2391 4954 abscondere.
2429 4900 2603 4954 lleuu.

2137 4970 2420 5041 Sustineat.
2459 4971 2574 5026 Hoc
2598 4970 2843 5036 verbum,
2871 4969 3012 5041 quod
3038 4969 3091 5025 in
3114 4984 3216 5025 ms.
3254 4984 3362 5026 non
3387 4980 3492 5033 est,
3526 4970 3710 5029 inse-

2066 5041 2169 5096 ruit
2201 5040 2398 5099 Cellar.
2431 5052 2486 5099 et
2514 5043 2637 5115 quia
2661 5042 2714 5115 in
2746 5058 2846 5097 ms.
2884 5040 2989 5097 non
3021 5052 3121 5108 est,
3154 5041 3535 5115 uncinulisdcla
3551 5046 3705 5100 usit.

2063 5114 2142 5169 Ac
2166 5123 2336 5180 certe,
2361 5116 2444 5170 vel
2476 5113 2577 5170 hoc
2606 5114 2689 5169 vel
2717 5115 2896 5169 simile
2919 5114 3139 5169 verbum
3169 5113 3392 5169 excidit.
3418 5113 3619 5170 ιιεωι.

2138 5184 2287 5241 Unde
2308 5186 2588 5249 autent,vel
2616 5187 2727 5256 quis
2747 5185 2862 5258 ille,
2892 5196 2978 5240 aut
3002 5185 3108 5258 ubi.
3126 5184 3216 5258 Sic
3246 5187 3415 5256 quani
3436 5186 3502 5239 de
3525 5186 3711 5258 igno-

2066 5258 2133 5313 tis
2183 5258 2339 5314 solet.
2389 5259 2580 5314 Florus
2603 5299 2618 5324 ,
2651 5273 2700 5323 1,
2732 5257 2803 5312 18
2825 5298 2840 5324 ,
2870 5258 2904 5313 5
2936 5275 2948 5311 :
2994 5257 3094 5323 Qui
3123 5256 3258 5311 enim
3283 5267 3375 5312 aut
3404 5259 3542 5311 unde
3566 5256 3709 5313 'Ro-

2064 5329 2244 5384 mani?
2283 5329 2487 5386 Seneca
2525 5332 2589 5385 de
2639 5327 2806 5383 Marte
2853 5327 2933 5384 Cl.
2977 5327 3215 5394 Caesaris,
3261 5344 3314 5399 p.
3348 5344 3419 5383 tn.
3450 5330 3507 5384 8|
3530 5330 3593 5396 1,
3629 5347 3707 5387 ex

2063 5400 2279 5458 Homeri
2308 5402 2497 5475 Odyss.
2511 5406 2552 5459 A
2572 5421 2585 5457 :
2608 5409 2717 5469 Τίς,
2737 5404 2877 5456 πόθεν
2894 5402 2959 5464 εἷς
2982 5404 3181 5472 ἀνδρῶν,
3204 5409 3320 5527 τόῗ
3337 5426 3411 5457 τοι
3431 5405 3702 5462 πτόλις...

3326 5488 3542 5527 ΙΝΒΝΕΚ.

3326 5488 3542 5529 INDNER.

2136 5544 2271 5603 Gens
2326 5548 2488 5603 libera
2540 5546 2776 5603 Romana
2820 5545 3113 5617 superstitio
3165 5556 3437 5602 noverunt.
3487 5545 3704 5617 magna

2066 5616 2261 5675 ﬁducia
2291 5622 2531 5677 rescribo
2566 5637 2578 5672 :
2613 5629 2783 5691 gentes
2812 5619 2985 5673 liberte
3009 5636 3027 5691 ς
3052 5618 3296 5685 sequitur
3322 5618 3466 5672 enim
3494 5616 3699 5691 regna,

2062 5692 2308 5760 sequitur
2368 5689 2633 5748 noverunt.
2686 5690 2862 5759 Quare
2902 5700 2959 5745 et
2999 5690 3248 5744 Romanae
3294 5689 3703 5759 superstitiom

2067 5764 2314 5819 rescribo
2340 5781 2447 5819 non
2475 5763 2680 5819 timide.
2719 5762 2898 5817 llsuu.
2927 5792 2998 5803 -—
3028 5761 3141 5831 Ego
3168 5776 3297 5815 vero
3328 5764 3470 5816 hunc
3499 5762 3700 5817 locum

2065 5849 2162 5908 per
2186 5837 2446 5912 syllepsin
2472 5845 2785 5893 consuetam
2817 5836 2889 5892 ita
2945 5836 3271 5909 interpreter
3306 5850 3320 5888 :
3366 5849 3489 5908 gens
3519 5833 3705 5892 libera
