3980 6302
381 286 481 342 271

1636 266 1849 325 MARCI
1885 262 2146 323 MINUCII
2188 263 2450 322 FELICIS

3581 264 3692 323 272

381 399 562 472 poetis
591 392 868 452 fallacibus
897 394 949 450 in
971 391 1254 448 dulcedine
1277 387 1530 446 carminis
1557 387 1672 443 lusa
1695 427 1710 452 ,
1740 401 1770 441 a
1794 384 1946 440 vobis
1967 425 1982 451 ,
2011 382 2066 445 Α
2090 381 2206 438 Νοη
2235 390 2345 437 tum
2372 378 2621 452 agnoscis
2651 378 3032 451 fragilitatem?
3058 378 3290 444 Invitus,
3319 380 3502 447 miser,
3537 381 3690 439 infir-

382 492 641 547 nimirum
671 485 906 544 credulis
933 526 950 554 ,
981 485 1034 541 in
1065 486 1234 542 Deum
1281 492 1520 540 vestrum
1561 479 1788 550 turpiter
1809 475 1986 534 refor-

384 594 529 643 mata
578 591 725 641 sunt.
751 624 754 626 η

990 692 1218 752 CAPUT
1261 691 1374 748 XII.

385 837 784 895 ABGUMENTUII.
813 862 884 873 —
912 831 1049 900 Quid
1085 840 1253 886 autem
1292 828 1517 901 ipsismet
1554 825 1854 883 Christianis
1880 831 1992 894 post

463 942 675 986 mortem
701 937 992 984 eventurum
1015 926 1114 988 sit,
1143 924 1262 978 inde
1289 921 1532 993 augurari
1560 919 1831 991 possimus,
1857 915 1992 986 quod

461 1040 598 1078 nunc
626 1021 763 1076 omni
788 1037 882 1092 ope
907 1017 1164 1086 destituti,
1192 1016 1402 1072 summis
1430 1013 1806 1068 calamitatibus
1829 1019 1874 1064 et
1897 1009 1992 1062 titi-

386 1165 390 1184 τ
460 1117 608 1173 seriis
637 1124 953 1186 premuntur.

462 1249 574 1307 Nec
600 1249 788 1305 saltem
818 1247 886 1302 de
915 1244 1270 1318 praesentibus
1295 1242 1486 1306 capitis
1516 1241 1943 1311 experimentum
1963 1279 1978 1304 ,

393 1359 554 1417 qttam
585 1357 682 1397 vos
711 1340 878 1396 irrita:
911 1336 1311 1409 pollicitatimiis
1339 1349 1489 1390 cassa
1524 1343 1642 1388 vota
1684 1332 1990 1402 decipiant:

383 1440 511 1511 quid
558 1447 678 1510 post
718 1446 948 1490 mortem
997 1431 1330 1503 impendeat,
1381 1429 1595 1493 miseri,
1643 1428 1769 1483 dum
1817 1426 1994 1481 adhuc

380 1531 590 1594 vivitis,
626 1530 908 1582 aestimate.
944 1526 1083 1580 Ecce
1116 1539 1238 1596 pars
1277 1531 1513 1578 vestrum
1560 1530 1614 1576 et
1661 1521 1833 1589 major
1875 1517 1994 1594 [et]

383 1624 598 1690 melior,
640 1633 695 1677 ut
736 1621 944 1687 dicitis,
986 1619 1188 1690 egetis,
1229 1618 1446 1688 algetis,
1478 1633 1670 1686 opere,
1706 1616 1872 1681 fame,
1915 1615 1994 1668 la-

382 1718 624 1774 boratis:
653 1726 707 1771 et
737 1717 877 1770 Deus
921 1715 1147 1782 patitur,
1187 1711 1521 1775 dissimulat;
1571 1725 1674 1763 non
1717 1709 1858 1774 vult,
1903 1715 1996 1762 aut

2093 476 2294 534 mitatis
2319 475 2588 547 argueris,
2618 489 2719 530 nec
2744 473 2966 530 fateris?
2993 473 3098 530 Seil
3128 474 3318 530 omitto
3341 475 3684 540 communia;

2093 585 2218 626 ecce
2247 568 2402 624 vobis
2431 569 2625 632 minae,
2662 567 2918 640 supplicia
2940 609 2955 634 ,
2990 576 3255 624 tormenta
3276 609 3294 636 ,
3334 577 3390 625 et
3424 567 3539 639 jam
3579 586 3688 625 non

2093 663 2378 719 adorandae
2399 704 2414 728 ,
2445 663 2538 719 sed
2567 661 2858 719 subeunda:
2889 676 3110 718 cruces:
3145 662 3292 734 ignes
3323 663 3483 718 etiam
3508 705 3524 728 ,
3555 679 3691 734 quos

2093 767 2147 812 et
2176 756 2484 828 praedicitis,
2514 766 2569 812 et
2595 756 2828 813 timetis:
2857 755 2945 811 ubi
2972 756 3110 812 Deus
3137 756 3254 824 ille,
3283 757 3375 828 qui
3404 756 3693 813 subvenire

2093 850 2538 908 reviviscentibus
2564 859 2772 922 potest,
2801 850 3105 906 viventibus
3133 864 3238 906 non
3267 853 3479 919 potest?
3505 849 3694 907 Nonne

2096 944 2322 1001 Romani
2348 944 2465 1000 sine
2489 953 2668 1000 vestro
2695 944 2804 1001 Deo
2830 943 3130 1015 imperant,
3157 954 3419 1016 regnant,
3446 944 3696 1000 fruuntur

2095 1037 2227 1094 orbe
2257 1046 2368 1092 toto
2389 1079 2402 1103 ,
2437 1036 2705 1108 vestrique
2735 1036 3116 1092 dominantur?
3148 1037 3255 1093 Vos
3283 1054 3414 1095 vero
3445 1040 3693 1110 suspensi

2097 1131 2308 1188 interim
2321 1141 2478 1202 atque
2490 1130 2724 1197 solliciti,
2747 1130 2790 1163 ¹⁶
2822 1130 3061 1187 honestis
3087 1130 3696 1202 voluptatibusabstiue-

2099 1227 2186 1282 tis.
2232 1225 2348 1280 Non
2391 1225 2692 1296 spectacula
2731 1225 2936 1291 visitis,
2980 1241 3086 1280 non
3129 1226 3340 1297 pompis
3385 1225 3693 1284 interestis:

2099 1319 2341 1376 convivia
2393 1319 2599 1389 publica
2651 1319 2853 1390 absque
2906 1320 3096 1385 vobis;
3152 1335 3307 1376 sacra
3356 1322 3686 1389 certamina,

2102 1424 2431 1486 prtecerptos
2459 1413 2630 1473 cibos.
2651 1424 2705 1470 et
2731 1413 2996 1469 delibatos
3026 1414 3284 1469 altaribus
3314 1425 3474 1485 potus
3501 1414 3698 1470 abhor-

2103 1510 2253 1565 retis.
2296 1508 2385 1563 Sic
2425 1507 2786 1563 reformidatis
2825 1508 2957 1564 deos
2979 1551 2993 1575 ,
3026 1523 3160 1580 quos
3189 1509 3420 1580 negatis.
3454 1508 3568 1565 Non
3600 1507 3699 1564 ﬂo-

2099 1601 2247 1657 ribus
2275 1610 2433 1670 caput
2455 1601 2701 1668 nectitis;
2729 1617 2834 1657 non
2861 1616 3057 1671 corpus
3079 1602 3333 1658 odoribus
3359 1601 3696 1660 honestatis:

2099 1695 2385 1750 reservatis
2415 1703 2680 1764 unguenta
2713 1693 3024 1749 funeribus:
3056 1708 3287 1750 coronas
3313 1697 3476 1749 etiam
3510 1697 3700 1768 sepul-

381 1825 491 1865 non
525 1816 701 1880 potest
727 1805 979 1878 opitulari
1010 1805 1140 1860 suis.
1188 1803 1263 1859 lla
1294 1812 1385 1858 aut
1423 1801 1718 1868 invalidus,
1753 1809 1843 1854 attt
1885 1799 1982 1854 ini.
2017 1791 2066 1852 B
2095 1790 2240 1846 Clll‘is
2269 1790 2577 1862 denegﬂlis.
2611 1787 2820 1858 Pallidi.
2855 1787 3082 1859 trepidi.
3117 1789 3484 1844 misericordia
3515 1789 3695 1862 digni.

380 1918 523 1972 quus
547 1912 645 1955 est.
680 1899 760 1955 Tu
787 1899 878 1970 qui
909 1896 1368 1952 innnurmlitatem
1400 1905 1700 1966 postumam
1728 1893 1988 1961 somnias,

377 2009 501 2050 cum
555 1993 792 2062 periculo
839 1992 1105 2062 quateris,
1151 2005 1272 2044 cum
1321 1988 1555 2043 febribus
1611 1988 1817 2051 ureris,
1866 2001 1989 2042 cum

381 2087 573 2144 dolore
602 2085 889 2153 laceraris,
921 2098 1028 2139 non
1060 2090 1174 2138 tum
1203 2080 1566 2138 conditionem
1602 2090 1744 2136 tuam
1775 2078 1982 2134 sentis?

2095 1883 2188 1940 sed
2215 1892 2520 1939 nostrorum
2549 1883 2788 1938 deorum.
2816 1881 2888 1936 Ita
2918 1896 3014 1937 nec
3043 1882 3324 1954 resurgitis
3351 1883 3532 1939 miseri
3553 1926 3568 1947 ,
3599 1900 3699 1942 nec

2095 1978 2309 2035 interim
2341 1978 2536 2033 vivitis.
2574 1975 2679 2051 (ix)
2706 1975 2936 2033 Proinde
2966 1978 3008 2032 si
3039 1977 3168 2048 quid
3199 1978 3476 2048 sapientia:
3505 1978 3694 2047 vobis,

2092 2072 2535 2129 antverecundiae
2561 2080 2665 2140 est,
2679 2071 2910 2128 desinite
2936 2072 3058 2128 caeli
3089 2073 3288 2145 plagas,
3309 2084 3361 2130 et
3387 2073 3570 2130 mundi
3593 2074 3696 2130 fata

1720 2192 2077 2252 V'ARIORUM
2115 2190 2341 2249 ΝΟΤΑΞ.

391 2321 576 2384 refert,
608 2327 663 2374 ut
692 2319 829 2374 idem
854 2317 1144 2374 Suetonius
1169 2317 1221 2372 in
1246 2314 1460 2372 Nerone
1489 2329 1538 2370 c.
1571 2315 1639 2371 35
1658 2355 1671 2376 ,
1699 2314 1766 2368 de
1792 2313 1948 2369 haedo
1968 2355 1984 2380 ,

387 2404 657 2461 postquam
678 2391 720 2444 is
741 2391 977 2461 quinque
1001 2391 1154 2443 horas
1187 2388 1459 2456 protraxit.
1492 2386 1546 2440 ld
1579 2386 1721 2461 quod
1753 2387 1818 2440 ad
1851 2389 1989 2461 hanc

381 2457 616 2518 fabulam
639 2457 870 2517 conferri
892 2457 1107 2528 'neqnit,
1141 2462 1191 2514 in
1219 2475 1354 2529 qua,
1387 2469 1440 2512 ut
1474 2459 1669 2529 passim
1693 2499 1707 2520 ,
1736 2457 1987 2510 narrandi

382 2545 466 2590 cst
515 2537 763 2588 varietas.
837 2530 1113 2602 Displicuit
1158 2528 1320 2586 etiam
1367 2538 1576 2602 exacta“
1603 2528 1984 2602 determinatio

388 2606 650 2676 temporis
712 2599 1100 2676 Nostr0:infra
1170 2618 1305 2676 cap._
1341 2601 1496 2676 l8_:_
1539 2599 1730 2676 Omitto
1778 2599 1981 2654 Persas.

383 2679 454 2733 At
479 2671 599 2746 quis
627 2691 730 2730 non
758 2673 969 2746 gestivit
995 2684 1050 2746 et
1071 2672 1332 2746 exultavit
1362 2671 1638 2746 celebrare
1656 2672 1772 2746 illos
1800 2683 1990 2746 septeni

383 2742 644 2802 Persas...
679 2742 878 2800 Locum
908 2744 1103 2800 Justini
1133 2744 1222 2797 lib.
1252 2760 1309 2805 ιι,
1337 2759 1456 2812 cap.
1492 2742 1578 2803 Η,
1609 2753 1710 2795 tant
1737 2743 1871 2796 brevi
1894 2742 1988 2795 h0-

383 2834 566 2874 rarum
598 2828 851 2870 momento
881 2817 943 2869 de
969 2815 1175 2870 victoria
1201 2815 1490 2868 nuntiatum
1508 2813 1604 2876 sit,
1640 2817 1768 2867 citat
1803 2814 1982 2869 υλνις.

461 2888 527 2942 In
558 2887 844 2943 dulcedine.
877 2888 1165 2942 Prmstaret
1206 2887 1259 2939 in
1295 2884 1611 2938 dulcedinem
1643 2903 1655 2938 :
1702 2900 1800 2939 nec
1825 2886 1986 2940 credo

385 2970 497 3016 tam
529 2975 672 3029 saepe
699 2959 949 3022 Latinos,
985 2958 1281 3025 prtesertim
1335 2955 1720 3029 elegantiores,
1755 2956 1986 3029 ablativo

387 3047 488 3102 pro
550 3028 855 3086 oceusativo
904 3045 1067 3102 usos,
1129 3044 1286 3102 quam
1315 3043 1472 3102 casus
1506 3028 1604 3102 hos
1633 3028 1924 3102 permixtos
1954 3044 1983 3081 a

387 3097 600 3159 scribis.
651 3103 740 3156 Sic
765 3113 910 3155 certe
931 3100 1173 3155 Justinus
1202 3099 1292 3153 lib.
1321 3115 1374 3153 tv
1396 3141 1410 3163 ,
1435 3100 1505 3170 "id:
1539 3097 1649 3152 Iloc
1677 3100 1740 3153 ab
1765 3099 1985 3170 antiquis

382 3176 438 3229 in
467 3173 784 3228 dulcedinem
816 3171 1004 3242 fabula:
1023 3171 1398 3239 compositum.
1432 3168 1624 3224 Worx.

462 3246 507 3298 A
531 3246 666 3298 vobis
688 3241 927 3298 nimirum
945 3243 1184 3298 credulis.
1208 3242 1281 3294 Ita
1315 3257 1418 3296 ms.
1447 3252 1500 3296 ct
1521 3242 1673 3296 editt.
1702 3241 1859 3297 Rom.
1892 3242 1986 3298 Ri-

389 3317 521 3387 galt.
541 3315 780 3371 Gronov.
803 3315 983 3387 Davis.
1005 3313 1109 3387 Sed
1125 3314 1380 3369 Gelenius
1399 3312 1752 3387 etCellarius,
1775 3314 1988 3367 nimium

397 3384 653 3448 credulis,
698 3386 839 3457 quod
884 3386 1202 3441 sententiain
1250 3384 1520 3457 p0stulare
1561 3384 1821 3457 Hcraldus
1847 3387 1989 3441 arbi-

398 3470 572 3513 tratus
601 3456 724 3514 est.
747 3458 1022 3527 DiStingue
1053 3476 1066 3510 :
1109 3475 1139 3508 a
1162 3457 1301 3510 vobis
1325 3497 1340 3516 ,
1371 3456 1608 3509 nimirum
1637 3456 1858 3527 credulis
1885 3499 1899 3522 ,
1936 3457 1991 3509 in

393 3530 560 3584 Deum
581 3540 797 3584 vestrum
829 3526 1044 3593 turpiter
1062 3532 1336 3597 reformata
1366 3537 1502 3580 sunt.
1536 3527 1608 3581 Ita
1634 3526 1764 3581 nihil
1792 3542 1988 3597 supcr—

394 3612 509 3660 est,
534 3601 674 3668 quod
702 3599 974 3670 offendere
1007 3600 1192 3670 possit.
1223 3597 1467 3670 Canusii.
1575 3668 1603 3670 μ
1630 3667 1661 3670 μ
1741 3625 1750 3635 -

466 3667 596 3727 Car.
619 3667 1096 3735 Xll.—/Esti_mate
1143 3669 1276 3724 Male
1303 3668 1497 3724 Cellar.
1524 3667 1689 3723 edidit
1710 3671 1989 3725 restituatis.

393 3744 563 3798 Reme
587 3743 717 3797 Ouz.
744 3751 796 3798 et
838 3744 962 3797 llav.
997 3754 1043 3796 et
1071 3739 1262 3804 Gron.,
1287 3741 1562 3802 wstimate.
1588 3740 1728 3809 quod
1758 3751 1812 3794 et
1835 3741 1995 3797 habet

395 3815 639 3870 Romana
664 3815 848 3869 editio.
882 3813 1056 3868 Ηευιι.
1078 3843 1149 3852 -
1178 3811 1355 3879 Addo,
1374 3821 1429 3867 et
1457 3827 1556 3867 ms.
1590 3811 1846 3867 insessa.

474 3885 668 3956 Egetis,
686 3886 884 3955 algetis,
907 3894 1012 3940 etc.
1039 3885 1092 3938 ln
1117 3900 1217 3956 ms.
1241 3893 1322 3938 est
1340 3883 1555 3956 quidem
1579 3900 1727 3954 opere
1743 3898 1854 3956 uno
1877 3900 1996 3940 ver-

398 3959 500 4022 bo,
525 3955 637 4011 sed
681 3956 850 4011 divise
898 3955 1310 4027 proferendum,
1342 3966 1397 4008 ιιι
1429 3955 1664 4027 plerique
1690 3955 1992 4011 ediderunt.

401 4029 667 4084 Cmterum
706 4027 855 4099 locus
893 4026 975 4082 est
1010 4027 1323 4099 sanissimus
1350 4035 1403 4081 ct
1431 4026 1775 4099 planisSiﬂlllS
1795 4098 1812 4099 γ
1832 4027 1997 4099 Egere

404 4109 462 4156 et
489 4101 657 4168 algere
685 4097 959 4167 conjungit
986 4099 1142 4153 etiam
1169 4097 1400 4152 Jacobus
1430 4113 1487 4162 ιι,
1524 4098 1618 4169 IS,
1657 4097 1738 4152 l6.
1778 4097 1894 4169 Ope
1919 4099 1998 4153 la-

408 4171 588 4224 borare
618 4179 700 4223 est
725 4170 939 4237 inapem
967 4183 1086 4222 csso
1106 4211 1120 4232 ,
1153 4169 1298 4231 sive,
1345 4178 1400 4221 ut
1438 4168 1831 4239 loquitur/Cic;
1855 4187 1998 4239 egere

407 4258 522 4311 ope.
562 4239 636 4294 Re
663 4240 892 4293 laborare
917 4250 1098 4311 estire
1141 4239 1383 4311 faniiliagi
1415 4255 1618 4293 carere.
1658 4238 1822 4311 [fume
1849 4238 1996 4295 labo-

410 4309 526 4367 rare
557 4311 718 4366 habt-t
761 4310 1056 4366 Columella
1090 4311 1113 4364 1
1149 4311 1295 4378 praef.
1341 4309 1637 4379 Exaggerat
1663 4309 1998 4366 Christiano-

406 4399 526 4439 rum
559 4392 924 4452 paupertatem
955 4396 1038 4450 pet
1076 4381 1410 4449 cxcrgasiam
1440 4381 1694 4452 Etet-ilius
1731 4382 1995 4437 etlmicns.

2097 2312 2324 2384 periculo
2364 2309 2536 2384 quati,
2582 2311 2880 2384 prmsertim
2926 2309 3028 2384 hoc
3075 2309 3195 2384 loco
3209 2351 3222 2373 ,
3253 2309 3386 2365 etin
3422 2311 3511 2384 tali
3552 2327 3697 2384 nexu

2093 2380 2401 2439 verborum.
2426 2380 3061 2437 Canum—Consulatur
3086 2382 3152 2435 de
3183 2381 3284 2437 hoc
3310 2383 3524 2437 morbo:
3549 2383 3696 2439 Keu-

2091 2455 2343 2511 chernius
2382 2454 2445 2508 ad
2483 2453 2858 2524 iSamonicum,
2891 2469 3007 2523 pag.
3042 2452 3171 2515 269.
3206 2457 3295 2524 qui
3329 2465 3536 2522 tamen,
3569 2472 3696 2512 cunt

2127 2542 2423 2596 net-queram
2463 2523 2567 2596 dici
2607 2526 2757 2590 vult,
2787 2541 2889 2596 non
2931 2523 3297 2594 querqucrum,
3329 2537 3698 2596 patrocmatur

2127 2544 2423 2596 ttet'queram
2463 2544 2565 2578 ("Cl
2607 2544 2718 2579 vult
2741 2566 2757 2590 ,
2787 2544 2889 2578 non
2931 2544 3297 2594 querqucrum,
3329 2544 3696 2596 patrocmatur

2091 2544 2228 2653 iud.
2259 2597 2498 2652 Carrioni
2526 2595 2740 2650 Emend.
2773 2595 2866 2650 lib.
2896 2612 2931 2650 tt
2951 2639 2964 2653 .
2993 2612 3112 2665 cap.
3148 2596 3232 2664 18,
3263 2598 3316 2652 in
3343 2599 3575 2654 Minucio
3601 2614 3696 2655 no-

2093 2680 2208 2724 stro
2240 2668 2556 2723 rescribenti
2588 2684 2885 2737 querquera.
2923 2669 3098 2723 “EUII.

2169 2741 2231 2794 Et
2253 2743 2368 2812 jam
2397 2757 2518 2812 non.
2548 2738 2678 2812 alale
2704 2740 2756 2792 in
2779 2739 2900 2812 cdtl.
2927 2739 3244 2812 quibusdam
3271 2751 3350 2796 est
3369 2783 3384 2806 ,
3416 2743 3568 2797 etiam
3592 2760 3698 2798 non

2091 2810 2386 2867 adorandae.
2421 2810 2543 2864 Jam
2574 2811 2651 2882 sic
2678 2811 2874 2879 smpius
2905 2811 3130 2866 intendit
3169 2811 3272 2866 vim
3303 2815 3531 2882 negativi
3566 2833 3692 2871 non.

2091 2883 2231 2939 Infra
2267 2900 2395 2954 ,t-ap.
2440 2882 2506 2938 21
2551 2880 2724 2954 aliter:
2766 2883 2902 2954 janr
2930 2899 3031 2936 non
3075 2893 3190 2937 sunt
3240 2880 3419 2948 sacra,-
3446 2896 3698 2941 tormenta

2087 2966 2228 3010 sunt.
2253 2953 2622 3027 Lactantrhde
2672 2953 2841 3008 Morte
2883 2953 3098 3027 Perseo.
3154 2955 3221 3009 19
3263 2971 3276 3008 :
3319 2955 3440 3010 lam
3473 2975 3572 3012 non
3603 2975 3698 3027 pe-

2091 3043 2298 3088 corum.
2327 3027 2415 3097 sed
2447 3025 2665 3097 militum
2708 3036 2899 3097 pastor.
2946 3025 3228 3080 Salvianus
3255 3028 3319 3080 de
3346 3028 3483 3082 Gub.
3521 3025 3612 3082 fici
3641 3045 3691 3097 ι,

2094 3114 2213 3170 pag.
2238 3099 2327 3171 17,
2351 3096 2479 3152 edit.
2509 3095 2712 3171 Brem:
2738 3094 3059 3171 Inzﬁgynto
3084 3098 3271 3171 quippe
3290 3109 3428 3160 tunc,
3450 3102 3564 3171 jam
3593 3094 3698 3158 non

2088 3169 2307 3238 simplex
2326 3179 2540 3243 tantum,
2559 3169 2648 3222 sed
2672 3169 2957 3243 multipleis.
2988 3179 3093 3243 etc.
3119 3169 3208 3243 Sic
3230 3171 3297 3243 ibi
3323 3169 3540 3243 legerint
3570 3190 3694 3229 cuin

2090 3243 2276 3314 vulgo,
2305 3241 2735 3314 tuncenimnon,
2761 3249 2866 3295 etc.
2895 3239 3148 3314 Paulinus
3162 3241 3331 3311 Epist.
3355 3239 3421 3298 a'd
3455 3248 3691 3314 Aprum:

2094 3311 2206 3368 Nec
2226 3313 2338 3384 jam
2366 3312 2664 3384 scholastica
2692 3315 2876 3384 magis,
2904 3313 3238 3379 quamdivino
3251 3311 3702 3373 sermoneﬁlusti-

2093 3401 2195 3440 nus
2224 3382 2274 3438 in
2305 3383 2551 3438 Prmfal.:
2582 3382 2732 3456 Quod
2757 3382 2824 3436 ad
2850 3393 2926 3449 te,
2957 3401 3056 3438 non
3078 3387 3192 3453 jam
3220 3389 3554 3456 cognoscendi
3582 3407 3698 3444 ma-

2092 3457 2203 3528 gis,
2233 3472 2388 3526 quam
2413 3455 2713 3528 emendandi
2744 3472 2899 3528 causa
2931 3459 3208 3512 transmisi.
3240 3455 3433 3514 Wuen.

2165 3527 2393 3583 Coronas
2417 3527 2571 3580 etiam
2595 3527 2878 3592 sepulchris
2905 3530 3185 3598 denegatis.
3220 3531 3381 3585 Primi
3407 3533 3702 3588 Christiani

2093 3598 2465 3652 abstinuerunt
2507 3601 2608 3654 hoc
2635 3600 2770 3663 ritu,
2803 3615 2870 3654 ne
2899 3600 3024 3669 quid
3053 3616 3341 3657 commune
3366 3620 3488 3658 cum
3519 3607 3698 3659 natio-

2096 3671 2253 3725 nilms
2280 3670 2555 3741 haberent.
2604 3671 2798 3741 Pagani
2839 3673 2982 3726 enim
3013 3672 3297 3740 sepulchra
3334 3676 3494 3731 sertis
3536 3692 3702 3732 orna-

2095 3741 2241 3797 bant.
2277 3740 2587 3810 PrOpertius
2618 3740 2708 3798 lib.
2744 3758 2820 3797 nt.
2852 3741 3004 3814 Eleg.
3038 3745 3124 3800 lli:

2253 3859 2445 3927 AlTeret
2468 3861 2566 3927 huc
2585 3869 2839 3927 unguenta
2862 3863 2998 3927 mibi,
3013 3868 3251 3926 sertoqne
3267 3863 3587 3927 sepulchrum

2410 3922 2634 3986 Ornabit,
2657 3922 2821 3974 custos
2845 3925 2906 3974 ad
2927 3938 3037 3975 mea
3062 3922 3204 3976 busta
3226 3922 3432 3978 sedens.

2100 4029 2170 4086 Ει
2193 4040 2345 4088 vetus
2376 4043 2532 4102 pocla
2563 4032 2614 4087 in
2645 4032 2791 4104 Copa
2823 4051 2836 4087 :

2257 4143 2383 4204 Quid
2401 4145 2556 4195 cineri
2583 4145 2774 4208 ingrato
2796 4159 2967 4197 servas
2982 4148 3116 4198 bene
3139 4149 3323 4200 olentia
3345 4161 3480 4202 serta
3501 4153 3526 4200 ?

2413 4209 2554 4258 Anne
2578 4216 2810 4259 coronato
2833 4212 2906 4258 vis
2929 4208 3091 4273 lapide
3116 4211 3208 4262 ista
3233 4214 3376 4277 tegi?

2104 4309 2333 4386 llincest
2361 4313 2499 4382 quod
2530 4313 2670 4370 inter
2694 4315 2914 4370 crimina
2937 4313 3256 4373 Christianis
3285 4318 3703 4386 objectaJusti-

2107 4383 2415 4456 nusMartyr
2435 4385 2651 4457 Apoloy.
2675 4403 2731 4447 ll,
2753 4403 2869 4458 pag.
2892 4387 2980 4452 68,
3005 4389 3185 4445 refert.
3199 4403 3269 4458 μή
3289 4383 3386 4452 rei;
3409 4383 3704 4449 ἀπέθανοῦσι

411 4451 598 4533 μίτῳ,
633 4451 772 4533 hunc
810 4455 986 4533 locum
1014 4468 1043 4506 a
1073 4454 1202 4507 viris
1239 4451 1388 4533 doct,
1432 4451 1592 4533 fu_i~se
1636 4463 1892 4533 tentatum
1923 4471 1937 4508 ε
1968 4470 1992 4507 a

2107 4463 2220 4523 χοὰς
2249 4468 2329 4510 ut
2353 4451 2537 4520 'zvt'nig,
2569 4451 2650 4511 κᾶὶ
2691 4451 2942 4533 irrigat;
2970 4451 3363 4533 r(ut_Me'ursius
3403 4465 3651 4519 emendat
3680 4465 3703 4533 )

408 4525 630 4609 pavisio
653 4524 1015 4609 quivres‘t-rihit'
1034 4565 1058 4609 ,Ι
1079 4524 1306 4604 (egrotis.
1335 4522 1546 4609 algetis,
1579 4525 1837 4605 pauperie,
1867 4529 2003 4609 [ante

412 4593 682 4660 laboratis:
702 4594 899 4665 Wopk.
931 4594 1017 4662 qui
1046 4594 1192 4664 legit,
1233 4593 1387 4663 egetis
1407 4636 1421 4656 ,
1451 4595 1628 4664 algetis
1648 4635 1662 4658 ,
1691 4611 1839 4664 opere
1862 4593 2003 4651 inani

413 4668 675 4721 laboratis.
725 4666 1024 4737 Ilcum_qnj
1077 4668 1250 4737 locum
1281 4666 1358 4719 sic
1387 4667 1618 4720 restituit
1662 4683 1676 4719 :
1718 4683 1928 4737 corpore
1954 4678 2002 4722 et

411 4739 583 4793 animo
608 4737 867 4792 laboratis.
895 4735 959 4789 ltt
984 4735 1122 4790 Dens
1144 4736 1262 4789 dum
1286 4737 1476 4802 patitur
1495 4747 1541 4791 et
1565 4735 1882 4804 dissimulat,
1913 4749 2002 4793 aut

411 4825 514 4862 non
543 4811 680 4876 vult,
714 4818 799 4862 aut
827 4825 924 4862 non
957 4817 1114 4878 potest
1141 4807 1382 4873 cpitulari
1410 4809 1532 4862 suis.
1564 4808 1819 4864 LINDNER.

492 4879 611 4933 Non
651 4881 753 4934 vult
792 4889 878 4933 aut
917 4897 1016 4933 non
1056 4888 1253 4950 potest.
1281 4878 1384 4932 Pro
1413 4890 1497 4934 aut
1529 4897 1626 4933 non
1669 4881 1792 4934 vult.
1829 4880 1999 4950 Vide,

413 4966 535 5023 qua;
566 4961 811 5005 notamus
839 4966 1140 5023 Sttpra_(‘.;l|t_.
1160 4949 1301 5023 _l,_it.
1333 4965 1450 5018 cap.
1479 4951 1565 5005 51.
1601 4951 1853 5023 insuam.

495 5022 663 5088 Quum
696 5023 934 5090 periculo.
975 5021 1190 5075 lleraltl.
1221 5021 1336 5090 Rig.
1371 5038 1433 5076 ex
1469 5038 1566 5075 lllS.
1599 5022 1778 5077 Baluz.
1814 5023 1996 5080 Ursin.

415 5093 574 5148 Wov.
611 5092 842 5146 Lindnt‘r
870 5095 1048 5163 legunt
1077 5135 1088 5152 ,
1149 5108 1260 5144 t‘ttltt
1303 5109 1581 5163 querquero
1619 5096 1860 5163 quateris;
1889 5097 1924 5161 i,
1945 5113 1995 5150 e.

417 5165 600 5236 algore
641 5171 693 5218 et
724 5173 972 5219 tremore.
1005 5161 1288 5231 Pompeius
1309 5162 1358 5236 7F
1363 5173 1542 5236 estus,
1585 5161 1674 5220 aut
1717 5166 2004 5236 interpola-

412 5244 500 5288 tor
540 5234 766 5288 Paulus:
818 5250 1201 5300 QUEBQUERAI.
1250 5235 1491 5304 frigidam
1521 5255 1633 5289 cum
1677 5234 1917 5298 tremore,
1969 5255 2003 5292 α

413 5304 591 5360 Gnaeo
615 5313 833 5374 tta'tptmpa.
855 5316 1042 5360 certum
1069 5317 1139 5360 est
1164 5306 1283 5359 dici.
1317 5307 1476 5360 Addit
1502 5324 1564 5362 ex
1598 5308 1814 5371 Lucilio,
1849 5310 2004 5376 Quer-

412 5392 570 5448 quera
619 5379 936 5448 consequitur
960 5378 1170 5448 febris,
1215 5379 1492 5448 capitisque
1530 5379 1747 5432 dolores.
1795 5379 2002 5436 Gellius

410 5447 505 5502 lili.
541 5463 605 5501 xx
627 5488 642 5513 ,
676 5462 792 5514 cap.
829 5447 849 5500 1
883 5447 1334 5520 είΕῃνοιαιὶοηριιι
1363 5447 1561 5518 gravem
1601 5467 1712 5503 cum
1755 5449 1881 5520 febri
1911 5468 2001 5504 ra-

409 5520 533 5587 pida
556 5529 601 5572 et
627 5534 884 5592 quercera.
918 5518 1006 5572 Est
1034 5530 1087 5574 et
1113 5520 1252 5586 apud
1277 5518 1646 5592 Apuleitnngl
1661 5518 1833 5592 polog.
1865 5539 2003 5592 quer-

406 5606 639 5653 querum.
664 5589 871 5657 Legunt
897 5600 1072 5660 autem
1100 5608 1374 5660 queri/uero
1399 5591 1536 5657 apud
1588 5589 1884 5648 Minucium
1903 5593 1995 5648 Fr.

405 5660 718 5727 Baldninas,
752 5661 931 5725 Fulv.,
969 5659 1194 5715 Ursinus
1224 5673 1277 5717 et
1301 5662 1383 5718 Jo.
1424 5662 1736 5719 Wowcrus:
1771 5676 1995 5732 contra,

399 5733 660 5798 periculo,
717 5732 976 5806 l‘leraldus
1025 5743 1078 5785 et
1124 5732 1381 5806 liigallitts
1422 5752 1484 5790 ex
1534 5737 1681 5790 libris
1726 5735 1994 5806 antiquis:

390 5818 527 5880 quos
552 5819 826 5880 sequerer,
856 5805 899 5861 si
930 5805 1270 5862 commodum
1300 5806 1566 5866 videretur
1590 5807 1656 5866 ad
1684 5805 1996 5878 dicendum,

2106 4535 2344 4595 ςτερᾶνους
2377 4535 2456 4582 καὶ
2489 4533 2654 4590 θυσίας
2683 4539 2854 4601 φέρειν.
2891 4531 3222 4588 Posteriores
3251 4545 3426 4588 autern
3456 4531 3702 4591 recesse-

2105 4601 2315 4680 l‘ltllLub
2338 4601 2434 4680 hac
2459 4601 2818 4669 simplicitate.
2839 4601 3160 4660 Prudentius
3179 4603 3467 4661 Cat/tenter.
3489 4606 3704 4680 llymno

2105 4684 2169 4734 x,
2205 4670 2588 4742 Essequiarum
2619 4683 2862 4728 extremo
2886 4692 2901 4728 :

2353 4783 2454 4835 Nos
2475 4791 2604 4836 tecta
2636 4786 2912 4838 fovebimus
2932 4800 3044 4839 ossa

2354 4845 2506 4913 _\_l_ioli_s
2531 4856 2582 4898 et
2607 4849 2782 4913 fronde,
2815 4851 3066 4913 frequenti
3091 4891 3103 4912 ,

2359 4909 2675 4974 :l'itulumque
2701 4909 2937 4974 etfrigida
2958 4927 3076 4965 saxa

2356 4970 2562 5036 Liquido
2581 4970 2874 5038 sti-argentatis
2895 4976 3068 5028 odore.
3223 4977 3361 5030 Ceu.

2178 5096 2533 5174 Misericordia
2562 5103 2734 5174 digni,
2767 5104 2855 5157 sed
2895 5116 3183 5159 nostrorum
3213 5107 3442 5162 deorum.
3478 5107 3582 5163 Pro
3609 5110 3703 5163 sed

2105 5171 2380 5247 [escripsit
2417 5183 2466 5247 et
2493 5171 2732 5247 JosfFr.
2775 5175 3074 5230 Gronovius
3105 5176 3364 5232 Obsrrt'at.
3407 5180 3460 5234 in
3500 5180 3700 5247 Script.

2106 5238 2250 5296 Eccl.
2283 5238 2399 5316 cap.
2436 5244 2489 5310 7,
2521 5261 2640 5316 pag.
2668 5245 2759 5311 75,
2791 5256 2845 5302 ct
2877 5247 3118 5303 Davisius
3147 5250 3224 5303 vel
3253 5261 3559 5305 nostrorum.
3591 5238 3705 5308 Sed

2104 5327 2232 5389 sana
2265 5315 2534 5389 es_t_lectio
2562 5315 2662 5371 nis.
2693 5319 2746 5371 Si
2779 5334 2935 5388 quem
2964 5321 3098 5374 ordo
3124 5321 3408 5377 verborum
3441 5321 3701 5389 offendit,

2105 5381 2280 5465 legat:
2314 5381 2850 5465 Misericordiddigni
2879 5391 3088 5465 deorum
3107 5434 3122 5457 ,
3152 5393 3241 5448 sed
3269 5409 3575 5448 nostrorum.
3609 5381 3702 5449 Sic

2107 5453 2277 5539 infra“
2293 5471 2414 5539 cap.
2459 5458 2532 5539 g6
2593 5475 2615 5539 :_
2659 5453 2911 5539 Angelos,
2956 5463 3010 5516 id
3056 5453 3158 5539 est,
3205 5465 3462 5520 ministros
3492 5476 3537 5519 et
3569 5481 3705 5539 nun-

2105 5525 2200 5602 tios
2232 5525 2330 5602 _Dei
2349 5525 2374 5594 ,“
2396 5531 2485 5602 sed
2504 5532 2615 5602 geri
2634 5573 2648 5596 ,
2681 5525 2820 5601 qu'ud
2869 5525 3049 5602 posset
3079 5525 3237 5589 etiam
3269 5550 3422 5591 csse:
3455 5537 3660 5591 nuntios
3684 5580 3701 5602 ,

2105 5597 2194 5674 sed
2227 5598 2319 5652 Dei
2346 5601 2468 5654 veri.
2501 5597 2770 5674 Florus],
2806 5597 2952 5664 1,—6:
2999 5603 3148 5660 Prior
3187 5607 3272 5661 ille
3309 5623 3402 5661 sex
3439 5597 3700 5674 vultures,

2105 5667 2186 5750 hic
2215 5681 2420 5750 postea,
2449 5675 2542 5728 sed
2574 5673 2838 5750 duodecim
2879 5676 3033 5750 videt.
3077 5678 3276 5732 Plinius
3305 5678 3403 5741 53,
3437 5679 3501 5734 ὃς
3534 5667 3704 5733 Ante;

2104 5745 2218 5810 nius
2258 5745 2398 5810 apud
2439 5761 2530 5798 nos
2569 5746 2621 5798 in
2661 5748 3015 5800 contumeliam
3056 5762 3253 5804 natura:
3290 5751 3532 5803 vilitatem
3573 5767 3707 5807 auro

2107 5809 2223 5882 fecit
2251 5809 2617 5887 proscriptione
2642 5818 2884 5890 dignum,
2916 5819 3012 5877 sed
3043 5821 3301 5893 Spartaci.
3336 5821 3600 5881 LINDNER.
3688 5885 3706 5900 ἢ
