3980 6302
317 260 426 335 277

1800 267 2160 330 OCTAVIUS.

3517 274 3627 335 278

319 393 684 452 mendacium.
728 393 909 464 Itaque
936 408 1045 465 quo
1071 391 1266 463 smpius
1294 390 1784 447 asseverationibus
1803 404 1920 445 cre-
1948 392 1999 453 Α
2029 390 2186 445 fidem
2213 390 2476 448 confessa:
2496 392 2826 464 probationis
2849 393 3084 450 imitetur
3111 411 3125 449 :
3154 366 3438 466 diligenter
3454 411 3626 468 quan-

316 490 470 555 dunt,
513 504 580 544 eo
627 487 958 558 frequentius
996 503 1025 539 a
1074 485 1413 556 peritioribus
1443 493 1735 553 arguuntur
1778 499 1792 536 :
1843 481 1920 537 sic

314 583 534 638 assidue
580 581 880 636 temeritate
922 579 1155 649 decepti.
1195 577 1419 648 Culpam
1458 577 1652 647 iudicis
1692 572 1916 630 transfe-

311 687 444 732 runt
504 675 570 729 ad
628 674 817 730 incerti
876 672 1189 742 querelam,
1234 681 1294 725 ttt
1341 670 1608 725 damnatis
1662 668 1913 722 omnibus

313 771 505 827 malint
536 770 782 824 universa
832 766 1183 837 suapendere,
1227 781 1386 836 quam
1418 765 1486 819 de
1516 763 1790 818 fallacibus
1821 762 1908 832 ju-

310 864 516 920 dicare.
561 861 726 930 Igitur
755 859 909 915 nobis
935 858 1322 931 providendum
1349 867 1449 924 est,
1482 872 1548 913 ne
1573 857 1698 912 odio
1719 855 1909 911 identi-

309 956 433 1013 dem
462 969 770 1012 sermonum
793 954 1027 1008 omnium
1053 953 1378 1019 laboremus,
1402 952 1496 1016 ita,
1528 960 1585 1006 ut
1609 950 1662 1005 in
1691 964 1911 1006 execra—

313 1053 512 1107 tionem
537 1059 593 1105 et
618 1048 800 1104 odium
828 1047 1101 1105 hominum
1130 1046 1370 1118 plerique
1397 1045 1750 1116 simpliciores
1776 1044 1907 1100 effes

306 1154 516 1201 rantur.
540 1143 672 1199 Nam
702 1143 914 1197 incaute
950 1139 1156 1197 creduli
1193 1140 1688 1195 circumveniuntur
1713 1139 1780 1194 ab
1802 1138 1906 1203 ltis,

306 1252 445 1309 quos
487 1237 656 1291 bonos
704 1242 1020 1307 putaverunt
1052 1251 1066 1288 :
1095 1248 1240 1299 mox,
1271 1246 1457 1287 errore
1503 1231 1768 1286 consimili
1795 1231 1906 1301 jam

304 1332 573 1404 suspectis
593 1331 863 1396 omnibus,
895 1339 953 1385 ut
972 1328 1245 1398 improbos
1274 1336 1518 1383 metuont
1555 1326 1740 1389 etiam,
1770 1340 1904 1395 quos

304 1426 540 1497 optimos
565 1426 768 1482 sentire
792 1433 1095 1496 pottterunt.
1127 1424 1232 1479 Nos
1257 1423 1478 1494 proinde
1498 1420 1734 1481 solliciti.
1762 1419 1903 1491 quod

302 1519 577 1592 utrimque
608 1522 660 1575 in
712 1520 859 1575 omni
914 1518 1126 1589 negotio
1173 1518 1490 1584 disseratur,
1545 1525 1600 1570 et
1641 1531 1705 1569 ex
1733 1514 1902 1569 altera

302 1624 456 1686 parte
486 1616 798 1688 plerumque
825 1614 1051 1670 obscura
1080 1613 1150 1668 sit
1177 1614 1396 1679 veritas,
1435 1627 1499 1667 ex
1532 1611 1704 1666 altero
1736 1610 1903 1665 latere

2026 492 2134 539 tum
2165 495 2359 555 potest,
2387 488 2592 558 singula
2639 488 3016 558 ponderemus,
3053 498 3109 543 ut
3137 488 3370 558 argutias
3400 489 3618 559 quidem

2020 575 2258 641 laudare,
2291 595 2353 634 ea
2383 596 2512 637 vero
2555 597 2675 652 qua:
2720 590 2864 637 recta
2910 592 3054 648 sunt,
3094 583 3313 654 eligere,
3369 582 3618 654 probare,

2018 672 2294 743 suscipere
2322 690 2607 745 possimus.

2614 790 2842 848 CAPUT
2876 792 2988 847 XV.

2013 927 2407 984 ARGUMENTUI.
2432 959 2503 968 —
2533 929 2733 1001 Regerit
2754 929 2804 983 Μ
2813 930 2980 983 inuria
3002 928 3237 985 Cret-ilius
3261 948 3361 985 non
3389 931 3497 985 sine
3517 931 3617 985 ali-

2082 1037 2183 1090 qua
2210 1020 2317 1073 (tesi
2346 1021 2502 1073 animi
2532 1021 2918 1092 signiﬁcatione,
2968 1023 3133 1088 ipsum
3177 1022 3402 1093 religiosi
3421 1022 3617 1093 judicia

2083 1114 2243 1185 officio
2280 1115 2530 1180 recedere,
2562 1114 2681 1167 dum
2712 1131 2817 1168 sua:
2833 1116 3189 1181 disputationis
3218 1117 3343 1169 vires
3362 1118 3610 1185 m/irmat.

2084 1209 2367 1280 lutegrum,
2408 1209 2618 1263 Octauio
2669 1225 2773 1263 esse
2809 1226 2866 1263 ea
2908 1210 3098 1275 omnia,
3151 1226 3264 1280 (μίαν
3295 1210 3344 1263 in
3397 1209 3618 1265 medium

2082 1306 2388 1378 protulerat,
2417 1310 2700 1377 confutare.

2082 1421 2326 1487 Decedis,
2346 1420 2794 1491 inquitCmcilius,
2810 1419 3187 1490 offiriojudicis
3202 1421 3465 1491 religiosi;
3486 1437 3607 1477 nam

2009 1516 2354 1586 perinjurium
2376 1526 2477 1579 est,
2508 1516 2647 1569 vires
2660 1525 2712 1570 te
2725 1514 2949 1568 actionis
2967 1530 3119 1570 meo.
3142 1515 3465 1585 intergressu
3487 1530 3611 1586 gra-

2005 1610 2237 1664 vissima:
2257 1609 2649 1678 disputationis,
2673 1609 2956 1679 infringere
2983 1623 3102 1662 cunt
3132 1608 3381 1663 Octavius
3405 1611 3612 1681 integra

301 1711 439 1765 mira
466 1710 753 1780 subtilitas,
786 1725 904 1782 qure
945 1722 1346 1779 nonnumquam
1379 1706 1622 1762 ubertate
1667 1700 1903 1770 dicendi,
1941 1690 1982 1749 Β
2011 1712 2063 1756 et
2092 1700 2292 1756 illibata
2321 1701 2511 1757 habeat
2537 1701 2763 1772 singula.
2794 1700 2850 1756 Si
2875 1710 3046 1770 potest
3075 1710 3322 1770 reputare
3347 1717 3361 1766 ;
3389 1702 3439 1757 id
3469 1702 3612 1774 quod

1653 1835 2009 1895 VARIORUM
2051 1836 2277 1893 NOT/E.

295 1983 635 2053 pollueretur
661 1992 769 2038 tam
788 1981 927 2043 tristi
944 1989 1106 2053 atque
1123 1978 1404 2050 multiplici
1426 1976 1752 2053 ministerio.
1768 1975 1899 2032 Item

292 2049 591 2110 'vcrisimile
628 2068 709 2110 est
741 2064 913 2111 morte
941 2052 1119 2109 omnia
1152 2049 1382 2107 humana
1417 2050 1579 2105 finiri.
1613 2049 1679 2104 Et
1721 2060 1902 2105 tamen

293 2126 438 2191 hare,
467 2127 568 2181 etsi
588 2126 900 2182 verisimilia
923 2126 1059 2191 sint,
1091 2122 1376 2178 falsissima
1397 2133 1539 2179 sunt.
1572 2121 1799 2177 Βιῦιιτ.

367 2197 588 2268 Culpam
598 2199 796 2269 judicis
816 2198 1128 2269 transferunt
1157 2193 1226 2248 ad
1252 2195 1429 2269 incerti
1454 2191 1900 2269 querelam.-Sa_na

287 2286 404 2326 non
424 2263 508 2325 est
530 2263 646 2324 huic
673 2269 835 2323 lectio
867 2287 880 2323 :
915 2263 1037 2322 nant
1070 2266 1136 2322 de
1168 2268 1349 2323 multis
1370 2263 1640 2334 iudicibus
1664 2264 1773 2334 agit
1801 2263 1897 2318 Mi-

289 2343 489 2397 nucius
536 2341 664 2398 ideo
686 2339 992 2397 Wowerius
1018 2340 1226 2407 reponit
1254 2333 1458 2409 culpam
1484 2336 1689 2406 iudicii.
1710 2333 1901 2409 Meur-

291 2414 408 2468 sius
447 2423 501 2468 et
542 2413 806 2468 Cellarius
850 2413 1160 2475 emendant,
1202 2409 1408 2476 culpam
1434 2409 1643 2480 judices
1677 2408 1899 2476 transfe-

287 2496 415 2542 runt
454 2487 524 2542 ad
547 2484 726 2540 inserti
753 2485 1030 2553 querelam.
1072 2481 1199 2536 Milti
1244 2479 1498 2549 languere
1526 2479 1735 2533 videtur
1757 2494 1898 2553 Ascu-

293 2558 490 2623 tentia,
531 2558 631 2610 nisi
676 2549 852 2610 forsan
894 2555 1079 2610 addito
1124 2553 1441 2624 pronomine
1473 2553 1679 2621 legatur
1712 2549 1900 2624 :StjAI

281 2628 498 2697 culpam
540 2628 758 2683 Juntces
798 2623 1133 2697 transferunt;
1149 2625 1216 2677 ad
1252 2623 1431 2693 incerti
1467 2624 1744 2693 querelam.
1785 2623 1899 2677 Λυο

276 2695 472 2756 sonitus
502 2699 555 2755 itt
584 2698 770 2771 (.upid.
800 2695 978 2768 crat-if.
1013 2714 1064 2751 ν.
1102 2695 1169 2752 64
1203 2714 1217 2751 :

441 2816 764 2869 Transferuut
785 2826 839 2868 ιιι
858 2813 1085 2882 praprias
1108 2813 1269 2864 aliena
1292 2814 1343 2863 in
1365 2814 1565 2863 crimina
1587 2811 1771 2876 culpas.

272 2903 566 2959 Sallustius
592 2901 717 2975 Jug.
760 2917 879 2970 esp.
912 2903 935 2957 l
979 2919 991 2955 :
1018 2901 1169 2975 Sunt
1215 2899 1403 2969 quippe
1428 2898 1630 2975 culpant
1658 2907 1889 2975 auctores

273 2976 352 3028 ad
385 2976 584 3044 negotia
629 2967 975 3045 transferunt.
1011 2973 1102 3027 Sic
1127 2967 1349 3045 paetum
1377 2988 1408 3022 a
1444 2971 1637 3045 scelere
1673 2983 1771 3022 suo
1819 2967 1888 3023 ad

272 3041 537 3118 ignaviam
566 3041 783 3102 vestram
806 3042 1083 3118 traitsferre
1107 3042 1237 3118 dixit
1264 3043 1477 3118 idemc.
1506 3042 1593 3096 54.
1622 3041 1886 3118 linis.—

2007 1976 2343 2044 sumpsisset,
2380 1975 2661 2032 refutando
2692 1977 2961 2032 Davisittm
2989 1987 3043 2032 et
3082 1979 3437 2045 ostendendo,
3469 1980 3611 2036 haud

2009 2064 2131 2122 raro
2160 2049 2229 2102 ita
2255 2064 2350 2119 per
2377 2049 2774 2122 subjunetivunt
2815 2058 2871 2103 at
2901 2050 3162 2122 inlinitum
3190 2051 3454 2122 obliquari
3484 2069 3609 2109 ora-

2008 2121 2230 2185 ti0nent,
2259 2136 2379 2190 qua-
2409 2120 2622 2190 proprie
2653 2128 2794 2175 recta
2818 2136 2937 2175 esse
2958 2121 3196 2175 deberet.
3233 2120 3408 2178 licuit.

2079 2190 2218 2266 Nam
2245 2192 2444 2266 incaute
2482 2191 2915 2266 cr:e_duli._lletnn.
2944 2207 3048 2245 non
3072 2193 3299 2266 dubitat,
3341 2195 3408 2247 ita
3440 2195 3611 2266 scrip-

2007 2264 2142 2319 sisse
2164 2262 2447 2317 Minucium
2474 2282 2487 2318 :
2521 2261 2659 2317 Nam
2682 2264 2801 2315 dum
2831 2264 3032 2317 incaute
3052 2276 3155 2319 etc.
3191 2264 3257 2319 Et
3286 2264 3399 2319 [nec
3423 2261 3610 2321 emen-

2004 2334 2150 2389 datio
2178 2335 2454 2407 minusest
2476 2337 2795 2407 necessaria,
2822 2334 2887 2388 ad
2912 2350 3179 2391 summum
3208 2336 3463 2407 particula
3488 2339 3611 2393 dum

2007 2416 2179 2476 potest
2205 2405 2447 2476 intelligi.
2494 2405 2748 2461 LINDNER.

2079 2477 2322 2531 Solliciti.
2376 2476 2487 2531 Hoc
2541 2479 2759 2530 verbum
2802 2492 2922 2531 cum
2958 2476 3058 2534 hoc
3105 2478 3222 2532 loco
3251 2480 3319 2533 sit
3349 2479 3605 2549 alienum,

2006 2550 2186 2603 scribo
2215 2549 2353 2603 soliti
2385 2568 2396 2603 :
2431 2564 2662 2618 cumque
2690 2564 2829 2603 nunc
2867 2551 3201 2604 desideretur
3230 2550 3451 2607 verbum
3486 2552 3608 2606 inti;

2007 2622 2252 2681 nitivunt,
2286 2621 2362 2674 sle
2389 2619 2510 2688 lego
2536 2638 2547 2673 :
2576 2617 2688 2673 Nos
2720 2621 2933 2686 proinde
2962 2622 3142 2675 audire
3165 2621 3319 2677 soliti.
3366 2624 3604 2677 Sensus:

2002 2691 2130 2756 Nos,
2171 2691 2257 2762 qui
2293 2692 2345 2746 in
2375 2691 2491 2745 foro
2517 2705 2708 2762 causas
2738 2693 2963 2761 agimus,
2996 2693 3179 2746 audire
3205 2695 3603 2762 consuevimus,

1994 2762 2135 2831 quod
2174 2761 2457 2833 Utrimque.
2489 2771 2592 2818 etc.
2630 2761 2803 2833 litauit.
2858 2762 3000 2817 Bene
3030 2779 3087 2818 se
3136 2764 3294 2818 ltaln-t
3327 2765 3483 2823 lectio
3510 2761 3604 2822 re;

1992 2844 2142 2902 cepta
2161 2851 2285 2897 ms.;
2300 2832 2545 2906 SQllit'llfls
2557 2832 2697 2887 enim
2717 2844 2798 2889 est
2818 2834 3018 2906 dubius,
3034 2844 3269 2889 attentus.
3299 2836 3488 2891 Cicero
3507 2852 3607 2906 pro

1993 2907 2155 2959 domo
2177 2906 2274 2960 96:
2308 2904 2571 2977 Suspenso
2588 2915 2737 2975 atque
2759 2904 2974 2959 sollicita
2999 2917 3100 2959 tota
3123 2908 3337 2961 civitate.
3365 2904 3517 2963 ldemi
3533 2909 3605 2964 de

1991 2979 2165 3032 Amic.
2198 2978 2267 3032 52
2297 2976 2581 3046 :Suspecta
2625 2993 2684 3029 ac
2712 2977 2932 3030 sollicita
2971 2995 3169 3047 semper
3206 2980 3376 3032 omnia
3408 2982 3459 3033 in
3496 2982 3601 3039 vita

1993 3058 2345 3119 tyrannorum.
2408 3048 2608 3123 Livius,
2639 3063 2690 3110 ν,
2726 3049 2796 3123 ζιἸ
2826 3064 2843 3102 :
2872 3047 3053 3115 Canes,
3081 3048 3351 3103 sollicitum
3383 3051 3598 3123 animal,

271 3109 988 3186 liaHettm.explicat:Cum
1013 3132 1157 3169 suam
1180 3112 1885 3186 iudicanditemeritatemac-
1909 3109 1955 3173 C
1990 3109 2056 3174 (ἧι
2103 3131 2374 3175 nouum“
2417 3109 2684 3180 ,παρέρα
2723 3118 2980 3175 [Amm-En,

271 3207 459 3246 cnsare
496 3181 751 3251 deberent,
785 3205 847 3243 ea:
872 3206 947 3255 eo,
980 3188 1115 3258 quod
1146 3181 1397 3255 falluntur
1433 3183 1638 3249 swpitts,
1671 3181 1886 3258 conclu-

270 3262 512 3327 clndunl,
556 3260 688 3315 nihil
736 3278 841 3317 esse
888 3253 1030 3321 tecti,
1077 3253 1167 3312 sed
1206 3273 1312 3310 esse
1368 3268 1608 3325 perpetuo
1646 3253 1885 3327 dubitan-

268 3332 403 3389 dum
442 3325 507 3389 de
555 3330 805 3386 omnibus.
851 3329 954 3389 Sed
997 3331 1047 3383 in
1086 3344 1187 3383 ms.
1221 3339 1302 3383 ρει
1333 3328 1541 3393 iudicis,
1574 3325 1713 3391 quod
1748 3329 1884 3383 bene

264 3419 336 3459 se
368 3403 548 3468 habet,
579 3413 884 3472 exponenle
923 3399 1195 3472 Gronovio
1229 3399 1294 3452 ad
1340 3399 1393 3452 lt.
1440 3397 1483 3472 l.
1527 3396 1689 3466 Culpa
1736 3397 1881 3472 enim

254 3476 459 3545 judicia
505 3484 588 3530 est
627 3470 789 3545 quant
826 3472 991 3545 jttdt_-x
1043 3471 1273 3545 admittit
1320 3470 1541 3545 remissa
1587 3470 1882 3545 attentione

267 3542 329 3600 in
379 3547 584 3609 auditu,
627 3542 733 3609 vel,
762 3542 886 3597 dum
935 3543 986 3597 itt
1028 3542 1295 3597 audiendo
1337 3543 1516 3595 animo
1544 3550 1623 3593 est
1654 3542 1877 3608 omisso,

264 3627 365 3673 aut
401 3619 649 3675 omissior
672 3618 740 3671 ab
771 3617 984 3671 actione
1022 3614 1270 3677 dicentis,
1307 3623 1362 3668 ut
1387 3612 1672 3669 Terentius
1706 3614 1879 3681 loqui-

268 3702 359 3745 tur
385 3699 603 3746 notante
648 3700 795 3757 patre
823 3686 911 3747 lib.
949 3703 1001 3741 ιιι
1043 3686 1304 3741 Observat.
1347 3702 1465 3757 cap.
1513 3684 1563 3749 7,
1597 3695 1650 3757 et
1679 3682 1879 3757 idcirco

267 3762 326 3817 in
360 3764 540 3830 judice
593 3753 748 3815 vitari
791 3758 949 3813 debet
990 3758 1196 3822 vitinnt,
1240 3753 1474 3830 quodin
1532 3753 1642 3810 Sola
1680 3755 1877 3821 jndiris

264 3829 498 3904 persona
546 3832 919 3893 committitur.
970 3830 1303 3904 transferunt
1338 3829 1401 3881 ad
1459 3844 1576 3904 rem
1614 3838 1663 3904 et
1707 3836 1877 3904 man:-

263 3897 428 3987 i'iant,
455 3920 613 3987 quam
640 3914 940 3986 queruptur
980 3902 1186 3971 plenam
1236 3902 1397 3982 fuisse
1427 3898 1666 3987 caliginis
1697 3908 1749 3950 et
1780 3897 1876 3981 ob-

262 3969 511 4033 curitatis
548 3986 604 4030 ct
652 3969 859 4039 incerti,
906 3969 1063 4044 quam
1106 3988 1270 4044 penes
1314 3975 1483 4042 ipsum
1523 3969 1875 4044 jtltltCtélIi-Sli

263 4064 432 4103 causa
459 4047 789 4113 difficultatis
814 4048 891 4103 vel
918 4040 1179 4112 caliginis.
1208 4040 1409 4113 Estque
1440 4056 1655 4111 prorsus
1684 4040 1871 4096 eadem

265 4121 655 4191 prtumntiatio,
689 4134 790 4187 qua
819 4119 978 4191 utitur
999 4115 1279 4191 Sallustius
1313 4119 1414 4169 loc.
1446 4125 1537 4191 cit.
1568 4113 1835 4191 Limnaee.

343 4191 410 4248 Ut
458 4186 715 4247 dontnatis
759 4190 1007 4246 omnibus.
1058 4189 1217 4259 Lego,
1250 4199 1300 4242 nt
1345 4188 1625 4257 ampliatis.
1662 4186 1869 4245 Mcuns.

261 4263 371 4319 Sed
401 4262 659 4333 amplialis
684 4262 821 4316 idem
850 4272 953 4323 est,
986 4262 1127 4330 qttod
1162 4261 1444 4330 suspensis,
1471 4275 1635 4329 quum
1657 4259 1873 4333 debuis-

263 4350 347 4392 set
379 4332 493 4395 alia
512 4335 757 4403 qtttedam
789 4336 870 4387 vis
901 4349 1017 4388 esse
1048 4334 1098 4389 in
1133 4334 1234 4386 isto
1267 4334 1547 4402 participio
1576 4340 1629 4384 et
1658 4332 1868 4387 diversa

262 4411 333 4462 ah
364 4408 510 4463 verbi
540 4406 849 4475 suspendere
892 4404 1306 4474 significatione;
1359 4406 1522 4457 immo
1564 4420 1660 4456 cur
1700 4405 1872 4460 voluit

2065 3190 2148 3246 Ex
2176 3193 2345 3264 altera
2366 3193 2538 3247 latere.
2565 3190 2637 3245 lla
2670 3207 2771 3264 nis.
2804 3193 2957 3264 lintn.
3084 3193 3256 3264 lateat.
3291 3192 3489 3264 Supple
3510 3195 3596 3250 sit.

1990 3262 2076 3317 Ea:
2112 3265 2272 3318 altero
2328 3262 2482 3316 latere
2533 3265 2660 3315 mira
2702 3260 2831 3386 (sin?
2872 3262 3143 3318 subtilitas.
3216 3260 3595 3334 Ileuniannus,

1990 3352 2312 3386 ttuanmuam
2336 3336 2673 3386 dubitanter.
2697 3336 2799 3386 seri
2826 3337 2876 3386 tit
2907 3345 3079 3386 tamen
3105 3335 3288 3386 luceat.
3323 3336 3595 3386 Emenda-

1988 3352 2312 3403 quantquattt
2336 3336 2673 3400 dubitanter,
2697 3335 2876 3387 scribit
2907 3345 3079 3389 tamen
3105 3335 3288 3390 luceat.
3323 3336 3595 3391 Emenda-

1990 3408 2064 3478 t_io
2117 3404 2289 3460 Fulvii
2345 3406 2555 3478 UrsiniL
2584 3421 2702 3476 qua:
2754 3414 2837 3460 est
2881 3406 2933 3460 in
2959 3406 3055 3461 Ed.
3106 3405 3378 3473 Romana,
3426 3408 3592 3478 mihi,

1986 3476 2180 3544 fateor,
2209 3478 2498 3547 perplacet.
2534 3476 2789 3532 LINDNER.

2057 3549 2346 3619 Suspicere.
2378 3547 2629 3603 Fortasse
2671 3550 2947 3617 suscipere.
2997 3547 3085 3605 Sic
3109 3564 3227 3620 cap.
3262 3548 3317 3615 6,
3347 3550 3417 3604 7:
3454 3550 3591 3606 Dum

1985 3620 2332 3677 universarum
2361 3621 2583 3692 gentium
2600 3635 2762 3692 ‘sacra
2792 3619 3107 3690 suscipiunt
3142 3619 3246 3676 Sed
3270 3631 3321 3676 et
3350 3622 3427 3677 sic
3464 3638 3591 3691 gra-

1985 3692 2129 3747 datio
2148 3694 2276 3749 satis
2293 3691 2426 3747 bene
2443 3691 2701 3764 procedit.
2729 3691 2977 3764 Estenim
2998 3695 3255 3759 suspicere
3274 3694 3407 3764 plus,
3427 3709 3587 3761 quam

1986 3765 2232 3832 probare.
2277 3765 2381 3819 Sed
2418 3762 2526 3833 jam
2556 3762 2729 3823 video,
2761 3763 2831 3818 ita
2867 3763 3153 3835 lleraldunt
3186 3780 3248 3818 ex
3278 3762 3384 3820 ins.
3413 3764 3585 3835 Regio

1983 3835 2236 3898 edidisse,
2287 3835 2492 3890 utadeo
2539 3835 2796 3903 nesciant,
2854 3835 2993 3889 unde
3046 3834 3310 3891 Cellarins
3361 3834 3585 3891 verbum

1980 3908 2237 3972 suspicere
2267 3908 2521 3970 hauserit.
2552 3922 2770 3973 prorsus
2801 3906 3115 3962 tollendum.
3165 3906 3424 3963 LINDNER.

2052 3980 2180 4034 CAP.
2211 3977 2327 4035 XV.
2351 4008 2423 4021 —-
2440 3980 2500 4034 Si
2518 3988 2699 4049 potest,
2725 3988 2829 4033 etc.
2853 3978 2983 4048 Reg.
3011 3995 3112 4033 ms.
3131 3991 3382 4047 reputare.
3409 3979 3583 4036 Locus

1982 4064 2085 4121 non
2120 4052 2332 4104 videtur
2361 4066 2553 4113 sanus;
2581 4060 2633 4121 et
2665 4050 2892 4104 fortasse
2940 4052 3194 4121 scripturn
3235 4050 3396 4105 fuerit
3422 4069 3433 4105 :
3456 4051 3584 4106 Cum

1982 4119 2221 4194 Octavius
2249 4124 2442 4194 integra
2470 4120 2731 4194 etillibata
2744 4121 2922 4194 habent
2951 4119 3171 4191 singula.
3196 4123 3239 4175 si
3257 4134 3415 4191 patest
3438 4126 3581 4193 refu-

1979 4203 2105 4247 tare.
2139 4192 2372 4264 quuod,
2389 4203 2492 4248 etc.
2520 4192 3360 4264 lienam.—lnterpunserim....
3395 4192 3580 4251 habeat

1976 4265 2199 4337 singula,
2230 4263 2286 4321 si
2334 4274 2515 4337 potest,
2561 4265 2817 4333 refutare,
2854 4263 2904 4319 id
2935 4275 3037 4328 est,
3074 4264 3251 4317 habeat
3278 4268 3573 4337 refutanda.

1975 4334 2086 4391 Nisi
2113 4339 2289 4407 potius
2314 4334 2497 4392 [iubere
2526 4352 2625 4407 pro
2644 4337 2820 4390 debere
2848 4337 3063 4399 dixerit,
3092 4346 3202 4398 attt,
3232 4334 3372 4406 quod
3396 4339 3580 4394 malim

1976 4409 2025 4462 dt
2039 4406 2150 4462 beat
2168 4408 2449 4480 legendum
2471 4406 3102 4480 sit.WoPK.—Ittspectio
3121 4407 3278 4474 hujus
3297 4409 3399 4480 loci
3418 4424 3579 4464 accu-

264 4490 373 4573 tan:
419 4478 579 4561 fatue
604 4478 896 4540 abundare,
948 4488 997 4573 ult
1048 4477 1270 4538 diceret,
1328 4476 1585 4573 ainpl'iatis
1635 4475 1868 4556 omnibus
1892 4513 1946 4573 Β
1975 4475 2243 4573 ῖιιιίιιτιιιιὲ
2275 4482 2519 4566 perduxit
2542 4481 2606 4533 ad
2640 4479 2775 4564 hanc
2806 4475 3235 4573 enteittlatiott‘et‘lnt
3264 4498 3277 4535 :
3303 4479 3365 4536 Si
3392 4491 3574 4555 potest,

263 4552 447 4606 nmlmt
488 4551 724 4605 universa
766 4548 1089 4621 suspendere,
1138 4564 1295 4618 (μιιιιιι
1342 4548 1588 4655 atiiplinre
1636 4547 1868 4601 universa

264 4624 444 4655 .....l.‘..s
496 4621 579 4655 νηι
625 4621 927 4655 “Hamas...
962 4622 1194 4655 "una..."
1225 4617 1400 4655 ...ηιςηι
1480 4616 1744 4655 ηαυηιηιςε
1775 4636 1868 4655 η..-

264 4624 467 4686 nmliut,
496 4621 580 4678 vel
622 4616 927 4690 suspendere
962 4616 1194 4675 universa
1223 4616 1440 4673 malint?
1476 4616 1745 4690 Damnatis
1773 4636 1869 4672 au-

267 4706 375 4750 tem
405 4705 487 4749 est
516 4694 747 4761 rejectis,
787 4692 1052 4758 alienatis,
1096 4693 1343 4760 sepositis
1390 4701 1605 4758 propter
1647 4689 1868 4746 difficul-

267 4778 427 4823 tatem
459 4764 770 4836 penelrnndi
803 4764 1016 4836 nonad
1047 4762 1256 4830 aliquod
1290 4773 1518 4832 tempus,
1549 4761 1639 4836 sed
1672 4762 1723 4816 in
1756 4778 1869 4831 pcr-

264 4834 505 4907 petunttt.
562 4836 798 4892 Guoaov.
823 4866 895 4878 -—
922 4835 974 4889 Si
1014 4836 1137 4905 quid
1183 4846 1357 4890 tamen
1396 4834 1718 4907 illiillfilltllllll
1760 4845 1861 4901 est,

262 4906 446 4965 inalint
497 4924 597 4978 ego
639 4927 652 4964 :
692 4909 946 4962 damnatis
992 4907 1329 4974 opinionibus.
1381 4906 1671 4975 Opiniones
1720 4908 1864 4961 enim

260 4991 388 5036 sunt
418 4982 647 5041 incertae.
675 4990 796 5035 sunt
820 4979 1051 5051 fallaces,
1081 4989 1134 5034 et
1159 4989 1305 5034 recte
1334 4992 1672 5050 opponuntur
1699 4980 1863 5034 certi-

264 5054 458 5109 tudini.
493 5051 751 5107 launsea.

330 5124 680 5189 Laboremus;
705 5125 773 5178 ita
808 5132 885 5190 ut,
916 5130 1021 5178 etc.
1064 5121 1203 5187 Lege
1232 5130 1285 5176 et
1331 5121 1635 5192 distinguo:
1668 5123 1865 5178 labore-

260 5214 376 5251 mus
406 5206 478 5250 tta
506 5207 577 5260 ut,
635 5196 685 5249 in
729 5196 1114 5253 execrationem.
1172 5206 1276 5247 etc.
1314 5191 1359 5247 Α
1410 5191 1613 5249 Gellius
1670 5194 1743 5248 Ν.
1796 5196 1859 5249 Α.

267 5269 363 5322 lib.
394 5284 435 5323 It
454 5311 466 5328 ,
493 5282 610 5338 cap.
637 5266 670 5323 8
698 5266 802 5338 :hld
843 5277 1034 5330 autem,
1084 5267 1219 5335 quod
1246 5280 1416 5338 supra
1445 5267 1624 5335 scripsi
1672 5264 1863 5320 Fabri-

257 5342 395 5393 cium
419 5339 483 5393 tle
510 5335 664 5393 Corn.
700 5336 913 5406 Ruﬁno,
938 5338 1007 5390 ita
1033 5347 1087 5389 ιιι
1117 5337 1169 5389 in
1199 5335 1437 5405 pleraque
1460 5338 1670 5392 historia
1701 5339 1864 5406 scrip-

259 5423 368 5466 tum
392 5424 485 5472 est,
510 5410 714 5466 dixisse.
751 5411 816 5467 Et
848 5411 938 5465 lib.
988 5425 1060 5473 Ix,
1093 5424 1213 5476 cap.
1255 5409 1321 5463 14
1352 5426 1363 5462 :
1413 5407 1575 5463 Libris
1625 5410 1866 5477 plusculis

256 5485 353 5545 ita,
385 5493 438 5539 ut
466 5480 726 5537 Cmellins
754 5482 846 5546 ait,
881 5482 1125 5553 scriptum
1152 5478 1337 5534 inveni.
1374 5477 1463 5534 Stc
1490 5491 1543 5535 et
1569 5479 1760 5536 Noster
1783 5483 1864 5537 in-

256 5554 341 5611 fra
374 5556 586 5610 locutus
611 5564 709 5608 est.
742 5554 918 5613 "ANS.

340 5626 653 5695 Ifﬂerantnr.
691 5625 931 5681 Davisius
955 5633 1124 5681 mutat
1151 5623 1201 5695 in
1234 5624 1533 5691 efferuntur.
1568 5623 1718 5679 Male.
1769 5624 1864 5681 Est

257 5698 405 5754 enim
455 5698 672 5752 Verbum
707 5695 937 5764 rietare,
985 5712 1089 5750 non
1122 5694 1321 5762 e/ferre.
1367 5696 1442 5747 Ian
1471 5699 1740 5763 geminum
1778 5698 1863 5752 Li-

258 5774 334 5829 vii
361 5775 534 5824 locum
564 5785 625 5832 ν,
655 5768 722 5824 27
755 5788 766 5822 :
802 5767 946 5834 ΕῙΙρι·
966 5768 1017 5820 .ti
1046 5767 1164 5821 odio
1190 5768 1383 5837 iraque.
1414 5764 1524 5820 lloc
1550 5770 1592 5822 si
1620 5769 1863 5823 animad-

258 5843 516 5900 tertisset
542 5839 736 5914 Ἥρωι.
787 5858 893 5898 ιιυιι
923 5840 1210 5897 verborum
1252 5847 1457 5894 tantum
1486 5837 1681 5897 frustra
1727 5857 1860 5897 con-

1968 5266 2144 5338 qneat.
2208 5269 2333 5325 Milti
2392 5280 2538 5325 certe
2605 5271 2673 5323 ita
2737 5268 2927 5336 exponi
2993 5282 3149 5337 posse
3190 5266 3566 5338 rvidetur:Si

1966 5337 2243 5406 Oetavius,
2286 5343 2375 5413 qui
2412 5341 2691 5412 justiorem
2724 5338 2989 5413 irascendi
3029 5340 3155 5393 mihi
3186 5337 3407 5413 haberet
3436 5353 3567 5413 eaut-

1967 5429 2078 5467 sant
2109 5424 2268 5482 potest
2296 5410 2528 5481 reputare
2547 5426 2631 5475 ea,
2653 5410 2893 5481 (litam\i5
2926 5410 3133 5482 diversa
3163 5410 3289 5482 sint,
3323 5425 3440 5479 qum
3470 5410 3567 5482 tibi

1967 5485 2105 5538 dicta
2136 5494 2261 5538 Sunt
2291 5500 2407 5555 cap.
2440 5483 2542 5548 16;
2572 5482 2729 5537 etiam

1972 4553 2210 4622 refutabit
2238 4555 2471 4617 crimina,
2505 4568 2618 4619 qua,
2638 4552 2688 4623 in
2707 4567 2989 4623 commune,
3012 4553 3109 4606 utsi
3128 4553 3306 4623 fallar,
3331 4552 3577 4622 comperi;

1972 4620 2109 4675 diam
2134 4622 2882 4692 protuli.SignilicatCaecilius
2903 4620 2985 4677 illa
3012 4620 3229 4676 crimina
3257 4638 3374 4693 qum
3400 4620 3578 4680 adhuc

1972 4695 2021 4748 ιιι
2070 4695 2406 4750 Christianos
2434 4695 2758 4750 contulerat.
2807 4697 2949 4759 lla'c,
2997 4694 3200 4765 inquit,
3230 4695 3281 4748 in
3310 4711 3574 4750 commune

1969 4769 2321 4833 compendium
2337 4769 2543 4836 protuli,
2571 4768 2624 4821 h.
2651 4785 2699 4823 e.
2725 4766 2957 4823 breviter
2971 4778 3019 4821 et
3037 4767 3415 4836 compendiose
3437 4770 3575 4822 reci-

1972 4839 2097 4909 tati,
2132 4849 2341 4907 putans,
2372 4840 2422 4893 id
2453 4840 2545 4895 tibi
2575 4839 2773 4909 pariter
2802 4849 2857 4893 et
2886 4838 3012 4891 mihi
3057 4838 3168 4909 fore
3204 4839 3567 4909 commodum.

1972 4908 2235 4965 llauu.—
2262 4912 2412 4966 Hunc
2454 4908 2625 4966 locnin
2646 4911 2891 4978 equidem
2914 4911 2993 4964 sic
3021 4908 3259 4978 intelligo
3293 4927 3305 4962 :
3335 4908 3388 4963 Si
3407 4909 3569 4965 Octa-

1967 4981 2108 5048 vius,
2139 4993 2302 5055 potest
2327 4986 2550 5055 refutare
2569 4984 2643 5044 id,
2678 4984 2810 5051 quod
2838 4992 2913 5044 tu,
2946 4980 3145 5047 (Sa-cili,
3174 4980 3495 5055 crintinarts,

1968 5066 2019 5107 e.
2052 5052 2262 5109 crimini
2296 5052 2393 5108 das
2435 5053 2773 5120 (.ltristiani~,
2799 5055 2849 5105 in
2876 5068 3163 5118 commune,
3198 5052 3365 5107 trilms
3410 5052 3568 5109 nobis

1967 5127 2323 5195 compendium
2354 5127 2540 5197 protuli
2568 5123 2812 5198 (profui.)
2838 5123 3020 5193 Neque
3044 5133 3220 5198 tamen
3255 5124 3411 5178 lectio
3432 5124 3569 5198 adeo

1969 5201 2219 5268 perplexa
2292 5195 2396 5265 esi,
2447 5209 2505 5252 ut
2566 5195 2756 5252 sensus
2793 5195 3041 5262 'prorsus
3104 5196 3289 5268 nullus
3322 5195 3565 5268 exsculpi

2804 5490 2887 5536 ost
2928 5481 3218 5553 lottgiorettt
3253 5480 3564 5551 interpella-

1968 5558 2163 5610 tionem
2186 5552 2380 5616 mean,
2419 5571 2518 5624 qua
2552 5552 2948 5620 intercedente,
2972 5552 2977 5553 7
3001 5554 3088 5607 alii
3127 5552 3353 5607 fortasse
3382 5554 3562 5623 objec-

1969 5629 2160 5691 tinnes,
2192 5626 2256 5679 ad
2288 5643 2419 5697 quas
2450 5626 2779 5693 respondere
2810 5626 3058 5688 debebat,
3090 5626 3448 5697 excidissent;
3485 5624 3557 5688 id,

1964 5700 2098 5771 quod
2138 5695 2443 5759 criminaris,
2494 5698 2623 5752 vitio
2655 5697 2784 5751 mihi
2816 5698 3006 5771 vertis,
3036 5695 3560 5771 al'firmamloperin-

1958 5769 2156 5839 juriutn
2188 5786 2308 5823 esse
2332 5772 2468 5824 vires
2487 5771 2713 5823 actionis
2744 5779 2847 5823 tnze
2872 5769 3197 5839 intergressu
3227 5784 3341 5836 grai
3361 5769 3415 5821 is:
3439 5769 3558 5821 ima;

1963 5842 2340 5913 disputationis
2362 5840 2651 5913 infringere
2676 5842 2728 5895 in
2753 5855 3018 5897 continuae
3055 5839 3408 5907 compendium
3438 5855 3561 5910 pro-
