3980 6302
524 274 632 333 237

526 391 721 461 pedum
772 390 1049 447 celeritate
1104 389 1333 455 liberas,
1364 399 1456 445 aut
1512 389 1746 446 elatione
1795 390 2123 462 pinnarum?

524 480 644 554 Ipsa
676 485 946 555 pr:ecipue
968 483 1155 539 forma:
1201 493 1401 538 nostrae
1434 481 1774 554 pulchritudo
1798 482 1964 538 Deum
1999 482 2133 539 tate-

529 584 618 632 tnr
646 576 929 646 artiﬁcem,
966 586 1135 634 status
1162 577 1385 650 rigidus,
1414 579 1591 633 vultus
1647 588 1880 645 erectus,
1918 578 2056 633 oculi
2079 577 2133 634 in

527 684 759 739 summo,
785 672 931 728 velut
955 676 1008 728 ln
1055 673 1293 745 specula,
1327 672 1626 739 constituti,
1655 682 1710 729 et
1735 687 1923 730 omnes
1950 675 2133 730 eteteri

529 778 722 824 sensus
747 768 894 823 velut
923 766 974 823 in
1006 782 1133 825 arce
1159 770 1465 839 compositi.

1072 901 1305 962 CAPUT
1343 903 1533 961 XVIII.

533 1041 547 1100 Ξ
606 1039 847 1114 Longum
869 1050 952 1099 est
975 1042 1053 1100 ire
1079 1057 1177 1115 per
1206 1042 1413 1115 singula
1436 1060 1449 1098 :
1472 1042 1604 1099 nihil
1630 1042 1683 1098 in
1711 1042 1928 1099 homine
1957 1057 2131 1100 mem-

535 1136 755 1194 brorum
785 1146 884 1203 est,
910 1136 1055 1209 quod
1103 1152 1210 1193 non
1258 1148 1313 1194 et
1350 1137 1686 1194 necessitatis
1733 1152 1895 1194 causa
1935 1137 2047 1205 sit,
2072 1147 2129 1195 et

532 1231 746 1288 decoris
778 1252 792 1288 :
820 1241 875 1288 et
903 1232 1043 1302 quod
1097 1234 1265 1304 magis
1322 1234 1516 1289 mirum
1560 1242 1679 1298 est,
1723 1232 1910 1289 eadem
1963 1234 2132 1306 ﬁgura

535 1325 809 1393 omnibus,
840 1324 933 1381 sed
962 1324 1204 1396 quaedam
1234 1325 1520 1397 unicuique
1547 1328 1872 1381 lineamenta
1895 1325 2131 1382 deﬂexa.

533 1419 625 1476 Sic
653 1428 710 1475 et
756 1418 963 1475 similes
995 1422 1228 1476 universi
1260 1420 1528 1489 videmur,
1562 1430 1616 1478 et
1662 1422 1801 1478 inter
1825 1437 1885 1479 se
1911 1422 2135 1494 singulis

534 1515 832 1571 dissimiles
861 1516 1186 1572 invenimur.
1220 1516 1356 1585 Quid
1389 1516 1640 1573 nascendi
1666 1517 1846 1572 ratio?
1870 1516 2005 1586 Quid
2039 1533 2133 1573 cu-

534 1608 663 1682 pido
688 1608 1028 1679 generandi?
1055 1607 1246 1666 Nonne
1270 1625 1299 1664 a
1332 1608 1440 1665 Deo
1472 1609 1589 1664 data
1623 1610 1751 1666 est?
1787 1620 1839 1665 et
1882 1619 1939 1664 ut
1969 1609 2133 1666 ubera

533 1712 688 1774 partu
735 1709 1135 1760 maturescente
1182 1709 1510 1772 lactescant,
1558 1711 1614 1759 et
1661 1712 1720 1759 ut
1776 1713 1927 1759 tener
1975 1702 2136 1759 fictus

532 1795 780 1852 ubertate
811 1796 965 1854 lactei
998 1800 1138 1856 roris
1187 1799 1458 1855 adolescat
1483 1799 1507 1853 ?
1534 1796 1642 1853 Nec
1668 1798 2001 1854 universitati
2042 1812 2135 1853 so-

532 1889 808 1950 lummodo
835 1895 998 1964 Deus,
1048 1897 1144 1954 sed
1187 1906 1242 1953 et
1298 1896 1538 1969 partibus
1572 1895 1822 1952 consulit.
1855 1894 2130 1951 Britannia

1849 273 1939 330 MA
1949 272 2058 329 RCI
2097 271 2353 332 MINUCII
2385 273 2643 332 FELICIS

3687 276 3767 335 288

2149 397 2203 459 Α
2227 392 2341 449 sole
2367 389 2632 458 deﬁcitur,
2655 387 2752 446 sed
2780 386 3201 446 circumﬂuentis
3216 388 3377 446 maris
3394 397 3570 462 tepore
3592 406 3766 450 recrea-

2238 494 2324 541 tur
2356 502 2370 540 :
2395 484 2613 555 Egypti
2658 482 2953 539 siccitatem
2983 493 3247 554 temperat
3270 482 3422 541 Nilus
3449 485 3609 541 amnis
3634 503 3649 542 :
3673 487 3773 545 colit

2236 577 2539 649 Euphrates
2565 576 3003 646 Mesopotamiam
3031 593 3046 631 :
3076 593 3173 647 pro
3224 577 3481 635 imbribus
3507 589 3676 651 pensat
3703 581 3770 638 Ia-

2235 672 2364 740 dus,
2394 681 2449 727 et
2498 686 2680 727 serere
2717 670 2994 728 Orientem
3046 670 3243 727 dicitur
3269 680 3325 727 et
3365 672 3552 743 rigare.
3592 673 3774 743 Quodsi

2236 764 2514 836 ingressus
2537 764 2767 835 aliquam
2794 763 3040 831 domum,
3071 764 3253 820 omnia
3279 763 3509 833 exculta,
3530 764 3765 837 disposita.

2236 866 2424 914 ornata
2466 857 2714 921 vidisses.
2762 857 2945 929 utique
2989 871 3225 929 praeesse
3264 857 3317 914 ei
3367 858 3608 917 crederes
3640 860 3775 919 domi-

2237 969 2384 1023 num,
2418 964 2474 1011 et
2519 954 2627 1011 illis
2676 954 2835 1011 bonis
2860 954 3025 1011 rebus
3065 954 3237 1011 multo
3258 969 3383 1012 esse
3409 955 3697 1014 meliorem:
3720 958 3772 1014 ita

2236 1048 2290 1104 in
2319 1047 2419 1102 hac
2466 1046 2647 1103 mundi
2670 1046 2867 1116 domo,
2896 1062 3017 1104 cum
3057 1050 3255 1105 omium
3287 1058 3585 1123 terramque
3609 1055 3774 1124 perspi-

2234 1141 2381 1209 cias,
2428 1140 2851 1213 providentiam,
2901 1141 3178 1211 ordinent,
3230 1143 3440 1217 legem,
3493 1147 3642 1202 crede
3682 1163 3774 1204 esse

2236 1235 2601 1292 universitatis
2644 1236 2918 1292 dominum
2968 1247 3350 1310 parentemque
3392 1239 3520 1312 ipsis
3560 1240 3774 1298 sideribus

2236 1340 2291 1386 et
2342 1330 2505 1385 totius
2564 1328 2746 1385 mundi
2790 1329 3034 1402 partibus
3085 1329 3470 1401 pulchriorem.
3532 1330 3592 1388 Ni
3639 1331 3773 1401 forte,

2236 1422 2489 1494 quoniam
2531 1421 2599 1476 de
2642 1422 2975 1493 providentia
3004 1422 3148 1478 nulla
3177 1422 3443 1479 dubitatio
3491 1434 3590 1493 est,
3636 1424 3774 1497 inqui-

2236 1515 2463 1573 rendum
2510 1522 2700 1587 putas,
2752 1524 2933 1570 utrum
2977 1516 3134 1571 unius
3179 1516 3437 1587 imperio,
3483 1531 3549 1573 an
3600 1516 3774 1573 arbitrio

2240 1608 2592 1681 plurimorum
2671 1607 2893 1664 caeleste
2959 1623 3183 1679 regnum
3253 1609 3577 1681 gubernetur
3615 1627 3629 1666 :
3666 1610 3773 1683 quod

2240 1702 2413 1773 ipsum
2444 1716 2552 1757 non
2578 1711 2662 1758 est
2690 1702 2844 1759 multi
2873 1702 3074 1760 laboris
3096 1700 3309 1776 aperire
3353 1705 3598 1777 cogitanti
3642 1705 3775 1777 impea

2164 1811 2212 1872 Β
2241 1796 2317 1850 ria
2345 1804 2582 1862 terrena,
2614 1793 2807 1866 quibus
2838 1795 3082 1866 exempla
3108 1798 3289 1868 utique
3308 1796 3378 1853 de
3402 1798 3540 1854 caelo
3570 1815 3583 1852 :
3610 1798 3776 1869 quando

2236 1904 2487 1961 umquam
2515 1889 2664 1960 regni
2688 1889 2921 1946 societas
2941 1898 3035 1946 aut
3057 1904 3179 1947 cum
3224 1888 3330 1947 [ide
3355 1891 3537 1964 erepit,
3579 1901 3660 1948 aut
3690 1893 3776 1949 sine

1965 2004 2325 2065 VARIORUM
2364 2003 2594 2061 NOTAE.

525 2137 654 2198 vero
683 2126 927 2198 fundatas
977 2127 1249 2187 scribitur.
1278 2129 1408 2185 Nam
1460 2139 1513 2186 et
1553 2128 1833 2184 Lucretius
1886 2143 1940 2193 ν.
1985 2125 2117 2191 9Ξ9.

524 2195 693 2252 (Ιὶχίιξ
718 2197 890 2253 Genus
915 2201 1192 2255 humanum
1230 2201 1408 2257 solidis
1439 2200 1633 2256 ossibus
1662 2202 1797 2255 intus
1848 2200 2119 2267 {nudatum

525 2283 648 2344 esse.
686 2268 789 2344 _Pro
820 2270 1063 2344 [stridulus
1117 2273 1340 2343 ungulis.
1366 2273 1515 2328 Lact.
1544 2273 1608 2327 de
1634 2270 1822 2344 Opi/io.
1854 2269 1971 2336 Dei,
1996 2286 2113 2342 cap.

521 2337 577 2408 2,
597 2339 723 2416 dicit
754 2340 996 2416 sulfnltus
1019 2337 1242 2416 ungulis.
1281 2345 1458 2400 "sunt.

593 2410 892 2488 Compositi.
925 2410 1115 2471 lleum'.
1143 2417 1270 2488 legit
1297 2416 1551 2486 dispositi.
1579 2414 1684 2488 Sed
1711 2429 1817 2471 non
1847 2413 2020 2484 agitur
2048 2413 2117 2488 de

519 2480 830 2559 diversitate
871 2489 1110 2543 locorum
1154 2480 1222 2544 ef
1252 2480 1461 2555 ordine,
1490 2503 1597 2559 quo
1626 2480 2116 2559 disponuntnrtsed

519 2552 718 2628 denuo
748 2557 887 2623 loco,
920 2574 1025 2628 quo
1068 2552 1464 2628 componuntur.
1509 2552 1870 2623 Disponimtur
1919 2557 2115 2612 milites

521 2625 609 2680 ubi
644 2628 822 2694 plures
860 2625 981 2684 sunt
1027 2625 1224 2696 aditus,
1263 2633 1331 2687 ah
1353 2641 1581 2699 utroque
1608 2630 1777 2685 latere
1817 2629 2005 2684 dextra
2038 2629 2116 2683 le-

518 2710 696 2773 vaqne
720 2714 735 2765 ;
765 2699 859 2773 sed
904 2711 1276 2773 componuntur
1308 2703 1359 2757 in
1406 2716 1551 2757 arce.
1582 2701 1806 2773 I’ossent
1834 2715 1956 2773 esse
1995 2716 2118 2755 sen-

520 2782 613 2843 sus
643 2770 876 2843 dispositi
905 2788 998 2839 per
1020 2770 1186 2828 totum
1206 2789 1424 2843 corpus;
1447 2774 1542 2829 sed
1568 2772 1750 2828 maluit
1772 2772 1911 2828 Deus
1938 2772 1991 2827 in
2019 2786 2115 2827 eos

520 2837 575 2893 in
601 2837 765 2907 capite
790 2837 1109 2907 romponere.
1142 2837 1328 2901 lason.

590 2908 717 2967 CAP.
749 2908 934 2970 XVIII.
954 2946 1025 2955 —
1058 2915 1121 2970 Et
1156 2918 1286 2972 inter
1311 2935 1365 2973 se
1395 2918 1695 2973 invenimur.
1732 2915 1875 2971 Inter
1900 2932 1983 2979 se,
2015 2930 2113 2986 pro

518 2982 651 3060 inter
676 3001 966 3060 nosLmore
996 2986 1330 3055 Graecorum,
1377 2991 1466 3060 qui
1510 2992 1588 3045 sic
1633 2992 1824 3058 passim
1850 2995 1894 3043 ἓν
1920 2982 2105 3049 ξανθοῖς

518 3053 731 3131 dicunt.
757 3056 847 3113 Sic
871 3072 1055 3131 supra,
1088 3075 1207 3131 cap.
1239 3053 1326 3119 ll.
1345 3053 1470 3115 creto
1495 3071 1540 3116 et
1575 3053 1819 3116 astris....
1849 3061 2108 3114 interitum

518 3125 850 3201 denuntiare;
882 3125 1210 3193 sibimortuis.
1233 3134 1487 3192 extinctis.
1506 3133 1592 3201 qui
1619 3134 1748 3186 sicut
1778 3133 2039 3186 nascimur
2067 3141 2114 3185 et

517 3196 1164 3273 interitttus,_a'terititatem
1197 3196 1563 3273 "promittere.
1606 3204 1799 3259 Rarius
1843 3204 1943 3258 hoc
1975 3202 2114 3272 apud

518 3267 761 3325 Latinos.
786 3270 1049 3328 Wnrtten.
1074 3267 1515 3331 l—Erocationem
1561 3275 1731 3331 Latini
1760 3275 1964 3339 dicunt,
1992 3267 2113 3329 eum

515 3353 744 3417 persona
766 3343 911 3417 verbi
938 3361 966 3397 a
984 3346 1205 3417 nomine
1220 3348 1301 3403 vel
1330 3350 1644 3417 pronomine
1674 3348 1961 3417 discrepat.
1997 3345 2113 3401 Vir-

516 3412 674 3489 gilius
701 3428 772 3479 Vl,
803 3415 908 3489 54]
967 3416 1187 3487 Quisque
1201 3412 1556 3489 suospatimnr
1581 3435 1774 3474 manes.

594 3483 781 3560 Nonne
800 3503 831 3538 a
865 3486 971 3542 Deo
998 3483 1120 3542 data
1150 3500 1242 3546 est.
1270 3483 1427 3546 Hisce
1471 3501 1517 3544 et
1545 3501 1599 3544 ut
1630 3490 1802 3553 ubera.
1828 3500 1933 3545 etc.
1968 3506 2109 3560 pra:-

516 3555 757 3632 cetlentia
805 3573 909 3632 non
940 3560 1071 3614 satis
1101 3572 1245 3617 recte
1265 3561 1506 3629 adaptari
1542 3578 1699 3632 posse
1728 3562 1950 3630 putabat
1972 3555 1983 3560 ⁷
2006 3562 2110 3616 Da-

517 3628 704 3703 visius,
732 3629 832 3685 nisi
861 3630 1068 3702 legatur
1101 3633 1151 3687 in
1196 3628 1386 3689 neutro
1414 3628 1605 3703 plurali
1628 3651 1659 3687 a
1686 3628 1791 3688 Deo
1817 3635 1938 3687 data
1963 3644 2105 3689 sunt.

516 3697 626 3776 Sed
664 3712 808 3776 recte
837 3697 938 3776 per:
961 3703 1211 3773 ellipseos
1240 3697 1427 3776 genus
1448 3706 1853 3761 usitatissimum
1886 3705 1999 3760 lucc
2040 3705 2109 3760 ita

514 3771 765 3843 accipias,
800 3786 852 3827 ut
888 3774 930 3828 si
962 3771 1169 3843 plenius
1196 3771 1596 3833 atidiretitus....
1624 3778 1746 3831 data
1766 3788 1838 3832 est
1865 3779 1890 3832 .9
1917 3787 1959 3831 et
1980 3777 2111 3831 illud

516 3841 691 3917 (latum
718 3845 891 3899 itidem
915 3841 972 3899 nt
1013 3847 1187 3913 ubera,
1219 3860 1324 3905 etc.
1383 3848 1493 3914 Sic,
1542 3859 1600 3904 ut
1634 3850 1741 3917 jam
1792 3851 1841 3902 in
1879 3847 2105 3903 Lection.

518 3911 659 3970 Tull.
697 3918 1023 3974 mannimns.
1058 3911 1274 3976 Tacitus
1313 3911 1503 3975 Annal.
1534 3936 1571 3984 ι.
1608 3911 1675 3977 I5
1707 3935 1721 3975 :
1753 3921 1860 3976 Sed
1906 3921 2109 3975 decreta

514 3986 730 4055 pecunia
756 3991 1068 4064 ecfer-ario,
1105 4002 1269 4064 utque
1306 4010 1395 4064 per
1424 3994 1617 4064 circuiri
1653 3993 1952 4064 triumphali
1977 4004 2110 4049 veste

515 4066 756 4134 uteretur.
815 4057 938 4134 Ubi
964 4057 1327 4134 consulendus
1366 4066 1415 4118 .I.
1450 4062 1503 4118 F.
1545 4057 1863 4119 Gronovius.
1894 4066 2104 4134 Cicero,

516 4125 776 4210 FamiLt.
809 4145 895 4201 ep.
926 4132 961 4187 3
991 4150 1003 4185 :
1036 4132 1344 4190 Commendo
1373 4136 1461 4189 tibi
1478 4138 1587 4207 ejus
1613 4137 1783 4189 omnia
1808 4125 2103 4210 negotians:

513 4202 880 4277 imprimisque,
911 4214 1204 4277 ulnarum
1235 4210 1305 4261 ita
1332 4202 1534 4273 tractes,
1564 4215 1670 4261 etc.
1703 4223 1779 4261 se.
1818 4202 1961 4277 robo.
1987 4207 2108 4263 Sal-

515 4267 729 4349 lustius,
759 4267 884 4349 Iug.
919 4291 1039 4344 cap.
1062 4275 1134 4333 29
1165 4297 1179 4334 :
1235 4281 1301 4334 dc
1342 4267 1629 4349 νίκη-αξη..
1668 4267 1978 4336 ιοειιιιιενάε
2019 4281 2104 4334 in-

512 4340 650 4423 vidia
671 4340 1405 4423 {actifatque'iudeditionem
1445 4353 1519 4404 uti
1564 4351 1993 4423 acciperetur”...
2053 4352 2106 4408 in

511 4411 819 4491 deditionem
864 4411 1130 4491 accipitur.
1163 4420 1261 4478 Ubi
1293 4423 1545 4487 hortatus,
1573 4411 1801 4476 attt'tale
1825 4424 1949 4491 quid
1979 4424 2107 4481 sub-

510 4483 859 4575 audiendum.
892 4483 1076 4574 Aurel.
1104 4492 1287 4575 Victor
1308 4496 1373 4575 de
1404 4483 1891 4575 Yir._'lllttstr._,-cap.
1915 4498 1961 4563 l,
1988 4498 2104 4559 qni-
2130 4507 2186 4575 ι)

511 4557 603 4634 bus
642 4574 854 4634 regnum
880 4563 1062 4616 annuis
1106 4565 1293 4619 vicibus
1339 4565 1624 4620 habendum
1674 4557 1910 4634 reliquit,
1947 4557 2010 4622 et
2048 4579 2106 4623 ut

509 4628 719 4702 alternis
762 4631 1092 4702 imperarent,
1122 4636 1237 4690 scil.
1292 4637 1472 4693 voluit.
1523 4628 1850 4691 Novatiantts
1877 4628 1945 4694 de
1969 4638 2107 4695 Cibis

507 4699 634 4753 ,1κά.
666 4699 883 4781 cap._Q:
919 4706 1108 4781 dlitnm
1133 4722 1327 4775 quoque
1350 4708 1620 4781 discrimen
1634 4708 1857 4781 ittduafit,
1876 4712 2108 4781 quidque

509 4781 599 4849 aut
628 4775 1245 4849 reprobuntjudicaretnr
1287 4789 1374 4832 aut
1404 4780 1668 4846 mundum,
1706 4780 1823 4833 scil.
1855 4775 2103 4849 distillant,

509 4841 833 4912 signi/ienuit.
861 4841 1049 4903 Wars.

584 4913 837 4972 Consulit.
858 4921 990 4988 Quia
1017 4921 1178 4979 etiam
1208 4922 1260 4976 in
1292 4921 1410 4978 loco
1434 4921 1709 4980 Ciceronis
1728 4926 1790 4980 tle
1811 4925 1979 4981 Divin.
2012 4927 2106 4982 lib.

511 5000 665 5055 t,pag
708 4988 833 5069 575.
861 4990 1001 5045 unde
1024 5004 1207 5069 noster
1221 5005 1301 5048 est
1327 5009 1634 5063 expressus,
1653 5008 1829 5053 exstat
1849 5013 2107 5069 pra-Seps,

512 5071 620 5111 non
649 5068 752 5124 est,
785 5075 881 5116 cur
906 5076 1031 5119 cum
1057 5065 1137 5120 Cl.
1169 5065 1444 5122 lleumano
1474 5069 1638 5139 legas,
1681 5065 1954 5126 consuluit.
1984 5069 2112 5126 Lm-

510 5142 669 5184 DNER.

585 5200 853 5285 {Ie/icitur.
889 5204 1052 5285 Deﬁci
1101 5207 1196 5285 hic
1228 5226 1333 5266 non
1376 5220 1525 5267 notat
1556 5213 1912 5285 languescere,
1949 5223 2005 5266 ttt
2032 5213 2113 5268 in-

514 5272 1043 5358 tellezt‘ittdppetius,
1067 5285 1157 5358 qui
1184 5281 1513 5358 inversione
1539 5272 1856 5358 Germanica
1891 5272 1962 5339 ita
1993 5300 2115 5340 ver-

510 5345 617 5428 tit‘.‘
643 5343 984 5428 Brittannien,
1013 5343 1272 5428 so'dnrclt
1300 5356 1384 5410 (lie
1414 5357 1625 5428 Sonnen
1666 5356 1821 5411 [litae
1846 5373 1980 5428 gonz
2004 5368 2114 5412 ent-

510 5414 661 5497 It'rftel
690 5418 798 5472 und
821 5414 1121 5497 obqemaltet
1138 5424 1284 5487 lvll'd,
1314 5427 1456 5493 quod
1488 5431 1820 5484 contrarium
1846 5414 2008 5497 plane
2031 5440 2114 5485 est

509 5486 687 5573 abeo,
717 5492 860 5560 quod
887 5486 1170 5573 'Blinttcitts
1204 5486 1373 5573 voluit
1402 5500 1639 5573 intelligi
1672 5517 1687 5564 ;
1726 5500 1820 5556 sed
1853 5486 2003 5554 itotat
2026 5501 2117 5556 de-

511 5564 675 5625 stitui,
705 5578 900 5617 carere.
931 5564 1120 5620 Melius
1148 5569 1329 5637 utique
1368 5571 1413 5625 si
1446 5564 1888 5630 Ablmiconrtium.
1914 5573 2114 5627 antesi-

511 5644 934 5713 gnattutn,_es_set
960 5646 1197 5713 secutus,
1228 5644 1323 5713 qui
1346 5643 1507 5697 vcrtit
1536 5660 1551 5696 :
1588 5642 1639 5697 ll
1663 5642 1900 5710 e'cltau/fe
1927 5661 2021 5713 par
2041 5645 2112 5699 les

511 5717 729 5791 nuperos
750 5705 1001 5791 tiedes‘de.
1036 5710 1088 5791 l_u
1120 5727 1225 5764 mer
1247 5705 1606 5785 't’Angleterre,
1631 5716 1719 5791 qui
1744 5732 1807 5770 ne
1831 5705 1881 5771 le
1910 5705 2113 5787 pauoait

511 5774 618 5829 elre
635 5792 731 5839 por
756 5777 802 5832 le
853 5779 1018 5835 soleil.
1046 5780 1234 5839 LINDN.

638 5850 811 5921 igypti
839 5851 1113 5909 siccitatem
1134 5895 1149 5923 ,
1169 5864 1274 5911 etc.
1294 5855 1421 5911 llaec
1449 5859 1610 5914 verba
1629 5874 1730 5916 ms.
1752 5859 1820 5915 ita
1848 5858 2065 5919 exhibet
2096 5876 2109 5935 :

2227 2121 2593 2197 ....Temperot
2613 2121 2784 2197 _Ni_lus
2809 2123 2975 2179 amnis
2997 2140 3017 2179 :
3047 2125 3167 2197 colit
3191 2124 3488 2193 Euphrates
3536 2125 3777 2197 Mesamm-

2224 2196 2399 2267 miam.
2421 2210 2514 2265 pro
2531 2194 2777 2267 imbribus
2805 2206 2983 2265 pensat
3006 2195 3219 2267 :ilndus
3242 2199 3434 2267 ﬂanten
3459 2194 3681 2264 etserere,
3693 2209 3771 2252 etc.

2223 2264 2411 2320 Cicero
2435 2283 2490 2331 n,
2518 2265 2586 2322 de
2608 2266 2728 2322 Nat.
2758 2264 2954 2323 Deor.:
2981 2264 3272 2339 ιΕᾳιῃριιυῡι
3303 2267 3459 2339 Nilus
3484 2270 3663 2339 irrigat.
3689 2268 3771 2324 lle-

2221 2339 2558 2422 sopotamiam
2585 2338 3321 2422 fertiletrt‘eﬂicitﬁupltrates.
3355 2338 3524 2422 udus
3566 2338 3667 2395 vero
3697 2358 3770 2422 non

2220 2426 2354 2480 aqua
2374 2409 2484 2464 sola
2512 2409 2663 2484 agros
2686 2409 2933 2484 lwtiﬁcat,
2956 2409 3237 2484 etimitigat
3280 2413 3375 2467 sed
3402 2413 3548 2467 etiam
3571 2415 3763 2477 conserit,

2221 2497 2459 2553 magnam
2488 2482 2621 2536 enint
2660 2481 2761 2536 vim
2809 2483 3058 2537 seminum
3089 2481 3281 2538 dicitur
3312 2501 3486 2539 secum
3529 2485 3765 2553 deportare.

2220 2550 2349 2607 Haec
2375 2553 2641 2618 expressit
2684 2553 2981 2619 Minucius;
3017 2554 3141 2612 ideo
3164 2554 3321 2610 facile
3347 2556 3480 2611 mihi
3507 2550 3765 2625 persuaderi

2221 2624 2417 2695 patior.
2436 2627 2596 2679 verba
2624 2625 2835 2683 Minucii
2858 2625 3198 2696 glossematis
3221 2624 3517 2696 inquinata.
3537 2625 3655 2682 Nam
3681 2626 3764 2690 illa,

2218 2712 2311 2764 pro
2338 2696 2582 2769 imbribus
2612 2708 2813 2769 pensat.
2848 2698 3267 2769 interpretantur
3287 2700 3510 2755 verbum
3539 2698 3661 2753 colit.
3683 2698 3766 2767 ligo

2215 2781 2348 2822 vero
2376 2768 2558 2822 malint
2584 2782 2706 2824 cum
2732 2768 2924 2825 lleum.
2956 2768 3455 2838 interpretationem
3482 2785 3595 2825 esse
3615 2769 3765 2823 verbo-

2216 2853 2334 2911 rum
2351 2839 2642 2911 siccitatem
2670 2850 2936 2911 temperat.
2955 2840 3019 2896 L.
3049 2840 3250 2897 Deinde
3277 2858 3385 2895 non
3413 2840 3570 2897 Indus
3588 2842 3758 2911 ﬂente",

2214 2909 2309 2964 Sed
2340 2908 2529 2982 Indum
2554 2908 2786 2982 ﬂumen;
2799 2921 2861 2968 ut
2889 2912 3072 2968 Horat.
3097 2913 3287 2981 [lumen
3320 2912 3572 2979 Rhenum,
3588 2908 3762 2966 ’Πειρη-

2212 2981 2535 3039 rnm.C:esar
2557 2985 2747 3054 Ilionea
2764 2981 3496 3041 thodanum.Wotht.-At
3512 2992 3684 3037 nudata
3702 2983 3764 3037 di-

2216 3054 2609 3128 stinctioue_,_ni
2642 3055 2818 3121 fallor,
2849 3066 2992 3111 recte
3020 3056 3226 3128 legetur
3251 3076 3261 3109 :
3297 3054 3519 3128 £qypu’
3537 3056 3763 3128 siccitatem

2139 3105 2185 3169 c
2218 3105 2466 3199 signa;
2480 3105 2862 3199 immania;
2877 3105 2997 3199 nia
3020 3105 3762 3199 exitiabilisziaaan.;

2221 3210 2320 3265 pro
2344 3198 2602 3252 imbribus
2636 3209 2822 3267 pensat
2863 3197 3029 3254 Indus
3065 3197 3266 3254 ﬂumen
3297 3208 3342 3253 el
3370 3216 3531 3255 serere
3552 3197 3763 3252 Orientem

2218 3268 2404 3352 dicitur
2430 3270 2692 3354 aurigare.
2722 3270 2905 3354 ΟΑχιε.
2937 3267 3325 3354 -μιΕθυρηυη
3370 3282 3607 3354 temperat
3643 3267 3764 3354 ll'ilns

2217 3341 2384 3412 (tinnis
2411 3354 2429 3395 :
2459 3338 2747 3411 Euphrates
2791 3338 3215 3407 Mesopotamitint
3242 3359 3334 3412 pro
3363 3338 3599 3397 imbribus
3621 3349 3760 3408 pensat

2216 3409 2384 3483 ludus
2425 3428 2445 3466 :
2472 3409 2662 3483 ﬂu'nten
2710 3422 2757 3467 et
2804 3430 2967 3468 serere
2996 3409 3255 3469 Orientem
3300 3413 3489 3468 dicitur
3522 3424 3566 3469 ct
3607 3414 3757 3483 rigare.

2222 3481 2395 3537 Verbo
2420 3481 2586 3540 colere
2636 3484 2829 3553 adjecit
2862 3487 3189 3541 mentionem
3222 3486 3493 3553 imbrium,
3537 3493 3590 3539 ut
3649 3481 3762 3552 patet

2217 3554 2353 3609 ratio
2378 3555 2612 3628 colendi,
2639 3572 2797 3626 quam
2855 3557 3157 3628 Euphrates
3198 3556 3440 3622 adhibet,
3474 3572 3624 3628 qutun
3660 3554 3765 3608 alio-

2215 3628 2341 3695 quin
2369 3626 2551 3683 enlere
2576 3630 2909 3699 :equivocunt
2939 3626 3008 3683 sit
3041 3641 3109 3699 τῷ
3152 3643 3325 3683 arare.
3356 3626 3508 3697 Quod
3546 3628 3587 3682 si
3614 3627 3760 3699 liceret

2218 3706 2571 3770 transponere
2592 3696 3102 3762 voculam.libenter
3129 3699 3322 3755 vellem
3357 3696 3588 3770 pensntet
3608 3696 3759 3770 Indus:

2212 3765 2404 3838 ﬂumen
2432 3787 2598 3825 serere
2634 3787 2711 3824 or.
2741 3770 2797 3824 ά.
2825 3780 2872 3827 ct
2897 3773 2993 3841 rig.
3040 3769 3147 3827 Pro
3168 3765 3433 3839 imbribus,
3463 3768 3646 3825 mavult
3676 3765 3764 3822 Pii.

2213 3841 2330 3894 nius
2352 3842 2621 3907 explicare
2654 3842 2826 3898 vicem
2858 3843 3127 3898 imbrium.
3160 3841 3406 3900 Gnouov.

2287 3912 2438 3977 Quod
2466 3914 2514 3985 si
2549 3915 2826 3985 ingressus.
2860 3914 2935 3970 De
2964 3915 3065 3968 hoc
3100 3923 3417 3985 argumento
3458 3912 3680 3970 videatur
3698 3907 3761 3964 εξ.

2212 3999 2340 4040 cero
2367 3985 2430 4039 de
2461 3982 2797 4054 Nat.'l)eor.,
2827 3986 2921 4043 lib.
2952 3986 3085 4055 ",5,
3118 3982 3181 4054 ὃς
3202 3987 3292 4043 57.

2283 4076 2477 4133 σαειωη
2524 4088 2830 4155 terramque.
2872 4078 3173 4155 Glossema,
3221 4078 3548 4155 adscriptum
3591 4094 3618 4132 a
3654 4088 3762 4155 quo;

2212 4149 2353 4219 piam
2408 4150 2673 4218 margini,
2724 4146 2814 4219 qui
2857 4151 3129 4220 explicare
3174 4146 3421 4208 voluerat
3466 4154 3594 4208 hanc
3621 4146 3761 4203 mundi

2211 4220 2649 4295 domum.__Quod
2698 4223 2742 4275 si
2784 4223 3124 4295 observasset
3164 4238 3270 4278 non
3303 4225 3486 4295 utique
3523 4221 3761 4295 Scripsisse

2212 4292 2730 4367 putarelinnttcium
2758 4312 2771 4349 :
2802 4292 3120 4364 Perspiciens
3154 4292 3523 4367 providentiam
3537 4293 3758 4351 ordinem.

2209 4362 2371 4433 legem
2394 4365 2554 4418 vides.
2600 4363 2757 4419 Lino.

2286 4455 2371 4527 Ni
2410 4459 2560 4527 forte.
2621 4456 2921 4512 Crediderit
2970 4457 3127 4514 facile
3183 4458 3480 4528 quispiam,
3525 4459 3617 4514 nisi
3660 4459 3761 4528 forte

2211 4529 2469 4655 scriptuth
2497 4544 2526 4582 a
2551 4528 2801 4595 Minucio,
2831 4546 2952 4586 cum
2983 4527 3213 4586 alterum
3259 4527 3390 4588 illud
3420 4547 3524 4587 non
3568 4530 3632 4585 sit
3677 4527 3763 4582 usi—

2209 4607 2398 4654 tatum.
2478 4616 2608 4655 sunt.

2285 4691 2479 4759 Quibus
2505 4694 2738 4765 exentpla
2773 4694 2942 4766 utique
2969 4696 3030 4751 de
3052 4699 3196 4753 creto.
3226 4697 3462 4755 Subaudi
3489 4705 3618 4753 sunt.
3649 4693 3759 4750 Heu-

2210 4779 2442 4820 mannus
2474 4766 2618 4844 delet
2632 4767 2839 4844 quibus,
2869 4778 2921 4844 e_t
2951 4767 3020 4822 ita
3051 4770 3318 4844 intelligit,
3348 4770 3572 4841 Imperia
3598 4779 3759 4844 terrete

2211 4852 2318 4890 esse
2336 4837 2568 4908 exempla
2607 4838 2671 4892 de
2707 4839 2854 4906 mlo,
2889 4840 2990 4894 hoc
3011 4850 3113 4906 est,
3142 4837 3362 4909 farinam
3406 4837 3474 4896 ait
3506 4837 3758 4896 similitudi-

2212 4924 2325 4979 uem
2356 4909 2569 4963 caelatis
2596 4909 2818 4979 imperii.
2851 4910 2956 4966 Sed
2993 4913 3171 4967 obstat
3198 4928 3325 4968 usus
3353 4914 3550 4969 Latium
3580 4913 3754 4979 lingua'.

2213 4978 2691 5053 Exemplumpnim
2716 4996 2819 5036 non
2844 4981 3041 5037 dicitur
3070 4984 3297 5053 id,quod
3321 4985 3385 5040 ad
3402 4978 3755 5040 similitudinum

2214 5052 2351 5124 alius
2375 5052 2653 5124 cujusdam
2687 5054 2761 5107 rei
2793 5053 3077 5109 formatum
3120 5052 3201 5110 est
3221 5098 3237 5123 ,
3268 5059 3361 5112 sed
3388 5055 3671 5124 exemplum
3692 5056 3757 5104 est

2204 5123 2314 5189 rei,
2361 5123 2427 5180 de
2471 5140 2808 5196 quacumque
2849 5124 3003 5181 nobis
3027 5140 3207 5182 sermo
3251 5129 3340 5193 sit,
3386 5123 3621 5188 formula,
3662 5134 3754 5196 qule

2216 5208 2431 5271 semper
2472 5190 2527 5251 et
2577 5190 2772 5271 ubique
2811 5198 2914 5271 sibi
2948 5207 3176 5259 constet.
3208 5207 3262 5254 et
3299 5190 3450 5271 cujus
3494 5190 3752 5271 apogt’ﬂl'l”

2216 5266 2328 5343 dari
2363 5268 2510 5343 plura
2538 5266 2760 5343 possint.
2818 5268 2953 5343 Hinc
2994 5271 3224 5343 exempla
3277 5272 3329 5325 in
3363 5266 3566 5343 'plurali
3602 5266 3753 5343 dicere

2218 5339 2424 5413 maluit,
2478 5337 2598 5408 quia
2653 5341 2803 5411 plura
2850 5342 3072 5413 imperia
3119 5337 3331 5399 terrena
3379 5337 3444 5398 ad
3491 5337 3750 5413 exemplum

2218 5410 2427 5488 imperii
2458 5406 2694 5467 ctelestis
2726 5406 3124 5488 iorntatasunt.
3168 5413 3498 5488 Singularetn
3537 5406 3751 5479 exemplar

2217 5484 2602 5540 rescribentem
2632 5487 2799 5555 probe
2827 5485 3038 5542 refellit.
3067 5485 3222 5542 Lino.

2290 5577 2388 5630 Ant
2417 5576 2532 5651 sine
2565 5594 2743 5633 cruore
2770 5578 2937 5635 desiit.
2994 5579 3218 5651 Aptiore
3261 5579 3416 5650 longe
3461 5571 3749 5651 oppositione

2217 5648 2365 5724 Iega_s_
2392 5648 2559 5724 desiit.
2601 5664 2760 5724 quam
2811 5639 3060 5706 discessit'
3089 5651 3253 5724 (quod
3288 5639 3442 5706 habet
3485 5639 3646 5724 Ilum."
3666 5639 3743 5724 Iid-

2217 5713 2632 5795 et'_ller:tld_tts)'
2664 5733 2878 5795 :atque_
2900 5726 2971 5795 ita
2998 5713 3392 5795 emendandum
3439 5736 3570 5795 esse.
3611 5713 3743 5795 ﬁdem

2217 5790 2362 5867 facit,
2394 5791 2537 5867 quod
2560 5785 2721 5848 etiam
2747 5785 2824 5867 de~
2853 5792 3155 5867 Idolal’an.
3193 5810 3314 5867 cap.
3340 5796 3393 5858 5,
3423 5797 3473 5849 itt
3503 5785 3744 5867 Ιιίξ-μὶιιυ-

2217 5864 2285 5919 cii
2312 5858 2491 5922 verbis
2517 5865 2878 5934 exprimendis
2907 5866 3072 5922 verbo
3106 5858 3413 5924 desiit'usus
3436 5873 3532 5921 est.
3555 5858 3710 5915 WOI'K-
