3980 6302
182 259 293 318 289

1653 253 2014 313 OCTAVIUS.

3385 256 3495 312 290

179 389 378 432 cruore
407 369 925 428 discessit?0tnitto
961 371 1186 435 Persas,
1233 370 1301 426 de
1350 383 1612 441 equorum
1661 371 1782 426 hin-
1808 373 1859 433 Α
1884 380 1937 426 et
1963 367 2133 426 scindi
2164 370 2276 426 veri
2310 369 2452 425 illius
2501 381 2565 425 ac
2612 368 2777 426 divini
2821 369 3030 441 imperii
3060 375 3223 426 totam
3253 379 3493 442 potesta-

182 471 300 524 nitu
352 474 676 538 augurantes
715 462 1103 532 principatum;
1151 472 1206 518 et
1251 462 1632 518 Thebanorum
1665 478 1787 532 per-

180 569 454 617 mortuam
503 557 774 621 fabulam,
833 564 1084 612 transeo:
1117 557 1186 612 ob
1218 567 1489 626 pastorum
1538 566 1591 610 et
1644 570 1786 611 casa:

181 667 414 724 regnum
445 649 513 706 de
549 649 778 722 geminis
823 651 1081 706 memoria
1112 649 1390 707 nmissima
1439 660 1554 716 est;
1602 649 1787 720 generi

181 757 241 805 et
268 748 444 805 soceri
476 748 614 805 bella
640 754 753 800 toto
782 745 914 802 orbe
948 744 1137 801 dill‘usa
1166 755 1292 800 sunt
1320 761 1334 799 :
1367 753 1421 800 et
1459 752 1566 800 tam
1609 743 1790 814 magni

182 843 400 914 imperii
447 843 582 899 duos
631 841 843 897 fortuna
891 856 998 896 non
1037 841 1198 912 cepit.
1248 839 1382 895 Vide
1418 849 1614 895 caetera
1646 857 1659 892 :
1691 854 1782 895 rex

190 952 340 994 unus
359 936 553 1008 apibus
572 979 586 1003 ,
620 935 726 992 dux
764 949 901 990 unus
925 933 1199 1006 gregibus,
1247 932 1298 987 in
1327 933 1586 988 armentis
1612 941 1789 988 rector

183 1047 332 1090 unus
361 1050 374 1087 :
407 1034 540 1088 tuin
569 1031 710 1088 etelo
737 1045 1004 1087 summam
1035 1037 1352 1101 potestatem
1382 1027 1546 1084 dividi
1576 1028 1788 1095 credas,

1893 465 2043 521 tem?
2087 481 2208 520 cum
2237 465 2411 537 palam
2461 464 2532 520 sit
2578 475 2852 536 parentem
2903 465 3143 520 omnium
3191 464 3357 521 Deum
3399 479 3500 521 nec

1890 556 2206 628 principium
2253 555 2488 624 habere,
2539 573 2639 614 nec
2689 558 3009 622 terminum;
3043 558 3134 628 qui
3163 557 3498 614 nativitatem

1895 648 1941 681 “
1961 651 2212 706 omnibus
2241 659 2476 721 prtestet,
2509 649 2610 707 sibi
2636 651 3068 723 perpetuitatem,
3091 651 3180 724 qui
3204 660 3327 707 ante
3347 651 3502 706 mutt-

1898 744 2025 801 dum
2081 745 2244 801 luerit
2290 745 2392 801 sibi
2457 747 2568 817 ipse
2623 761 2720 817 pro
2772 745 3007 813 mundo;
3073 746 3162 818 qui
3210 746 3500 811 universa,

1893 855 2245 912 quaecumque
2299 849 2452 908 sunt,
2494 841 2662 897 verbo
2705 841 2879 912 jubet,
2928 841 3134 898 ratione
3184 840 3502 913 dispensat,

1896 935 2096 992 virtute
2143 945 2502 992 consummat.
2569 936 2666 993 llic
2716 952 2818 994 uec
2883 937 3059 995 videri
3111 947 3323 1009 potest,
3388 936 3507 992 visu

1899 1028 2096 1083 clarior
2121 1037 2236 1096 est;
2284 1043 2386 1085 nec
2409 1029 2818 1100 comprehendi,
2845 1039 2986 1087 tactu
3013 1029 3201 1101 purior
3229 1039 3344 1096 est;
3402 1043 3506 1084 uec

1533 1142 1895 1201 VABIORUM
1933 1142 2167 1201 NOTAE.

265 1266 460 1322 Omitto
510 1263 715 1322 Persas.
763 1263 923 1321 Jubet
975 1263 1248 1334 respicere
1285 1263 1378 1318 lib.
1434 1281 1471 1329 ι,
1527 1278 1646 1333 cap.
1698 1264 1796 1329 t0,

185 1339 280 1395 ubi
317 1338 692 1393 tantummodo
717 1337 913 1393 dicitur
943 1353 955 1389 :
987 1334 1171 1391 Persas
1192 1336 1325 1389 inter
1364 1352 1416 1390 se
1453 1346 1628 1404 pactos
1655 1352 1762 1390 esse
1783 1386 1795 1402 ,

185 1423 265 1478 ut,
301 1413 386 1466 die
408 1421 618 1476 statuta,
651 1426 822 1464 omnes
862 1424 1013 1478 equos
1063 1418 1179 1460 ante
1219 1407 1410 1478 regiam
1450 1408 1611 1477 primo
1652 1423 1802 1461 manc

186 1485 552 1552 producerent.
601 1492 680 1546 et,
729 1482 876 1552 cujus
914 1496 1070 1548 equus
1095 1480 1228 1552 inter
1259 1481 1381 1552 solis
1403 1481 1799 1552 ortumprintus

186 1549 449 1610 hinnitum
490 1554 759 1620 edidisset,
785 1549 836 1608 is
861 1568 952 1606 rex.
991 1560 1136 1606 esset.
1185 1551 1348 1616 Quasi
1381 1567 1507 1606 vero
1533 1549 1622 1606 hic
1650 1551 1800 1607 locus

186 1627 356 1683 faciat
409 1626 474 1681 ad
525 1625 812 1680 Minucium
867 1623 1292 1694 intelligendum,
1339 1637 1401 1694 ac
1434 1638 1564 1694 non
1622 1623 1801 1691 potius

188 1699 489 1754 mon~trari
542 1697 773 1753 debebat
817 1695 911 1750 lib.
987 1693 1055 1759 x,’
1087 1709 1204 1762 cap.
1256 1695 1306 1760 t,
1355 1693 1443 1748 tibi
1490 1695 1676 1755 refert.
1732 1710 1797 1750 ex
1829 1697 1878 1759 B

190 1771 412 1838 Trogo,
465 1769 739 1834 Justinus,
796 1767 946 1835 Quod
997 1769 1303 1821 Artaxerxes
1351 1766 1523 1838 vinus,
1585 1765 1801 1821 Darium

192 1837 388 1914 ﬁliuni,
419 1859 509 1911 per
538 1840 932 1914 indulgentiam,
952 1855 1128 1914 regem
1174 1838 1291 1914 fecit
1304 1879 1324 1914 Α.
1360 1837 1503 1914 nihil
1529 1838 1800 1914 sibi_abla-

192 1909 303 1968 tum
338 1909 654 1976 existinmas,
686 1909 824 1983 quod
851 1911 902 1964 in
933 1911 1095 1977 ﬁlium
1124 1911 1436 1983 contulisset,
1461 1909 1804 1983 sinceriusque

193 1985 448 2058 gaudium
483 2001 547 2040 ex
574 1981 920 2058 procreatione
947 1993 1191 2058 capturus
1212 1981 1285 2058 __si
1301 1981 1533 2058 insignia
1561 1983 1804 2058 majesta-

194 2051 285 2119 iis,
322 2059 497 2116 vivus.
547 2059 600 2109 in
645 2055 752 2122 ﬁlio
782 2056 1142 2123 conspexisset.
1203 2052 1310 2107 Sed
1357 2051 1549 2108 Darius
1602 2054 1802 2120 inter/i-

196 2130 369 2184 ciendi
402 2129 560 2198 patris
599 2127 868 2181 consilium
898 2125 1050 2198 cepit.
1105 2125 1214 2180 En!
1266 2123 1757 2198 societatetnregni
1784 2167 1801 2192 ,

196 2218 324 2270 quae
369 2197 473 2254 non
516 2201 633 2254 sine
672 2213 864 2254 cruore
893 2197 1073 2264 desiit,
1105 2211 1266 2270 quam
1311 2205 1487 2250 tamen
1534 2197 1663 2270 nihil
1717 2205 1802 2252 at-

200 2267 343 2327 tinet
371 2273 597 2328 relerre.
620 2271 742 2340 quia
773 2285 877 2324 non
906 2271 1065 2334 ratio,
1113 2267 1207 2323 sed
1250 2282 1514 2339 equorum
1556 2269 1803 2324 hinnitus

200 2345 258 2400 in
288 2345 555 2399 electione
577 2342 854 2410 judicavit.
882 2341 1147 2398 Ιιιιωκειι.

282 2414 350 2468 Et
408 2414 759 2468 Thebanorum
815 2431 929 2480 par,
989 2425 1240 2470 mortuam
1295 2417 1522 2485 fabulam
1579 2424 1802 2468 transeo.

203 2488 283 2544 Ita
302 2486 646 2542 distinximus
663 2486 802 2558 hunc
820 2485 1126 2558 locum,ms.
1150 2487 1318 2558 Regio
1343 2501 1583 2547 auctore,
1608 2496 1660 2539 et
1682 2503 1806 2540 sen-

212 2559 380 2615 tentia
413 2558 705 2626 ﬂagitante.
759 2556 906 2611 Haud
964 2557 1126 2630 dubie
1171 2556 1461 2630 scripserat
1507 2558 1802 2618 Minucius,

207 2630 241 2685 Ἰ
258 2631 569 2704 hrbanorum
589 2645 702 2699 par,
732 2644 904 2699 neque
929 2629 1084 2685 aliter
1107 2629 1314 2701 legebat
1339 2631 1658 2704 Cyprianus,
1683 2645 1804 2683 cum

211 2705 348 2758 dixit
389 2701 743 2774 Thebanorum
786 2704 1001 2774 fratrum
1031 2701 1436 2773 germanitatetn.
1463 2703 1686 2767 Statius,
1713 2717 1808 2768 par

209 2775 485 2846 infandum
508 2785 552 2826 et
577 2773 788 2846 geminis
816 2785 1065 2846 sceptrum
1087 2775 1290 2829 eaitiale
1317 2774 1566 2845 tyrannis,
1597 2783 1641 2846 et
1680 2789 1805 2846 con:

209 2842 548 2916 sanguineum
574 2843 758 2905 scelus,
801 2854 850 2898 et
876 2845 1029 2899 unius
1055 2850 1228 2916 ingens
1256 2842 1442 2900 bellum
1493 2845 1645 2898 uteri.
1699 2842 1804 2897 Sed

210 2934 310 2974 cur
334 2927 590 2970 mortuam
620 2916 845 2987 fabulam
871 2917 1001 2987 dicit
1047 2917 1330 2980 Minucius,
1368 2918 1525 2985 paulo
1553 2925 1677 2969 ante
1709 2930 1804 2969 sua

213 2999 456 3058 tempora
510 2986 627 3042 tota
659 2987 812 3042 Statii
865 2986 1119 3042 Thebaide
1152 2989 1526 3044 decantatatn?
1574 2987 1803 3058 Fortran

213 3062 509 3131 scripserat
556 3070 782 3112 mutuam
806 3057 1058 3131 fabulam.
1095 3061 1302 3115 Etenim
1342 3061 1476 3126 pacti
1519 3069 1671 3115 erant
1700 3057 1806 3112 fra-

214 3142 329 3187 tres
372 3130 646 3202 (Eteocles
689 3140 742 3186 et
784 3130 1106 3203 Polynices)
1162 3143 1218 3186 ιιι
1271 3132 1470 3188 mutuis
1513 3132 1668 3186 annis
1717 3147 1803 3185 re-

214 3212 468 3273 gnarent,
499 3212 550 3256 et
578 3213 756 3257 mutua
787 3204 1052 3270 pernicies
1073 3203 1347 3274 utrisque;
1394 3203 1534 3257 unde
1559 3213 1610 3258 et
1634 3211 1808 3255 mutua

218 3277 418 3348 fabula.
458 3274 562 3348 §ctl
605 3275 961 3348 exspectanda
1011 3275 1301 3348 auctoritas
1334 3275 1571 3348 raitcrius
1617 3289 1808 3329 exem-

218 3345 408 3416 plaris.
465 3345 689 3402 thsn.
716 3376 786 3386 —
808 3345 926 3406 E:.-o
961 3347 1172 3416 quidem
1207 3347 1284 3400 sic
1311 3346 1466 3400 tlclttti
1499 3345 1660 3400 edere
1690 3360 1809 3398 cum

219 3417 452 3486 liigaltio
477 3460 492 3483 ,
545 3427 726 3486 utpote
754 3418 894 3487 quod
924 3419 1164 3484 proxime
1189 3418 1395 3473 accedit
1421 3416 1485 3471 ad
1530 3417 1810 3472 lectionem

218 3490 426 3546 codicis
452 3489 690 3559 antiqui;
735 3489 876 3559 quod
925 3491 1092 3544 miror
1129 3489 1374 3545 eumdem
1402 3492 1573 3542 virum
1605 3488 1810 3542 doetis-

218 3563 440 3624 simum,
489 3577 594 3614 non
637 3561 767 3614 satis
796 3561 1204 3631 intelligentem,
1239 3577 1359 3615 mox
1397 3561 1669 3615 deserere.
1702 3559 1810 3614 No-

221 3641 337 3688 ster
374 3634 441 3686 ad
486 3633 790 3702 exetnplttm
831 3631 958 3686 citat
998 3633 1178 3696 modo,
1233 3632 1324 3686 sed
1369 3647 1703 3702 nequaquam
1758 3640 1816 3684 ut

223 3705 342 3777 ejus
366 3705 523 3777 tidem
545 3713 782 3777 prmstet.
806 3703 940 3758 Hinc
961 3713 1024 3777 et
1034 3704 1261 3777 fabulam
1281 3715 1454 3777 vocat,
1471 3714 1812 3777 etmortuam,

222 3773 332 3831 hoc
375 3785 457 3830 est
491 3773 600 3845 jam
645 3775 940 3839 exoletam,
986 3773 1103 3830 sine
1143 3776 1380 3830 efﬁcacia
1430 3785 1483 3830 et
1513 3775 1586 3837 vi,
1635 3784 1690 3828 ut
1717 3773 1815 3829 de-

223 3846 579 3902 menstrando
611 3846 788 3901 valide
832 3862 960 3901 vero
1010 3857 1238 3912 nequeat
1267 3847 1543 3915 Opitulari.
1590 3845 1818 3900 Prorsus

223 3930 289 4046 ξι
318 3918 468 4045 Ριίιιο
499 3917 550 3972 in
587 3915 774 3974 Phad.
803 3922 1059 3988 ἕνδυμίωνθῐ
1083 3921 1240 3991 lips».
1265 3917 1373 3974 Nec
1395 3918 1549 3974 aliter
1577 3917 1629 3972 in
1649 3917 1822 3973 Culice

276 4006 372 4046 lt'lll
401 4005 478 4044 tus
509 4005 523 4042 :

276 4005 478 4062 trgtnus
509 4005 523 4042 :

323 4103 417 4168 [lic
436 4111 485 4168 et
510 4101 634 4154 fama
657 4111 802 4168 vetus
825 4116 1086 4168 numquam
1109 4104 1456 4168 morituraper
1479 4115 1634 4168 rerum

325 4166 537 4232 QII-tius,
564 4181 599 4232 ei
617 4167 792 4232 mediis
809 4165 1221 4232 qttem'quondam
1242 4167 1446 4232 sedibus
1463 4165 1600 4215 urbis

323 4228 567 4280 Devotum
593 4229 738 4281 bellis
760 4228 1062 4294 consumpsit
1078 4242 1266 4293 gurges
1285 4229 1544 4279 immdans.

229 4332 334 4392 Ubi
366 4335 624 4406 Sraliger,
667 4351 788 4406 pag.
820 4335 913 4392 55.
945 4334 1183 4392 Guouov.
1209 4366 1280 4376 —
1303 4334 1447 4405 Lego
1473 4343 1531 4390 et
1557 4332 1824 4406 disputth

230 4417 406 4462 totttm
457 4405 630 4480 locum
664 4405 681 4460 ἑ
712 4406 1064 4461 Thebanorum
1114 4425 1209 4480 par
1254 4417 1539 4472 mortuum,
1564 4477 1573 4480 _
1599 4405 1826 4480 fabulam

231 4491 434 4534 transeo
477 4478 539 4532 ob
566 4488 838 4550 pastorum
870 4488 916 4533 et
941 4494 1071 4533 casa:
1103 4477 1331 4550 regnum,
1365 4477 1608 4532 memoria
1638 4479 1824 4550 gnatis—

229 4553 363 4605 sima
385 4559 476 4611 est.
500 4551 782 4621 .‘llEtJns.——
799 4549 1166 4604 Thebanorum
1182 4564 1542 4620 pra'mortuam
1571 4549 1823 4621 fabulam,

232 4622 486 4678 ELMENB.
511 4654 580 4704 ές
607 4619 961 4704 Thebanorum
985 4619 1338 4704 germanorum
1381 4619 1637 4690 fabulam,
1695 4636 1828 4704 ang-

230 4709 428 4766 nymus
456 4694 679 4766 criticus
702 4695 752 4748 in
780 4691 899 4748 Obs.
930 4691 1190 4766 misccrit.
1215 4693 1376 4760 novis,
1404 4705 1440 4746 t.
1477 4709 1512 4766 ι,
1549 4709 1666 4766 pag.
1700 4692 1825 4766 158,

234 4763 335 4836 par
367 4770 581 4836 fratrum
607 4764 912 4836 fabulosum.
941 4764 1188 4836 scilicet,
1221 4780 1326 4820 non
1369 4763 1540 4819 credit
1566 4763 1830 4818 Minucius

234 4835 420 4893 Veram
460 4852 581 4893 esse
617 4837 760 4890 illam
805 4835 1187 4891 narrationem.
1219 4836 1395 4905 Quare
1423 4838 1468 4889 ei
1501 4837 1680 4890 statim
1729 4851 1829 4904 op-

235 4909 390 4978 ponit
425 4908 704 4963 historiam
736 4907 804 4962 de
835 4908 1064 4963 Ratnulo
1103 4918 1153 4963 et
1194 4908 1384 4962 Remo.
1436 4907 1636 4962 Eodem
1671 4907 1832 4978 modo

235 4977 516 5040 Ili-ratius.
560 4979 649 5034 lib.
695 4996 748 5043 ι.
785 4979 900 5034 Oda
923 4980 1016 5044 22,
1049 4979 1330 5050 Hydaspen
1362 4978 1649 5050 appellavit
1677 4977 1832 5050 {abu-

240 5051 428 5106 losum.
464 5051 618 5107 linunt
644 5082 715 5092 —
740 5052 928 5107 Paucis
953 5052 1069 5106 lucc
1092 5049 1475 5107 commentatio
1505 5049 1832 5104 absolvenda

236 5133 353 5188 est,
386 5124 550 5178 immo
580 5139 685 5177 uno
713 5133 918 5178 tantum
948 5139 990 5176 vo
1018 5123 1114 5179 rbo
1143 5123 1284 5192 quod
1331 5123 1382 5176 in
1412 5121 1531 5176 cod.
1593 5137 1703 5192 reg.
1751 5120 1836 5176 di-

239 5197 540 5250 sertissime
599 5194 788 5264 legitur
821 5214 834 5250 :
867 5206 1230 5262 permortuam,
1279 5193 1332 5249 id
1368 5203 1449 5249 est
1489 5195 1695 5248 omnino
1725 5194 1836 5247 ina-

241 5284 356 5322 nem
376 5276 421 5319 et
447 5266 712 5320 evanidam
723 5267 986 5392 ίζιιιιιιιαηι.
1021 5266 1151 5321 Eun.

322 5337 574 5392 Historia.
608 5336 663 5392 lu
690 5354 720 5392 e
763 5339 926 5392 itione
973 5337 1151 5392 llotnai

322 5337 574 5392 Historia.
608 5336 663 5392 In
690 5335 926 5393 editione
973 5337 1208 5392 llotnana
1251 5346 1332 5392 cst
1387 5338 1653 5403 memoria,
1709 5335 1835 5391 item

243 5411 302 5465 in
325 5427 426 5464 ms.
484 5425 594 5480 reg.
646 5408 784 5480 quod
826 5410 1043 5464 exhibet
1075 5407 1353 5463 llrraldus.
1386 5441 1457 5450 —
1481 5408 1556 5463 οὺ
1579 5417 1841 5480 pastorum

245 5492 294 5537 et
337 5497 472 5536 caste
509 5497 759 5550 regnum,
805 5480 868 5534 de
905 5481 1117 5552 geminis
1166 5481 1380 5534 historia
1433 5483 1697 5552 notissima
1744 5489 1836 5534 est.

245 5553 634 5625 l-lieronytnus,
670 5561 826 5625 tract.
859 5567 909 5625 ix
934 5593 946 5615 .
973 5561 1110 5621 part.
1141 5567 1220 5617 nt,
1248 5551 1416 5625 Epist.
1448 5553 1537 5625 ἦε),
1571 5553 1638 5606 ad
1670 5551 1844 5606 [iusti—

245 5642 363 5680 cunt
414 5623 715 5678 monachum
753 5623 821 5679 de
845 5623 1166 5692 Coatemptu
1195 5624 1374 5678 sa-culi
1403 5641 1415 5678 :
1451 5623 1615 5678 Roma
1641 5636 1694 5677 ut
1724 5641 1845 5678 con—

247 5698 359 5751 dita
399 5706 508 5767 est,
539 5697 667 5750 duos
700 5700 884 5767 fratres
912 5695 1066 5767 simul
1105 5711 1244 5766 reges
1282 5696 1464 5749 habere
1515 5713 1614 5750 non
1661 5695 1842 5766 potuit.

248 5768 389 5824 Vide
416 5777 469 5822 et
493 5766 764 5822 Lucanum
794 5767 885 5823 lib.
918 5784 956 5834 ι,
987 5766 1057 5823 92
1081 5783 1199 5838 sqq.
1235 5767 1700 5823 Ecusauousncs.

327 5838 511 5897 Generi
554 5850 601 5894 et
650 5840 810 5896 soceri
831 5839 986 5896 bella.
1033 5839 1273 5911 Pompeii
1300 5848 1352 5896 et
1381 5838 1649 5909 Caesaris,
1707 5838 1848 5896 unde

1904 1265 2176 1335 vulgatum
2208 1262 2334 1319 illttd
2365 1281 2378 1317 :
2414 1264 2574 1321 Socer
2594 1280 2845 1338 generque
2876 1265 3169 1392 perdidgtis
3210 1264 3404 1320 omnia.

3107 1353 3285 1392 IGALT.

3053 1353 3098 1392 ﬂ
3231 1354 3285 1392 τ.

1975 1406 2118 1480 Duos
2149 1410 2354 1480 fortuna
2393 1425 2494 1463 non
2524 1409 2677 1480 cepit.
2720 1409 2896 1464 Mirari
2924 1409 3068 1465 subit
3099 1353 3239 1464 t'tidlle
3264 1409 3505 1473 factum,

1901 1487 1960 1533 ut
1979 1479 2362 1553 Jonalenrsius
2391 1479 2692 1550 reposuerit
2721 1499 2832 1536 sors
2879 1499 2980 1535 una
3003 1499 3102 1535 non
3129 1482 3299 1548 cepit;
3322 1490 3509 1553 aperte

1902 1552 2046 1608 enim
2073 1551 2337 1608 Minucius
2361 1553 2634 1608 Lucanum
2671 1554 2906 1623 reSpexit
2933 1553 3029 1608 lib.
3065 1570 3102 1620 ι,
3138 1553 3237 1610 109
3264 1551 3401 1625 Sqq:

2647 1666 2924 1731 Populique
2949 1667 3166 1732 potentis

2058 1729 2164 1780 Non
2184 1731 2320 1794 cepit
2339 1729 2533 1782 fortuna
2555 1730 2696 1781 duos.

1905 1858 2559 1915 Davis—Verisimilius
2611 1868 2790 1915 tamen
2837 1868 2895 1915 ut
2927 1858 3229 1930 respexerit
3267 1857 3332 1914 ad
3375 1861 3517 1915 hunc

1907 1931 2086 1986 locum
2143 1931 2284 1985 Flori
2321 1948 2397 1998 tv,
2427 1931 2482 1998 ‘2,
2516 1931 2581 1987 14
2611 1951 2624 1987 :
2658 1931 2746 1988 Sic
2775 1931 2837 1986 de
2881 1932 3170 2001 principatu
3219 1931 3518 1986 laborabant

1907 2014 2167 2074 tamquam
2206 2005 2334 2057 duos
2367 2007 2493 2058 tanti
2535 2004 2735 2074 imperii
2763 2003 2972 2067 fortuna
3010 2020 3111 2058 non
3155 2005 3364 2072 ceperit.
3415 2003 3516 2060 Ubi

1909 2073 2123 2135 Florus.
2176 2084 2232 2129 ut
2269 2075 2420 2140 alibi,
2469 2073 2707 2130 imitatur
2753 2075 3066 2139 Lucanum,
3125 2091 3247 2130 cum
3297 2074 3519 2131 Florum

1907 2148 2176 2215 exprimat
2202 2146 2496 2213 Minucius,
2532 2146 2674 2216 quod
2719 2157 2773 2202 et
2815 2147 2972 2208 intra,
3005 2162 3127 2215 cap.
3175 2148 3265 2210 57,
3310 2147 3518 2203 videbi-

1910 2234 2052 2290 ntns.
2098 2217 2713 2290 Worx.—+Heuntanttt_ts
2738 2217 3026 2274 Minucium
3059 2218 3342 2290 scripsisse
3371 2227 3521 2290 putat

1908 2289 2119 2360 fortuna
2142 2291 2288 2344 duos.
2322 2289 2426 2346 Sed
2455 2300 2579 2344 sunt
2625 2288 2890 2356 ejusmodi
2933 2288 3383 2358 transpositiones
3413 2291 3521 2346 fre-

1911 2371 2139 2431 quentes
2156 2361 2294 2430 apud
2313 2361 2563 2433 Nostrum
2592 2375 2748 2433 :cap.
2779 2361 2843 2416 51
2896 2378 2908 2414 :
2957 2360 3174 2433 Propter
3208 2362 3341 2433 hanc
3371 2364 3522 2432 fabu-

1911 2434 2015 2487 lam
2034 2433 2173 2487 (ἰαιιί
2193 2450 2326 2497 eam;
2347 2449 2396 2488 c.
2419 2433 2475 2494 7.
2501 2431 2624 2486 lam
2647 2431 2730 2486 eos
2744 2432 3089 2500 deprehendes
3117 2431 3377 2496 initiasse;
3397 2450 3443 2490 c.
3461 2435 3517 2501 9,

1914 2504 2244 2576 Turpissima:
2271 2505 2480 2576 pecudis
2508 2514 2662 2570 caput
2683 2504 2816 2557 asini
2845 2519 2942 2574 pro
2963 2503 3095 2557 asini
3119 2514 3273 2572 caput
3297 2520 3315 2568 ;
3344 2521 3393 2558 c.
3429 2507 3515 2572 12,

1911 2575 2268 2631 Misericordia
2295 2576 2458 2647 digni,
2487 2577 2576 2629 sed
2603 2587 2894 2630 nostrorum
2921 2576 3154 2640 deorum,
3191 2591 3286 2646 pro
3307 2577 3522 2632 deorum

1911 2649 2005 2702 sed
2035 2659 2324 2704 nostrorum
2379 2649 2636 2703 LINDNER.

1984 2721 2052 2775 lu
2107 2720 2361 2791 gregibus.
2424 2719 2614 2776 Hettm.
2659 2718 2802 2791 delet
2832 2719 2906 2786 in,
2955 2720 3077 2790 qttia
3127 2719 3383 2784 pra'cedit
3431 2737 3524 2776 rex

1912 2809 2044 2863 unus
2069 2790 2272 2860 apibus.
2302 2791 2442 2846 Nihil
2472 2805 2607 2863 Opus
2633 2809 2646 2845 :
2676 2790 2866 2846 eodem
2910 2791 3072 2847 modo
3111 2791 3414 2863 Cyprianus
3453 2794 3524 2849 de

1913 2861 2053 2919 ldol.
2093 2863 2264 2919 Vanit.
2317 2880 2366 2918 c.
2390 2879 2422 2917 ν
2454 2882 2466 2918 :
2502 2862 2614 2918 Rea:
2662 2880 2794 2917 unus
2819 2874 2891 2918 est
2937 2861 3217 2933 apibuspet
3257 2864 3364 2918 dua:
3391 2881 3524 2919 unus

1912 2936 1964 2989 in
1992 2937 2246 3007 gregibus.
2276 2936 2446 2992 Varro
2495 2937 2558 2989 de
2595 2935 2657 2990 Β.
2701 2933 2768 2988 R.
2797 2950 2835 3001 t,
2859 2933 2896 2988 2
2928 2954 2940 2991 :
2977 2935 3128 3003 Quod
3156 2936 3293 2990 ludis
3331 2937 3524 2991 circen-

1912 3007 2047 3061 sibus
2091 3007 2351 3061 novissimi
2396 3007 2638 3061 curriculi
2686 3009 2838 3073 finem
2881 3008 3002 3075 facit
3039 3008 3340 3079 quadrigis;
3385 3009 3524 3079 quod

1912 3024 2047 3061 sinus
2091 3024 2349 3061 novissimi
2396 3024 2636 3061 currtrutt
2686 3024 2838 3073 pnem
2881 3024 3002 3075 ιαειι
3039 3024 3302 3134 quadrigis

1911 3081 1963 3133 in
2015 3080 2197 3133 cereali
2250 3096 2435 3149 pompa
2481 3080 2604 3133 solet
2635 3095 2741 3132 csse
2772 3079 3008 3146 primum.
3092 3095 3304 3134 Inuum.

1982 3150 2060 3205 Tu
2084 3151 2138 3204 in
2185 3151 2310 3205 cmlo
2349 3167 2599 3222 summam
2641 3159 2955 3222 potestatem,
3007 3161 3162 3205 totam
3187 3155 3525 3222 potestatem?

1913 3221 2026 3277 Non
2049 3223 2117 3276 ita
2144 3223 2359 3294 scripsit
2402 3221 2696 3284 Minucius;
2737 3221 2839 3294 hoc
2865 3224 3008 3278 enim
3040 3221 3200 3278 modo
3227 3234 3526 3294 potestatem

1913 3304 2160 3364 repetere
2186 3293 2530 3349 ballmticntis
2555 3306 2637 3348 est
2679 3293 2940 3350 infantize.
2991 3294 3118 3348 Mihi
3169 3293 3396 3364 proinde
3445 3297 3524 3352 νίς

1914 3365 2071 3420 detur
2106 3375 2401 3435 potestatem
2435 3369 2610 3434 priore
2641 3365 2760 3419 loco
2793 3368 3043 3435 positam,
3094 3381 3124 3420 a
3170 3367 3311 3421 mala
3357 3384 3521 3423 manu

1916 3437 2154 3510 fluxisse.
2203 3438 2571 3510 Quapropter,
2606 3440 2705 3491 ista
2729 3452 2861 3492 voce
2899 3437 3071 3492 deleta
3095 3479 3110 3503 ,
3160 3438 3280 3510 lego
3313 3459 3326 3493 :
3360 3438 3438 3493 Tu
3471 3439 3525 3494 in

1916 3508 2042 3563 caelo
2069 3524 2332 3563 summam
2374 3508 2531 3562 dividi
2561 3510 2772 3574 credas,
2825 3518 2870 3562 et
2920 3509 3084 3564 scindi
3130 3508 3231 3563 veri
3273 3511 3414 3566 illius
3463 3527 3527 3565 ac

1918 3581 2075 3634 divini
2128 3580 2329 3649 imperii
2375 3591 2534 3634 totum
2585 3582 2922 3650 potestatem?
2969 3581 3186 3636 Summa
3215 3584 3527 3638 nominatur

1921 3653 1969 3705 id
2001 3652 2140 3721 quod
2187 3652 2240 3723 in
2289 3666 2356 3706 eo
2413 3667 2611 3721 genere
2665 3667 2844 3706 rertnn
2881 3652 2948 3706 de
2976 3653 3170 3723 quibus
3218 3670 3400 3710 sermo
3430 3654 3525 3710 ba-

1919 3723 2094 3786 betur,
2141 3722 2369 3790 primttm
2393 3726 2461 3778 sit
2493 3734 2648 3792 atque
2681 3722 3030 3793 pra-.cipttum.
3068 3723 3301 3779 Velleius
3340 3725 3529 3781 Pater-

1920 3794 2074 3850 culus
2126 3795 2216 3848 lib.
2266 3811 2325 3860 tt,
2375 3810 2494 3854 cap.
2549 3795 2620 3850 76
2665 3812 2680 3850 :
2723 3793 2896 3849 Natus
2945 3795 3315 3850 obscurissimis
3367 3797 3528 3853 initiis

1947 3865 2382 3994 ult’rum'zliabebat.
2434 3866 2703 3922 Summam
2755 3867 3029 3938 accepisse.
3083 3865 3306 3924 Ovidius
3370 3866 3523 3927 Fast.

1947 3955 1957 3991 ι
2003 3977 2018 3992 .
2043 3953 2095 3994 v.
2222 3955 2238 3992 :

1946 3953 2018 3994 ιυ.
2043 3953 2095 4004 ν,
2133 3953 2238 3992 tl:

2016 4071 2258 4139 Romulus
2279 4071 2376 4139 hoc
2391 4073 2537 4139 vidit,
2563 4072 2853 4139 selectaque
2877 4079 3076 4139 pectora
3097 4075 3276 4127 Patres

2111 4133 2281 4186 Dixit:
2303 4135 2365 4185 ad
2389 4136 2480 4187 hos
2503 4133 2639 4188 urbis
2661 4133 2858 4188 Sum'tna
2878 4133 3038 4190 relata
3054 4153 3213 4190 novas.

1929 4259 2234 4318 Gronovius
2284 4259 2536 4316 rescribit
2608 4261 2923 4330 maiestatem
3001 4263 3081 4318 vel
3143 4262 3530 4331 auctoritatem;

1931 4332 2307 4395 Heumannus,
2366 4333 2628 4388 unitatem.
2694 4331 2955 4390 Neutrum
3006 4335 3391 4392 necessarium.
3442 4337 3528 4392 Cl.

1932 4420 2050 4472 cap.
2085 4420 2198 4477 \‘lﬁll,
2225 4420 2310 4469 ιιι,
2343 4414 2397 4460 et
2420 4420 2537 4476 qua:
2567 4405 2909 4477 disputatmde
2961 4415 3106 4477 grata
3149 4423 3337 4462 vocum
3373 4409 3532 4463 itera-

1851 4505 1904 4565 D
1937 4479 2079 4534 tione
2128 4476 2396 4548 Bergerus
2442 4475 2506 4532 de
2554 4475 2746 4532 Natur.
2795 4475 3008 4565 Pulfhr.
3060 4476 3206 4532 Orat.
3236 4497 3357 4550 pag.
3401 4479 3528 4536 259.

2903 4548 3161 4606 LINDNER.

2013 4619 2174 4675 Verbo
2209 4620 2354 4692 jubet
2403 4629 2740 4676 consummat.
2772 4619 2903 4692 iNisi
2960 4623 3104 4692 leges
3156 4623 3534 4689 grammaticas

1933 4691 2237 4763 perrUperit
2267 4692 2526 4764 Minucius
2548 4735 2564 4759 ,
2597 4691 2877 4764 legendum
2911 4709 2926 4746 :
2962 4691 3066 4762 Qui
3109 4696 3344 4748 universa
3393 4711 3534 4762 qua:-

1933 4781 2143 4833 cumque
2166 4775 2303 4828 sunt,
2336 4763 2484 4819 uerbo
2520 4763 2738 4834 iubeat,
2786 4765 2983 4819 ratione
3009 4764 3320 4832 diSpenset.
3355 4767 3536 4821 uirtute

1935 4849 2307 4902 consummet;
2370 4844 2428 4891 ut
2485 4845 2679 4902 antea,
2733 4837 2821 4906 qui
2892 4836 3223 4890 nativitatem
3281 4839 3533 4892 ontnibns

1937 4917 2248 4980 praestem"
2280 4909 2368 4980 qui
2396 4917 2514 4962 ante
2541 4909 2786 4961 mundum
2811 4906 2989 4980 fuerit.
3025 4906 3205 4961 ΒΑι-ιε.

2011 4977 2302 5045 Potest
2328 4989 2461 5033 tactu
2491 4980 2670 5049 purior
2718 4991 2811 5034 est.
2861 4979 3099 5033 Primam
3148 4995 3333 5034 vocem
3363 4995 3391 5033 a
3421 4979 3536 5036 lac.

1937 5049 2156 5105 Ottzelio
2191 5061 2240 5107 et
2265 5049 2394 5106 Cltr.
2419 5049 2652 5106 Cellario
2684 5050 3120 5120 pra-tertnissatn,
3148 5067 3212 5104 ex
3241 5053 3538 5122 antiquitus

1938 5123 2096 5195 editis
2118 5123 2400 5195 revocavi;
2451 5122 2768 5195 reliqttas_a
2823 5136 2924 5195 nis.
2973 5121 3385 5195 exsulanti-sex
3433 5122 3540 5195 Cy-

1938 5194 2127 5264 priano
2158 5194 2442 5250 restituere
2482 5192 2639 5249 Joan.
2675 5192 2938 5264 Meursius
2975 5201 3028 5246 et
3073 5192 3228 5248 Fulv.
3273 5192 3536 5249 Ursinus:

1940 5263 2004 5337 ac
2067 5278 2212 5337 recte
2261 5265 2518 5337 quidem;
2572 5263 3008 5337 Cartltagittensis
3065 5265 3207 5320 cnim
3257 5267 3542 5337 episeopus

1942 5336 2006 5391 tle
2057 5334 2196 5392 ldol.
2259 5335 2390 5391 Van.
2441 5352 2561 5406 eap.
2606 5336 2660 5403 5,
2719 5335 2830 5407 §5.
2863 5334 3114 5390 Noatrtttn
3144 5334 3458 5403 describit,‘
3485 5349 3543 5393 ut

1945 5419 2126 5463 noster
2171 5425 2265 5462 sua
2315 5425 2382 5464 ex
2411 5408 2723 5479 Tertulliani
2766 5407 2984 5476 Apolog.
3031 5423 3151 5479 cap.
3210 5409 3296 5475 l7,
3345 5409 3542 5465 adum-

1945 5480 2139 5534 bravit.
2175 5480 2354 5536 DM’IS.
2379 5509 2449 5520 —
2470 5478 2634 5533 Tacta
2685 5479 2861 5547 purior
2901 5489 2993 5533 est.
3025 5478 3170 5535 Loco
3201 5479 3388 5534 borum
3419 5497 3540 5536 vero

1947 5553 2136 5608 borum
2194 5552 2245 5606 itt
2295 5569 2397 5607 tns.
2454 5551 2586 5618 Reg.
2617 5561 2700 5606 est
2749 5560 2927 5620 potest.
2980 5551 3103 5606 llaec
3158 5562 3336 5606 tamen
3381 5554 3544 5608 verba

1948 5625 2067 5691 ejus
2108 5624 2226 5678 loco
2265 5622 2379 5693 iure
2420 5623 2581 5676 inseri
2635 5623 2842 5692 probat,
2871 5622 2924 5676 1°
2951 5625 3071 5691 quia
3122 5640 3281 5678 causa
3331 5625 3548 5680 deesset

1949 5711 2046 5750 cur
2091 5695 2450 5765 comprehendi
2495 5694 2633 5748 Deus
2675 5712 2774 5748 non
2831 5705 3032 5766 posset;
3083 5694 3143 5748 2°
3201 5695 3500 5766 Cyprianus
3527 5738 3544 5762 ,

1951 5768 2276 5836 epitotnator
2307 5767 2514 5821 Minucii
2540 5807 2554 5828 ,
2603 5767 2716 5820 haec
2745 5767 2904 5821 verba
2936 5765 3098 5821 habet
3135 5765 3257 5836 Cap.
3287 5767 3349 5830 5;
3378 5766 3436 5822 5°
3463 5774 3546 5821 tc-

1954 5846 2127 5895 statur
2153 5838 2470 5896 Theodorus
2494 5837 2758 5894 Canterus
2789 5853 2850 5894 ex
2880 5840 3100 5910 antiquo
3138 5853 3299 5896 manu
3324 5845 3548 5906 exarati)
