3980 6302
507 264 616 319 295

1840 257 2048 314 MAllCl
2091 259 2344 318 MINUCII
2387 257 2651 315 FELICIS

3660 265 3740 323 296

511 378 729 444 fundat,
773 385 828 432 et
875 374 1301 447 intelligentiam,
1339 373 1505 430 Deum
1555 372 1835 444 loquitur?
1887 375 2106 430 Straton
2137 379 2187 438 Α
2217 376 2326 430 fere
2360 374 2714 445 Chrysippus,
2743 369 2846 424 vim
2875 368 3110 424 divinam
3133 409 3147 433 ,
3179 369 3487 426 rationalem
3513 384 3740 450 naturain,

509 488 720 543 quoque
773 479 828 525 et
885 470 1000 540 ipse
1051 477 1293 523 naturam
1325 486 1338 522 :
1368 467 1530 522 etiam
1575 467 1841 538 Epicutus
1889 469 1977 523 ille
2017 470 2108 538 qui

507 563 640 618 deos
669 572 761 617 aut
784 562 990 618 otiosos
1017 560 1166 632 ﬁngit
1188 569 1279 614 aut
1310 560 1504 626 nullos,
1529 570 1770 614 naturain
1795 569 1972 615 tamen
2015 575 2108 615 su-

509 659 776 730 perponit.
859 655 1175 711 Aristoteles
1248 655 1457 720 variat,
1531 663 1586 709 et
1639 654 1884 724 adsignat
1929 663 2107 709 tamen

509 767 666 806 tinam
701 758 1038 819 potestatem.
1059 747 1190 803 Nam
1215 748 1428 803 interim
1449 757 1706 816 mentem,
1730 746 1988 802 mundum
2025 748 2108 802 in-

509 848 669 903 terim
716 847 880 901 Deum
934 843 1096 907 dicit,
1151 843 1365 897 interim
1419 842 1619 896 mundo
1651 842 1814 895 Deum
1859 841 2104 912 prmticit.

507 941 826 999 Aristotcles
859 937 1114 994 Ponticus
1145 936 1334 1001 Variat,
1371 936 1502 990 alias
1535 939 1752 996 munito,
1784 935 1918 989 alias
1942 935 2106 988 menti

507 1035 703 1091 divina:
746 1035 986 1088 tribuens
1056 1031 1434 1101 principatum.
1493 1027 1802 1084 Heraclides
1853 1027 2106 1082 Ponticus

511 1142 725 1200 quoque
775 1127 884 1180 Deo
933 1125 1170 1179 divinam
1221 1131 1475 1186 mentem,
1505 1121 1752 1192 quamvis
1781 1121 1957 1182 varie,
2011 1118 2106 1173 ad-

505 1221 710 1278 scribit.
743 1219 1186 1288 The0plirastus,
1219 1226 1274 1272 et
1301 1215 1508 1282 Zenon,
1560 1224 1612 1269 et
1640 1213 2007 1285 Chrysippus,
2051 1221 2106 1269 et

503 1315 811 1379 Cleanthes,
844 1323 968 1368 sunt
991 1322 1045 1368 et
1078 1312 1176 1382 ipsi
1207 1309 1599 1374 multiformes;
1633 1308 1726 1363 sed
1757 1308 1819 1362 ad
1846 1309 2102 1362 unitatem

504 1410 858 1484 providentia:
917 1421 1104 1462 omnes
1166 1405 1534 1460 revolvuntur.
1591 1401 1879 1458 Cleanthes
1958 1401 2101 1457 enim

503 1515 762 1571 mentem,
802 1501 964 1557 modo
994 1501 1230 1555 animum
1253 1541 1267 1563 ,
1316 1497 1476 1552 modo
1512 1496 1746 1560 tubera,
1789 1496 2102 1564 plerumque

501 1599 764 1654 rationem
801 1597 965 1652 Deum
1005 1593 1280 1648 disseruit.
1313 1591 1517 1658 Zenon,
1556 1589 1798 1661 ejusdem
1823 1591 2098 1660 magister,

504 1692 804 1748 naturalem
836 1691 1007 1762 legem
1036 1698 1194 1759 atque
1214 1687 1470 1746 divinam.
1500 1697 1552 1742 et
1597 1686 1798 1740 aethera
1848 1686 2059 1741 interitu
2081 1728 2095 1751 ,

2214 481 2269 525 et
2300 470 2556 523 mundum
2603 466 2854 530 interim,
2906 474 2958 520 et
2988 463 3205 518 fatalem
3238 468 3590 524 necessitatem
3617 472 3745 532 Deuut

2213 565 2420 631 credit,
2451 565 2830 632 Zenonemque
2883 560 3330 631 interpretatiqu
3381 562 3745 637 physiologimin

2213 661 2463 726 Hesiodi,
2531 661 2744 716 Ilomeri
2799 658 3478 731 Orpheique"Carminibus
3536 662 3743 720 imitatur.

2212 755 2350 827 (xm)
2373 755 2660 825 Babylonio
2681 755 2840 808 etiam
2867 753 3085 822 Diogeni
3106 750 3385 822 disciplina
3408 760 3484 806 est
3499 758 3746 824 exponendi

2211 859 2264 902 et
2287 847 2584 901 disserendi
2611 845 2758 899 loris
2790 854 2998 914 partum
3028 853 3081 899 et
3103 853 3278 897 ortum
3309 841 3578 909 Minervae,
3607 861 3652 901 et
3675 849 3749 905 hoc

2210 955 2377 1010 genus
2412 952 2728 995 caztcrarum
2756 955 2932 995 rerum
2972 937 3227 992 voeabula
3253 954 3393 1005 esse,
3428 953 3524 994 non
3551 939 3746 998 deorum.

2209 1030 2348 1103 (xiv)
2369 1031 2495 1086 Nam
2519 1032 2825 1088 Socraticus
2842 1029 3142 1100 XenOphon
3166 1029 3390 1084 formam
3416 1029 3500 1086 Dei
3522 1032 3618 1087 veri
3633 1043 3751 1104 negat

2209 1124 2374 1178 videri
2408 1125 2452 1153 ³⁷
2495 1139 2671 1194 posse,
2715 1133 2770 1178 et
2793 1123 2912 1178 ideo
2950 1123 3116 1193 (μιαινὶ
3158 1139 3264 1176 non
3313 1133 3573 1193 oportere.
3613 1128 3751 1181 Aristo

2207 1218 2419 1274 Stoicus
2437 1217 2615 1290 [impr.
2639 1215 3236 1289 Cbius].comprebeudi
3257 1217 3473 1271 omnino
3495 1232 3591 1271 non
3611 1234 3750 1289 posse.

2210 1311 2446 1380 Uterque
2477 1311 2816 1380 maiestatem
2851 1310 2944 1364 Dei
2971 1349 2987 1376 ,
3019 1309 3350 1380 intelligendi
3382 1310 3748 1380 desperatione,

2207 1415 2514 1462 senserunt.
2545 1405 2756 1459 Platoni
2806 1407 3043 1476 apertior
3087 1404 3155 1459 de
3191 1406 3296 1459 Deo
3325 1414 3381 1460 et
3407 1407 3559 1460 rebus
3583 1406 3692 1475 ipsis
3712 1416 3753 1464 et

2208 1502 2518 1557 nominibus
2561 1502 2734 1555 oratio
2771 1509 2888 1565 est;
2938 1509 2992 1555 et
3033 1516 3153 1569 qua:
3185 1509 3293 1554 tota
3335 1510 3480 1555 esset
3530 1501 3750 1569 cmlcstis,

2207 1599 2305 1650 nisi
2365 1596 2727 1667 persuasionis
2784 1595 2956 1650 civilis
3014 1610 3417 1664 nonnumquam
3474 1594 3752 1652 admixtione

2206 1691 2563 1746 St)t‘dCS(‘Cl‘t.-l..
2601 1689 2805 1744 Platoni
2854 1689 3032 1757 itaque
3064 1689 3113 1742 in
3148 1688 3350 1742 Tinneo
3380 1689 3514 1743 Deus
3552 1699 3626 1744 est
3663 1690 3752 1758 ipso

506 1785 884 1854 interdumque
913 1779 1567 1847 ratiouetn,vultomnium
1595 1795 1714 1834 esse
1745 1780 2087 1849 principium.
2122 1781 2169 1841 B
2201 1801 2296 1841 suo
2331 1787 2547 1839 non-.ine
2579 1783 2762 1837 mundi
2794 1798 3007 1852 parens,
3036 1779 3232 1836 artifex
3259 1782 3470 1849 animm,
3501 1782 3749 1838 (antestium

498 1877 630 1933 ltem
671 1873 1072 1946 interpretando
1119 1872 1384 1928 lunonem
1413 1887 1569 1938 aera,
1615 1870 1807 1926 .lovcnt
1851 1871 2092 1936 coelum,

497 1969 803 2040 Neptunum
833 1985 982 2024 mare
1003 2009 1018 2035 ,
1053 1966 1231 2038 ignem
1263 1981 1383 2022 esse
1415 1963 1737 2031 Vulcanum,
1791 1975 1843 2020 et
1873 1974 2098 2020 ca-teros

493 2065 741 2120 similiter
771 2061 911 2130 vulgi
939 2061 1068 2117 deos
1100 2060 1366 2116 eletnenta
1421 2075 1542 2114 esse
1595 2059 1964 2123 monstrando,
2002 2075 2114 2127 pu-.

492 2157 688 2214 blicum
737 2155 912 2227 arguit
961 2153 1196 2225 graviter
1246 2163 1302 2208 et
1323 2151 1549 2208 revincit
1598 2167 1859 2207 errorem.
1894 2151 2092 2206 Eadem

2207 1889 2650 1946 terrenorumque
2698 1875 3022 1935 fabricator:
3065 1891 3222 1944 quem
3267 1884 3321 1930 et
3372 1876 3602 1931 invenire
3643 1875 3751 1930 difﬁ-

2199 1972 2338 2038 cile,
2375 1987 2481 2038 pra:
2528 1968 2688 2023 nimia
2719 1981 2772 2023 et
2833 1967 3132 2023 incredibili
3183 1977 3483 2039 potestate;
3531 1979 3610 2034 cl,
3656 1983 3750 2023 cum

2200 2066 2502 2134 inveneris,
2533 2066 2582 2118 in
2614 2065 2883 2134 publicum
2925 2064 3106 2120 dicere
3147 2063 3482 2133 impossibile
3519 2064 3750 2135 pra-fatur.

1867 2265 2223 2323 γΑιιιοιιυιι
2263 2263 2490 2321 ΝυτίΕ.

487 2367 643 2435 cippo
683 2374 773 2419 aut
821 2359 1984 2435 Democrito.Cudwortbns“demonstravit.
2023 2371 2078 2416 ut

486 2433 617 2508 puto
645 2438 693 2492 ei
740 2438 998 2508 majorem
1027 2434 1395 2508 antiquitatem
1426 2433 1842 2508 attribnetnlam.
1870 2434 2002 2508 Dicit
2026 2437 2075 2488 in

486 2501 722 2582 SySIem.
745 2501 921 2582 lutell_.
954 2509 990 2559 l.
1019 2521 1058 2570 ι,
1095 2501 1219 2582 ᾳςι,
1272 2501 2038 2582 ζξῃυιιιςιοναηι..ΙίιιιιιιξιΙοι-[ίνιιι
2062 2547 2077 2572 ,

485 2575 863 2652 Anaxagoram,
876 2577 1250 2652 Parmenidem,
1261 2575 1344 2652 ac
1351 2579 1592 2652 p_ltan_tutn
1602 2618 1615 2638 ,
1650 2575 1965 2652 Arcesilaum
1989 2595 2015 2630 a
2024 2588 2080 2652 ιιι

487 2648 817 2714 Archelaum,
859 2660 916 2705 ιιι
939 2649 1053 2707 Sid.
1101 2648 1420 2716 Apollinaris
1460 2648 1526 2702 de
1569 2665 1634 2702 eo
1675 2657 1919 2709 testatur,
1953 2649 2077 2705 huic

483 2723 722 2794 opinioni
748 2725 944 2780 lavere.
968 2731 1024 2774 nt
1057 2727 1125 2794 et,
1149 2720 1431 2794 maximam
1454 2731 1654 2794 partem
1680 2731 1916 2774 veterum
1935 2723 2076 2794 phy-

483 2791 713 2852 sicorum
729 2805 853 2850 ante
887 2792 1244 2848 Democritum
1263 2810 1274 2843 :
1296 2791 1650 2846 Democritum
1675 2808 1850 2846 autem
1867 2803 1914 2845 et
1932 2791 2070 2846 [λοιμ-

480 2870 693 2937 cippum
724 2867 885 2922 luisse
911 2867 1108 2937 primus
1130 2863 1319 2917 atheos
1337 2865 1628 2937 atomieos;
1660 2873 1957 2937 atomorum
1979 2881 2073 2917 au-

482 2933 586 2994 tent
627 2939 859 2993 fautores
887 2949 1010 2990 ante
1043 2935 1400 2990 Democritum
1424 2933 2072 3002 fuisseincorp-trealistas

479 3019 533 3066 cl
562 3011 801 3066 tlteistas.
833 3007 1050 3063 Miscell.
1081 3005 1202 3061 Obs.
1229 3005 1378 3073 Crit.,
1412 3008 1517 3059 vol.
1551 3021 1624 3072 tv,
1730 3023 1804 3067 ιιι,
1826 3022 1944 3077 pag.
1977 3007 2065 3062 59.

1711 3094 1919 3132 tansan.

1711 3094 1919 3132 iNDNEll.

552 3155 681 3224 Qua:
695 3153 938 3226 imagines
968 3150 1171 3226 fundat.
1206 3149 1736 3226 §imulacra,e73n>a;,
1770 3151 2070 3226 quibusin-

478 3223 779 3282 cidentibus
801 3223 975 3282 visum
997 3223 1174 3295 peragi
1205 3223 1538 3295 Democritus
1566 3223 1908 3295 exis:_iiuavit.
1944 3223 2062 3278 Viti.

479 3299 767 3370 Diogenem
818 3292 1118 3370 Laertflib.
1145 3311 1218 3370 Ix,
1245 3293 1376 3370 ξμς
1398 3293 1637 3370 θιμϐιοιειδ.
1680 3293 1742 3346 de
1771 3292 1936 3370 Dicin.
1971 3297 2061 3350 lib.

476 3385 531 3437 ιι,
565 3365 686 3442 pag.
730 3371 883 3428 4905,
921 3380 973 3424 et
1015 3367 1106 3442 lib.
1139 3365 1392 3442 tde’Nat.
1428 3365 1579 3442 Deor.
1613 3382 1729 3442 cap.
1764 3365 1847 3442 lg.
1884 3368 2062 3422 llitvrs.

547 3437 614 3495 Et
637 3437 753 3512 ipse
781 3453 1035 3496 naturam.
1069 3437 1162 3512 Sc,
1188 3439 1350 3492 Deum
1381 3453 1499 3512 esse
1524 3437 1776 3512 loquitur.
1807 3437 2062 3512 Lixum-3n.

548 3508 684 3568 Deos
711 3525 795 3566 aut
825 3515 1009 3566 otiosos
1039 3511 1220 3579 ﬁngit,
1248 3519 1335 3562 aut
1368 3508 1556 3562 nullos.
1587 3508 1677 3564 Sic
1709 3511 1944 3579 loqmtur
1971 3511 2066 3566 Mi-

476 3586 687 3652 nucius,
712 3585 834 3655 quia
859 3600 946 3654 qui
975 3582 1370 3637 Providentiam
1392 3582 1559 3655 tollit.
1599 3581 1692 3634 Dei
1721 3582 2063 3655 existentiam

475 3672 673 3727 negare
701 3651 1000 3727 censendus
1031 3663 1144 3717 est;
1179 3670 1320 3715 nam,
1368 3651 1745 3727 ut_elegante_r
1775 3653 2062 3727 rS-lviauus

475 3724 794 3784 de'Guberu.
828 3725 924 3780 Dei
975 3727 1068 3779 lib.
1111 3741 1183 3789 tv,
1215 3740 1333 3796 pag.
1363 3724 1462 3778 ll6
1492 3743 1504 3777 :
1539 3725 1639 3791 Qui
1675 3725 1804 3778 niltil
1849 3727 2010 3794 aspici
2033 3745 2064 3781 a

473 3799 584 3854 Deo
610 3801 895 3871 afﬁrmant,
925 3807 1206 3871 propehest
1255 3809 1306 3848 ut
1358 3797 1440 3871 cui
1492 3806 1753 3871 aspectum
1793 3797 2060 3865 adimunt,

473 3873 622 3926 etiam
642 3867 985 3928 substantiam
1031 3868 1212 3924 tollant
1245 3884 1262 3922 :
1295 3876 1350 3922 el.
1394 3867 1515 3922 hinc
1565 3869 1784 3935 fetum,
1831 3881 1888 3924 ut
1926 3888 2062 3925 non-

471 3943 634 3999 nullis
661 3945 928 3999 videretur
960 3940 1260 4010 Epicurum,
1313 3957 1374 3994 ne
1420 3943 1470 3992 in
1517 3937 1846 4005 o/fensionem
1901 3941 2060 3998 Allie-

471 4016 723 4070 niensium
753 4014 986 4080 caderet,
1019 4011 1178 4067 verbis
1224 4012 1486 4082 reliquisse
1536 4013 1688 4076 deos,
1721 4015 2057 4080 resustultsse,

473 4096 610 4142 teste
639 4091 897 4142 Cicerone
927 4088 988 4139 de
1030 4083 1102 4138 Ν.
1131 4083 1197 4138 D.
1230 4083 1322 4136 lib.
1359 4099 1395 4148 t,
1426 4099 1472 4137 c.
1511 4083 1579 4154 5t)
1609 4102 1620 4136 :
1658 4084 1886 4154 ideoque
1910 4087 2058 4139 illum

470 4163 729 4221 ἀθεότητος
753 4157 1147 4212 insimularunt.
1169 4155 1417 4210 IElianus
1445 4155 1504 4207 V.
1529 4153 1596 4209 Η.
1624 4155 1714 4208 lib.
1737 4153 1807 4214 tt.
1824 4172 1941 4227 cap.
1965 4159 2056 4225 51,

467 4241 522 4286 et
553 4229 883 4296 Ttieonhilns
909 4229 976 4299 ad
1002 4227 1233 4299 Autolyc.
1269 4227 1360 4281 lib.
1390 4242 1467 4292 ιιι,
1497 4242 1613 4296 pag.
1642 4227 1762 4282 1‘21.
1804 4227 1984 4282 DAHS.

541 4301 834 4356 Aristoteles
894 4298 1166 4354 Ponticus
1208 4300 1397 4359 variat,
1453 4300 1584 4352 alias
1653 4299 1877 4364 mundo,
1929 4301 2058 4355 alias

470 4380 624 4428 menti
650 4375 836 4429 divina:
881 4374 1102 4426 tribuens
1152 4371 1512 4442 principatum.
1562 4369 1685 4424 Hinc
1731 4373 1892 4425 verba
1933 4381 2058 4427 sunt

468 4461 658 4516 purum
691 4455 874 4517 putum
902 4445 1188 4517 glossema.
1218 4442 1426 4517 MEURS.

539 4512 790 4584 Mentem,
819 4512 968 4570 modo
994 4515 1238 4568 animum.
1268 4513 1459 4584 Heum,
1490 4512 1615 4581 legit
1633 4553 1646 4574 ,
1673 4523 1888 4567 mentem
1910 4515 2058 4569 modo

466 4599 512 4642 et
539 4583 798 4650 animum,
851 4587 947 4642 sed
1019 4586 1148 4640 nihil
1221 4599 1376 4653 Opus.
1429 4583 1673 4638 Debebat
1695 4600 1846 4650 esse,
1909 4590 2058 4642 modo

467 4673 714 4729 mentem,
747 4659 895 4714 modo
925 4658 1173 4712 animum.
1201 4657 1307 4712 Sed
1357 4659 1554 4729 sarpius
1598 4667 1781 4710 noster
1824 4661 2056 4712 Vocabu-

464 4731 610 4798 lum,
663 4727 804 4803 quod
861 4740 941 4785 ter
1005 4739 1122 4783 erat
1189 4727 1528 4803 ponendum,
1585 4730 1751 4803 semel
1815 4731 2052 4803 omittit:

464 4818 584 4872 cap.
616 4799 693 4867 8,'
719 4816 821 4858 tam
877 4811 1163 4866 vetustam,
1194 4801 1368 4854 utilem
1393 4840 1408 4864 ,
1437 4807 1538 4852 tam
1559 4799 1833 4855 salubrem.
1859 4801 1976 4865 Vel,
2009 4803 2055 4858 si

463 4871 591 4944 quid
624 4875 936 4932 mutandum
968 4883 1082 4939 est,
1132 4871 1385 4944 mallent,
1410 4883 1640 4944 mentem
1683 4872 1852 4944 modo,
1903 4873 2054 4929 modo

462 4942 708 5002 animum.
765 4947 870 5002 Nec
913 4943 1211 5000 audiendus
1244 4943 1519 5008 Davisius,
1569 4945 1657 5014 qui
1684 4944 1748 4997 ad
1781 4942 1954 4999 Cicer.
1985 4947 2052 5002 de

463 5015 540 5070 Ν.
573 5018 640 5071 ι).
675 5035 712 5084 ι,
742 5019 830 5080 M,
858 5017 1138 5084 legendum
1165 5015 1456 5082 censebat,
1487 5016 1544 5070 ϐ.
1587 5016 1718 5070 enim
1765 5018 2046 5084 mundum,

461 5093 612 5144 modo
639 5092 880 5143 animum.
915 5090 1168 5146 LINDNEB.

531 5161 802 5216 Disseruit.
833 5161 971 5227 Lege
1000 5164 1237 5226 disserit;
1269 5177 1390 5216 nam
1415 5159 1577 5216 verba
1609 5162 1888 5230 przesentis
1915 5172 2049 5218 tem-

461 5236 605 5304 poris
627 5233 950 5288 antecedunt
973 5243 1028 5289 et
1052 5237 1466 5304 subsequuntur.
1507 5233 1687 5288 DAVIS.

544 5306 657 5360 Vim
687 5305 932 5358 divinum.
968 5304 1029 5358 ll.
1060 5323 1110 5360 e.
1151 5306 1271 5373 vim,
1324 5304 1530 5360 scilicet
1573 5306 1832 5372 divinam,
1885 5304 2047 5359 Deum

455 5397 592 5439 csse.
622 5377 801 5432 credit.
843 5375 1098 5432 Linoxen.

531 5451 819 5520 Disciplina
872 5449 1174 5520 exponendi.
1204 5448 1488 5520 Peregrina
1519 5448 1634 5502 bare
1665 5447 1823 5520 verba
1866 5449 2045 5504 latinis

455 5519 684 5580 auribus
704 5530 890 5575 οειιειιι
920 5519 1149 5575 Henm.:
1183 5519 1411 5589 ideoque
1437 5521 1714 5583 rescribit,
1745 5519 1867 5574 lit-et
1890 5521 2045 5574 dubi-

457 5606 635 5651 tanter
666 5615 674 5646 :
709 5591 994 5662 Babylonio
1022 5592 1433 5663 enimbiogcno,
1469 5591 1720 5663 discipulo
1743 5593 1852 5661 ejus
1876 5594 2042 5660 placet

453 5667 508 5722 id
531 5661 832 5724 disserenti,
863 5675 992 5724 etc.,
1023 5663 1114 5717 St'(l
1160 5661 1418 5716 Italicutns
1459 5661 1779 5732 disciplinam
1804 5663 2038 5728 dicendi,

453 5738 644 5795 Cicero
673 5738 822 5793 Orat.
858 5751 955 5806 pro
985 5735 1180 5806 Archia
1215 5751 1250 5799 ι,
1271 5733 1326 5799 2,
1361 5735 1700 5806 Disciplinam
1719 5736 2040 5804 capessenda:

451 5809 762 5884 reipubticte.
813 5804 890 5866 Id.
913 5823 1010 5880 pro
1032 5805 1216 5864 Sextio
1260 5821 1381 5877 cap.
1425 5811 1458 5863 ti
1487 5823 1500 5860 :
1527 5804 1851 5878 littetligeudi
1880 5807 2038 5862 disci-

2084 4472 2137 4532 D

2183 2362 2399 2427 plinmn.
2433 2359 2579 2413 Idem
2609 2358 2660 2410 in
2686 2356 2837 2412 Orat.
2868 2356 2928 2410 7|
2968 2373 2980 2408 :
3015 2355 3109 2410 Est
3131 2355 3258 2410 mihi
3287 2355 3567 2426 disciplina
3591 2400 3603 2422 ,
3633 2358 3745 2414 idem

2183 2444 2267 2487 est
2308 2448 2370 2487 ae
2422 2433 2621 2494 doceo,
2674 2432 2950 2498 proliteor.
3007 2427 3078 2483 Ut
3127 2429 3418 2496 disciplina
3471 2431 3747 2486 dicendiest

2185 2506 2448 2558 retborica
2468 2545 2482 2568 ,
2515 2503 2583 2554 ita
2615 2501 2796 2556 dicere
2820 2515 3072 2569 possum,
3102 2510 3184 2552 est
3212 2500 3340 2553 mihi
3373 2499 3642 2570 disciplina
3678 2502 3744 2555 di-

2182 2576 2336 2630 cendi
2363 2618 2374 2640 ,
2409 2575 2460 2627 b.
2495 2589 2545 2627 c.
2574 2571 2696 2626 dico
2724 2572 2806 2626 vel
2842 2573 3096 2640 proliteur
3135 2571 3466 2626 rhetoricam
3493 2591 3503 2631 ;
3541 2587 3611 2626 est
3639 2573 3744 2628 mihi

2181 2647 2461 2716 disciplina
2498 2643 2844 2714 capessendae
2872 2643 3004 2712 reip.
3032 2642 3096 2716 _li.
3121 2659 3169 2716 e.
3207 2658 3437 2710 capesso
3481 2661 3639 2715 remp.
3678 2644 3743 2699 vel

2183 2713 2444 2787 profiteor
2484 2713 2752 2784 politicatn
2779 2731 2810 2787 ;r
2837 2724 2920 2769 est
2956 2713 3082 2767 mihi
3119 2713 3401 2784 disciplina
3432 2713 3740 2785 intelligendi,

2182 2786 2234 2844 b.
2267 2806 2317 2844 e.
2346 2790 2583 2857 intelligo
2611 2804 2653 2840 s.
2691 2786 3018 2840 intellectum
3059 2788 3341 2855 pra-ceptis
3373 2801 3540 2852 aeuo,
3581 2788 3650 2840 vel
3679 2787 3743 2840 lo-

2175 2865 2349 2931 giteatn
2381 2863 2670 2930 prolitvor;
2712 2860 2791 2912 sic
2835 2869 2917 2912 est
2963 2858 3090 2910 mibi
3140 2857 3425 2931 disciplina
3480 2857 3742 2927 exponendi

2175 2930 2227 2989 et
2259 2933 2592 2989 disserendi.
2631 2931 2684 2982 b.
2719 2948 2770 2985 e.
2804 2945 3020 2997 expono
3047 2938 3102 2982 et
3131 2930 3370 2993 dissero,
3407 2932 3488 2985 vel
3509 2934 3741 2999 .protiteor

2174 3006 2623 3070 doctrinamth
2655 3001 2871 3055 disserit
2919 3000 2985 3054 tle
3033 3003 3237 3056 ratione
3282 3001 3506 3056 deorum
3545 3003 3606 3057 ad
3636 3002 3744 3072 phy-

2095 3063 2139 3126 C
2174 3077 2451 3145 siologiant
2481 3063 2824 3130 tcaducenda.
2859 3072 3116 3126 LINDNER.

2246 3168 2551 3222 therarum
2599 3182 2800 3231 rerum,
2861 3182 2961 3218 ms.
3001 3164 3186 3218 :nnde
3241 3165 3504 3220 Meursius
3563 3165 3746 3233 repetiit

2175 3250 2424 3294 certarum
2454 3255 2641 3291 rerum.
2671 3236 2780 3292 Nec
2829 3238 3005 3290 minus
3043 3247 3226 3291 errant
3255 3235 3413 3292 Fulv.
3452 3237 3662 3295 Ursinus
3702 3246 3744 3291 et

2173 3310 2299 3366 Cbr.
2328 3310 2618 3373 Cellaritts,
2653 3309 2842 3379 quibus
2874 3312 3070 3377 placuit
3098 3310 3192 3362 lioc
3223 3326 3379 3376 genus
3435 3327 3596 3364 rerum
3640 3325 3742 3373 esse,

2173 3394 2278 3438 etc.
2318 3404 2330 3438 :
2361 3383 2503 3436 nulla
2525 3383 2667 3436 enim
2694 3381 3015 3434 necessitate
3036 3381 3207 3434 coacti
3229 3396 3418 3435 vocem
3441 3380 3744 3436 commodam

2170 3455 2423 3508 amisere.
2457 3455 2633 3506 Davis.
2679 3468 2742 3508 ex
2773 3451 2978 3507 codicis
3022 3463 3205 3507 caetera
3251 3461 3390 3520 tum,
3424 3453 3547 3508 facit
3593 3461 3746 3508 cetera

2172 3535 2388 3579 tantum.
2441 3525 2681 3580 Gnonov.

2241 3617 2410 3672 Aristo
2435 3617 2613 3672 Citius.
2641 3617 2880 3671 Romana
2904 3617 2954 3670 in
2979 3615 3214 3671 editione
3241 3625 3325 3672 est
3346 3617 3523 3672 Aristo
3545 3618 3742 3674 Stoicus.

2167 3690 2421 3759 Quasdam
2478 3690 2610 3744 edit.
2668 3690 2863 3742 habent
2923 3687 3094 3742 Aristo
3160 3687 3316 3742 Chias
3377 3691 3602 3745 Stoicus.
3655 3687 3742 3743 Sed

2169 3763 2340 3814 omitti
2370 3761 2622 3832 debuisse
2659 3761 3237 3832 verbumpostremum
3260 3803 3274 3823 ,
3321 3776 3385 3815 ex
3420 3779 3549 3816 vero
3574 3760 3748 3832 iudicat

2171 3832 2304 3887 Lud.
2335 3832 2543 3895 Carrio,
2581 3831 2798 3886 Emend.
2833 3831 2921 3885 lib.
2953 3849 3008 3901 ιι,
3040 3847 3159 3896 cap.
3199 3833 3284 3887 l8.
3313 3832 3471 3888 "EUII
3521 3830 3588 3874 -ἓ
3615 3830 3745 3900 Quod

2167 3905 2429 3958 Minucius
2461 3906 2639 3959 Aristo
2667 3905 2819 3965 Chio,
2852 3904 2901 3956 id
2931 3901 3122 3957 Cicero
3149 3904 3336 3958 tribuit
3381 3905 3646 3967 Arismni,
3676 3906 3744 3956 iu-

2171 3978 2287 4046 quit
2317 3977 2593 4042 Ebuenb,
2619 3978 2706 4046 qui
2741 3974 3081 4044 incogitantia
3111 3974 3386 4042 lapsusesl
3406 3993 3420 4038 ;
3440 3976 3746 4046 Aristoeuitn

2167 4043 2270 4102 neu
2304 4058 2408 4112 est,
2431 4049 2514 4101 vel
2539 4043 2649 4101 dat.
2685 4049 2771 4102 vel
2800 4048 2933 4108 abl..
2962 4046 3056 4100 sed
3087 4057 3167 4101 est
3201 4047 3583 4102 nominativus.
3614 4043 3742 4102 Conf.

2167 4119 2328 4174 Baeiii
2364 4119 2586 4173 Diction.
2630 4119 2730 4174 sub
2755 4134 2887 4173 voce
2909 4117 3128 4172 ABISTO.
3172 4117 3432 4173 annzvt-zn.

2237 4211 2302 4265 Et
2358 4213 2503 4267 rebus
2540 4212 2680 4282 ipsis.
2728 4211 2869 4266 ll.c.
2901 4210 3042 4282 quod
3099 4211 3162 4265 ad
3217 4227 3304 4267 res
3352 4213 3500 4281 ipsas
3547 4210 3744 4273 attinet,

2163 4299 2301 4354 quas
2351 4286 2645 4348 ablativus,
2688 4299 2810 4337 cum
2865 4299 2894 4336 a
2952 4283 3332 4352 pra-positione
3384 4286 3449 4337 de
3497 4283 3744 4336 derit-aret

2163 4355 2454 4423 Meursius,
2491 4371 2595 4412 non
2637 4355 2899 4409 dubitavit
2945 4355 3234 4409 emendare
3268 4371 3282 4420 ;
3315 4366 3362 4408 et
3394 4355 3543 4408 rebus
3570 4355 3682 4424 ipsis
3708 4359 3745 4424 et

2164 4428 2446 4481 hominibus
2466 4469 2480 4493 ,
2526 4443 2621 4498 pro
2643 4427 2927 4498 nominibus
2971 4425 3229 4498 LtaoNEu.
3257 4457 3329 4466 —
3358 4425 3425 4481 Et
3469 4426 3614 4480 rebus
3641 4423 3744 4486 ipsis

2164 4508 2209 4552 et
2239 4496 2544 4552 nominibus.
2582 4498 2701 4553 Vult
2733 4496 2993 4552 Minucius
3023 4497 3304 4552 Platonem
3335 4516 3440 4552 non
3485 4513 3610 4551 vitro
3640 4507 3742 4548 tau-

2167 4578 2276 4624 tutn
2303 4573 2537 4636 nomine,
2567 4570 2659 4624 sisd
2689 4581 2742 4623 et
2776 4570 2938 4623 rectis
2960 4569 3230 4623 attributis
3260 4585 3533 4624 summum
3560 4568 3742 4623 Numen

2163 4642 2506 4711 insigniisse.
2551 4657 2717 4711 quum
2753 4641 2916 4694 Detnn
2949 4639 3204 4696 factorem
3231 4654 3615 4710 parentemque
3643 4654 3742 4711 qut—

2161 4708 2307 4768 niutn
2342 4708 2614 4784 prtedica't.
2664 4711 2874 4767 Videsis
2925 4712 3063 4784 inter
3103 4708 3244 4767 alios
3279 4708 3632 4777 Clementem,
3656 4708 3741 4764 lie-

2158 4783 2350 4856 cognit.
2380 4785 2473 4840 lib.
2499 4801 2612 4851 vni,
2644 4799 2763 4853 cap.
2805 4784 2891 4838 20.
2933 4783 3118 4838 Dims.

2231 4878 2356 4949 Ipso
2381 4897 2472 4933 suo
2503 4879 2722 4933 nomine.
2754 4876 2942 4932 Oratio
2967 4877 3204 4934 caelestis
3227 4888 3301 4934 est
3318 4879 3624 4933 Christiana.
3656 4875 3737 4930 En.

2156 4949 2322 5007 Luco.
2337 4949 2908 5020 ——QuiaCiceroDeum
2925 4951 3178 5003 nominari
3193 4952 3399 5005 omnino
3418 4960 3573 5021 negat
3592 4964 3738 5017 posse.

2155 5033 2207 5077 et
2240 5024 2494 5092 Apuleius
2530 5023 2565 5075 Ι.
2595 5038 2612 5076 ι
2641 5021 2708 5076 de
2738 5023 2980 5090 Dogmat.
3032 5023 3170 5076 Plat.
3224 5021 3386 5076 Deum
3444 5038 3616 5076 carere
3661 5034 3738 5071 no-

2155 5095 2289 5147 mine
2341 5097 2432 5148 ait.
2486 5093 2690 5148 Exinde
2740 5093 3025 5147 Bubierius
3075 5096 3190 5149 luce
3245 5095 3442 5148 clarius
3496 5102 3737 5164 apparere

2153 5165 2325 5220 credit
2375 5165 2653 5235 legendum
2702 5179 2826 5220 esse
2868 5165 2920 5219 in
2951 5164 3144 5220 Nostro
3177 5183 3190 5218 :
3222 5167 3331 5234 ipse
3371 5169 3480 5220 sine
3531 5163 3732 5220 nomine.

2151 5237 2346 5292 Cootra
2396 5254 2554 5308 quam
2611 5238 3076 5299 emendationem,
3133 5237 3415 5294 lectionem
3482 5244 3732 5304 receptant

2150 5309 2445 5365 defendens
2486 5310 2730 5366 Clericus
2773 5311 2823 5364 in
2853 5308 3100 5364 Bibliotlt.
3131 5327 3248 5364 auc.
3295 5321 3340 5365 et
3385 5310 3524 5362 mod.
3557 5319 3594 5361 ι.
3623 5321 3731 5368 xvi,

2151 5397 2271 5463 pag.
2300 5382 2530 5463 22§,_ait
2556 5383 2842 5463 Limneiiun
2890 5381 3020 5463 nihil
3059 5396 3306 5463 asserere
3355 5381 3510 5463 quod
3541 5377 3730 5463 placitis

2151 5449 2308 5520 huius
2343 5454 2645 5522 philosophi
2680 5454 2986 5521 principalis
3027 5453 3362 5508 adversetur.
3409 5452 3511 5518 Qui
3561 5449 3728 5509 Deum.

2147 5523 2258 5591 ipso
2306 5543 2398 5580 suo
2445 5528 2647 5579 nomine
2691 5524 2864 5577 mundi
2919 5535 3177 5592 parentem
3225 5522 3525 5592 proﬁtetur,
3577 5525 3727 5574 Deum

2147 5610 2341 5652 nomen
2374 5597 2572 5651 habere
2607 5605 2782 5667 negat.
2838 5594 3038 5667 Parcius
3087 5597 3229 5650 enim
3284 5594 3461 5648 inuudi
3511 5607 3613 5646 nou
3657 5597 3729 5643 est

2145 5681 2372 5732 noinen,
2405 5665 2852 5735 siquidetn‘Plato
2893 5667 2944 5719 in
2989 5665 3183 5720 Timtvo
3225 5668 3336 5733 ipse
3367 5668 3527 5720 Deum
3554 5671 3726 5735 μητέρι

2145 5744 2279 5794 τοῦδε
2302 5751 2389 5794 τοῦ
2413 5733 2586 5800 πάντες
2609 5749 2784 5803 vocat,
2817 5738 2957 5790 salva
2988 5739 3353 5809 propositione
3379 5737 3466 5793 illa
3500 5751 3602 5807 qua
3627 5733 3725 5790 Deo

2143 5827 2340 5869 nomen
2370 5828 2488 5869 esse
2516 5819 2696 5885 negat.
2720 5809 2980 5867 Linnsnn.
