4058 6316
432 223 537 280 527

1653 215 1867 274 MARCI
1919 213 2181 276 MINUCII
2232 216 2501 277 FELlClS

3637 222 3749 281 528

427 336 561 395 serti
589 335 862 395 mentibus
889 334 1283 407 imperitorum,
1316 331 1499 388 odium
1529 331 1699 387 nostri
1727 341 1916 387 serunt
1942 346 2037 387 oc-
2066 332 2113 393 Α
2141 333 2426 404 vestigari,
2474 332 2555 389 vel
2594 334 2849 405 probari,
2894 348 2997 391 nec
3032 342 3184 391 tanto
3225 341 3471 405 tempore
3509 335 3749 408 aliquem

428 431 571 487 culte
624 446 718 492 per
766 427 1122 485 timoreinz“
1153 426 1394 481 naturale
1437 434 1519 482 est
1562 426 1709 481 enim
1747 438 1797 481 et
1831 426 2032 493 odisse,

429 539 589 596 quem
609 524 820 590 timeas;
840 534 892 578 et
906 537 1064 593 quem
1081 520 1356 584 metiieris,
1372 520 1645 581 infestare.
1663 520 1708 574 si
1733 521 1927 591 possis.
1948 520 2039 574 Sic

429 629 693 687 occupant
735 617 947 673 animos
972 658 988 682 ,
1018 627 1072 672 et
1101 615 1387 670 obstruunt
1417 623 1629 682 pectora
1650 656 1665 679 ,
1700 624 1752 668 ut
1782 623 1909 668 ante
1940 627 2039 668 nos

430 712 689 785 incipiant
730 710 978 767 homines
1015 708 1197 765 odisse
1221 750 1236 774 ,
1266 723 1427 778 quini
1468 721 1665 762 nosse:
1692 722 1758 762 ne
1794 706 2040 779 cognitos

429 816 523 865 aut
550 805 746 864 imitari
773 803 1002 877 possint,
1034 811 1126 857 aut
1155 801 1414 857 damnare
1441 817 1547 857 non
1580 799 1809 871 possint.

965 935 1199 994 CAPUT
1239 934 1481 991 XXVIII.

437 1057 832 1116 Anconssruu.
851 1049 982 1106 —N
987 1067 1110 1120 eque
1134 1050 1311 1105 odium
1328 1050 1516 1117 solum,
1539 1048 1628 1104 sed
1651 1048 1876 1120 nefanda
1892 1048 2042 1102 etiam

503 1150 609 1205 illis
637 1150 865 1218 inferunt
892 1145 1109 1200 crimina
1133 1159 1247 1211 qua:
1275 1160 1307 1196 a
1337 1143 1534 1195 nemine
1560 1141 1762 1211 probari
1796 1140 2041 1195 hactenus

504 1238 901 1312 potuerunt.Sic
945 1246 1021 1293 est
1048 1238 1303 1308 negotium
1335 1234 1644 1289 dieiiionum.
1664 1233 1879 1305 Abipsis
1906 1234 2041 1287 enim

503 1352 682 1391 rumor
705 1334 870 1407 falsus
895 1341 941 1388 et
965 1332 1149 1387 seritur
1177 1339 1223 1385 et
1253 1329 1463 1396 fovetur.
1506 1328 1848 1383 Invictissi’me
1870 1338 2040 1382 autem

504 1430 817 1485 demonstrat
846 1425 1087 1481 Octavius
1114 1422 1434 1480 Christianos
1470 1422 1757 1494 sacrilegii,
1785 1422 2005 1477 incestus
2023 1461 2038 1483 .

505 1520 706 1592 stupri,
741 1518 1004 1589 parricidii
1029 1527 1131 1571 tam
1157 1514 1288 1587 false
1312 1514 1633 1577 insimulari,
1667 1530 1818 1584 quam
1848 1526 2043 1567 certum

506 1630 781 1686 verumque
800 1620 911 1667 erat
924 1609 1099 1665 eadem
1119 1624 1327 1679 prorsus
1351 1607 1586 1674 crimina,
1617 1618 1704 1661 aut
1732 1607 1810 1660 his
1836 1607 2043 1660 omnino

2140 426 2401 493 cxiSiere,
2434 428 2522 496 qui
2554 434 2822 493 proderet.
2851 442 2956 482 non
2989 438 3193 483 tantum
3224 427 3346 483 facti
3374 428 3586 483 veniam
3606 472 3620 492 ,
3651 444 3747 485 re-

2142 534 2260 573 ruiii
2306 519 2466 574 etiam
2518 520 2697 575 indicii
2744 521 2972 591 gratiam
3041 532 3494 586 consecuturum;
3547 522 3750 575 malum

2139 622 2318 667 autem
2349 613 2487 669 adeo
2518 629 2621 667 non
2652 629 2793 683 esse,
2828 624 2885 669 ut
2911 612 3244 670 Christianus
3272 629 3397 671 reus
3426 629 3530 670 nec
3553 612 3758 669 erube-

2141 717 2337 773 sceret,
2374 722 2475 760 nec
2502 708 2738 770 timeret.
2781 717 2838 762 et
2864 723 3026 761 unum
3058 706 3401 764 solummodo
3422 748 3439 773 ,
3466 706 3610 777 quod
3644 722 3755 761 non

2142 808 2268 854 ante
2295 798 2479 867 fuerit,
2515 801 2821 871 paeniteret.
2870 799 2980 854 Nos
3030 810 3210 855 tamen
3255 814 3421 869 quum
3458 798 3758 870 sacrilegos

2141 894 2368 964 aliquos,
2387 906 2440 950 et
2471 896 2730 962 incestos,
2765 894 3060 965 parricidas
3088 896 3274 955 etiam.
3297 892 3677 950 defendendus
3703 903 3759 949 ct

2143 986 2372 1042 tuendos
2402 989 2863 1058 suscipiebamus;
2895 988 2994 1044 hos
3031 1003 3131 1044 nec
3166 987 3465 1043 audiendos
3491 986 3549 1043 in
3579 995 3758 1044 totum

2143 1080 2462 1152 putabamus
2487 1099 2501 1136 :
2526 1096 2924 1154 nonnumquam
2951 1084 3112 1139 etiam
3131 1123 3148 1149 ,
3179 1083 3496 1139 miserantes
3523 1097 3718 1137 eorum
3738 1125 3755 1147 ,

2145 1175 2309 1230 crude
2332 1175 2350 1229 i
2372 1190 2414 1231 is
2441 1177 2814 1239 saeviebamus,
2845 1187 2901 1233 ut
2932 1187 3307 1246 torqueremus
3327 1176 3652 1230 confitentes
3687 1173 3760 1230 ad

2146 1268 2485 1340 negandum,
2515 1271 2765 1326 videlicet
2810 1287 2878 1327 iie
2926 1270 3202 1338 perirent,
3235 1279 3553 1325 exercentes
3585 1269 3639 1323 in
3673 1266 3764 1325 liis

2148 1376 2455 1431 pet-versam
2485 1362 2859 1430 quaestionem,
2894 1375 3000 1415 non
3031 1376 3150 1429 qua:
3182 1374 3365 1416 verum
3392 1369 3633 1428 erueret,
3660 1357 3767 1415 sed

2145 1469 2265 1522 qua:
2306 1455 2644 1511 mendacium
2684 1464 2919 1526 cogeret.
2956 1454 3017 1509 Et
3059 1454 3104 1508 si
3147 1454 3267 1524 quis
3294 1453 3578 1523 infirmior,
3613 1453 3768 1509 malo

2146 1560 2364 1617 pressus
2385 1556 2441 1603 et
2462 1547 2655 1615 victus,
2678 1546 3042 1602 Christianum
3066 1560 3126 1601 se
3148 1555 3413 1618 negasset,
3446 1546 3767 1602 favebamus

2145 1639 2229 1707 ei,
2258 1641 2440 1707 quasi,
2473 1651 2677 1711 eierato
2706 1641 2922 1696 nomine
2946 1681 2962 1707 ,
2986 1640 3097 1708 jam
3147 1641 3326 1695 omnia
3368 1638 3505 1697 facta
3541 1656 3641 1697 sua
3672 1640 3764 1697 illa

505 1709 697 1766 similia
746 1716 897 1778 atque
936 1708 1137 1773 maiora
1191 1702 1257 1758 ab
1306 1703 1535 1773 ipsismet
1585 1701 1802 1757 ethnicis
1862 1716 2042 1773 reapse

2166 1735 2431 1801 iegatione
2464 1744 2741 1806 purgaret.
2768 1733 3151 1804 Agnoscitisne
3172 1731 3361 1789 eadem
3394 1750 3490 1787 nos
3520 1733 3769 1790 sensisse

531 1799 801 1857 committi.

509 1917 680 1987 Quam
699 1925 879 1970 autem
908 1914 1149 1982 iniquum
1175 1912 1265 1976 sit,
1292 1911 1576 1981 incognitis
1597 1920 1653 1967 et
1673 1912 2043 1981 inexploratis,

432 2009 698 2083 judicare,
725 2008 868 2079 quod
911 2007 1119 2072 facitis;
1151 2006 1304 2060 nobis
1349 2004 1479 2075 ipsis
1510 2005 1891 2075 paenitentibus
1919 2023 2043 2062 cre-

442 2104 556 2161 dite
583 2121 597 2159 :
626 2111 680 2157 et
719 2116 818 2156 nos
837 2102 982 2157 enim
1014 2099 1153 2155 idem
1186 2099 1433 2165 fecimus,
1464 2108 1520 2153 ut
1547 2099 1734 2155 eadem
1767 2101 2046 2158 vobiscum

442 2196 714 2270 quondam
742 2193 917 2250 adhuc
956 2191 1086 2248 (κιερί
1112 2201 1169 2247 et
1196 2191 1419 2247 hebetes
1456 2191 1818 2247 sentiebamus
1843 2235 1859 2257 ,
1888 2198 2044 2264 quasi

439 2289 730 2349 Christiani
769 2296 1006 2344 monstra
1036 2287 1307 2352 colerent,
1338 2286 1569 2341 infantes
1594 2297 1877 2355 vorarent,
1908 2305 2045 2345 con-

443 2388 583 2443 vivia
630 2386 831 2442 incesta
878 2385 1331 2439 miscerentniec
1377 2380 1808 2452 intelligehanius
1849 2382 1917 2437 ab
1961 2382 2047 2439 his

439 2479 651 2538 fabulas
691 2480 823 2536 istas
847 2493 1066 2551 semper
1093 2476 1380 2544 ventilari,
1426 2484 1483 2532 et
1523 2491 1815 2549 numquam
1849 2478 1936 2535 vel
1967 2480 2049 2536 in-

2146 1835 2201 1881 et
2228 1826 2429 1895 egisse,
2445 1825 2490 1858 “
2512 1841 2631 1897 quae
2645 1826 2857 1881 sentitis
2875 1834 2925 1878 et
2943 1823 3165 1895 geritis?
3181 1824 3378 1892 Quum,
3403 1824 3448 1879 si
3473 1824 3629 1883 ratio.
3653 1840 3770 1880 non

2148 1920 2424 1989 instigatio
2444 1918 3010 1987 dmmonisjuilicaret,
3037 1917 3300 1989 urguendi
3328 1920 3533 1987 magis,
3565 1933 3677 1973 non
3709 1928 3774 1974 ut

2146 2011 2508 2068 diffiterentur
2535 2028 2595 2069 se
2613 2010 2970 2077 Chrisnaiios,
2990 2010 3085 2067 sed
3117 2020 3177 2065 ut
3202 2009 3270 2066 de
3287 2011 3508 2066 incestis
3530 2012 3765 2080 stupris,

2148 2104 2214 2161 de
2246 2106 2478 2176 impiatis
2504 2105 2693 2170 sacris,
2720 2104 2790 2160 de
2815 2103 3111 2159 infantibus
3128 2103 3417 2159 immolatis
3439 2102 3769 2160 faterentur.

2148 2200 2243 2256 His
2281 2198 2423 2255 enini
2464 2208 2519 2255 et
2556 2197 2864 2268 hujusmodi
2914 2196 3110 2253 fabulis
3163 2197 3321 2252 iidem
3370 2196 3650 2252 daemones
3699 2198 3769 2253 ad

2150 2295 2541 2351 essecrationis
2576 2303 2856 2348 tiorroreni
2889 2292 3259 2370 imperitorum
3300 2306 3462 2347 aures
3502 2290 3771 2348 adversus

2156 2402 2256 2443 nos
2286 2387 2634 2444 referserunt.
2664 2385 2776 2441 Nec
2822 2397 3001 2440 tamen
3034 2387 3253 2451 mirum,
3287 2400 3449 2455 qiium
3486 2387 3769 2441 hominum

2149 2478 2312 2545 fama.
2344 2495 2465 2551 quae
2491 2494 2705 2551 semper
2726 2477 2984 2550 insparsis
3005 2476 3304 2534 mendaciis
3329 2478 3511 2546 alitur,
3541 2489 3770 2535 ostensa

1770 2636 2133 2700 VARIORUM
2171 2640 2401 2699 NOTAE.

441 2773 560 2829 cap.
593 2758 648 2814 7.
671 2755 907 2812 Ennius:
927 2751 1088 2829 Quem
1116 2760 1365 2818 metuunt,
1389 2751 1607 2808 oderunt
1631 2770 1644 2807 :
1669 2770 1817 2825 quem
1838 2757 2051 2827 quisque

443 2824 572 2898 odit,
602 2831 789 2899 perisse
811 2824 1221 2899 εξειξρειιιεῆειιιι.

518 2895 648 2959 Car.
678 2895 1169 2965 XX\’Ill.-—Quam
1193 2904 1364 2950 autem
1392 2895 1620 2966 iniquum
1638 2898 1724 2952 sit.
1753 2899 1827 2953 lta
1845 2901 2050 2967 optime

444 2976 500 3031 in
524 2990 626 3031 ms.
662 2976 827 3044 regio.
854 2978 1023 3044 Antea
1071 2968 1382 3044 legebatur;
1417 2968 1676 3044 Quantum
1690 2984 1857 3044 autem
1872 2974 2050 3027 vitium

445 3048 531 3103 sit.
562 3037 757 3116 'I‘angi't
777 3057 915 3116 eain
926 3040 1275 3116 iniquitatem
1307 3037 1594 3116 Minucius.
1625 3057 1785 3113 quani
1808 3043 2050 3110 pluribus

447 3110 1091 3189 exagiiat'Tei-tulliaiius
1110 3113 1163 3165 in
1193 3110 1677 3189 dpolog._llsiiitt.ti.

521 3172 806 3254 liicognitis
843 3197 890 3239 et
916 3172 1250 3254 inexploratis
1272 3224 1285 3245 .
1319 3172 1526 3254 scilicet
1555 3190 1725 3239 rebus.
1767 3185 1934 3242 Plene
1969 3172 2123 3242 estC

448 3263 589 3335 apud
617 3251 931 3335 Ciceronem
974 3251 1290 3335 procurem.
1319 3252 1396 3335 22
1418 3272 1432 3307 :
1464 3252 1601 3335 liam
1621 3259 1935 3335 ,“in‘cogat'ta
1962 3275 2049 3326 re,

441 3322 708 3408 judicare
729 3331 984 3408 voluisset.
1028 3325 1291 3408 Virgilius
1322 3322 1538 3380 Eiieid.
1568 3322 1754 3391 1,75l9
1781 3322 1935 3408 {Sed
1974 3322 2056 3408 res

448 3397 650 3461 animos
691 3401 951 3471 incognita
981 3398 1167 3452 turbat.
1194 3397 1467 3471 ﬁdenque
1499 3413 1604 3452 nun
1634 3412 1748 3454 erat
1790 3417 1887 3456 cur
1918 3401 2052 3456 Liid.

449 3475 639 3534 Carrio
673 3467 887 3545 Emend.
919 3485 977 3527 Il.
1006 3484 1125 3545 cap.
1153 3467 1221 3545 ιϐ
1248 3469 1569 3527 rescriberet
1593 3471 1657 3526 de
1684 3473 1978 3545 incognitis,
2001 3483 2058 3529 et

449 3550 717 3606 Meursius
744 3546 795 3599 in
822 3543 1114 3614 incognitis.
1157 3542 1320 3614 ιιιιιυξι

525 3619 673 3675 Idem
701 3610 958 3687 fecintusf
989 3614 1079 3669 Sic
1111 3631 1210 3668 ins.
1258 3610 1499 3687 Fuimus
1529 3613 1780 3687 itiipress.
1822 3615 1958 3671 Enn.
1989 3646 2062 3659 --

451 3693 641 3752 Scriba
661 3732 679 3758 ,
701 3684 711 3687 ’
731 3687 907 3743 iidem.
937 3685 1141 3741 Μειιιιε.
1171 3684 1445 3758 —:_Scribe
1484 3685 1618 3740 idem
1643 3688 1879 3757 fecimus.
1910 3689 2060 3744 Prie-

452 3764 594 3823 cedit
624 3755 768 3818 enim
796 3759 932 3829 quod
962 3759 1153 3827 facitis.
1189 3755 1380 3812 Worii.

535 3834 803 3891 Ventilnri.
831 3830 1178 3886 Henmannus
1195 3830 1664 3898 scribitvcnditari,
1682 3839 1737 3886 et
1761 3846 1996 3904 sequens
2014 3843 2063 3889 et

452 3908 618 3968 delet.
650 3906 911 3963 LINDNBB.

526 3978 714 4035 Indicii
758 3986 1013 4049 gratiam.
1051 3972 1700 4049 Ita_edi_deratiGe_leniits
1737 3975 1962 4045 optime.
1995 3976 2067 4032 At

454 4053 614 4110 Rom.
645 4044 814 4107 editio
825 4047 1037 4120 judicii’.
1054 4044 1209 4120 Male.
1227 4044 1434 4120 Geletiii
1464 4046 1758 4120 editionem
1778 4044 2069 4120 confirmat

455 4140 560 4181 ms.
594 4138 706 4193 reg.
738 4116 1027 4193 Atiliiiteni
1075 4116 1124 4171 id
1155 4129 1265 4193 e_st,
1284 4117 1437 4193 good
1481 4116 1821 4193 signiﬁcabat
1849 4119 2065 4175 Tertiil-

455 4197 633 4251 Iiatiits
656 4187 943 4264 'Apologet.
962 4232 977 4256 ,
1018 4205 1139 4259 Cap.
1170 4189 1241 4264 7_;
1262 4187 1398 4264 Quis
1426 4189 1551 4243 talia
1574 4190 1827 4264 facinora
1847 4233 1863 4255 ,
1909 4208 2067 4264 quam

454 4260 743 4331 invenisset,
770 4260 947 4318 celavit
978 4272 1066 4315 aut
1088 4260 1311 4314 vendidit
1329 4262 1466 4331 ipsos
1481 4262 1686 4313 trahens
1714 4262 1983 4317 homines?
2012 4271 2069 4317 ut

456 4339 672 4395 vendere
700 4352 766 4392 eo
796 4335 915 4388 loco
940 4333 1119 4400 dicat,
1153 4343 1376 4397 accepto
1425 4342 1597 4401 pretio
1628 4331 1888 4389 indicare.
1918 4334 2069 4389 Dixi-

456 4425 577 4469 mus
602 4407 757 4463 nobis
774 4421 880 4461 non
908 4407 1134 4477 liquere.
1160 4403 1402 4458 ΗιιιιΑιι).

2151 2774 2270 2814 riim
2315 2760 2477 2813 vitam
2514 2772 2734 2814 servare
2772 2756 3143 2814 studebamus.
3189 2756 3536 2814 Henmannus
3575 2758 3775 2815 scribit

2153 2831 2470 2886 niisereiites.
2508 2829 2692 2884 [ΔΝΜ.

2228 2901 2295 2957 Ut
2314 2913 2655 2965 torqueremus
2700 2901 2790 2958 Sic
2809 2917 2907 2955 ms.
2942 2903 3007 2954 At
3036 2899 3272 2956 Romam
3300 2900 3411 2970 jam
3441 2902 3496 2956 in
3519 2901 3766 2959 editione

2153 2976 2478 3046 rescriptum
2493 2985 2546 3026 ut
2568 2989 2877 3046 urgeremus.
2910 2972 3098 3028 Reme.
3130 2976 3205 3027 Ac
3234 2973 3439 3041 statim,
3469 2976 3570 3030 lioc
3588 2991 3777 3046 urgere

2154 3056 2442 3111 usurpatur
2470 3045 2687 3100 iterum.
2734 3044 2911 3100 Ηειιιι.

2242 3117 2479 3170 Videlicet
2508 3133 2570 3170 ne
2614 3118 2851 3188 perirent.
2886 3115 3061 3188 Itiniiit
3093 3115 3480 3188 commodum,
3507 3116 3654 3186 quod
3702 3132 3775 3173 ex

2158 3190 2245 3244 illa
2279 3189 2561 3260 negatione
2601 3188 2665 3241 ad
2698 3203 2792 3242 eos
2830 3187 3130 3242 redundare
3169 3188 3411 3243 deberet.
3447 3187 3619 3242 Etiam
3648 3188 3774 3242 ciii-

2157 3276 2389 3332 riirgiis,
2409 3260 2671 3315 iiiiserens
2698 3260 2858 3332 aegri,
2889 3262 3126 3314 membra
3156 3269 3417 3332 amputat,
3447 3268 3615 3326 secat,
3640 3262 3775 3328 erit,

2158 3348 2228 3388 ne
2252 3331 2506 3386 videlicet
2534 3340 2735 3402 pereat.
2770 3331 2955 3386 LINDN.

2231 3402 2375 3457 Malo
2398 3401 2601 3473 pressus
2641 3412 2691 3456 et
2720 3405 2900 3458 victus.
2930 3402 3068 3456 Nihil
3096 3416 3235 3473 opus
3263 3410 3319 3456 ut
3341 3417 3464 3455 cum
3489 3401 3778 3459 Heuinano

2159 3476 2544 3541 rescribanitts,
2576 3473 2755 3529 dolore
2784 3490 3057 3544 Oppressus
3083 3485 3129 3528 et
3157 3475 3334 3528 victus.
3360 3474 3580 3529 St'llit'el
3618 3476 3778 3545 cogi-

2161 3556 2368 3601 taverat
2396 3547 2476 3600 vir
2504 3548 2693 3600 tlttt'llts
2732 3548 2800 3602 de
2830 3546 2972 3600 malo
3016 3562 3120 3600 non
3155 3547 3399 3618 physico,
3430 3545 3522 3599 sed
3553 3548 3777 3601 morali.

2164 3618 2364 3672 Malum
2395 3629 2575 3672 autem
2608 3632 2704 3687 pro
2733 3634 2887 3686 pinna
2916 3634 2968 3673 ei
2995 3617 3181 3672 dolore
3221 3617 3328 3671 dici
3358 3619 3609 3671 Otltlliblls
3637 3632 3778 3685 pro-

2165 3690 2322 3745 batur
2367 3689 2574 3742 lexicis.
2607 3690 2846 3744 Premerc
2869 3703 2996 3743 vero
3023 3704 3120 3757 pro
3147 3691 3433 3758 opprimere
3452 3688 3583 3742 dixit
3607 3689 3778 3744 etiam

2163 3762 2379 3828 Quitict.
2415 3758 2587 3814 lnstit.
2635 3758 2784 3814 Orat.
2814 3761 2907 3815 lib.
2940 3775 3019 3824 Ill,
3054 3774 3153 3829 cap
3202 3760 3259 3821 2,
3292 3778 3343 3829 p.
3376 3777 3444 3812 in.
3478 3761 3582 3816 407
3616 3779 3629 3814 :
3668 3758 3785 3814 Va-

2164 3849 2337 3896 renus,
2375 3833 2462 3903 qui
2486 3833 2539 3886 iii
2565 3833 2797 3887 omnibus
2826 3833 3040 3903 publicis
3069 3832 3221 3903 titulis
3251 3834 3571 3901 premebatur
3600 3848 3620 3885 :
3649 3849 3783 3885 nam

2166 3915 2213 3959 et
2242 3902 2515 3958 damnatus
2562 3914 2653 3957 est.
2702 3904 2892 3960 Cit-ero
2935 3902 3157 3958 Tuscul.
3196 3902 3255 3961 2.
3301 3903 3367 3958 f7
3395 3922 3408 3957 :
3437 3903 3564 3970 Quis
3603 3917 3785 3957 autem

2167 3993 2270 4030 non
2299 3977 2449 4029 miser
2475 3974 2626 4029 modo
2657 3987 2809 4039 tunc,
2840 3992 2991 4045 quum
3036 3986 3289 4039 premetur
3325 3978 3532 4029 summis
3572 3975 3785 4030 dolori-

2172 4049 2280 4105 bus.
2314 4047 2357 4101 si
2381 4048 2433 4101 in
2460 4046 2540 4102 his
2561 4057 2633 4101 est
2655 4064 2909 4101 summum
2937 4046 3149 4100 malum.
3183 4045 3371 4101 LINDN.

2245 4117 2358 4173 Nos
2385 4120 2601 4173 sensisse
2619 4129 2664 4172 et
2685 4120 2866 4181 eiisse,
2895 4134 3008 4189 quia
3032 4120 3230 4173 sentitis
3252 4129 3297 4172 et
3319 4118 3509 4189 geritis.
3534 4116 3628 4173 Vel
3648 4132 3785 4173 cuni

2170 4205 2441 4262 anonymo
2495 4190 2780 4245 Parisieiisi
2822 4201 3038 4260 propter
3081 4204 3316 4261 sequens
3363 4190 3535 4262 geritis
3579 4191 3789 4246 rescri-

2172 4261 2409 4317 bendum
2440 4271 2523 4316 est
2549 4263 2794 4332 gessisse;
2824 4268 2902 4316 vel
2925 4302 2942 4329 ,
2973 4264 3114 4332 quod
3144 4262 3275 4316 mitti
3312 4261 3613 4329 manducet,
3647 4278 3785 4328 pro-

2174 4343 2293 4401 pter
2323 4335 2647 4388 antecedens
2674 4335 2853 4403 egisse,
2887 4350 2980 4397 pro
3006 4333 3178 4404 geritis
3221 4332 3557 4388 scribendum
3600 4333 3786 4403 agitis.

2173 4405 2429 4461 Hsoii.—
2453 4407 2729 4461 Atti-rutro
2770 4405 2975 4461 scilicet
3003 4418 3139 4471 Opus
3165 4416 3342 4471 esset,
3370 4406 3415 4460 si
3458 4421 3561 4457 non
3592 4404 3793 4459 liceret

531 4479 732 4537 Malum
760 4474 1204 4557 auteniftlocest
1226 4492 1367 4559 λιπες
1408 4474 1837 4558 intelligeliatiius
1869 4476 2064 4559 malum
2092 4497 2146 4559 Ι)
2172 4480 2393 4533 vei-bum
2426 4478 2779 4549 aequipolleiis
2807 4478 2861 4531 in
2894 4477 3071 4531 locum
3100 4476 3325 4531 alterius
3353 4476 3702 4559 substituere.

454 4554 593 4610 adeo
623 4568 731 4608 non
760 4564 904 4615 esse,
932 4560 989 4603 ut
1018 4546 1193 4617 potius
1223 4546 1561 4601 Christianus
1594 4562 1716 4600 reus
1748 4561 1847 4602 nec
1875 4551 2067 4603 erube-

456 4636 655 4691 sceret,
687 4633 791 4679 etc.
817 4619 1132 4676 Actiniiiliiis
1149 4618 1291 4691 enini
1322 4617 1478 4671 malis
1492 4618 1639 4691 inest
1656 4617 1826 4685 pudor
1851 4619 2067 4690 quidam

456 4688 721 4755 naturalis
745 4692 1067 4761 coiijunctus
1093 4704 1215 4744 cum
1245 4689 1457 4743 timore.
1490 4688 1678 4744 LINDN.

532 4767 705 4826 Unum
738 4761 1149 4819 solummodo....
1184 4762 1461 4826 paeniteret.
1494 4762 1616 4815 Iliec
1642 4766 1973 4818 citustructio
2001 4764 2068 4817 li-

456 4848 544 4898 cet
569 4838 806 4896 itisoleiis
832 4836 1000 4905 possit
1012 4832 1214 4905 gideri,
1234 4834 1386 4905 bonis
1405 4842 1581 4887 tamen
1600 4835 1908 4905 auctoribus
1926 4835 2065 4891 haud

457 4913 751 4984 ignoratur.
774 4903 970 4984 Cicero
1007 4903 1219 4984 Tuscul.
1252 4904 1342 4984 lib.
1367 4919 1421 4965 ν.
1446 4919 1567 4984 cap.
1589 4903 1680 4959 28:
1713 4904 1975 4984 Sapientis
1995 4917 2069 4961 est

460 4975 595 5055 e'nim
638 4982 924 5055 proprium,
978 4977 1109 5055 nihil
1154 4975 1289 5044 quod
1333 4977 1573 5055 pietatem
1619 4978 1784 5055 possit
1802 5018 1818 5043 ,
1847 4982 2063 5055 facere.

459 5053 605 5110 Ideni
638 5046 711 5106 'de
734 5046 941 5106 lavent.
978 5050 1071 5104 lib.
1102 5064 1161 5112 ii,
1193 5061 1309 5116 pag.
1341 5046 1431 5111 66,
1463 5046 1646 5102 Utrum
1678 5048 1731 5100 id
1757 5046 1954 5116 facinus
1981 5052 2066 5117 sit,

460 5124 600 5197 quod
626 5124 865 5194 poenitere
890 5121 1043 5197 fuerit
1066 5134 1285 5197 necesse.
1312 5117 1520 5175 Videsis
1544 5122 1606 5174 A.
1646 5119 1876 5176 Gellium
1908 5119 2065 5177 Noct.

460 5191 569 5254 Att.
601 5191 692 5249 liti.
715 5210 830 5257 xui,
859 5191 976 5263 cap.
1001 5192 1036 5247 Ξ
1084 5191 1266 5247 Davus.

534 5260 1084 5336 Atiquos.lieleiiduiii
1104 5264 1343 5336 _videttir.
1365 5260 1599 5336 Lactant.
1630 5278 1684 5333 v,
1718 5263 1770 5336 i,
1798 5262 1854 5317 2.
1889 5263 2068 5321 Ηευιι.

535 5334 967 5408 Suicipiebamus.
991 5336 1064 5391 Ex
1095 5334 1211 5408 finit
1232 5335 1476 5408 vei-liutti.
1493 5334 1732 5408 Suscepti
1750 5336 1893 5391 enim
1913 5337 2074 5392 clien-

459 5420 555 5470 tes.
591 5405 810 5469 Servius
835 5408 902 5463 ad
933 5407 1061 5463 illud
1093 5405 1312 5462 ίΕηείά.
1339 5422 1411 5462 vi.
1433 5405 1575 5462 609:

915 5518 980 5573 Et
1011 5519 1148 5571 fraus
1174 5521 1359 5571 innexa
1378 5520 1583 5582 clienti;

474 5625 632 5694 Vult,
659 5626 863 5698 inquit,
895 5625 1114 5697 intelligi
1157 5627 1571 5695 praevaricatores
1600 5629 1686 5697 qui
1724 5627 1927 5693 patroni
1953 5635 2073 5682 sunt

466 5700 752 5764 clientium,
785 5715 909 5766 quos
935 5713 1068 5752 nunc
1097 5711 1384 5755 SUSCEP’I'OS
1416 5716 1670 5754 vocamus.
1711 5698 1961 5755 Wowsii.

541 5770 842 5830 Miserantes
867 5767 1443 5844 eorunugMisericordia
1472 5774 1525 5828 iii
1549 5787 1643 5829 eos
1664 5784 1913 5846 permoti,
1937 5784 2072 5844 quo-

3478 4546 3660 4601 LINDN.

2250 4621 2419 4688 Quum
2446 4662 2462 4689 ,
2507 4620 2552 4675 si
2583 4620 2713 4674 ratio
2738 4662 2751 4683 ,
2789 4636 2892 4674 non
2935 4619 3194 4689 instigatio
3239 4618 3486 4673 daemonis
3521 4620 3793 4689 judicare!

2172 4694 2388 4763 urgendi
2434 4694 2613 4765 magis.
2662 4692 2759 4747 Ms.
2799 4691 3051 4765 urguendi
3076 4690 3259 4765 itinde
3286 4692 3486 4765 editum
3531 4703 3642 4745 erat
3682 4709 3791 4745 ar-

2171 4762 2380 4836 guendi.
2415 4762 2617 4834 Stipple
2643 4780 2796 4834 quum
2822 4764 3035 4831 urgendi
3060 4762 3353 4836 Christiani
3391 4771 3546 4816 erant
3572 4769 3657 4836 vel
3685 4778 3788 4836 cs-

2171 4833 2292 4891 seni
2330 4833 2989 4892 Cat.t.titt.-—lleumannus
3008 4843 3062 4888 rd
3084 4834 3245 4905 magis
3270 4833 3447 4905 ejecit.
3467 4835 3607 4903 quod
3640 4835 3794 4890 valet.

2175 4909 2365 4977 potius,
2397 4925 2513 4978 cap.
2549 4908 2605 4971 5,
2634 4918 2689 4962 et
2713 4906 2896 4961 sci-ibit
2936 4906 3221 4978 urgendum
3247 4915 3394 4960 esset.
3447 4905 3635 4978 LINDN.

2247 4978 2357 5034 Nec
2385 4977 2551 5034 tamen
2578 4981 2779 5040 mirum.
2809 4994 2923 5032 eum
2953 4978 3180 5031 otiiniuin
3211 4982 3370 5047 fauni.
3408 4979 3463 5030 Si
3499 4977 3628 5032 nihil
3659 4977 3792 5033 lteic

2171 5053 2434 5106 omissum
2477 5063 2558 5106 est
2598 5051 2651 5106 in
2682 5047 3008 5119 exemplari.
3040 5061 3146 5103 tota
3188 5048 3435 5119 peri-dm
3469 5049 3540 5102 ita
3570 5052 3790 5104 consti-

2175 5123 2370 5178 tuenda
2402 5124 2763 5189 estutaliituis
2788 5118 2979 5175 sensus
3002 5122 3249 5175 eliciatur
3280 5138 3293 5173 :
3329 5118 3425 5174 His
3455 5123 3586 5174 enim
3613 5131 3657 5174 et
3685 5121 3795 5173 hii-

2164 5196 2395 5267 jusmodi
2422 5194 2608 5266 fabulis
2630 5194 2782 5247 iidem
2813 5193 3066 5248 (laniones
3104 5195 3170 5245 ad
3205 5193 3565 5247 exsrcrationis
3594 5194 3785 5267 horro-

2175 5261 2280 5321 rem
2317 5261 2664 5339 imperitorum
2696 5282 2843 5339 aures
2886 5267 3127 5339 adversus
3169 5281 3261 5318 nos
3299 5268 3625 5339 referserunt.
3668 5261 3794 5318 Nec

2175 5349 2345 5392 tamen
2375 5337 2580 5399 niti-um.
2606 5338 2731 5391 tium
2762 5337 3024 5390 hominum
3047 5341 3205 5407 fama,
3227 5350 3341 5406 qua:
3360 5352 3557 5405 semper
3580 5338 3796 5403 inspar-

2175 5411 2247 5465 sis
2276 5412 2552 5465 mendaciis
2579 5411 2756 5473 ali:ur,
2782 5420 2985 5462 ostensa
3013 5409 3216 5461 ueritate
3256 5411 3591 5471 Consumitur,
3615 5408 3687 5461 sic
3711 5416 3795 5462 est

2178 5486 2434 5551 negotium
2458 5486 2782 5546 distantium;
2804 5480 2867 5533 ub
2887 5481 3014 5551 ipsis
3037 5486 3170 5534 enim
3199 5494 3373 5532 rumor
3401 5481 3565 5549 falsus
3588 5490 3632 5533 et
3660 5479 3795 5533 seri-

2177 5565 2260 5609 tur
2286 5564 2333 5607 et
2356 5557 2551 5627 fovetur
2603 5553 2691 5627 Illa
2730 5563 2906 5627 autt-iii
2941 5552 3102 5606 verba
3123 5592 3136 5613 ,
3164 5568 3279 5627 cum
3307 5553 3569 5627 hominum
3610 5556 3789 5627 ﬁtnth

2176 5620 2391 5680 :tniieeii
2432 5629 2626 5680 debent
2663 5624 2812 5689 istis,
2849 5624 2922 5677 sic
2949 5635 3021 5677 est
3068 5624 3320 5694 negotium
3365 5625 3679 5694 distantium.
3717 5620 3794 5678 Ut

2174 5699 2411 5753 οιειιιριιΙει
2441 5698 2517 5752 sic
2543 5696 2835 5765 accipiatur
2865 5712 2878 5746 :
2912 5694 3026 5748 Nec
3045 5693 3210 5748 tanien
3240 5697 3444 5749 mirum.
3473 5693 3566 5750 Sic
3594 5705 3666 5747 est
3695 5710 3793 5746 ne.

2170 5770 2366 5848 gotium
2390 5764 2681 5825 daemonum
2704 5784 2819 5824 cum
2843 5767 3103 5823 hominum
3126 5770 3288 5843 fatim,
3311 5781 3442 5841 quat,
3466 5777 3575 5823 ctc.
3604 5764 3796 5835 Ilonii-
