4058 6316
272 314 355 376 56!
1603 314 1816 375 INDEX
1852 313 2178 375 CAPITUM.

559 425 776 482 datione
809 425 1192 482 obiectaretur.

270 521 379 580 CAP.
419 521 477 578 ll.
517 521 718 578 Octavii
751 523 976 577 Romam
1025 523 1288 578 adventus
1332 523 1627 579 forensium
1675 525 1834 580 feria-

593 631 711 670 rum
746 624 1008 684 tempore,
1036 623 1318 686 pergratus
1338 615 1586 672 Minucio.
1614 616 1837 688 Utrique

594 706 659 760 ad
694 706 899 762 marina
933 707 1098 762 Ostia:
1126 706 1316 762 balnea
1339 749 1354 774 ,
1385 707 1592 762 adscito
1623 708 1834 764 Minucii

592 799 789 856 comite
815 798 1052 866 Czccilio,
1097 801 1175 855 ire
1221 799 1442 871 placuit.
1490 801 1624 855 Dum
1679 800 1837 855 simul

589 892 654 947 ad
703 908 852 949 mare
899 902 1166 965 pergunt,
1235 891 1501 958 thcilius,
1549 903 1839 964 conspecto

595 985 870 1058 Serapidis
905 985 1197 1042 simulacro
1219 1027 1234 1052 ,
1269 1001 1484 1041 manum
1530 987 1610 1042 ori
1655 987 1840 1042 admo-

594 1099 726 1139 vens
752 1125 765 1145 ,
818 1081 944 1137 illud
979 1081 1126 1136 colit.
1728 1080 1838 1137 255

271 1179 378 1237 Car.
414 1176 498 1234 Ill.
543 1173 910 1246 Superstitiosi
941 1171 1173 1227 hominis
1198 1181 1376 1228 actum
1410 1173 1627 1244 indigne
1658 1171 1841 1228 ferens

599 1271 872 1335 Octavius,
893 1267 1126 1322 Minucio
1142 1267 1338 1323 acriter
1357 1266 1664 1338 exprobrat,
1684 1265 1841 1336 hujus

594 1368 743 1439 impii
767 1366 1022 1422 facinoris
1043 1366 1318 1421 infamiam
1352 1380 1456 1420 non
1489 1363 1755 1420 minorem
1785 1363 1838 1418 in

597 1465 793 1534 ipsum,
825 1470 1011 1535 utpote
1034 1459 1236 1518 Cascilii
1278 1461 1564 1531 llOSpilem,
1605 1475 1762 1532 quam
1786 1460 1840 1516 in

591 1557 841 1614 eumdem
871 1556 1142 1612 Caecilium
1176 1554 1497 1612 redundare.
1735 1553 1841 1609 257

3435 330 3543 388 562

1587 432 1691 486 col.
1723 431 1832 488 252

1942 433 2063 490 ΟΜ».
2107 434 2197 490 ΧΙ.
2234 434 2489 490 Futurum
2521 449 2733 507 quoque
2765 445 3013 494 asserunt
3043 439 3203 496 totius
3240 442 3422 497 mundi
3454 445 3535 498 ins

2297 527 2582 593 cendium;
2616 543 2679 582 ac
2723 536 2846 597 post
2890 545 3176 600 corporum
3230 542 3539 590 nostrorum

2296 621 2780 688 resurrectionem,
2817 620 2977 692 justis
3007 623 3332 680 beatissima:
3378 627 3499 681 vitae
3525 667 3542 692 ,

2294 706 2503 783 injuSIis
2517 711 2867 769 maximarum
2885 730 3160 785 pinnarum
3184 718 3538 774 aeternitatem

2299 806 2700 876 repromittunt.
3429 809 3536 866 266

1941 897 2204 955 ΟΑΡ.Χ11.
2233 898 2370 968 Quid
2410 908 2590 955 autent
2621 899 2866 969 ipsismet
2894 899 3215 958 Christianis
3248 912 3363 975 post
3399 918 3541 960 mor-

2301 1001 2404 1048 tem
2453 1005 2769 1049 eventurum
2825 995 2924 1060 sit,
2975 997 3100 1052 inde
3140 1000 3386 1068 augurari
3417 1013 3540 1068 pos-

2296 1099 2517 1151 sumus,
2565 1085 2706 1156 quod
2751 1102 2892 1141 nunc
2931 1089 3076 1142 omni
3121 1104 3230 1160 .ope
3260 1091 3539 1160 destituti,

2299 1177 2523 1234 summis
2578 1180 2973 1236 calamitatibus
3024 1191 3078 1238 et
3128 1185 3361 1241 miseriis
3416 1206 3542 1258 pre-

2299 1279 2534 1325 tnuntur.
3431 1283 3533 1339 271

1942 1359 2525 1419 ϐΑιι.ΧΙΙΙ.Οοηο1ιι(1ἱι
2574 1364 2788 1422 tandem
2827 1368 3104 1436 Caecilius,
3154 1373 3545 1444 repudiandum

2300 1457 2617 1529 religionem
2649 1476 2872 1528 novam;
2921 1478 3020 1518 nec
3058 1465 3125 1520 de
3167 1467 3327 1524 rebus
3367 1469 3546 1526 dubiis

2298 1558 2499 1606 temere
2538 1552 3010 1622 pronuntiandum.
3433 1561 3542 1617 275

269 1648 379 1706 Car.
414 1648 503 1705 IV.
543 1649 826 1707 Subtristis
862 1648 1110 1705 Caecilius
1131 1647 1198 1703 de
1239 1645 1544 1716 hujusmodi
1594 1645 1844 1717 objurga-
1943 1638 2343 1698 (ΞΑΡ.ΧΝ.Νοη
2375 1643 2492 1697 sine
2520 1644 2645 1700 elati
2675 1645 2838 1701 animi
2885 1646 3106 1702 fastidio
3139 1662 3401 1719 provocat
3443 1654 3548 1710 Oc-

601 1741 746 1798 tione
767 1782 782 1808 ,
811 1756 915 1812 qua
943 1740 1025 1796 sui
1065 1753 1224 1794 causa
1271 1737 1524 1794 Octavius
1551 1736 1841 1793 Minucium

591 1835 944 1907 perstrinxit,
976 1833 1110 1905 petit
1139 1843 1197 1888 ut
1225 1833 1328 1890 sibi
1373 1850 1496 1890 cum
1525 1832 1747 1890 Octavio
1773 1833 1841 1889 de
1869 1844 1919 1906 Β

593 1944 705 1984 snze
749 1927 1027 1999 religionis
1067 1927 1293 1982 veritate
1337 1925 1612 1997 disputare
1654 1926 1834 1982 liceat.

595 2022 798 2078 Annuit
843 2035 966 2076 cum
1011 2021 1160 2076 socio
1190 2035 1290 2075 suo
1315 2018 1607 2086 Octavius;
1639 2034 1702 2074 ac
1726 2033 1839 2074 me-

593 2114 713 2170 dius
743 2114 885 2169 inter
940 2111 1214 2170 Caecilium
1265 2122 1316 2168 et
1353 2112 1631 2168 Octavium
1687 2111 1838 2166 sedet

595 2206 879 2262 Minucius.
1731 2203 1838 2258 240

267 2297 374 2356 CAP.
415 2300 477 2356 V.
517 2298 947 2371 Disputationem
997 2314 1149 2354 suam
1204 2297 1516 2368 aggreditur
1563 2294 1835 2352 Ctecilius.

593 2393 662 2447 Et
691 2392 920 2462 primum
969 2389 1183 2460 quidem
1224 2389 1401 2444 omnia
1445 2390 1495 2442 iu
1548 2389 1710 2444 rebus
1739 2387 1839 2440 htt-

597 2486 767 2542 manis
824 2484 983 2540 dubia
1031 2493 1086 2539 et
1127 2483 1328 2538 incerta
1363 2497 1484 2538 esse
1519 2488 1837 2538 asseverant:

595 2579 839 2650 adeoque
863 2577 1151 2634 dolendum
1178 2576 1319 2647 quod
1342 2575 1646 2643 Christiani,
1677 2574 1840 2631 rudes

592 2675 908 2745 plerumque
932 2687 994 2726 ac
1023 2670 1302 2734 illitterati,
1324 2669 1392 2724 de
1426 2684 1634 2724 summa
1654 2683 1838 2724 rerum

594 2783 660 2824 ac
685 2767 864 2823 divina
912 2765 1194 2835 majestate
1223 2763 1423 2834 aliquid
1469 2763 1601 2818 certi
1648 2763 1838 2818 decer-

594 2876 725 2917 nere
795 2860 1050 2916 audeant.
1111 2858 1245 2913 Hinc
1307 2857 1450 2912 nulla
1510 2855 1840 2928 providentia

599 2954 857 3011 mundum
905 2953 1018 3024 regi
1065 2951 1270 3024 arguit,
1326 2951 1700 3022 concluditque
1747 2965 1837 3005 sa-

594 3051 700 3106 tius
762 3064 886 3106 esse
945 3047 1153 3104 traditis
1213 3047 1446 3118 antiquis
1492 3047 1840 3118 religionibus

597 3144 898 3202 adhaerere.
1730 3142 1839 3198 242

266 3239 376 3298 Car.
412 3240 500 3299 Vl.
543 3237 812 3309 Quaelibet
856 3238 1042 3306 natio,
1098 3251 1163 3292 ac
1218 3235 1451 3291 Remani
1498 3234 1838 3305 postmodum
1867 3247 1912 3308 (ζ

599 3333 818 3390 numina
849 3347 946 3387 sua
978 3331 1052 3386 ita
1080 3330 1298 3386 coluere
1321 3370 1336 3396 ,
1366 3337 1424 3382 ut
1446 3343 1632 3383 eorum
1689 3327 1836 3382 cultu

597 3440 910 3496 supremum
950 3424 1113 3480 totius
1163 3422 1312 3480 orbis
1339 3430 1498 3478 terra:
1551 3421 1837 3493 imperium

599 3520 800 3576 fuerint
825 3517 1081 3574 assecuti.
1727 3511 1838 3570 250

265 3613 374 3691 CAP.
402 3613 513 3674 γη.
540 3613 792 3686 AuSpicia
844 3621 901 3669 et
947 3609 1168 3683 auguria
1224 3609 1462 3665 Romana
1513 3608 1839 3680 ptenitenter

598 3707 794 3764 omissa
817 3751 832 3774 ,
865 3707 1150 3762 observata
1185 3704 1432 3761 feliciter.
1724 3702 1838 3759 255

269 3802 779 3862 (ΞΑΡ.ἫΙΙ.Μίιιίιηθ
824 3799 1045 3858 ferenda
1098 3798 1408 3866 Theodori,
1477 3797 1720 3870 Diagora:
1777 3811 1841 3852 ac

599 3896 910 3968 Protagora:
940 3893 1102 3964 impia
1149 3891 1460 3957 temeritas,
1494 3892 1583 3962 qui
1615 3891 1838 3947 deorum

599 3989 912 4062 religionem
935 3987 1021 4044 vel
1048 3986 1260 4058 penitus
1284 3984 1491 4048 tollere,
1520 3983 1606 4038 vel
1649 3983 1838 4039 saltem

600 4079 874 4135 infirmare
900 4077 1138 4132 voluere.
1174 4077 1243 4130 At
1280 4074 1450 4130 multo
1481 4074 1661 4130 minus
1711 4074 1840 4133 ferri

608 4173 769 4230 debet
812 4172 1078 4228 latebrosa
1109 4179 1164 4226 et
1192 4169 1456 4242 lucifuga:
1506 4168 1840 4226 Christiano-

594 4282 715 4324 rum
753 4266 934 4333 natio,
991 4263 1082 4336 qui
1126 4262 1258 4320 deos
1295 4261 1597 4333 despuunt;
1629 4271 1682 4318 et
1712 4262 1838 4318 dum

595 4360 732 4416 mori
762 4366 885 4431 post
911 4368 1143 4415 mortem
1183 4357 1412 4424 timent,
1446 4355 1660 4412 interim
1703 4356 1840 4412 mori

598 4467 709 4508 non
739 4451 949 4506 timent.
1733 4447 1840 4504 256

261 4544 370 4603 CAP.
407 4546 499 4605 IX.
528 4543 958 4603 Christianorum
1003 4542 1190 4613 religio
1215 4540 1374 4597 stulta
1408 4558 1421 4594 :
1462 4539 1732 4596 hominem
1762 4541 1838 4596 si-

2306 1737 2502 1791 tavium
2533 1735 2782 1794 Caecilius
2802 1782 2817 1806 ,
2849 1749 2904 1795 ut
2930 1747 3262 1813 argumentis
3291 1746 3402 1802 suis
3432 1763 3548 1804 res-

2304 1830 2556 1910 pondeat.
2577 1828 2672 1887 Cui
2692 1831 2951 1889 Minucius
2984 1837 3228 1895 modeste
3248 1843 3545 1912 respondet

2300 1920 2368 1976 de
2398 1939 2492 1978 sua
2528 1922 2668 1980 haud
2697 1927 2953 1983 mediocri
2983 1930 3284 2000 eloquentia
3313 1976 3326 1999 ,
3373 1935 3549 2006 deque

2303 2019 2566 2071 concinna
2633 2019 2893 2074 orationis
2940 2023 3199 2079 varietate
3251 2041 3357 2081 non
3417 2043 3541 2085 esse

2298 2106 2399 2178 ipsi
2444 2111 2818 2166 exsultaudum
2856 2115 2992 2170 :sed
3039 2117 3245 2187 singula
3295 2121 3412 2190 ejus
3455 2138 3546 2176 ar-

2302 2214 2553 2272 gumenta
2597 2205 2883 2276 diligenter
2921 2210 3293 2279 expendenda.
3437 2215 3546 2272 275

1943 2287 2070 2345 Car.
2113 2291 2229 2348 XV.
2263 2292 2478 2366 [legerit
2520 2297 2749 2353 Minucio
2790 2299 3039 2357 Ca-cilius
3081 2307 3341 2383 non_sine
3371 2308 3549 2379 aliqua

2301 2385 2413 2442 l;rsi
2448 2389 2611 2442 animi
2640 2391 3062 2461 significatione,
3106 2396 3279 2465 ipsum
3309 2400 3548 2469 religiosi

2299 2478 2495 2550 jndicis
2524 2481 2702 2537 officio
2728 2483 2993 2541 decedere
3015 2529 3030 2553 ,
3071 2487 3198 2544 dum
3234 2504 3346 2546 sure
3375 2492 3551 2564 dispu-

2304 2571 2519 2626 tationis
2544 2573 2688 2630 vires
2732 2575 2986 2632 infirmat.
3030 2576 3299 2652 lntegrum
3325 2583 3548 2641 Octavio

2301 2683 2421 2724 esse
2451 2683 2512 2724 ea
2536 2669 2714 2725 omnia
2740 2686 2860 2741 quae
2888 2672 2940 2728 in
2972 2672 3203 2729 medium
3233 2679 3548 2746 protulerat,

2298 2762 2596 2817 confutare.
3437 2772 3545 2828 278

1943 2850 2200 2908 CAP.XVI
2210 2895 2222 2908 .
2239 2852 2401 2910 Suam
2428 2854 2608 2926 itaque
2623 2855 2832 2913 orditur
2849 2850 3254 2930 responsiOnem
3266 2864 3517 2920 Octavius
3537 2884 3551 2921 :

2303 2963 2469 3019 seque
2490 2949 2760 3005 veracium
2807 2952 3095 3007 verborum
3135 2954 3356 3011 flumine
3401 2971 3548 3011 ama-

2306 3040 2575 3096 rissimam
2615 3043 2983 3100 conviciorum
3029 3045 3201 3101 labem
3248 3047 3546 3104 diluturum

2299 3136 2540 3192 confidit.
2593 3137 2796 3193 Dehinc
2843 3138 2910 3194 ad
2971 3139 3289 3196 infirmanda
3337 3143 3545 3213 singula

2309 3227 2511 3285 Caecilii
2563 3241 2881 3301 argumenta
2937 3231 3257 3304 digreditur.
3309 3233 3548 3291 Primum

2299 3325 2480 3396 itaque
2531 3327 2756 3394 statuit,
2813 3327 3012 3382 nemini
3068 3344 3210 3400 aegre
3263 3328 3544 3387 ferendum

2300 3420 2441 3491 quod
2468 3416 2757 3475 Christiani
2779 3461 2794 3486 ,
2826 3422 3186 3492 quamtumvis
3218 3421 3452 3492 indocti,
3477 3424 3546 3481 de

2307 3513 2624 3570 caelestibus
2673 3514 2832 3569 rebus
2879 3513 3155 3586 diSpntent
3186 3532 3199 3569 :
3232 3531 3339 3571 non
3397 3518 3542 3573 enim

2298 3605 2622 3677 disputantis
2650 3609 2938 3664 auctoritas
2961 3650 2976 3674 ,
3025 3608 3120 3664 sed
3166 3608 3545 3680 disputationis

2299 3699 2463 3769 ipsius
2490 3701 2687 3756 veritas
2712 3709 2793 3756 est
2829 3701 3139 3771 spectanda.
3433 3703 3542 3760 279

1941 3792 2485 3851 Car.XVll.Fatetur
2509 3794 2725 3866 quidem
2756 3793 3029 3851 hominem
3054 3794 3252 3852 debere
3279 3812 3338 3852 se
3365 3797 3541 3868 ipsum

2303 3903 2501 3944 nosse:
2531 3888 2625 3944 sed
2659 3889 2816 3959 plane
2841 3899 2999 3961 negat
3021 3888 3160 3945 hanc
3182 3892 3540 3960 cognitionem

2299 3981 2368 4037 ab
2393 3997 2458 4038 eo
2476 3996 2634 4052 posse
2655 3985 2987 4052 comparari,
3034 3983 3161 4054 quin
3182 3992 3338 4039 antea
3361 4001 3540 4042 rerum

2300 4075 2708 4131 universitatem
2735 4116 2749 4140 ,
2779 4084 2834 4131 et
2859 4076 3029 4130 Deum
3063 4075 3236 4146 ipsum
3261 4089 3541 4150 agnoscat.

2301 4165 2382 4221 Ex
2409 4165 2575 4236 ipsius
2601 4176 2782 4223 autem
2828 4166 3013 4222 mundi
3040 4169 3426 4228 constitutione
3454 4180 3540 4227 at-

2304 4274 2408 4332 que
2434 4268 2665 4328 ornatu,
2712 4262 2943 4332 quisque
2991 4263 3201 4320 ratione
3251 4265 3539 4336 praeditus,

2303 4367 2638 4427 compertum
2669 4355 2860 4423 habet,
2887 4371 3011 4413 eum
3048 4371 3077 4411 a
3115 4357 3224 4415 Deo
3268 4360 3540 4416 conditum

2300 4446 2502 4518 fuisse,
2557 4459 2718 4521 atque
2745 4449 2815 4505 ab
2843 4465 2908 4506 eo
2935 4453 3049 4522 regi
3102 4461 3157 4506 et
3195 4452 3541 4510 administra-

2299 4542 2364 4597 ri.
3429 4547 3540 4605 284

599 4637 817 4710 quidem
857 4635 1173 4692 cruciﬁxum
1218 4634 1500 4705 ipsumque
1526 4632 1688 4704 hujus
1712 4648 1838 4705 sup.
1864 4647 1918 4714 1)
1943 4632 2395 4691 Car.XVlll.Non
2423 4635 2598 4691 solum
2637 4644 2816 4692 autem
2862 4637 3120 4693 universo
3169 4637 3390 4704 mundo,
3441 4641 3536 4696 sed

595 4731 744 4805 plicii
817 4731 1232 4786 instrumentum
1289 4737 1635 4786 venerantur.
1687 4729 1838 4785 Asini

594 4834 758 4897 caput
782 4824 982 4885 colere.
1013 4825 1292 4894 ipsamque
1336 4824 1573 4894 parentis
1621 4825 1702 4878 sui
1735 4838 1830 4878 na-

605 4928 778 4973 turam
809 4916 1034 4973 adorare
1051 4916 1320 4972 dicuntur.
1345 4915 1419 4972 De
1448 4915 1595 4971 caede
1621 4915 1838 4973 infantis

596 5021 654 5069 et
667 5012 927 5084 sanguine
947 5010 1227 5067 initiantur
1253 5028 1266 5063 :
1291 5025 1355 5066 ac
1382 5026 1477 5082 per
1499 5011 1837 5081 impudentes

597 5105 888 5174 tenebras,
941 5104 1144 5160 incerta
1192 5113 1339 5160 sorte
1377 5119 1567 5161 omnes
1607 5105 1838 5176 permis-

599 5208 811 5255 centur.
1731 5198 1840 5255 260

262 5288 373 5349 Car.
410 5292 480 5350 Χ.
520 5293 792 5365 Quidquid
820 5293 1033 5363 colunt,
1073 5308 1397 5366 magnopere
1443 5295 1712 5351 occultare
1761 5295 1842 5350 ni-

592 5395 778 5442 tuntur
796 5403 810 5441 :
830 5387 1002 5442 nullas
1033 5401 1155 5442 aras
1175 5385 1405 5454 habent,
1442 5387 1636 5457 templa
1661 5387 1802 5442 nulla
1823 5427 1838 5451 ,

604 5481 750 5537 nulla
779 5489 900 5536 nota
933 5480 1238 5537 simulacra.
1264 5481 1405 5536 Deus
1429 5482 1659 5546 illorum,
1686 5480 1843 5535 sicuti

596 5583 650 5630 et
673 5573 1003 5640 Judtcornm,
1053 5573 1241 5628 unicus
1287 5587 1408 5629 esse
1450 5572 1650 5628 fertur:
1684 5587 1842 5644 quem

603 5682 765 5738 quum
797 5682 896 5723 nec
931 5665 1116 5723 videre
1150 5681 1252 5722 nec
1283 5665 1568 5723 ostendere
1609 5674 1840 5738 queant,

607 5759 756 5816 illum
790 5760 1142 5818 nihilominus
1168 5761 1458 5818 molestum
1479 5802 1496 5829 ,
1544 5760 1842 5830 inquietum

605 5861 660 5907 et
689 5865 1020 5925 praepostere
1045 5855 1319 5912 curiosum
1349 5853 1699 5912 arbitrantur.
1733 5853 1844 5911 265

529 5945 809 6011 ΡΑτιιοι.
857 5944 966 6009 Ill.

2339 4730 2564 4802 singulis
2630 4733 2748 4802 ejus
2803 4733 3048 4803 partibus
3098 4734 3237 4789 Deus
3281 4735 3540 4790 consulit.

2334 4821 2506 4880 Unius
2534 4833 2713 4879 autem
2739 4823 2834 4880 Dei
2858 4834 2990 4880 nutu
3019 4826 3197 4882 omnia
3227 4825 3537 4897 gubernari,

2337 4925 2674 4973 terrenorum
2723 4917 2972 4988 exemplo
3021 4918 3370 4990 imperiorum
3417 4935 3542 4992 pro-

2334 5013 2510 5068 batur.
2536 5012 2794 5082 Quamvis
2840 5023 3020 5069 autem
3072 5013 3166 5071 ille
3213 5014 3460 5073 inﬁnitus
3489 5029 3545 5076 et

2332 5107 2664 5171 immensus,
2715 5104 2924 5177 sibique
2967 5104 3098 5172 uni,
3148 5117 3381 5177 quantus
3419 5120 3538 5182 est,

2336 5199 2605 5270 cognitus,
2637 5213 2666 5252 a
2698 5197 2856 5253 nobis
2881 5211 2982 5254 nec
3011 5197 3179 5255 videri
3228 5216 3328 5258 nec
3373 5207 3546 5261 nomi-

2341 5293 2459 5348 nari
2481 5302 2676 5364 queat;
2710 5291 2880 5362 ipsius
2901 5300 3083 5349 tamen
3100 5293 3340 5364 claritas,
3370 5299 3415 5354 si
3443 5316 3546 5356 no-

2335 5385 2542 5440 minum
2591 5385 2850 5440 tollantur
2897 5383 3298 5457 additamenta,
3329 5394 3546 5462 perspi-

2337 5476 2497 5535 citur.
3438 5483 3548 5542 287

1946 5569 2078 5630 CAP.
2101 5568 2247 5628 XIX.
2275 5569 2544 5627 Praeterea
2576 5578 2751 5640 poetae
2779 5569 2929 5626 illum
2956 5568 3136 5627 divum
3157 5571 3546 5650 hominumque

2309 5673 2618 5736 parentem,
2665 5665 2906 5719 omnium
2968 5680 3149 5721 rerum
3207 5681 3544 5740 creatorem,

2303 5767 2537 5815 mentem
2587 5767 2642 5813 et
2694 5758 2942 5829 spiritum
2994 5760 3352 5831 appellarunt.
3404 5764 3546 5830 Quin

2301 5860 2357 5908 et
2384 5851 2599 5926 ipsimet
2626 5851 3030 5925 praestantiores
3075 5851 3414 5926 philosophi,
3455 5870 3552 5920 ea.

2923 5942 3001 6010 12
