3980 6302
490 338 601 396 365
1420 323 1633 383 MARCI
1669 319 1925 380 MINUCII
1961 317 2234 377 FELICIS
2274 313 2485 373 INDEX
2521 308 2848 372 CAPITUM.
3653 298 3736 361 364

849 448 972 506 dem
1002 446 1115 503 fere
1152 458 1215 501 ac
1241 441 1562 508 Christiani,
1595 440 1664 497 de
1698 441 1807 497 Deo
1831 454 1937 495 uno
1964 453 2086 493 sen-
2112 438 2164 499 Α

852 556 993 597 sere.
1982 529 2092 587 292

489 634 768 698 CALXX.
800 634 952 704 Quod
996 634 1038 688 si
1086 628 1428 688 Providentia
1479 625 1710 682 mundus
1760 625 1985 696 regitur,
2038 631 2095 678 et

571 729 575 732 ’
852 729 1012 783 unius
1034 725 1124 781 Dei
1147 736 1276 779 nutu
1301 721 1651 794 gubernatur,
1685 734 1792 774 non
1816 733 1913 773 nos
1934 716 2094 772 debet

848 820 1141 892 antiquitas
1172 819 1419 888 imperita
1446 829 1638 885 rapere
1669 812 1735 867 ad
1768 812 1937 866 mutui
1962 825 2094 866 con-

848 930 1040 972 sensus
1081 926 1364 977 errorem;
1413 922 1535 979 qua:
1581 904 1833 960 nimirum
1882 901 2093 958 fabellis

851 1011 962 1067 suis
1009 1008 1302 1070 delectata,
1347 1000 1602 1057 ridiculas
1652 998 1967 1054 traditiones
2019 996 2135 1063 in-.

848 1103 1011 1159 vexit.
1071 1099 1180 1155 Nec
1237 1097 1414 1151 minus
1463 1091 1741 1149 evidenter
1795 1087 2094 1143 ostenditur

854 1198 1116 1253 insulsum
1150 1192 1479 1260 impiumque
1522 1199 1735 1253 Semper
1763 1182 1926 1236 fuisse
1964 1179 2094 1234 deo-

849 1305 972 1346 rum
1022 1288 1261 1351 cultum;
1293 1283 1419 1337 dum
1472 1276 1777 1334 mortalium
1829 1272 2091 1344 antiquis-

846 1383 969 1442 simi
1014 1396 1141 1437 suos
1169 1392 1355 1450 reges,
1406 1375 1571 1431 duces
1612 1371 1842 1442 inclytos
1869 1366 2093 1422 artium-

849 1468 956 1547 que
1020 1474 1365 1536 inventores,
1430 1467 1501 1522 ob
1566 1463 1823 1535 praeclara
1876 1459 2091 1514 illorum

846 1569 1117 1638 facinora,
1165 1583 1274 1623 non
1338 1578 1495 1621 secus
1546 1575 1609 1616 ac
1662 1558 1794 1615 deos
1848 1553 2090 1613 venerati

840 1678 986 1725 sunt.
1976 1650 2086 1708 297

487 1764 951 1833 Cu.XXl.lduue
1008 1762 1288 1820 confirmat
1326 1757 1579 1816 Octavius
1599 1751 1889 1811 Euhemeri
1910 1792 1925 1817 ,
1956 1748 2028 1805 Pr

838 1857 980 1926 dici,
1013 1855 1228 1917 Persei,
1278 1861 1333 1907 et
1373 1848 1665 1908 Alexandri
1706 1843 1883 1915 Magni
1936 1841 2089 1897 testi-
2115 1838 2163 1899 B

844 1952 1047 2015 monio,
1090 1964 1122 2003 a
1167 1947 1357 2018 quibus
1411 1943 1637 1998 deorum
1702 1939 1909 2009 patria,
1972 1933 2089 1988 dies

843 2043 1048 2100 natales
1069 2081 1084 2107 ,
1130 2037 1413 2108 sepulchra
1443 2040 1815 2113 recensentur.
1854 2025 2089 2094 Exponit

845 2147 1104 2206 prta-terea
1134 2133 1359 2187 deorum
1392 2130 1572 2184 tristes
1620 2127 1830 2191 exitus,
1884 2121 1992 2177 fata
2034 2128 2089 2176 et

837 2227 1044 2283 funera.
1079 2224 1161 2283 Ad
1182 2224 1295 2278 hazc
1324 2222 1552 2289 ineptias
1570 2216 1891 2290 putidasque
1918 2226 2089 2283 nugas

851 2320 1021 2384 ridet,
1062 2331 1197 2387 quas
1238 2315 1305 2369 de
1333 2328 1551 2367 suorum
1579 2310 1805 2365 deorum
1838 2302 2009 2360 forma
2037 2308 2091 2356 et

847 2412 1015 2482 ﬁgura
1055 2407 1254 2463 ethnici
1285 2405 1584 2461 venditant.
1979 2394 2087 2451 299

487 2498 908 2571 CAP.XXIl.lias
941 2516 1099 2573 porro
1132 2498 1338 2554 fabulas
1377 2496 1445 2552 ab
1476 2492 1738 2565 imperitis
1784 2488 2092 2546 hominibus

848 2596 1079 2667 primum
1115 2590 1377 2658 traditas,
1404 2589 1494 2642 alii
1539 2586 1796 2655 deinceps
1845 2583 2091 2637 celebra-

844 2698 1006 2753 runt,
1064 2699 1127 2739 ac
1172 2695 1344 2754 poeta:
1388 2680 1763 2752 potissimum,
1810 2676 1899 2747 qui
1952 2672 2094 2729 haud

851 2795 1038 2853 parum
1070 2776 1285 2832 veritati
1334 2789 1428 2829 sua
1478 2771 1797 2826 auctoritate
1841 2780 2090 2823 nocuere.

851 2873 1027 2945 Atque
1055 2868 1360 2941 ltnjusmodi
1396 2867 1663 2939 figmentis
1710 2870 1763 2920 et
1804 2859 2096 2918 mendaciis

853 2964 1188 3021 dulcioribus
1233 2965 1654 3030 corrumpuntur
1701 2955 1911 3025 ingenia
1966 2969 2096 3025 pue-

854 3073 1039 3112 rorum
1066 3097 1081 3122 ,
1112 3054 1202 3126 qui
1229 3051 1454 3123 proinde
1487 3051 1539 3105 in
1571 3050 1633 3105 iis
1672 3050 1857 3105 miseri
1899 3060 2094 3101 conse-

848 3157 1074 3204 nescunt
1104 3163 1117 3198 :
1150 3161 1271 3201 cum
1300 3142 1537 3215 alioquin
1591 3140 1875 3197 sitveritas
1915 3138 2091 3204 obvia,

849 3241 944 3296 sed
972 3238 1391 3311 requirentibus.
1990 3229 2095 3287 506
2121 3234 2167 3298 C

496 3334 1086 3404 Car.XXllI.Quamvis
1101 3331 1300 3388 ethnici
1314 3342 1469 3401 reges
1489 3344 1614 3383 suos
1634 3327 1887 3382 mortales
1898 3339 2093 3396 agnos-

852 3434 1011 3489 cant,
1037 3423 1161 3478 illos
1188 3433 1363 3478 tamen
1394 3419 1525 3475 deos
1554 3418 1794 3488 fingunt,
1833 3418 1917 3473 vel
1961 3416 2095 3486 ipsis

864 3522 1077 3585 invitis;
1108 3536 1213 3574 non
1257 3517 1322 3573 ad
1376 3515 1536 3572 ﬁdem
1582 3513 1853 3581 numinis,
1900 3511 1993 3567 sed
2028 3510 2097 3567 ad

856 3615 1118 3670 honorem
1191 3612 1431 3666 emerita:
1503 3607 1856 3680 posteritatis.
1931 3603 2094 3675 Atqui

855 3721 1013 3763 verus
1048 3706 1187 3760 Deus
1235 3717 1407 3773 neque
1447 3712 1625 3756 ortum
1672 3699 1867 3761 habet,
1922 3712 2097 3767 neque

858 3812 1131 3855 occasum.
1167 3795 1397 3851 Deorum
1429 3791 1625 3849 deinde
1652 3791 1913 3863 imagines
1934 3803 1984 3845 et
2016 3789 2095 3843 si-

854 3892 1093 3946 mulacra
1122 3886 1382 3943 Octavius
1402 3885 1662 3956 exagitat.
1988 3881 2095 3938 509

499 3983 1015 4045 CLr.XXIV.Brcvi
1082 3983 1302 4053 iusuprr
1371 3979 1681 4035 inductione
1727 3978 2095 4041 demonstrat,

861 4087 1117 4148 quantum
1147 4073 1198 4128 in
1231 4071 1568 4128 celebrandis
1590 4071 1941 4142 quorumdam
1970 4069 2100 4124 deo-

858 4184 979 4225 rum
1009 4166 1282 4239 mysteriis
1332 4164 1580 4232 ridiculi,
1632 4163 1854 4219 obsceni
1901 4161 2097 4216 crude-

862 4263 1047 4332 lesque
1079 4263 1215 4316 ritus
1240 4256 1682 4314 observarentur.
1989 4254 2099 4310 312

501 4354 1027 4416 CAP.XXV.Dehinc
1057 4352 1324 4417 ostendit,
1356 4365 1384 4404 a
1411 4350 1627 4405 Caecilio
1653 4360 1935 4420 perperam
1984 4347 2100 4417 jac-

860 4448 997 4502 litari
1028 4445 1330 4508 Romanos,
1371 4445 1460 4513 qui
1491 4443 1655 4498 tutius
1696 4443 1839 4497 orbis
1874 4441 2100 4513 imperio

857 4541 1011 4613 potiti
1038 4539 1263 4606 fuerint,
1300 4537 1606 4607 bujusm-di
1630 4536 2101 4606 superstitionibus

855 4633 957 4688 rite
982 4631 1302 4687 observatis.
1329 4632 1485 4701 Atqui
1512 4629 1739 4684 Romani
1774 4630 1825 4684 itt
1852 4639 1971 4683 ortu
1998 4643 2099 4683 suo
2124 4631 2176 4692 Ι)

859 4734 915 4781 et
945 4725 1145 4780 scelere
1167 4723 1412 4787 collecti,
1441 4732 1497 4778 et
1524 4723 1872 4778 immanitatis
1892 4731 2100 4778 terrore

848 4826 1154 4875 creverunt.
1189 4816 1354 4887 igitur
1383 4815 1611 4870 Romani
1654 4828 1759 4870 neu
1785 4816 1903 4871 ideo
1931 4815 2095 4882 tanti,

856 4910 1000 4982 quod
1030 4909 1299 4981 religiosi;
1343 4908 1437 4964 sed
1487 4908 1630 4980 quod
1673 4912 1891 4979 impune
1932 4908 2100 4963 sacri-

858 5002 981 5071 legi.
1994 4997 2101 5053 515

503 5094 911 5154 C.tr.XXVl.Ex
942 5095 1119 5149 avium
1147 5104 1312 5164 porro
1354 5091 1612 5163 auspiciis
1658 5101 1819 5163 atque
1860 5091 2098 5161 auguriis

857 5189 1123 5244 vibratum
1157 5188 1344 5243 leviter
1372 5201 1403 5240 a
1430 5187 1649 5242 Caecilio
1679 5191 1843 5240 telum
1863 5227 1878 5253 ,
1909 5198 2097 5239 contra

858 5284 1030 5353 ipsum
1058 5283 1311 5338 Octavius
1360 5282 1583 5353 Reguli,
1629 5280 1889 5347 Mancini,
1943 5279 2097 5334 Pauli

862 5386 1023 5445 atque
1061 5374 1289 5429 Gzesarts
1340 5375 1584 5444 exempla
1632 5381 1927 5442 retorquet.
1979 5369 2095 5426 Non

858 5465 1031 5535 magis
1066 5467 1191 5520 item
1222 5465 1451 5521 validam
1480 5478 1602 5520 esse
1629 5467 1846 5535 petitam
1873 5478 1940 5517 ex
1967 5478 2092 5518 ora-

860 5558 995 5614 culis
1045 5559 1599 5628 argumentationem,
1660 5557 1780 5612 atiis
1828 5558 2093 5627 exemplis

853 5652 1204 5706 demonstrat.
1990 5648 2097 5708 520

499 5744 1013 5811 CerORVILQuod
1064 5754 1121 5797 ut
1150 5742 1320 5800 solide
1356 5754 1605 5814 prmstet,
1640 5760 1750 5800 rem
1783 5744 1945 5800 altius
1987 5755 2042 5800 et
2064 5760 2096 5800 a

893 5840 1061 5914 prima
1092 5850 1187 5892 sua
1227 5838 1432 5909 origine
1455 5840 1667 5911 repetit.
1698 5838 1963 5896 Nimirum
2010 5854 2096 5895 cr-

2580 432 2720 487 roris
2751 428 2871 485 fons
2897 427 2999 482 iste
3024 443 3037 481 :
3066 424 3343 480 daemones
3386 417 3482 476 sub
3506 421 3671 476 statuis
3694 431 3738 476 et

2583 523 2903 595 imaginibus
2964 519 3327 583 delitescunt,
3385 526 3737 571 commorantur

2582 617 2635 672 in
2665 616 2801 671 fanis
2820 658 2835 682 ,
2865 624 3108 669 extorum
3144 610 3305 665 libras
3333 606 3737 668 anitnant.avitnu

2584 710 2795 764 volatus
2820 708 3157 779 gubernant,
3195 700 3359 757 fortes
3404 709 3609 771 regunt,
3646 714 3740 753 ora-

2588 805 2706 859 cula
2741 802 3000 867 fundunt,
3045 798 3190 852 falsis
3231 794 3461 850 involuta
3490 793 3739 863 responsis.

2598 893 2977 951 Verumtamen
3011 890 3126 944 hzec
3156 900 3260 942 nOn
3291 900 3320 939 a
3358 884 3490 950 Deo,
3515 884 3601 938 sed
3636 900 3661 938 a
3696 899 3742 939 se

2587 989 2718 1059 ipsis
2745 987 2881 1042 facta
2915 984 2987 1040 fui
3008 998 3081 1039 se
3118 980 3276 1037 fateri
3330 987 3609 1048 coguntur,
3643 993 3741 1032 cum

2582 1095 2611 1135 a
2642 1077 2960 1135 Christianis
2999 1091 3094 1147 per
3134 1073 3301 1129 Deum
3333 1086 3509 1127 verum
3532 1069 3741 1137 adiurati,

2585 1174 2653 1229 ab
2698 1172 2936 1228 obsessis
2981 1167 3301 1240 corporibus
3349 1163 3603 1235 fugantur.
3638 1161 3744 1217 Hinc

2585 1284 2716 1325 vero
2744 1267 3080 1323 ChristianoS
3115 1264 3184 1319 de
3229 1261 3474 1334 proximo
3528 1257 3741 1327 fugitant;

2585 1370 2901 1431 tantumque
2955 1356 3233 1431 gentilium
3296 1355 3349 1409 in
3415 1367 3507 1408 eos
3552 1350 3746 1405 excitant

2591 1454 2811 1521 odium,
2865 1460 2926 1508 ut
2952 1451 3073 1507 illos
3101 1456 3225 1503 ante
3272 1446 3524 1516 incipiant
3565 1442 3741 1505 odisse,

2587 1561 2750 1618 quam
2805 1557 2967 1599 nosse
2996 1559 3011 1597 :
3043 1556 3111 1597 ne
3153 1539 3403 1611 cognitos
3450 1547 3538 1590 aut
3586 1530 3747 1588 imitari

2589 1640 2820 1709 possint.
2854 1644 2949 1690 aut
2981 1633 3241 1689 damnare
3267 1644 3375 1685 non
3402 1627 3612 1698 possint.
3664 1621 3748 1678 325

2031 1763 2095 1803 ο-
2194 1729 2756 1801 ϐΑΡ.ΧΧῩΠΙ.Νε‹ιιιθ
2783 1728 2965 1783 odium
2988 1726 3187 1791 Solum,
3235 1722 3331 1779 sed
3361 1720 3578 1775 nefanda
3616 1717 3748 1771 etiam

2621 1825 2728 1881 illis
2776 1821 3014 1877 inferunt
3060 1818 3287 1873 crimina
3309 1858 3326 1883 ,
3366 1829 3487 1885 qua:
3514 1829 3542 1866 a
3572 1809 3748 1865 nemine

2624 1915 2838 1988 probari
2890 1914 3153 1969 hactenus
3205 1916 3513 1980 potuerunt.
3572 1903 3652 1960 Sic
3687 1909 3751 1955 est

2615 2008 2888 2079 negotium
2944 2005 3271 2059 daemonum.
3326 1998 3416 2054 Ab
3468 1995 3591 2066 ipsis
3636 1993 3749 2048 enim

2619 2118 2803 2159 rumor
2841 2100 3008 2156 falsus
3031 2108 3087 2153 et
3111 2095 3330 2160 seritur,
3358 2101 3420 2148 et
3446 2090 3657 2146 fovetur.
3683 2084 3750 2139 ln-

2622 2196 2915 2251 victiSsitne
2940 2199 3118 2246 autem
3148 2188 3487 2243 demonstrat
3510 2178 3749 2242 Octavius,

2631 2286 2970 2343 Christianos
2999 2279 3306 2350 sacrilegii,
3356 2278 3589 2332 incestus
3611 2314 3624 2336 ,
3660 2280 3752 2325 stu-

2622 2381 2733 2451 pri,
2788 2376 3063 2448 parricidii
3112 2383 3220 2428 lam
3275 2369 3418 2425 falso
3466 2360 3750 2428 insimulari,

2624 2487 2785 2545 quam
2836 2479 3043 2525 certum
3093 2478 3393 2536 verumque
3441 2468 3557 2517 erat
3600 2456 3752 2513 eadem

2622 2579 2846 2638 prorsus
2872 2563 3096 2618 crimina
3118 2602 3135 2629 ,
3191 2567 3284 2614 aut
3325 2556 3416 2612 his
3452 2552 3657 2610 omnino
3695 2550 3753 2603 si-

2621 2659 2771 2713 milia
2851 2667 3013 2726 atque
3083 2653 3321 2724 majora,
3400 2651 3471 2706 ab
3553 2647 3757 2717 ipsisutet

2624 2752 2856 2808 ethnicis
2891 2764 3084 2820 reapse
3112 2744 3403 2804 committi.
3672 2737 3755 2793 527

2197 2848 2327 2907 CAP.
2356 2846 2552 2907 XXIX.
2576 2846 2685 2903 Nec
2701 2846 2870 2916 magis
2887 2857 3075 2899 verum
3098 2841 3374 2895 hominem
3415 2837 3559 2894 cruci
3577 2842 3756 2908 prolttcr

2622 2953 2717 2994 sua
2747 2936 2972 2992 crimina
3015 2934 3235 2988 aftixmn
3265 2948 3295 2984 a
3325 2929 3639 2985 Christianis
3657 2924 3754 2980 coli.

2622 3028 2757 3085 Nam
2799 3042 2923 3083 eum
2970 3041 3076 3080 non
3104 3023 3269 3080 modo
3297 3022 3659 3084 itmoceatetn,
3681 3011 3757 3070 sed

2628 3123 2796 3178 Deum
2826 3123 2987 3176 etiam
3016 3134 3137 3174 esse
3167 3117 3361 3172 merito
3388 3116 3623 3170 credunt.
3646 3111 3756 3167 Con-

2628 3224 2708 3270 tra
2747 3228 2874 3268 vero
2921 3210 3122 3267 ethnici
3179 3223 3368 3280 regum
3422 3206 3477 3262 in
3522 3205 3759 3262 deosase

2623 3307 3017 3377 adscriptorum
3088 3303 3342 3358 invocant
3412 3301 3658 3363 numina,
3706 3290 3758 3346 ad

2622 3401 2884 3471 imagines
2913 3398 3253 3471 supplicant,
3281 3407 3580 3465 eorumque
3604 3388 3757 3461 genios

2624 3498 2934 3567 implorant.
3676 3480 3755 3538 551

2196 3595 2325 3654 Ctr.
2351 3592 2527 3651 XXX.
2553 3586 3076 3662 lmpudentissimam
3118 3588 3332 3658 quoque
3371 3594 3500 3640 esse
3522 3580 3588 3637 de
3614 3584 3760 3650 potato

2623 3697 2653 3737 a
2694 3680 3016 3739 Christianis
3066 3676 3285 3731 infantis
3313 3690 3345 3728 a
3377 3690 3439 3729 se
3464 3671 3623 3729 occisi
3664 3681 3759 3720 san-

2623 3777 2785 3850 guine
2868 3772 3193 3828 calumniam
3259 3766 3467 3824 evincit
3529 3759 3759 3819 Octavius.

2628 3866 2843 3926 Ethnici
2869 3882 3018 3929 vero,
3064 3863 3241 3933 inquit
3283 3871 3339 3916 et
3371 3872 3568 3931 pueros
3607 3863 3761 3909 recens

2627 3973 2784 4019 natos
2825 3958 3117 4015 crudeliter
3154 3962 3475 4023 exponunt,
3526 3959 3579 4005 et
3615 3947 3760 4020 prius-

2630 4070 2789 4127 quam
2814 4060 3121 4113 nascantur,
3142 4047 3347 4104 crudeli
3374 4053 3568 4102 necant
3585 4040 3759 4095 abortu.

2625 4146 2945 4206 Christianis
2976 4142 3325 4198 homicidium
3354 4152 3461 4197 nec
3486 4137 3657 4192 videre
3680 4130 3758 4194 fast

2622 4257 2726 4298 nec
2748 4239 2953 4296 audire.
3680 4221 3762 4279 335

2200 4348 2331 4404 Car.
2355 4342 2641 4403 XXXI.Ab
2666 4343 2813 4398 omni
2852 4341 3013 4395 etiam
3043 4333 3513 4393 verisimilitudine
3539 4342 3635 4387 tam
3659 4324 3763 4380 alie-

2628 4448 2755 4490 num
2807 4443 2891 4487 est
2956 4429 3101 4500 quod
3152 4425 3479 4505 Christianis
3530 4420 3761 4493 objicitur,

2630 4525 2893 4597 pollutum
2919 4524 3119 4578 incesto
3144 4517 3473 4576 convivium,
3502 4524 3650 4587 quin
3669 4520 3764 4564 cotr

2629 4628 2738 4675 stat
2767 4617 2956 4673 incesti
2984 4629 3106 4668 reos
3154 4624 3347 4667 revera
3390 4626 3516 4666 esse
3550 4602 3761 4678 gentiles.

2629 4713 3059 4771 Christianorum
3108 4705 3359 4763 convivia
3420 4716 3530 4771 non
3592 4704 3762 4751 tantum

2630 4809 2859 4878 pudica,
2917 4803 3010 4859 sed
3061 4811 3117 4857 et
3162 4799 3371 4856 Sobria.
3421 4795 3644 4851 Tantum
3686 4785 3765 4841 de.

2631 4902 2792 4971 nith
2844 4898 3000 4952 abest
3050 4894 3236 4949 incesti
3275 4889 3512 4961 cupido,
3562 4895 3615 4941 ut
3658 4894 3766 4937 non-

2629 4992 2792 5049 nullis
2836 4990 3022 5046 rubori
3071 4990 3143 5044 sit
3196 4984 3369 5041 etiam
3418 4981 3609 5054 pudica
3655 4990 3763 5031 cou-

2622 5085 2852 5156 junctio.
3681 5062 3764 5123 535

2198 5184 2331 5240 Car.
2353 5179 2759 5253 XXXII.Neque
2785 5179 2889 5234 dici
2923 5182 3133 5247 potest,
3166 5170 3508 5228 Christianos
3528 5164 3765 5223 occultare

2628 5277 2769 5349 quod
2790 5275 3006 5337 eolunt,
3036 5268 3287 5341 quoniam
3339 5268 3490 5322 nulla
3538 5261 3762 5349 delubra.

2618 5347 2727 5426 null
2747 5384 2897 5440 isque
2916 5381 3039 5421 aras
3052 5364 3270 5419 habent.
3297 5361 3616 5416 Persuasum
3630 5347 3764 5420 siqui-

2612 5464 2733 5518 dem
2763 5461 2893 5531 ipsis
2937 5470 3054 5524 est,
3106 5471 3213 5511 non
3266 5466 3428 5523 posse
3480 5451 3640 5506 Deum
3678 5440 3764 5497 ullo

2612 5530 2814 5624 templo
2840 5547 3212 5607 circumscribi
3236 5586 3252 5610 ,
3280 5546 3372 5599 aut
3403 5544 3531 5614 tingi
3560 5537 3687 5595 illius
3707 5530 3765 5588 si-

2608 5648 2927 5703 mulacrum.
2963 5639 3175 5711 Ubique
3202 5647 3381 5692 autem
3411 5643 3650 5705 praesens
3670 5638 3765 5711 out.

2613 5740 2699 5794 nia
2753 5736 2931 5801 videt,
3000 5709 3164 5790 etiam
3216 5727 3542 5785 secretiOres
3601 5709 3765 5776 mentis

2611 5844 2810 5890 nostra:
2837 5828 3223 5902 cogitationes;
3256 5838 3320 5879 ac
3343 5834 3512 5895 prope
3532 5830 3645 5875 cum
3668 5809 3761 5881 illa,
3808 5792 3826 5902 ἐ
