3980 6302
455 277 564 335 367

1814 264 2018 327 ΜΚ]Ᾰί
2059 265 2413 329 HOLSTENll

3621 280 3704 344 568

458 408 616 450 usum
643 395 888 447 accurata
915 386 1246 460 antiquitatis
1275 385 1508 457 cognitio
1525 381 1590 439 ad
1614 383 1878 455 reliquum
1897 397 2057 438 omne
2085 384 2138 444 Α
2165 400 2269 441 non
2297 385 2572 441 dubitarit.
2608 384 2775 458 Ilujus
2818 388 3125 459 exemplum
3153 396 3336 459 postea
3362 389 3600 462 Rigaltius
3618 396 3703 454 ιιιο

460 486 760 541 studiorum
802 497 972 554 genus
997 480 1294 536 ornandum
1317 519 1331 541 ,
1361 477 1770 549 augendumque
1820 485 2055 546 praestet.

461 575 594 630 Cum
620 575 764 631 enim
794 585 942 629 recte
979 571 1268 642 judiCares,
1303 569 1434 624 nihil
1463 570 1512 623 in
1560 568 1812 624 Veterum
1845 567 2054 638 scriptis

454 677 566 725 tam
619 668 947 733 abstrusum,
979 675 1072 720 aut
1117 664 1402 719 obscurum
1433 661 1770 727 delitescere,
1799 661 1925 732 quin
1972 659 2056 714 lu-

457 775 578 817 cem
607 761 837 831 aliquam
863 776 894 814 a
923 757 1111 829 priscis
1133 761 1492 811 monumentis
1523 754 1752 810 mutuari
1778 752 1965 824 possit,
1989 767 2052 808 ea

457 852 556 907 tibi
582 867 740 908 causa
769 852 884 916 fuit,
918 865 1014 906 cur
1041 849 1378 905 bibliotheca:
1398 891 1413 914 ,
1451 863 1610 920 quam
1641 846 2048 903 celeberrimam

451 945 779 1010 instruxisti,
811 952 1045 999 veterum
1079 942 1398 1010 tabularum,
1432 943 1728 1012 signorum,
1758 939 2047 994 numisma-

450 1047 592 1104 tum,
622 1048 676 1093 et
703 1037 1105 1106 inscriptionum
1129 1035 1550 1106 suppellectilem
1569 1034 1840 1107 copiosam
1863 1032 2050 1103 adjun-

450 1132 635 1200 xeris;
668 1140 725 1186 ut
752 1131 1055 1187 universam
1089 1131 1314 1187 erudita:
1360 1130 1687 1200 antiquitatis
1733 1132 2045 1185 memoriam

447 1225 730 1281 doctorum
785 1225 1060 1280 hominum
1111 1223 1280 1280 oculis
1331 1223 1678 1294 speetandam
1731 1223 2043 1293 subjiceres.

444 1316 600 1373 Nunc
622 1333 734 1373 rem
763 1318 930 1388 ipsam
957 1331 1240 1387 cognosce.

517 1409 730 1464 Nummi
754 1419 964 1464 veteres
986 1409 1166 1463 Diana:
1196 1407 1443 1478 Ephesia;
1471 1407 1649 1479 efligie
1677 1407 1888 1478 signati,
1914 1421 2046 1477 quo-

445 1518 566 1558 rum
599 1502 884 1557 nonnullos
917 1501 1124 1556 tabella:
1164 1500 1430 1572 adjuncta:
1468 1500 1758 1566 exhibent,
1786 1514 1851 1556 eo
1879 1515 1906 1552 a
1936 1509 2046 1553 sta-

443 1599 550 1652 tuis
605 1595 879 1652 Mcnetreii
932 1595 1190 1649 industria
1241 1594 1513 1665 productis
1551 1593 1849 1658 differunt,
1900 1591 2040 1662 quod

443 1696 610 1752 Deam
637 1708 988 1749 mammarum
1020 1692 1259 1760 pondere
1306 1700 1554 1745 onustam
1597 1689 1780 1744 fulcris
1826 1687 2045 1758 quibus-

2177 478 2340 544 tetim,
2379 486 2435 532 et
2482 477 2809 550 nuperrime,
2850 480 3037 536 iterata
3092 481 3346 550 editione,
3399 484 3559 542 Batavi
3605 500 3705 546 sunt

2160 569 2350 625 secuti.
2373 569 2484 625 Nec
2511 586 2697 640 parum
2729 572 2966 643 praesidii
2998 573 3121 630 huic
3148 575 3478 632 conﬁdentia:
3500 579 3702 636 attulisse

2158 660 2370 720 videtur
2397 663 2534 719 Justi
2582 663 2751 734 Lipsii
2796 665 3109 730 auctoritas,
3157 683 3318 737 quem
3365 671 3700 728 correctionem

2158 756 2314 812 istam
2345 758 2410 812 ad
2442 758 2823 816 TacitiAunal.
2853 761 2946 816 lib.
2975 776 3053 825 ιιι,
3087 759 3461 828 comprobasse
3485 762 3701 818 sciebant.

2158 847 2227 904 Et
2253 849 2306 904 hi
2334 850 2552 921 quidem
2590 867 2778 908 omnes
2822 867 2942 909 cum
2973 866 3160 923 presso
3198 851 3422 922 vestigio
3455 851 3614 909 Ursini
3638 869 3703 910 sc-

2155 945 2340 1000 milam
2363 946 2683 1015 calcassent,
2718 947 2986 1003 diversam
3027 945 3218 1002 institit
3259 945 3600 1002 Geverhartus
3636 947 3706 1002 El-

2154 1036 2537 1102 menhorstius,
2571 1037 2732 1094 homo
2759 1054 2889 1094 sane
2912 1037 3052 1093 haud
3084 1037 3365 1109 indiligens
3399 1037 3520 1108 :qui
3544 1037 3705 1093 Roma-

2154 1145 2279 1184 nam
2316 1130 2601 1186 lectionem
2633 1139 2847 1187 mutare
2877 1147 2981 1185 non
3010 1145 3193 1196 ausus,
3223 1129 3527 1199 trajectione
3552 1131 3706 1186 verbo-

2152 1238 2270 1278 rum
2302 1223 2478 1278 locum
2511 1225 2705 1279 misere
2733 1224 2934 1279 luxavit
2975 1224 3026 1278 in
3075 1224 3310 1278 editione
3361 1221 3704 1292 Hauihurgensi

2152 1314 2363 1384 majori,
2411 1314 2498 1370 ubi
2547 1313 2764 1371 Minucii
2808 1316 2966 1371 verba
3009 1316 3080 1369 ita
3119 1314 3417 1370 deformata
3456 1314 3700 1384 leguntur:

2152 1406 2322 1462 Diana
2347 1409 2544 1464 interim
2569 1423 2640 1463 est
2665 1409 2769 1464 alte
2801 1411 3058 1464 succincta
3087 1410 3321 1464 venatrix
3341 1409 3542 1463 verubus
3563 1417 3706 1463 extru-

2150 1511 2261 1565 cta;
2284 1510 2331 1556 et
2366 1501 2590 1572 Ephesia
2620 1503 2853 1557 mammis
2888 1503 3090 1568 multis;
3116 1511 3160 1558 et
3189 1501 3364 1558 Trivia
3396 1501 3535 1557 trinis
3557 1500 3708 1572 capiti-

2150 1594 2259 1661 bus,
2293 1606 2397 1651 etc.

2222 1685 2328 1742 Sed
2367 1685 2484 1741 haec
2523 1688 2728 1744 leviora
2771 1697 2898 1745 sunt
2935 1704 3046 1760 prae
3085 1690 3211 1755 illis,
3244 1705 3364 1760 qua:
3384 1688 3491 1760 jam
3525 1696 3634 1744 ante
3653 1686 3707 1743 ad

443 1786 568 1842 dam
591 1786 706 1841 sive
733 1783 984 1850 deSIinis,
1005 1799 1143 1854 quos
1168 1783 1436 1852 scipiones
1472 1781 1709 1836 nodosos
1737 1781 2010 1836 existimes
2027 1822 2040 1845 ,
2075 1789 2123 1850 Β
2150 1778 2399 1834 eumdem
2425 1779 2640 1835 Minucii
2665 1781 2837 1836 locum
2864 1792 3199 1839 commentus
3231 1782 3408 1839 fuerat
3437 1784 3609 1839 Petrus
3626 1781 3709 1837 Fa-

438 1881 691 1948 utrinque
711 1879 1005 1949 subrigant.
1031 1877 1212 1948 anue
1243 1878 1293 1930 in
1316 1893 1373 1931 re
1394 1877 1464 1931 ita
1479 1885 1792 1932 constanter
1813 1891 2042 1930 consen-

437 1975 581 2029 tiunt
605 1987 814 2038 omnes,
845 1979 1105 2042 quotquot
1131 1969 1260 2036 vidi,
1308 1969 1416 2024 vidi
1453 1979 1631 2024 autem
1673 1984 1831 2040 quam
1874 1968 2040 2038 pluri-

437 2083 579 2135 mos,
624 2078 681 2122 ut
724 2067 1065 2122 simulacrum
1118 2065 1406 2135 Ephesium
1457 2065 1585 2120 olim
1633 2065 1823 2120 eodem
1877 2063 2039 2119 modo

429 2162 705 2218 sulfultum
757 2161 919 2215 fuisse
951 2160 1172 2214 omnino
1199 2157 1575 2212 afﬁrmandum
1605 2167 1811 2227 putem.
1851 2156 2038 2226 Neque

435 2270 568 2311 vero
597 2270 659 2311 ea
686 2253 753 2310 de
784 2269 843 2310 re
869 2268 968 2310 nos
996 2252 1247 2308 dubitare
1293 2252 1554 2320 permittit
1593 2251 1807 2306 Minucii
1845 2250 2036 2308 Felicis

435 2346 781 2404 eruditissimi
809 2345 1086 2417 scriptoris
1133 2345 1314 2410 locus,
1347 2343 1437 2399 ubi
1475 2344 1660 2398 Diana:
1682 2344 1930 2414 Ephesiae
1956 2345 2033 2399 si-

432 2452 595 2510 gnum
623 2439 869 2493 mammis
897 2437 1077 2492 multis
1100 2436 1442 2506 verubusque
1468 2444 1769 2491 extructum
1797 2451 2034 2490 comme-

430 2543 626 2586 morat.
649 2532 752 2588 Sed
779 2531 833 2586 in
878 2531 980 2586 isto
1008 2531 1127 2584 loco
1167 2529 1524 2600 pervertendo
1550 2528 1872 2585 Criticornm
1901 2545 2031 2584 acu-

431 2639 556 2680 men
589 2624 812 2678 mirifice
834 2621 1091 2677 hactenus
1121 2636 1242 2677 sese
1264 2621 1502 2677 exercuit
1528 2620 1696 2676 :adeo
1717 2621 1931 2691 quidem
1950 2630 2027 2688 ut,

429 2719 533 2773 nisi
560 2717 806 2774 vindicia:
831 2732 896 2773 ex
927 2717 1076 2772 libris
1108 2727 1162 2771 et
1193 2717 1553 2772 monumentis
1577 2717 1808 2788 antiquis
1836 2732 2032 2788 oppor-

431 2821 560 2867 tune
577 2810 791 2877 dentur,
821 2809 1044 2881 posthac
1069 2809 1278 2864 futurus
1307 2809 1378 2864 sit
1402 2809 1745 2868 inteStahilis.

503 2904 635 2960 Rem
663 2903 863 2959 clarius
905 2901 1135 2972 explica,
1179 2909 1253 2966 ut,
1289 2917 1447 2972 quam
1474 2901 1758 2958 infeliciter
1784 2903 1936 2958 Felix
1962 2902 2030 2957 ab

429 2997 730 3053 editoribus
755 3003 1044 3066 exceptus,
1085 2993 1405 3062 habitusque
1443 2993 1633 3058 fuerit.
1663 2995 1872 3066 penitus
1904 3010 2028 3066 per-

427 3088 704 3159 spiciatut‘.
731 3085 987 3157 Princeps
1013 3085 1252 3140 Romana
1273 3084 1440 3141 editio
1467 3101 1495 3139 a
1520 3085 1718 3141 Fausto
1744 3085 1936 3141 Sabazo
1959 3085 2026 3140 ad

2147 1870 2265 1934 her,
2293 1872 2520 1929 celebris
2552 1875 2726 1944 legum
2766 1875 3012 1943 antistes,
3048 1877 3169 1932 libr.
3202 1893 3296 1945 ut,
3335 1879 3584 1934 Semestr.
3609 1893 3707 1948 cap.

2145 1964 2279 2020 5.13
2330 1965 2442 2021 acri
2494 1967 2855 2038 disputatione
2903 1970 3174 2027 lacessens
3222 1973 3280 2028 S.
3335 1972 3706 2044 Hieronymum,

2142 2057 2286 2130 quod
2321 2059 2542 2115 Dianam
2573 2062 2864 2132 Ephesium
2894 2065 3362 2120 multiinammiam
3394 2082 3421 2119 a
3453 2067 3708 2132 venatrice,

2143 2170 2262 2225 qua:
2292 2171 2475 2212 arcum
2510 2167 2678 2225 tenet,
2710 2159 2925 2231 alteque
2953 2161 3226 2217 succincta
3253 2171 3338 2217 est
3358 2204 3376 2229 ,
3409 2162 3708 2230 distinxerit;

2142 2264 2338 2319 magno
2387 2249 2628 2321 quidem,
2667 2251 2765 2308 sed
2811 2253 2966 2308 irrito
3003 2264 3201 2310 conatu
3249 2255 3500 2312 evincere
3540 2255 3710 2325 studet,

2140 2341 2394 2402 Cererem
2422 2363 2770 2403 inammosam
2806 2348 3024 2405 Veteres
3051 2351 3284 2414 novisse,
3322 2351 3540 2407 Dianam
3569 2367 3710 2406 mam-

2139 2452 2346 2494 mosam
2381 2440 2675 2511 ignorasse.
2700 2441 2934 2513 Ideoque
2974 2441 3187 2498 Minucii
3219 2443 3406 2509 verba,
3442 2461 3507 2502 ue
3549 2445 3710 2501 Hiero«

2139 2533 2284 2604 nymi
2307 2547 2524 2588 causam
2557 2533 2745 2603 juvent
2764 2576 2780 2602 ,
2807 2536 3194 2608 distorqueudo
3218 2538 3631 2610 corrigendoque
3648 2537 3712 2593 sic

2137 2626 2426 2696 interpolat
2469 2645 2482 2683 :
2516 2627 2688 2684 Diana
2727 2631 2930 2685 interim
2970 2641 3042 2686 est
3083 2631 3186 2688 alte
3227 2633 3485 2688 succincta
3518 2632 3713 2688 venatrix

2137 2718 2363 2790 Ephesia
2393 2731 2439 2776 et
2471 2724 2704 2776 mammis
2733 2724 2908 2778 multis
2948 2721 3100 2780 Ceres
3139 2735 3395 2780 extructa.
3444 2727 3592 2794 Atqui
3630 2724 3713 2779 hoc

2137 2824 2240 2879 est,
2268 2829 2373 2868 non
2395 2814 2743 2885 depravatum
2772 2816 3035 2887 castigare
3062 2817 3261 2884 locum,
3285 2818 3435 2889 quod
3459 2820 3567 2889 ipse
3585 2818 3644 2872 de
3665 2831 3714 2872 se

2135 2906 2438 2976 praedicat,
2487 2907 2582 2964 sed
2642 2907 2908 2980 integrum
2965 2925 3332 2980 corrumpere.
3388 2912 3714 2968 Abstinuisset

2135 3001 2322 3072 utique
2375 3002 2575 3058 infelici
2626 3004 3027 3060 concertatione
3075 3015 3254 3061 tantus
3301 3006 3410 3072 vir,
3462 3006 3507 3061 si
3559 3005 3714 3060 Diana:

2136 3091 2386 3162 Ephesiae
2433 3095 2644 3165 signum
2680 3103 2867 3164 vetus,
2899 3104 2995 3151 aut
3019 3111 3292 3166 nummos,
3319 3098 3412 3154 vel
3463 3113 3552 3168 per
3593 3107 3713 3152 tran-

428 3182 670 3238 Vatieani
709 3180 911 3236 codicis
965 3179 1126 3236 ﬁdem
1168 3188 1446 3249 procurata
1499 3180 1568 3233 ita
1622 3179 1821 3242 locum,
1867 3194 2024 3250 quem
2055 3184 2102 3249 C
2134 3199 2356 3242 sennam
2385 3186 2730 3258 inspexisset.

425 3275 558 3342 dixi,
587 3273 842 3331 exhibet:
871 3271 1039 3326 Diana
1060 3272 1258 3326 interim
1288 3281 1359 3326 est
1382 3272 1484 3325 alte
1497 3273 1747 3327 succincta
1764 3273 2028 3343 venatrix;

426 3380 476 3424 et
498 3367 725 3440 Ephesia
741 3366 974 3421 mammis
995 3366 1166 3420 multis
1193 3375 1238 3420 et
1257 3365 1469 3420 verubus
1495 3375 1759 3433 extructa;
1789 3377 1835 3421 et
1859 3367 2029 3422 Trivia

431 3464 580 3518 trinis
609 3461 857 3532 capitibus
883 3475 929 3515 et
955 3461 1127 3515 multis
1158 3461 1392 3515 manibus
1422 3461 1682 3529 barri/ica.
1718 3460 1790 3515 Ita
1833 3462 2026 3532 triplex

431 3555 594 3610 unius
647 3555 824 3609 Dianae
883 3569 1080 3607 numen
1159 3553 1299 3606 nmis
1351 3551 1622 3623 signisque
1675 3552 2027 3620 peculiaribus

424 3656 680 3703 accurate
727 3660 793 3700 ex
848 3643 1088 3698 fabulosa
1141 3644 1415 3715 gentilium
1475 3643 1740 3714 theologia
1787 3643 2029 3699 distinxit

424 3739 670 3795 eruditus
699 3737 945 3806 scriptor.
967 3736 1275 3792 Lectionem
1302 3735 1484 3804 prima:
1506 3736 1753 3790 editionis
1776 3735 2026 3807 religiose

430 3832 666 3888 servavit
708 3829 1045 3895 Basileensis,
1086 3840 1140 3884 et
1179 3827 1644 3899 Heidelbergensis
1674 3827 1862 3884 Fianc.
1907 3829 2027 3884 Bal-

433 3925 579 3982 duini
608 3943 622 3990 ;
655 3934 762 3978 tum
787 3923 1026 3978 Romana
1061 3922 1343 3993 posterior,
1376 3937 1494 3992 qua:
1530 3937 1593 3977 ex
1624 3920 1797 3975 Fulvii
1842 3919 2024 3977 Ursini

428 4021 748 4076 recensione
790 4016 1010 4088 prodiit;
1041 4015 1141 4070 nisi
1169 4015 1312 4086 quod
1356 4015 1717 4085 conjecturam
1747 4031 1898 4071 suam
1944 4017 2026 4072 vir

420 4111 824 4169 accuratissime
854 4109 1043 4164 doctus
1068 4108 1288 4178 margini
1315 4109 1627 4178 appingens,
1654 4125 1760 4163 non
1787 4109 2022 4177 verubus,

419 4206 520 4263 sed
573 4205 809 4260 uberibus
861 4202 1145 4274 legendum
1197 4211 1429 4257 moneat.
1488 4202 1746 4258 Desiderii
1812 4203 2022 4258 lleraldi

419 4296 738 4353 Parisiensis
765 4294 1025 4351 Advocati
1054 4294 1218 4350 editio
1255 4293 1451 4364 duplex
1491 4293 1684 4350 deinde
1726 4295 2020 4351 Romanam

417 4391 716 4448 lectionem
765 4388 1050 4459 expressit,
1079 4387 1172 4442 sed
1203 4387 1370 4444 altera
1409 4386 1604 4441 veribus
1645 4403 1750 4444 una
1789 4389 2019 4445 litterula

415 4493 622 4540 mutata
646 4498 742 4553 pro
769 4481 982 4536 verubus
1011 4480 1247 4544 exhibet,
1273 4495 1342 4535 ex
1376 4481 1512 4546 ipso,
1542 4491 1598 4535 ut
1632 4491 1814 4548 notat,
1850 4483 2019 4538 veteri

2206 3279 2510 3352 Adjungam
2543 3282 2908 3352 superioribus
2944 3283 3216 3341 celebrem
3264 3298 3414 3340 nunc
3457 3285 3508 3340 in
3555 3281 3714 3340 Galliis

2137 3371 2335 3438 virum,
2362 3372 2462 3428 fori
2509 3373 2667 3444 hujus
2706 3374 2996 3446 antiquarii
3033 3391 3239 3447 regem,
3285 3375 3486 3431 Joanu.
3534 3374 3711 3430 Trista-

2134 3480 2262 3521 num
2312 3465 2363 3520 Is
2391 3473 2534 3521 tomo
2562 3465 2604 3530 Ι,
2635 3467 2855 3524 exhibet
2894 3485 3173 3524 nummum
3213 3469 3588 3532 ΚΔΔΟΗΝΩΝ.
3618 3468 3714 3524 sive

2135 3558 2510 3615 Caduenorum
2541 3560 2634 3630 (ita
2658 3563 2802 3617 enim
2840 3561 3133 3632 Stephano,
3176 3563 3372 3630 Plinio,
3402 3564 3604 3634 sibique
3631 3559 3713 3631 ipsi

2133 3652 2260 3707 alibi
2290 3654 2467 3708 vocari
2493 3653 2818 3726 ostendam),
2863 3654 3044 3710 Diana:
3087 3654 3337 3724 Ephesiae
3387 3657 3614 3727 imagine
3655 3651 3716 3708 si-

2133 3756 2392 3816 gnatum;
2435 3748 2593 3818 eique
2642 3747 2959 3803 illustrando
3008 3757 3264 3805 vexatum
3300 3748 3519 3804 Minucii
3553 3747 3712 3802 locum

2133 3837 2331 3908 ingenii
2360 3839 2655 3909 periculum
2680 3849 2735 3895 et
2759 3839 2874 3909 ipse
2905 3838 3140 3894 facturus
3158 3840 3400 3896 adducit.
3427 3836 3716 3910 Repudiatis

2132 3928 2294 4000 igitur
2319 3931 2565 3995 verubus,
2591 3946 2751 4002 quam
2798 3947 2902 3986 non
2938 3933 3223 4003 genuinam
3267 3931 3486 3988 Minucii
3523 3943 3710 3992 vocem.

2131 4021 2226 4077 sed
2255 4021 2518 4088 Woweri,
2542 4022 2721 4078 omnia
2763 4023 2865 4078 alia
2893 4023 3196 4092 sentientis,
3228 4035 3592 4082 commentum
3618 4021 3715 4079 exi-

2130 4115 2316 4170 stimat
2339 4134 2358 4170 :
2383 4118 2618 4174 uberibus
2639 4119 2856 4190 quidem
2899 4121 3183 4192 legendum
3211 4134 3419 4191 censet,
3454 4123 3547 4180 sed
3575 4123 3711 4191 longe

2129 4208 2258 4274 alio,
2286 4226 2444 4279 quam
2473 4213 2652 4268 cwteri
2684 4229 2890 4280 omnes,
2942 4228 3126 4271 sensu.
3175 4214 3390 4273 Etenim
3435 4234 3556 4274 cuin
3595 4218 3714 4272 inter

2129 4314 2390 4356 mammas
2418 4311 2473 4358 et
2501 4303 2665 4361 ubera
2693 4318 2784 4361 aut
2815 4307 3046 4374 nullum,
3076 4318 3172 4364 aut
3192 4325 3296 4365 non
3329 4311 3434 4367 nisi
3465 4308 3711 4382 ineptissi-

2131 4407 2277 4448 mum
2304 4393 2594 4453 discrimen
2627 4414 2655 4452 a
2685 4399 3063 4458 Grammaticis
3092 4404 3252 4458 statui
3286 4404 3589 4461 rectissime
3617 4419 3713 4473 per-

2124 4487 2409 4555 spexisset,
2443 4488 2674 4560 ideoque
2711 4494 2797 4546 vix
2830 4493 2948 4549 sine
2990 4495 3123 4550 vitio
3174 4497 3524 4568 tautologiam
3572 4497 3708 4550 istam

415 4576 807 4646 manuscripto,
837 4573 927 4644 qui
957 4572 1149 4628 Leonis
1185 4571 1228 4626 Χ
1271 4572 1629 4627 munificentia
1657 4589 1725 4629 ex
1763 4573 2013 4631 Vaticana
2038 4581 2092 4642 D
2117 4593 2369 4637 accurato
2391 4591 2448 4640 et
2494 4599 2696 4656 pressae
2744 4586 2995 4643 dictionis
3038 4591 3287 4660 scriptori
3336 4591 3502 4647 tribui
3549 4604 3708 4662 posse,

413 4670 734 4726 bibliotheca
766 4668 818 4722 iii
851 4667 1047 4739 regiam
1083 4666 1346 4737 migravit.
1391 4667 1583 4722 Missus
1608 4669 1749 4723 enim
1785 4669 1879 4724 fuit
1917 4685 2011 4726 co-

413 4763 515 4819 dex
561 4763 649 4818 ille
678 4759 961 4831 singularis
1003 4759 1067 4813 ad
1109 4757 1454 4814 Frauciscum
1513 4776 1693 4830 regem
1739 4778 1840 4816 una
1889 4779 2009 4818 cum

414 4871 614 4911 excuso
641 4852 958 4925 exemplari,
988 4851 1128 4924 quod
1154 4852 1266 4922 ejus
1295 4852 1496 4906 nomini
1526 4852 1758 4910 editores
1787 4854 2012 4911 Romani

411 4947 814 5018 inscripserant.
847 4947 1004 5001 Levis
1037 4944 1123 4999 illa
1153 4945 1376 4999 mutatio
1418 4945 1703 5001 lleraldum
1758 4950 2007 5019 perpulit,

405 5051 470 5098 ut
502 5040 617 5110 ipse
664 5040 748 5096 vel
794 5038 1026 5093 uberibus
1069 5053 1187 5093 cum
1236 5036 1450 5104 Ursino,
1485 5041 1566 5094 vel
1595 5041 1850 5095 tuberibus
1884 5057 2006 5097 cum

407 5132 648 5204 Josepbo
676 5132 967 5203 Scaligero,
1015 5131 1296 5203 legendum
1340 5143 1624 5200 censeret;
1665 5135 1715 5188 in
1770 5136 2003 5205 priorem

415 5238 596 5283 tamen
629 5225 990 5295 conjecturam
1025 5226 1358 5295 propensior.

480 5322 549 5377 Et
574 5321 626 5376 bi
651 5319 862 5392 quidem
904 5321 1227 5390 conjecturis
1260 5329 1484 5378 eatenus
1533 5323 1901 5392 indulserunt,
1947 5335 2002 5382 ut

400 5423 554 5471 textu
585 5411 887 5468 Minuciano
914 5426 1103 5467 manus
1133 5411 1343 5466 interim
1372 5413 1722 5470 abstinerent.
1754 5419 1821 5471 At
1843 5426 2003 5474 etete-

393 5506 447 5563 ri
471 5505 726 5573 deinceps
749 5518 853 5557 non
877 5518 1031 5572 aeque
1058 5502 1274 5559 fuerunt
1307 5505 1560 5576 religiosi.
1598 5506 1730 5562 Nam
1761 5508 1999 5566 Joannes

400 5598 730 5665 Wowerius,
762 5597 893 5653 civis
924 5611 1075 5652 meus
1101 5637 1114 5659 ,
1159 5597 1400 5653 doctrina
1445 5608 1497 5654 et
1521 5599 1723 5669 judicio
1761 5603 1995 5671 alioquin

397 5692 662 5763 praeclare
686 5691 998 5755 instructus,
1028 5689 1207 5745 Ursini
1236 5695 1597 5762 conjecturam
1629 5694 1695 5750 ita
1718 5697 1995 5768 amplexus

393 5795 498 5857 est,
526 5795 586 5844 ut
615 5786 665 5842 in
693 5792 1003 5842 contextum
1041 5781 1256 5838 Minucii
1293 5799 1390 5855 pro
1431 5786 1706 5846 verissima
1751 5790 1995 5864 recipere

2118 4691 2373 4746 perquam
2401 4677 2677 4748 ingeniose
2705 4696 2954 4735 mammas
2977 4683 3166 4738 multas
3185 4723 3202 4750 ,
3233 4682 3513 4748 uberesque
3546 4683 3709 4739 Dianai

2117 4769 2363 4841 Ephesiae
2405 4773 2473 4828 de
2500 4775 2717 4844 turgidis
2767 4776 3025 4846 multoque
3063 4779 3192 4834 lacte
3229 4779 3464 4835 distentis
3518 4776 3712 4836 censuit

2114 4864 2479 4936 explicandas.
2533 4867 2650 4934 Quo
2694 4868 2908 4939 quidem
2947 4869 3150 4938 Ursini,
3195 4880 3250 4928 et
3293 4880 3563 4943 quotquot
3603 4870 3706 4941 ejus

2114 4959 2333 5028 vestigia
2376 4969 2562 5029 postea
2609 4960 2856 5032 legerunt
2904 4962 3226 5018 Criticornm
3275 4964 3704 5035 depravationem

2113 5061 2300 5122 aperte
2318 5052 2564 5125 jugulat;
2594 5054 2809 5112 Minucii
2843 5065 3020 5112 tamen
3060 5067 3293 5114 mentem
3321 5076 3430 5116 non
3460 5069 3544 5117 est
3570 5071 3704 5115 asse-

2109 5155 2283 5215 cutus,
2314 5149 2455 5219 quod
2483 5151 2686 5206 recenti
2717 5162 2774 5207 et
2805 5152 3140 5224 interpolata:
3179 5154 3442 5224 editioni,
3462 5171 3565 5229 qua
3591 5165 3704 5212 usus

2106 5238 2339 5306 videtur,
2374 5241 2534 5298 fidem
2566 5252 2768 5300 temere
2797 5245 3122 5302 adhibuerit.

2176 5331 2445 5388 C:eterum
2494 5334 2614 5390 istis
2638 5337 2892 5394 omnibus
2932 5338 2986 5394 in
3015 5340 3300 5410 perspicuo
3331 5341 3551 5398 Minucii
3596 5341 3702 5398 loco

2103 5425 2307 5490 oculos,
2341 5435 2684 5501 mentemque
2723 5432 2998 5503 glaucoma
3031 5436 3396 5505 praestrinxit,
3434 5437 3580 5509 quod
3616 5449 3700 5492 ne-

2103 5531 2366 5589 quaquam
2395 5521 2738 5590 exploratum
2769 5523 3062 5591 haberent,
3083 5541 3190 5597 quo
3222 5527 3530 5598 significatu
3557 5541 3698 5583 verita

2099 5611 2334 5682 antiquis
2373 5612 2570 5685 lingua:
2597 5615 2774 5672 latinae
2803 5618 3116 5675 auctoribus
3141 5620 3358 5691 proprie
3377 5620 3524 5676 dicta
3548 5633 3696 5676 acoe-

2099 5710 2296 5774 ptaque
2328 5705 2544 5763 fuerint.
2573 5707 2706 5764 Cum
2749 5711 2891 5766 enim
2923 5713 3184 5769 assatoria
3206 5713 3317 5777 illa.
3347 5714 3465 5770 sive
3487 5711 3695 5770 transﬁ-

2097 5796 2272 5866 xoria,
2305 5807 2364 5855 ut
2388 5799 2580 5872 Papias
2609 5811 2799 5873 vocat,
2828 5820 3054 5876 quorum
3085 5807 3140 5864 in
3167 5807 3394 5880 coquina
3439 5823 3571 5866 usus
3595 5813 3691 5876 est,
