3980 6302
267 317 360 377 569

1296 307 1638 366 EPISTULA
1678 305 1768 362 DE
1809 301 2134 361 VERUBUS
2174 301 2427 359 DIAN/E.

3431 301 3537 357 570

268 431 511 505 οιαιιωίη
541 429 737 486 Gallica
771 429 984 486 Minucii
1011 430 1449 502 interpretatione
1473 430 1668 485 merito
1691 422 2078 486 ridetAvidet
2129 420 2443 493 simpliciter
2503 418 2590 474 hic
2633 431 2690 476 et
2753 419 2998 475 absolute
3048 421 3172 477 ferri
3225 421 3275 476 in
3327 420 3530 492 virgam

267 528 536 590 Tristanus,
567 523 633 578 ad
675 523 894 578 Dianam
944 523 1226 594 Eplicsiam
1265 521 1641 578 exstruendam
1693 517 1830 573 nihil

267 620 524 693 quidquam
555 615 729 671 facere
759 615 1034 680 viderent;
1077 631 1184 669 non
1232 614 1334 669 nisi
1371 613 1438 668 de
1474 612 1674 669 verutis
1715 611 1830 668 sive

260 715 428 787 jaculis
458 712 629 765 Diana:
655 709 940 764 venatricis
969 708 1267 764 Minuciaua
1289 723 1440 762 verna
1469 707 1633 777 accipi
1664 704 1830 776 expli-

262 805 456 877 carique
486 817 642 875 pu.~se
659 817 764 857 uno
785 817 993 867 omnes,
1018 801 1160 873 quod
1193 801 1378 868 miror,
1407 815 1676 856 consensu
1699 814 1829 854 cen-

260 910 475 956 suerunt.
503 896 655 954 Unde
681 895 898 958 factum.
933 904 990 950 ut
1025 904 1104 950 tot
1135 894 1330 950 summi
1359 903 1411 948 et
1435 891 1826 962 incomparabi-

259 991 326 1048 les
352 991 442 1046 viri
479 988 543 1043 ad
573 1003 756 1044 vocem
787 986 933 1043 illam
963 987 1387 1056 interpolandam
1415 984 1657 1040 certatim
1698 999 1827 1040 con-

254 1086 500 1160 spirarint.
530 1085 642 1157 Ego
671 1099 799 1140 vero
818 1082 1075 1138 adversus
1102 1081 1438 1152 conjuratum
1469 1095 1657 1150 agmen
1675 1094 1827 1133 verna

253 1181 343 1236 ista
385 1189 527 1235 extra
580 1178 766 1232 vitium
817 1190 937 1231 esse
993 1173 1224 1240 afﬁrmo,
1276 1188 1444 1245 eaque
1495 1186 1595 1228 nec
1649 1171 1826 1227 Diana:

252 1272 494 1345 Ephesiae,
522 1285 623 1327 nec
671 1269 904 1325 Minucio
942 1265 1302 1323 subtralienda
1358 1264 1636 1336 pertendo.
1692 1263 1824 1318 Nam

249 1383 386 1424 verna
408 1367 542 1429 lucc,
575 1365 767 1436 quibus
793 1364 1012 1420 Dianam
1035 1377 1187 1416 suam
1210 1358 1556 1416 exstruebant
1585 1357 1822 1426 Ephesii,

249 1477 342 1519 non
372 1461 470 1532 pila
495 1470 591 1516 aut
610 1470 795 1515 veruta
809 1468 954 1525 sunt,
974 1456 1069 1512 sed
1093 1456 1352 1512 lulmenta
1375 1453 1548 1511 ferrea
1571 1453 1821 1524 oblenga,

246 1568 352 1624 qua:
375 1551 601 1607 brachiis
631 1549 903 1622 supposita
936 1557 1100 1604 totam
1139 1547 1420 1602 mammosi
1451 1545 1684 1617 pectoris
1702 1559 1820 1601 mo-
1867 1559 1880 1564 "
1903 1558 1926 1564 "

249 1645 342 1702 lem
367 1644 720 1702 sustinebant.

305 1739 425 1796 Cum
451 1739 594 1796 enim
622 1737 1054 1808 antiquissimum
1083 1735 1184 1790 hoc
1208 1735 1418 1805 signum
1449 1733 1515 1788 ad
1541 1732 1823 1806 ZEgyptio-

1931 515 2214 586 oblongam
2244 513 2488 586 producti
2535 528 2764 568 massam
2794 513 3036 585 intelligi.
3069 529 3172 586 qua
3198 514 3369 570 forma
3417 514 3530 572 fere

1929 620 2091 662 omne
2117 606 2313 662 ferrum
2341 605 2471 661 rude
2497 613 2553 661 et
2579 604 2832 661 infectum
2859 607 3017 677 vulgo
3049 608 3212 663 venit.

2007 698 2202 754 Verum
2231 698 2361 754 nihil
2391 698 2456 753 ad
2490 697 2702 754 Minucii
2731 708 2986 763 mentem,
3005 708 3060 754 et
3088 700 3182 765 rei,
3202 700 3269 755 de
3294 714 3396 770 qua
3418 700 3531 770 agi-

1931 799 2034 856 tur,
2095 791 2500 846 illustratiunem
2573 790 2750 846 afferri
2812 799 2989 861 potest
3034 793 3210 862 aptius
3280 793 3526 848 versibus

1929 883 2203 940 Prudentii
2255 899 2320 941 ex
2368 885 2527 954 priori
2579 896 2764 940 contra
2819 885 3203 957 Symmachum
3250 887 3527 952 carmine;

1926 978 2118 1048 quibus
2145 977 2475 1048 geminorum
2500 977 2718 1032 fratrum
2745 976 2981 1032 Castoris
3005 989 3058 1032 et
3085 978 3316 1033 Pollucis
3356 979 3528 1032 simu-

1927 1069 2069 1125 lacra
2099 1069 2352 1125 describit
2381 1084 2448 1124 eo
2492 1069 2674 1124 habitu
2724 1076 3005 1140 gestuque,
3037 1085 3143 1140 quo
3171 1081 3296 1124 tunc
3335 1070 3388 1124 in
3429 1083 3524 1124 sua

1926 1163 2026 1218 sibi
2071 1162 2186 1218 aede
2235 1161 2303 1218 ad
2354 1161 2496 1217 viam
2529 1176 2736 1218 sacram
2789 1162 3121 1218 visebantur.
3188 1163 3382 1218 Versus
3438 1162 3525 1217 isti

1925 1264 2050 1310 sunt
2077 1273 2089 1310 ἓ

2056 1405 2114 1442 ,Α
2139 1405 2151 1418 .
2222 1404 2233 1416 .
2270 1437 2279 1442 _
2306 1406 2316 1417 .
2346 1430 2358 1442 _
2387 1368 2580 1442 Gemini
2605 1381 2814 1442 quoque
2839 1370 3022 1442 fratres

2079 1431 2314 1497 Qorrupta
2329 1430 2394 1480 de
2410 1438 2568 1497 matre
2594 1430 2749 1497 nothi,
2793 1432 2978 1497 Ledeia
3003 1433 3186 1497 proles,

2079 1492 2413 1557 lﬁocturnique
2436 1496 2650 1556 equites.
2677 1495 2823 1544 celsae
2844 1494 2941 1544 duo
2967 1492 3159 1544 numina
3184 1495 3366 1554 Romae,

2082 1555 2396 1622 impendent"
2407 1555 2806 1622 reti‘nente‘veru
2815 1560 2838 1617 ,‘
2849 1561 3110 1622 magnique
3136 1557 3369 1620 triumphi

2079 1618 2261 1668 Nuntia
2282 1618 2469 1667 suffuso
2491 1618 2646 1682 ﬁgunt
2669 1621 2877 1683 vestigia
2904 1618 3121 1682 plumbo.

1925 1741 2190 1813 Grapliice
2214 1743 2451 1816 depingit
2479 1744 2763 1800 Dioscuros
2785 1746 3115 1801 currentium
3143 1755 3295 1816 gestu
3320 1748 3389 1802 ita
3407 1747 3495 1802 efti
3514 1778 3529 1790 -

242 1850 344 1891 rum
358 1833 763 1890 simulacrorum
787 1827 1192 1912 ittstarpedibus
1218 1835 1522 1883 essetarete
1547 1841 1819 1900 compres-
1854 1829 1900 1906 Β
1928 1837 2117 1906 giatos,
2151 1846 2228 1900 ut,
2246 1851 2400 1898 extra
2434 1838 2876 1908 perpendiculum
2909 1848 2962 1900 et
2981 1839 3136 1912 basin
3162 1841 3528 1910 prominentes

240 1930 322 1997 sis,
374 1927 578 1983 tantilla
605 1926 774 1996 ,δαεὶς
842 1924 1258 1995 superimposito
1307 1923 1550 1992 corporis
1603 1921 1825 1992 ponderi

239 2021 441 2077 ferendo
471 2021 670 2091 impar,
695 2017 1036 2074 adminiculis
1062 2014 1412 2071 suffulcienda
1469 2013 1597 2080 fuit;
1631 2013 1824 2084 quibus

237 2114 498 2169 subtractis
549 2113 856 2168 universam
895 2111 1090 2166 molem
1135 2107 1384 2164 fatiscere
1413 2117 1467 2163 et
1495 2107 1690 2163 collabi
1727 2124 1822 2162 nc-

236 2204 723 2262 cessum'e'ra't.'Ea-
759 2203 924 2258 fulcra
973 2201 1087 2258 sive
1140 2200 1525 2264 sustentacula,
1574 2199 1716 2269 quod
1757 2207 1826 2254 ex

234 2296 360 2355 ferro
409 2298 624 2369 longius
678 2295 934 2367 producta
971 2302 1169 2362 essent,
1203 2292 1465 2349 Minucius
1514 2291 1725 2362 propria
1767 2298 1824 2346 et

230 2392 436 2463 eleganti
484 2406 623 2448 voce
651 2407 803 2446 verna
829 2389 982 2455 dixit,
1027 2404 1133 2442 non
1179 2385 1463 2458 sequioris,
1515 2398 1620 2454 quo
1666 2383 1818 2450 vixit,

229 2485 312 2541 sed
335 2485 608 2557 Augustaai
647 2484 829 2540 seculi
863 2496 1017 2538 usum
1044 2489 1280 2536 secutus.
1328 2477 1462 2534 Nam
1490 2476 1818 2533 Glossarium

231 2576 445 2633 latinum
481 2578 708 2648 optimae
744 2585 907 2641 natm,
939 2573 1085 2646 quod
1139 2575 1190 2628 in
1239 2572 1414 2628 tribus
1440 2570 1818 2627 vetustissimis
1859 2575 1870 2580 ’

224 2670 476 2727 codicibus
523 2669 803 2725 Vaticanis
853 2677 1050 2735 exstat,
1103 2681 1256 2721 verna
1301 2667 1469 2737 virgas
1494 2675 1542 2720 et
1593 2663 1817 2735 virgulas

224 2769 395 2836 fen'eas
413 2766 827 2835 interpretatur.

284 2858 515 2928 Eamque
579 2857 995 2929 explicationem
1049 2869 1232 2910 veram
1259 2869 1321 2909 ac
1360 2854 1647 2924 genuinam
1695 2867 1815 2909 esse

225 2965 300 3006 res
325 2951 432 3020 ipsa
465 2963 576 3005 me
599 2949 822 3004 docuit:
851 2947 1005 3015 cujus
1046 2946 1207 3001 etiam
1254 2960 1398 3000 nunc
1424 2955 1477 3000 te
1505 2945 1814 3001 meminisse

224 3046 452 3109 arbitror,
471 3043 911 3100 Eminentissime
925 3041 1244 3104 Cardinalls,
1261 3039 1400 3110 quod
1424 3039 1575 3110 juxta
1603 3054 1811 3095 mecum

223 3142 374 3196 oculis
400 3144 515 3196 eam
537 3140 682 3194 olim‘
703 3138 1070 3209 usurpaveris.
1106 3136 1242 3190 Anni
1272 3134 1414 3190 enim
1447 3143 1590 3199 sunt,
1634 3133 1688 3188 ni
1715 3133 1811 3189 fal-

1879 1953 1890 1966 ~
1929 1932 2293 2002 spectantibus
2339 1947 2446 1986 non
2493 1933 2616 1996 sine
2665 1933 2908 1999 horrore,
2943 1947 3006 1987 ac
3035 1941 3178 1988 metu
3218 1932 3526 2002 impendere

1929 2027 2255 2082 viderentur.
2286 2028 2784 2098 lmpendentenim,
2832 2046 2949 2099 quze
2979 2045 3140 2100 supra
3190 2039 3348 2100 caput
3385 2030 3528 2100 jam-

1921 2119 2030 2188 jam
2062 2135 2254 2174 casura
2277 2121 2530 2198 pendent,
2565 2133 2622 2200 ut
2649 2123 3298 2200 recterait_V_al'la.gT_imor
3322 2133 3525 2186 autem.

1916 2202 1979 2264 vet
2007 2209 2286 2265 admiratio
2313 2209 2454 2282 apud
2482 2212 2615 2267 rude
2641 2223 2696 2268 et
2717 2201 3147 2282 superstitioSum
3178 2215 3362 2285 vulgus
3394 2216 3521 2269 reli-

1923 2301 2094 2372 gionis
2136 2303 2442 2372 Opinionem
2527 2304 2863 2359 conciliabat.
2912 2305 3046 2359 Eum
3115 2315 3316 2360 metum
3369 2317 3524 2376 poeta

1923 2393 2255 2451 Christianus
2287 2387 2445 2463 ridet,
2472 2411 2592 2452 cum
2633 2397 2837 2451 nullum
2883 2408 3028 2452 esset
3055 2399 3241 2464 ruinae,
3267 2407 3359 2452 aut
3389 2397 3527 2467 fuga:

1922 2487 2252 2556 periculum;
2295 2489 2437 2559 quod
2489 2505 2642 2554 veru,
2689 2489 2788 2543 hoc
2833 2498 2936 2552 est,
2987 2491 3153 2544 veCIis
3201 2491 3311 2544 sive
3357 2506 3526 2546 uncus

1920 2579 2127 2636 ferreus
2156 2596 2186 2635 a
2219 2589 2367 2650 tergo
2411 2573 2737 2636 inil'xits'eo's
2770 2574 3053 2648 retineret,
3085 2582 3352 2653 pedesque
3381 2583 3522 2638 basi-

1910 2673 2021 2730 bus
2045 2673 2379 2744 applumbati
2407 2675 2609 2731 moveri
2639 2690 2746 2730 non
2781 2685 3017 2744 possent.
3193 2725 3196 2728 .
3383 2722 3418 2730 ..

1991 2769 2195 2839 Duplex
2224 2768 2326 2824 huc
2361 2769 2774 2824 retinaculorum
2801 2785 2991 2840 genus,
3051 2772 3524 2840 queisnuminum

1916 2860 2199 2916 simulacra
2217 2861 2300 2914 vel
2329 2860 2400 2914 uti
2420 2861 2642 2916 vinculis
2659 2861 2944 2918 constricta
2966 2861 3396 2934 defigebantttr.A
3409 2880 3528 2920 rno-

1916 2951 2036 3008 bius
2065 2953 2310 3008 similiter
2335 2952 2456 3007 libr.
2481 2969 2531 3007 v1
2553 2952 2869 3008 Nationibus
2895 2954 3179 3024 exprobrat
3216 2974 3230 3010 :
3268 2975 3286 3006 ι
3315 2955 3370 3011 Si
3405 2973 3524 3026 pcr-

1917 3046 2187 3113 mauendi,
2223 3047 2409 3118 inquit,
2445 3045 2815 3103 necessitatem
2866 3049 3149 3118 patiuntur,
3181 3049 3306 3120 quid
3353 3051 3519 3106 mise-

1916 3141 2026 3196 rius
2051 3141 2132 3195 his
2160 3155 2299 3205 esse,
2351 3152 2444 3196 aut
2483 3140 2609 3209 quid
2634 3141 2901 3197 infelicius
2929 3143 3143 3213 poterit,
3174 3159 3330 3214 quam
3359 3145 3404 3198 si
3429 3160 3525 3199 eos

222 3231 309 3300 lor,
339 3232 667 3305 quindecim,
700 3247 820 3285 cum
846 3229 1169 3286 Jesuitarum
1213 3229 1444 3282 societas
1491 3225 1556 3281 ad
1587 3225 1643 3281 S.
1697 3225 1809 3280 Αη·
1837 3223 1882 3287 C
1916 3234 1969 3290 in
2008 3235 2224 3290 basibus
2252 3235 2320 3290 ita
2352 3236 2468 3290 unci
2499 3236 2732 3291 retinent
2757 3247 2812 3290 et
2843 3223 3104 3306 plumbea:
3132 3237 3461 3293 vinctiones?
3497 3258 3515 3290 ι

222 3323 349 3380 drea:
371 3324 421 3380 in
443 3324 732 3393 Quirinali,
752 3321 878 3377 dum
898 3337 1051 3376 novat
1070 3318 1438 3377 :ediﬁcationis
1463 3317 1810 3375 fundamenta

222 3417 515 3483 moliretur,
569 3415 777 3487 lapides
824 3415 1030 3482 aliquot
1077 3413 1388 3468 Tiburtinus
1463 3409 1807 3482 pra‘grandes

221 3508 390 3564 ordine
409 3509 678 3580 quadrato
698 3508 988 3578 dispositos
1008 3505 1300 3561 offenderet
1325 3522 1337 3557 :
1357 3519 1586 3577 quorum
1609 3505 1716 3558 duo
1737 3502 1808 3557 ita

222 3613 360 3660 erant
401 3605 668 3675 inscripti,
715 3603 791 3658 uti
832 3618 954 3657 cum
983 3611 1034 3658 te
1056 3602 1279 3672 jubente
1305 3611 1360 3658 et
1389 3599 1810 3659 adminiculante

222 3711 280 3752 ex
302 3713 423 3754 saxo
445 3699 664 3764 scabro,
687 3706 741 3751 et
767 3696 908 3751 male
935 3696 1100 3767 polito
1120 3696 1304 3767 excepi
1327 3713 1341 3750 :

483 3851 648 3892 HAEC.
677 3850 837 3891 ADEA.
863 3850 1041 3890 INTBA.
1071 3849 1278 3890 BANCCE

493 3942 897 3984 DEFINITIONEI.
927 3941 1190 3983 CIPPORVI

421 4017 426 4019 ’
484 4036 708 4076 cuvsa.
729 4033 965 4074 vnatnvs.
996 4036 1087 4074 ET.
1121 4036 1242 4075 sua.
1275 4036 1417 4086 ρυλε

485 4130 587 4170 EST
615 4129 856 4168 INFERIVS
884 4127 1146 4168 DEDICATA
1175 4129 1271 4168 EST
1317 4129 1382 4168 ΑΒ

487 4223 604 4264 ΙΙΡ.
632 4222 886 4263 CAESARE.
919 4221 1230 4262 DOMITIANO.
1260 4222 1379 4262 AVG.

485 4316 811 4357 GBRIANICO.
845 4317 934 4356 EX.
967 4315 1132 4356 νοτο.
1168 4315 1432 4357 ενεεερτο

487 4415 655 4466 QVOD.
686 4417 793 4456 DIV.
817 4418 980 4458 ERAT.
1011 4416 1349 4458 NEGLECTVM.
1374 4416 1494 4456 NEC.

491 4508 789 4550 REDDITVI.
826 4509 1184 4550 ιΝεεΝωοιιγκ

489 4600 866 4642 ABGENDORVI.
900 4601 1067 4642 CAUSA

279 4721 426 4793 Cippi
448 4723 524 4780 illi
577 4731 804 4793 utroque
825 4721 994 4778 latere
1025 4721 1145 4777 bina
1174 4721 1460 4792 foramina,
1489 4732 1544 4780 et
1584 4738 1808 4781 vernum

215 4813 320 4870 sive
344 4816 618 4888 virgarum
648 4816 941 4871 ferrearum
970 4816 1192 4886 vestigia
1237 4815 1459 4886 plumbo
1487 4816 1810 4872 circumfusa

215 4907 530 4971 servabant;
565 4908 758 4978 quibus
788 4909 914 4963 olim
949 4908 1092 4964 inter
1119 4924 1180 4962 se
1207 4907 1476 4978 conjuncti
1500 4924 1679 4965 aream
1730 4911 1811 4964 in-

216 4999 457 5058 teriorem
486 5004 560 5057 ita
589 5002 914 5069 clauserant,
945 5017 1013 5058 ne
1040 5001 1218 5057 aditus
1264 5003 1426 5072 vulgo
1466 5010 1693 5072 pateret.
1733 5001 1808 5056 Ibi

215 5100 321 5147 tum
343 5095 521 5164 reipsa
553 5094 823 5165 perspexi,
852 5094 1062 5166 egregie
1084 5093 1277 5149 falsum
1299 5109 1418 5149 esse
1437 5092 1501 5148 N.
1524 5092 1809 5164 Rigaltium

212 5181 480 5243 hominem
509 5188 658 5242 naris
679 5186 1112 5253 emunctissimre,
1142 5187 1270 5242 dum
1294 5185 1360 5241 ad
1385 5186 1588 5241 Finium
1615 5201 1806 5257 regun-

210 5278 397 5338 dorum
425 5283 725 5354 scriptores
750 5297 912 5339 verna
941 5283 1041 5338 ista
1068 5282 1277 5352 stipites
1301 5281 1470 5336 instar
1497 5281 1806 5337 subularum

212 5383 508 5443 prteacutos
540 5374 796 5444 explicat,
835 5390 956 5446 qua:
984 5374 1116 5429 nihil
1142 5374 1422 5441 acuminis,
1461 5383 1552 5428 aut
1576 5373 1810 5442 cuspidis

212 5463 460 5522 habuisse
491 5466 666 5522 oculis
696 5467 1044 5537 manibusque
1069 5480 1450 5536 cognoveram.
1485 5465 1687 5520 Eodem
1714 5479 1809 5521 ve-

212 5560 418 5616 tustatis
444 5575 616 5616 sensu
640 5559 918 5616 Marcellus
945 5563 1195 5629 antiquus
1237 5561 1313 5615 rei
1356 5559 1570 5615 Medicae
1599 5568 1807 5626 auctor,

209 5658 481 5728 sanguinis
543 5656 803 5728 profluvio
835 5672 904 5712 ex
953 5658 1174 5714 naribus
1225 5657 1465 5712 sistendo
1514 5656 1810 5726 praescribit

207 5759 322 5820 cap.
368 5750 484 5806 40:
523 5765 543 5800 ι
585 5746 725 5804 Veru
757 5748 989 5806 ferreum
1037 5750 1272 5806 candens
1317 5751 1369 5803 in
1399 5757 1550 5804 aceto
1593 5748 1807 5805 assidue

209 5838 478 5912 extingue,
503 5847 563 5898 et
590 5837 789 5898 fumum
819 5841 936 5911 ejus
980 5843 1200 5898 naribus
1225 5841 1425 5898 ducito.
1456 5855 1473 5893 ι
1521 5840 1650 5909 Quis
1697 5855 1803 5898 non

1915 3325 2212 3397 Utrumque
2261 3327 2419 3381 etiam
2471 3327 2747 3398 conjungit
2775 3328 2860 3383 lex
2905 3328 2947 3384 ll
2984 3329 3098 3400 Dig.
3125 3329 3192 3386 de
3217 3330 3522 3400 Sepulcltro

1915 3419 2130 3475 violato.
2154 3437 2172 3472 ι
2205 3418 2395 3476 Celsus
2417 3421 2606 3492 quaerit
2635 3421 2678 3476 si
2713 3435 2885 3492 neque
2915 3423 3257 3493 applumbata
3286 3424 3384 3479 fuit
3409 3435 3518 3480 Sta.

1913 3522 2023 3581 tua,
2057 3529 2230 3584 neque
2257 3513 2438 3582 afﬁxa,
2485 3531 2551 3569 an
2583 3531 2705 3584 pars
2737 3518 3067 3572 monumenti
3105 3518 3298 3574 eﬁ'ecta
3325 3519 3411 3583 sit,
3440 3535 3507 3574 an

1912 3622 2042 3664 vero
2063 3616 2278 3663 maneat
2303 3610 2353 3662 in
2377 3609 2528 3662 bonis
2551 3610 2768 3665 nostris.
2799 3630 2816 3662 ι
2842 3610 2945 3665 Sed
2965 3610 3283 3668 Prudentius
3302 3628 3516 3683 quoque

1912 3700 2130 3757 Minucii
2157 3700 2320 3756 fatum
2348 3712 2401 3757 ct
2443 3703 2640 3758 malam
2669 3703 2988 3759 Criticorum
3017 3721 3232 3762 manum
3263 3717 3320 3762 ut
3346 3723 3513 3778 expe-

1913 3796 2130 3864 riretur,
2174 3798 2415 3868 ejusdem
2461 3799 2705 3855 vocabuli
2754 3815 2858 3854 non
2898 3800 3029 3856 satis
3057 3811 3204 3857 recte
3230 3801 3516 3858 observata

1911 3887 2233 3957 signiﬁcatio
2263 3891 2400 3946 fecit.
2430 3890 2579 3946 Unde
2603 3891 2712 3962 jam
2742 3891 2868 3946 olim
2910 3892 2963 3946 in
3001 3895 3320 3962 pervetustis
3346 3909 3515 3950 mem-

1905 3979 2094 4035 branis
2119 3983 2389 4038 Vaticana:
2410 3984 2776 4051 Bibliotliecze,
2805 3986 3048 4040 retinente
3092 3987 3220 4051 solo,
3269 4003 3364 4057 pro
3390 3989 3516 4042 reti-

1913 4083 2060 4129 nente
2083 4089 2222 4142 veru,
2251 4075 2602 4131 substitutum
2657 4077 2838 4134 videre
2867 4087 2953 4134 est
2981 4095 2994 4133 :
3018 4095 3178 4150 quam
3228 4079 3510 4136 lectionem

1913 4165 2122 4233 Aldius,
2152 4167 2350 4237 aliique
2379 4169 2495 4237 ejus
2524 4169 2679 4225 tidem
2710 4171 2877 4225 secuti
2904 4181 3303 4242 expresserunt.
3338 4172 3510 4228 Geor-

1911 4261 2030 4332 gius
2059 4271 2236 4316 autem
2268 4261 2564 4330 Fabricius,
2593 4278 2712 4318 cum
2745 4263 2800 4334 in
2837 4265 2946 4319 suis
2975 4266 3367 4335 exemplaribus
3393 4269 3516 4320 reti-

1913 4366 2061 4411 nente
2095 4372 2214 4412 veru
2241 4365 2556 4413 constanter
2581 4358 2836 4428 scriptum
2864 4360 3168 4429 reperissct,
3204 4375 3304 4417 nec
3333 4369 3510 4414 tamen

1913 4450 2188 4520 proprium
2221 4451 2368 4505 vocis
2392 4466 2544 4506 usum
2567 4450 2707 4521 apud
2735 4450 2958 4507 Veteres
2983 4454 3112 4508 satis
3143 4453 3363 4509 haberet
3385 4469 3509 4524 per-

1913 4552 2176 4613 spectum.
2204 4542 2270 4598 ad
2291 4544 2704 4610 correctionem,
2734 4557 2940 4598 sacram
2963 4543 3282 4600 Criticorum
3304 4546 3508 4601 ancho-

1831 4623 1886 4683 Ῑ)
1909 4649 2048 4698 ram,
2077 4679 2092 4701 ,
2117 4634 2375 4705 confugit.
2423 4634 2682 4702 Quocirca
2728 4649 2849 4690 cum
2893 4635 3176 4692 Dioscuros
3203 4637 3368 4693 hastis
3398 4637 3510 4694 sive

1913 4728 2034 4799 pilis
2054 4726 2120 4783 ad
2141 4726 2513 4783 decursionem
2545 4727 2706 4798 vulgo
2734 4729 2929 4783 armari
2953 4729 3132 4792 sciret,
3163 4745 3288 4784 veru
3315 4729 3416 4783 hoc
3443 4747 3511 4785 ex

1912 4822 2032 4879 rudi
2059 4833 2113 4879 et
2163 4823 2356 4878 obtuso
2385 4823 2526 4878 ferro
2562 4824 2615 4877 in
2647 4832 2890 4878 verutum
2921 4821 3143 4893 cuspide
3182 4823 3428 4893 spicavit,
3462 4835 3517 4878 et

1912 4915 2229 4985 interpolata
2272 4915 2526 4982 dictione,
2556 4915 2848 4985 impendent
2897 4915 3209 4985 retinentque
3259 4930 3397 4978 vent,
3441 4915 3510 4969 de

1909 5021 2029 5074 suo,
2077 5024 2184 5079 quo
2233 5007 2488 5078 pollebat,
2529 5007 2743 5077 ingenio
2793 5006 3073 5075 procudit;
3128 5019 3298 5074 eaque
3348 5005 3508 5060 lectio

1897 5101 2106 5158 exinde
2154 5101 2435 5172 plerasque
2462 5101 2789 5157 recentiores
2832 5098 3096 5154 editiones
3123 5097 3336 5153 insedit.
3364 5098 3512 5153 Tan~

1912 5202 2027 5250 tum
2049 5209 2177 5249 vero
2192 5193 2402 5259 absmn,
2432 5207 2551 5248 eam
2580 5200 2637 5247 ut
2676 5189 2922 5260 probem,
2956 5199 3013 5243 ut
3041 5199 3226 5244 contra
3280 5190 3507 5259 priscam

1912 5297 1968 5343 et
1991 5286 2276 5357 genuinam
2325 5284 2599 5340 mordicus
2648 5282 2783 5338 tueri
2827 5297 2933 5337 non
2964 5281 3224 5350 dubitem,
3257 5297 3378 5338 cum
3431 5284 3509 5339 rei

1911 5379 2080 5450 ipsius
2109 5375 2506 5448 perspicuitate,
2533 5385 2645 5430 tum
2676 5383 2916 5429 veterum
2966 5373 3224 5430 librorum
3273 5377 3508 5430 aucturi-

1912 5479 2022 5527 tate
2050 5469 2252 5526 fretus:
2278 5469 2331 5524 in
2361 5468 2553 5539 quibus
2581 5467 2734 5522 facile
2758 5467 3050 5538 principem
3073 5476 3248 5522 statuo
3273 5467 3512 5523 codicem

1916 5562 2419 5635 praestantissimum
2450 5559 2724 5616 Urbinatis
2761 5559 3130 5624 Bibliotheca,
3179 5574 3300 5629 quas
3344 5573 3513 5626 nuyer

1915 5655 2204 5713 Alexandri
2243 5653 2452 5725 septimi
2495 5653 2874 5722 sapientissimi
2919 5651 3196 5708 Pontificis
3221 5651 3511 5706 immortali

1911 5749 2179 5806 beneflcio
2242 5747 2510 5804 Vaticana:
2574 5745 2834 5811 accessit;
2882 5745 2932 5800 in
2983 5759 3091 5814 quo
3141 5744 3211 5798 ita
3259 5745 3515 5811 scriptum

1909 5853 2112 5912 reperi.
