3980 6302
478 295 579 353 371
1739 282 1829 340 ΒΕ
1877 278 2108 340 MINUCI

2208 276 2473 343 lCTAVlD
3634 274 3718 333 τη

550 413 677 471 Haec
702 411 770 467 ad
809 410 1011 466 Dianae
1038 406 1288 479 Ephesiae
1314 411 1536 469 statuas,
1588 414 1950 471 nutantesque.
1981 414 2075 457 ve-
2102 398 2155 462 Α
2180 403 2241 455 ut
2272 396 2467 453 illustri
2507 393 2757 464 exemplo
2793 394 3161 457 ostenderem.
3188 390 3506 463 antiquitatis
3528 390 3716 450 stadium

479 518 624 563 teres
648 503 993 561 illustrandos
1013 501 1222 571 scripsi,
1239 511 1297 555 ut
1321 507 1503 552 mutua
1522 494 1835 552 eorumdem
1848 493 2080 566 opeduo
2183 507 2291 550 non
2313 491 2638 549 metieudum
2670 490 2811 546 inani
2844 489 3222 556 delectatione,
3244 486 3339 545 sed
3365 503 3509 553 suum
3531 486 3600 557 illi
3620 502 3721 546 eoa.

479 610 722 655 veterum
753 596 1073 666 scriptorum
1105 592 1223 646 loca
1269 590 1446 646 minus
1498 596 1646 643 recte
1690 584 1950 641 hactenus
1998 584 2081 639 in-
2184 596 2331 644 stare
2350 585 2605 652 fructum,
2637 584 2680 639 si
2704 591 2852 641 recte
2877 583 3105 641 colatur.

481 693 691 748 tellecta
719 704 747 743 a
764 684 1084 743 Criticorum
1106 682 1429 755 corruptelis
1440 680 1765 737 vindicarem
1785 697 1797 734 :
1823 686 1936 734 tum
1955 691 2086 733 vero

1319 1128 2973 1401 DISSERTATIO

635 1617 701 1679 ω
1048 1537 1179 1690 IN
1251 1533 1620 1690 mu
1692 1411 2161 1691 ambul
2230 1531 2677 1691 unus
2747 1534 3190 1692 LIBRUM

867 1871 1154 2030 QUI
1256 1865 2128 1999 OCTAVIUS
2218 1868 3401 2023 INSCRIBITUR.

729 2166 1054 2247 AUCTORE
1094 2170 1156 2227 D.
1200 2168 1332 2247 NIC.
1358 2171 1464 2276 EF
1502 2171 1813 2242 NOURRY,
1854 2122 2189 2241 MOﬁACHO
2224 2178 2292 2237 Ο.
2322 2179 2383 2238 S.
2421 2180 2484 2236 Β.
2522 2179 2569 2237 Ε
2607 2179 3194 2239 CONGREGATIONE
3232 2181 3290 2240 S.
3344 2181 3580 2241 MAUBI.

1612 2369 2716 2413 «Op-—

1004 2550 1233 2611 CAPUT
1272 2549 1559 2613 PRIMUM.

498 2699 750 2740 ANALYSIS
797 2700 958 2741 ιιωυε
1005 2701 1177 2750 LIBRI,
1223 2699 1343 2750 QUIS
1393 2700 1567 2740 ILLIUS
1610 2701 1852 2763 Αυετριι,
1898 2699 1962 2740 AC
2008 2700 2097 2749 QUI

569 2794 798 2835 FUEBIRT
850 2795 1103 2865 ριεωιιυδ
1147 2795 1217 2834 ET
1268 2793 1528 2835 OCTAVIUS
1577 2795 1665 2845 QUI
1717 2796 1768 2835 IN
1804 2795 1871 2836 EO
1913 2793 2096 2834 DISPU-

571 2886 779 2927 ἸἋΝΤΕΒ
807 2887 1272 2928 INTRODUCUNTUR.

2122 2549 2175 2611 B
2202 2565 2324 2605 tuen
2355 2553 2551 2609 exinde
2576 2555 2785 2613 itineris
2811 2560 3040 2631 spatium
3061 2563 3266 2619 emensi
3298 2606 3313 2630 ,
3347 2564 3406 2620 in
3429 2565 3585 2622 maris
3617 2564 3756 2620 littore

2201 2644 2269 2698 de
2290 2648 2627 2717 navigatione
2651 2652 3047 2710 confabulando
3084 2655 3516 2712 deambulabaut.

2272 2739 2347 2795 lbi
2374 2758 2531 2809 porro
2543 2759 2662 2798 cum
2681 2760 2876 2816 pueros
2890 2757 3144 2803 testarum
3164 2749 3216 2805 in
3232 2766 3315 2804 ma
3323 2766 3382 2806 re
3394 2750 3757 2820 iaculationibus

2204 2833 2471 2900 ludentes,
2496 2836 2669 2907 aliqua
2698 2853 2804 2893 non
2826 2839 2944 2895 sine
2963 2842 3234 2911 voluptate
3262 2844 3527 2900 Minucius
3552 2843 3760 2899 Octavius

2203 2943 2308 2999 que
2335 2929 2728 2997 conspicerent,
2756 2932 3004 2987 Czecilius
3023 2950 3055 2989 e
3083 2936 3355 2992 contrario
3367 2937 3436 2992 ad
3461 2947 3563 2992 tam
3586 2945 3757 3007 gratum

2203 3020 2569 3090 spectaculum
2602 3021 2821 3077 minime
2841 3023 3098 3089 intentus.
3118 3027 3432 3084 subtristem
3452 3045 3559 3099 prae
3578 3044 3631 3083 se
3654 3028 3762 3082 lere-

2204 3111 2297 3167 bat
2316 3115 2573 3168 animum.
2605 3113 2942 3188 Quapropter
2966 3118 3225 3173 lilimicius
3251 3121 3469 3176 solitam
3496 3120 3549 3176 in
3575 3136 3636 3175 eo
3652 3119 3763 3174 desi-

2206 3204 2413 3261 deravit
2442 3206 2798 3263 alacritatem.
2833 3211 2893 3263 At
2924 3209 3016 3265 ille
3046 3211 3276 3283 ingenue
3296 3212 3578 3270 confessus
3614 3219 3686 3268 est
3717 3225 3762 3264 se

504 3321 508 3324 ’
577 3318 747 3377 Lmen
776 3318 863 3373 hic
893 3318 1021 3375 nihil
1050 3319 1193 3373 aliud
1221 3320 1617 3390 complectitur,
1644 3333 1803 3391 quam
1832 3318 2102 3390 dialogum
2206 3299 2413 3391 θνιεινίί
2438 3314 2692 3391 sermone
2719 3301 3022 3369 Perculsum
3049 3318 3063 3366 ξ
3088 3313 3250 3373 aut“e
3279 3304 3485 3359 ideirco
3513 3305 3648 3375 Ρε¹ίῖ¹
3670 3343 3683 3363 ν
3723 3308 3766 3354 ⁸³⁸

508 3422 617 3477 quo
658 3407 905 3464 Caecilius
928 3410 1317 3477 superstitiosis
1342 3388 1677 3465 ethnicorum
1710 3388 1995 3465 hominum
2017 3426 2107 3466 va-
2210 3390 2311 3444 δηή
2340 3406 2460 3444 cm“
2488 3388 2711 3446 oc‘aVi"
2738 3392 2805 3447 de
2830 3393 3106 3459 τθηέτίθηίε
3134 3412 3248 3451 ⁸⁸³³⁵
3279 3397 3508 3453 “male
3540 3397 3767 3466 ἀίεῐδωπθ

503 3500 757 3554 nitatibus
783 3500 1048 3568 addictus,
1067 3505 1293 3571 patrium
1322 3512 1376 3557 et
1394 3503 1600 3557 avitum
1622 3502 1846 3556 deorum
1873 3504 2102 3571 cultum,

2210 3483 2417 3539 liceret.
2451 3484 2650 3555 Annuit
2676 3501 2796 3540 cum
2822 3486 2972 3541 socio
3017 3502 3116 3541 suo
3164 3489 3422 3544 Octavius
3453 3533 3467 3554 ,
3497 3504 3559 3544 ac
3606 3487 3768 3543 selecto

512 3609 542 3648 a
565 3594 779 3649 nemine
807 3595 1183 3660 deserendum,
1215 3596 1572 3666 omnibusmie
1591 3596 1641 3647 in
1664 3610 1730 3648 eo
1757 3610 2108 3663 perseveran-

2214 3578 2370 3646 paulu
2397 3578 2735 3633 eminentiori
2767 3579 2910 3643 luco,
2942 3580 3150 3635 medius
3204 3581 3344 3637 inter
3372 3597 3504 3638 eum
3550 3588 3605 3636 et
3640 3578 3765 3635 Octa-

1035 3020 1329 3081 sn'rtcuws
1367 3020 1578 3069 paruus.

973 3166 1214 3240 Analysis
1278 3166 1434 3238 hujus
1493 3165 1632 3221 libri.

513 3687 639 3742 dum
685 3702 826 3753 esse.
873 3689 1034 3742 variis
1057 3688 1352 3743 rationibus
1384 3690 1610 3758 probare
1635 3699 1878 3742 conatur.
1911 3688 2108 3744 Contra

513 3780 926 3846 veroOCIavius,
949 3781 1039 3851 qui
1063 3781 1227 3850 impio
1248 3781 1348 3849 illo
1368 3781 1515 3835 cultu
1548 3782 1770 3849 rejecto,
1802 3780 2110 3837 christiana:

512 3872 830 3941 professioni
857 3888 1049 3941 nomen
1064 3887 1187 3927 cum
1214 3873 1438 3928 Minutio
1464 3873 1643 3928 Felice
1661 3873 1903 3941 dederat,
1929 3877 2109 3929 omnia

2214 3669 2354 3723 vium
2386 3670 2525 3724 sedit
2553 3670 2834 3743 Minucius.

2285 3782 2364 3837 Ad
2390 3782 2527 3839 hanc
2553 3799 2713 3853 porro
2759 3784 3171 3869 disputationem
3219 3788 3531 3871 priusquam
3568 3784 3770 3841 Catriliizs

2214 3876 2572 3947 aggrediatur,
2601 3893 2628 3931 a
2655 3877 2884 3935 Minucio
2904 3882 3160 3961 postulat,
3194 3891 3251 3951 ιη
3288 3882 3580 3959 φριιεεςίηιί
3614 3877 3771 3950 indicis

511 3964 708 4020 Caecili
732 3976 1040 4036 argumenta
1073 3967 1150 4021 sic
1172 3968 1407 4023 funditus
1437 3971 1648 4031 evertit,
1673 3969 1938 4039 tantisque
1953 3970 2115 4023 ratio—
2138 3950 2183 4012 Ο
2218 3969 2407 4023 libram
2450 3969 2672 4037 perinde
2702 3950 2915 4034 teneat;
2938 3986 2999 4027 ac
3029 3972 3073 4041 si
3103 3973 3170 4049 de
3212 3950 3323 4045 bulla
3355 3950 3633 4055 ireligione
3671 3965 3772 4023 nihil

513 4074 639 4113 num
662 4061 948 4116 ammentis
973 4060 1276 4116 christiana!
1308 4062 1583 4133 religionis
1613 4062 1949 4118 demonstrat
1969 4064 2114 4118 veri-
2219 4061 2478 4115 hactenus
2504 4062 2602 4115 sibi
2629 4057 2815 4119 fuisset
2846 4075 3203 4135 compertum.
3252 4064 3459 4139 Dehinc
3498 4082 3617 4139 vero
3664 4058 3772 4114 haud

516 4157 785 4213 tatem,ut
805 4150 1047 4207 Caecilius
1076 4153 1179 4207 illis
1206 4152 1361 4223 plane
1382 4156 1657 4210 convictus
1701 4154 1839 4209 hanc
1862 4155 1982 4209 lzeto
2001 4170 2116 4226 gra—
2217 4151 2520 4207 dubitanter
2559 4166 2837 4209 as<everat
2874 4173 3032 4227 posse
3092 4157 3346 4231 facillime
3376 4132 3590 4233 probari
3630 4152 3774 4208 omnia

517 4242 757 4311 tantique
783 4245 962 4313 animo
986 4245 1321 4315 amplexatus
1350 4244 1529 4303 fuerit.
2218 4244 2270 4297 in
2302 4243 2465 4300 rebus
2492 4244 2737 4299 humanis
2755 4262 2873 4315 esse
2889 4248 3068 4311 dubia,
3090 4263 3376 4323 suspensa,
3396 4250 3596 4309 incerta
3612 4248 3775 4298 minui-

587 4337 670 4391 Ah
685 4337 800 4407 ipso
820 4350 997 4393 autem
1016 4337 1135 4393 libri
1159 4338 1383 4394 exordio
1405 4348 1588 4393 narrat
1608 4338 1893 4405 Minucius,
1953 4355 2112 4409 quam

509 4429 743 4499 jucunda
774 4445 983 4495 eorum,
1006 4446 1126 4501 qua:
1151 4431 1253 4486 sibi
1270 4446 1392 4486 cum
1422 4432 1663 4497 Octavio,
1706 4431 1831 4485 dum
1872 4430 2013 4499 apud
2043 4447 2105 4491 se

518 4521 707 4578 Romae
733 4522 1018 4583 habitaret.
1037 4524 1396 4594 contigerant,
1423 4539 1487 4578 ac
1514 4525 1851 4594 potissimum
1893 4524 2116 4594 hujusce

516 4614 892 4687 disputationis
914 4617 1283 4671 recordatione
1332 4615 1709 4671 delectaretur.
1738 4616 2106 4685 Quorumdam

518 4715 781 4788 siquidem
805 4721 1138 4789 negetiorum
1170 4731 1329 4772 causa
1356 4715 1609 4772 Octavius
1636 4715 1700 4770 ad
1728 4731 1847 4771 emn
1878 4757 1894 4781 ,
1924 4714 2114 4775 vincte-

520 4812 751 4866 miarum
779 4810 1181 4881 forensiumque
1203 4810 1451 4864 feriarum
1478 4821 1719 4879 tempore
1745 4825 1807 4863 ex
1841 4809 2118 4877 in0pinato

523 4905 833 4959 advenerat.
867 4905 997 4959 Tam
1027 4915 1210 4976 gratus
1237 4913 1413 4960 autem
1438 4904 1688 4970 Minucio,
1722 4916 1882 4975 quam
1913 4905 2114 4975 impro-

2218 4355 2321 4409 que
2349 4356 2491 4405 vera,
2526 4357 2683 4415 qttam
2706 4342 3035 4417 verisimilia.
3070 4326 3366 4411 Dolemlum
3401 4344 3584 4421 igitur,
3604 4338 3739 4409 inquit
3761 4375 3775 4403 ,

2220 4444 2273 4487 et
2297 4434 2534 4487 omnium
2561 4434 2921 4505 indignatione
2960 4435 3087 4511 illud
3117 4435 3338 4511 dignum
3370 4479 3385 4502 ,
3417 4437 3559 4503 quod
3613 4431 3775 4489 indocti

2220 4526 2462 4595 quidam,
2498 4543 2561 4581 ac
2592 4529 2936 4583 scientiarum
2954 4530 3260 4599 artiumque
3295 4530 3465 4602 ignari
3515 4528 3583 4584 de
3608 4535 3778 4581 summa

2220 4633 2400 4673 rerum
2434 4627 2485 4673 et
2512 4619 2693 4672 divina
2728 4620 3007 4689 majestate
3022 4614 3225 4689 aliquid
3256 4621 3556 4677 decernere
3584 4633 3678 4673 non
3702 4614 3778 4668 du-

2221 4710 2410 4776 bitent,
2442 4710 2510 4764 de
2539 4726 2639 4779 qua
2671 4710 2971 4780 philosophi
3012 4711 3143 4766 nihil
3174 4714 3304 4767 certi
3356 4712 3423 4766 ad
3460 4713 3600 4766 hunc
3647 4719 3780 4777 usque

2220 4801 2363 4855 diem
2393 4811 2628 4855 statuere
2656 4802 2771 4856 ausi
2809 4801 3039 4857 fuerant.
3084 4803 3192 4858 Nec
3240 4803 3518 4858 immerito
3561 4802 3777 4872 quidem;

2221 4909 2536 4965 persuasum
2562 4894 2824 4964 siquidem
2858 4895 2988 4964 ipsis
3011 4906 3125 4951 erat
3149 4894 3372 4949 inlirmis
3385 4895 3683 4950 hominibus
3696 4902 3781 4943 cm.

2223 4987 2374 5042 lestia
2404 4987 2631 5042 scrutari
2664 4998 2932 5059 negatum,
2973 4989 3164 5058 quibus
3193 4991 3324 5043 satis
3375 5005 3501 5044 esse
3546 4987 3711 5049 debet,
3746 4979 3782 5033 Si

2222 5082 2432 5152 seipsos
2488 5081 2800 5136 familiarius
2831 5083 3097 5137 noverint.
3131 5082 3265 5139 Tum
3312 5083 3467 5145 brevi
3512 5079 3781 5138 inductione

524 4997 672 5051 visus
696 4995 793 5052 fuit
825 4998 916 5052 ille
935 4997 1139 5053 Octavii
1166 4997 1446 5053 adventus.
1477 4998 1603 5052 Post
1627 5000 1891 5068 expletam
1930 5013 2037 5052 uno
2063 5007 2119 5052 et

526 5088 696 5143 altero
720 5087 811 5145 die
836 5091 1029 5146 summi
1058 5090 1306 5145 desiderii
1325 5090 1654 5158 aviditatem,
1687 5092 1897 5162 utrique
1927 5092 1993 5145 ad
2013 5105 2119 5145 ma-

523 5181 642 5235 rina
657 5181 818 5236 Ostia:
836 5183 1259 5250 balnea,adscito
1279 5183 1490 5239 Minucii
1508 5186 1702 5240 comite
1716 5185 2022 5251 Caeciliano,
2040 5185 2108 5240 ire

2223 5176 2593 5232 demonstrare
2644 5186 2867 5231 conatur
2897 5185 3103 5231 certum
3157 5194 3261 5231 non
3314 5191 3434 5232 esse
3490 5189 3659 5232 utrum
3700 5172 3783 5226 Deo

525 5273 743 5343 placuit.
778 5274 1017 5331 Diluculo
1047 5277 1224 5346 itaque
1252 5292 1373 5331 cum
1405 5279 1469 5332 ad
1500 5293 1663 5344 mare,
1717 5297 1737 5331 ι
1769 5278 2108 5333 inambulan-

2223 5270 2400 5341 aliquo
2422 5280 2639 5325 auctore
2665 5270 2803 5323 facta
2819 5269 2927 5323 sint
2953 5270 3153 5323 omnia.
3186 5269 3264 5324 Ex
3317 5284 3574 5339 prospera
3628 5274 3775 5320 autem

525 5367 597 5421 do
634 5384 680 5429 ι.
721 5377 779 5422 ιιι
806 5369 899 5434 ait,
925 5369 1099 5423 littore
1127 5379 1433 5440 pergerent,
1461 5369 1726 5434 Caerilius,
1770 5372 2060 5425 «denotato
2094 5387 2113 5421 ι
2147 5346 2202 5406 Ῑ)
2231 5379 2515 5434 pravorum
2539 5362 2817 5417 hominum
2840 5362 3140 5418 Phalaridis
3161 5374 3214 5417 et
3253 5363 3514 5436 Di0nysii,
3552 5372 3604 5417 et
3626 5359 3784 5415 adver-

525 5457 799 5528 Serapidis
818 5458 1124 5525 simulacro.
1156 5478 1372 5518 manum
1413 5466 1490 5519 ori
1522 5464 1800 5531 admovit,
1854 5463 2108 5531 labiisque

2228 5470 2283 5510 sa
2316 5456 2576 5510 bonorum
2607 5454 2808 5515 Rutilii,
2837 5454 3047 5510 Camilli
3094 5465 3147 5509 et
3175 5453 3413 5510 Socratis
3446 5456 3651 5508 fortuna
3673 5491 3687 5513 .
3734 5460 3783 5500 ac

527 5552 802 5623 impressit
824 5554 1085 5608 osculum.
1117 5555 1477 5624 Quamobrem
1512 5558 1655 5611 illico
1671 5556 1925 5612 Octavius
1954 5555 2124 5611 Minu-
2224 5548 2388 5602 Variis
2417 5558 2470 5602 el
2498 5547 2714 5602 lubriClS
2735 5557 3070 5603 lerl'eﬂal‘um
3099 5562 3280 5604 rerum
3310 5548 3562 5613 οδέὶδυε,
3592 5544 3783 5615 β’·οδατθ

526 5643 611 5698 cio
631 5645 828 5700 acriter
855 5646 1194 5715 exprobravit
1214 5662 1319 5701 non
1350 5650 1610 5703 minorem
1642 5650 1695 5703 in
1718 5649 1912 5717 ipsum,
1941 5654 2127 5714 utpote
2226 5641 2499 5695 contendit
2522 5639 2923 5695 nobisuondum
2941 5650 3185 5696 constare
3207 5645 3383 5696 utrum
3409 5640 3508 5694 Dei
3533 5632 3784 5709 providen-

523 5733 723 5793 Caacilii
753 5738 1019 5809 hospitem
1039 5780 1053 5804 ,
1084 5754 1240 5809 quam
1272 5742 1325 5794 in
1352 5743 1601 5797 eumdem
1631 5741 1902 5797 Camillum
1930 5740 2127 5795 redun-
2227 5732 2297 5787 tia
2324 5733 2552 5787 mundus
2574 5741 2810 5801 regatur,
2840 5748 2930 5788 aut
2945 5734 3119 5789 soluta
3152 5734 3353 5806 legibus
3398 5730 3617 5788 fortuna
3651 5727 3783 5782 rebus

520 5826 651 5885 dare
682 5828 905 5901 hujusce
945 5829 1095 5901 impii
1123 5830 1372 5888 facinoris
1416 5832 1708 5889 infamiam.
1741 5831 2025 5903 Reliquum
2047 5839 2125 5887 ta—
2225 5824 2475 5881 omnibus
2503 5822 2828 5881 dominetur.
