3980 6302
310 251 403 311 575

1668 243 2134 305 DISSERTATIO.

3460 255 3569 316 574

374 364 490 425 lude
516 361 668 433 igitur
689 360 777 417 ille
801 361 1264 421 concluditsatius
1291 376 1413 420 esse
1460 361 1666 418 traditis
1716 363 1852 419 anti-
1884 361 1938 423 Α
1966 364 2063 417 tari
2096 371 2291 433 potest;
2322 372 2375 419 et
2404 377 2565 420 nemo
2584 379 2838 436 umquam
2870 365 3153 423 Protesilai
3186 375 3332 426 sorte
3357 369 3441 429 vel
3462 370 3567 425 bo-

309 460 412 532 quis
434 457 761 527 religionibus
789 457 1069 513 adhic-rere
1097 497 1113 518 .
1147 457 1385 528 deosque
1408 457 1578 512 vereri
1594 468 1644 512 et
1666 455 1861 512 adora-

306 569 358 610 re
376 567 515 621 quam
543 549 697 605 ullam
721 549 788 605 de
814 550 917 604 illis
945 547 1088 605 ferre
1103 550 1442 605 sententiam.
1476 547 1559 605 Ab
1579 549 1695 619 ipso
1709 549 1862 619 quip-

304 645 546 718 pemundi
588 644 851 714 principio
877 653 1129 712 parentes
1160 647 1329 699 nostri
1371 644 1534 700 hosce
1581 645 1715 699 deos
1769 651 1861 698 aut

303 738 478 795 faciles.
501 748 581 788 aut
611 750 764 806 reges
790 734 1112 791 habuerunt.
1145 735 1412 805 Qua-libet
1441 736 1584 791 enim
1612 735 1780 802 natio,
1796 751 1859 791 ac

300 829 501 886 Romani
546 829 879 898 postmodum
909 828 1128 884 nutnina
1155 844 1250 883 sua
1282 830 1360 885 sic
1400 829 1638 891 coluere.
1697 838 1755 884 ut
1802 828 1857 884 hi

300 925 375 994 pio
409 938 581 979 eorum
601 924 745 977 cultu
774 937 1085 991 supremum
1137 924 1434 979 meruerint
1484 925 1647 979 totius
1700 922 1849 978 orbis

296 1025 432 1071 terra:
453 1014 746 1084 imperium.
771 1014 906 1069 Tum
941 1014 1139 1071 deinde
1162 1031 1477 1072 asseverare
1509 1032 1613 1071 non
1640 1026 1856 1072 veretur

292 1108 416 1164 hunc
467 1106 683 1163 deorum
735 1109 960 1174 cultum,
988 1110 1077 1179 qui
1129 1124 1197 1166 eo
1254 1111 1491 1168 sanctior
1519 1152 1535 1174 ,
1595 1126 1703 1181 quo
1764 1126 1855 1168 ve-

293 1200 462 1257 tustior
511 1210 637 1267 est,
679 1201 1000 1272 quibusdam
1054 1204 1188 1260 satis
1253 1204 1467 1274 probari
1535 1205 1848 1271 miraculis,

288 1308 378 1349 nec
420 1294 630 1363 impune
685 1308 714 1347 a
765 1294 1036 1351 nonnullis
1077 1295 1255 1364 impiis
1305 1307 1551 1367 spretum
1620 1307 1675 1353 et
1723 1299 1848 1352 irri-

284 1400 407 1441 Sum.
451 1385 560 1440 Alia
593 1394 771 1440 autem
801 1385 938 1441 bene
969 1387 1134 1442 multa
1165 1389 1233 1443 de
1257 1389 1482 1445 deorum
1512 1390 1850 1446 naturalibus

281 1487 328 1532 et
342 1476 506 1543 donis,
524 1477 592 1532 de
612 1478 943 1533 Carminibus
973 1488 1272 1547 poetarum,
1296 1492 1350 1536 et
1394 1482 1627 1537 oraculis
1673 1482 1849 1539 futura

280 1570 734 1639 praenuntiantibus
758 1587 818 1627 se
837 1573 1247 1640 prateriiiisis~e
1275 1584 1606 1630 contestatus
1629 1619 1645 1642 ,
1682 1575 1849 1631 ﬁden-

278 1668 350 1715 ter
369 1662 670 1728 pronuntiat
689 1661 1026 1718 manifestam
1084 1664 1303 1719 cuilibet
1320 1666 1433 1720 lteri
1459 1664 1681 1721 deorum
1708 1681 1846 1737 prte-

1967 469 2025 510 ra
2056 457 2205 510 unica
2232 456 2298 510 ad
2332 457 2493 512 vitam
2525 457 2620 511 fuit
2650 470 2952 515 revocatus.
2975 458 3114 526 Quid
3169 470 3348 514 autem
3406 460 3560 519 hisce

1967 547 2282 604 Christianis
2305 558 2425 619 post
2452 560 2678 604 mortem
2706 561 3026 606 eventurum
3064 556 3152 616 sit,
3184 551 3307 608 imle
3338 554 3437 622 ipsi
3462 570 3559 611 att-

1963 642 2140 710 gurari
2168 640 2387 704 debent,
2420 641 2562 712 quod
2586 658 2725 698 nunc
2751 645 2896 696 omni
2925 644 3101 699 divina
3135 660 3238 712 ope
3264 645 3507 701 destituti
3537 687 3555 713 ,

1962 732 2219 788 Romanis
2248 749 2378 788 vero
2405 736 2623 797 subditi,
2645 737 2871 790 summis
2901 736 3296 815 calamitatibus
3319 747 3371 791 et
3393 738 3558 793 mise-

1962 825 2059 880 riis
2089 835 2405 894 premuntur
2428 870 2441 892 ,
2476 827 2716 883 honestis
2748 830 3136 900 voluptatibus,
3191 831 3513 899 spectaculis
3541 870 3557 896 ,

1959 922 2193 993 pompis,
2225 924 2486 979 conviviis
2518 924 2765 994 publicis,
2800 924 3133 993 idolothytis,
3171 926 3394 980 ﬂoribus
3414 966 3430 993 ,
3462 940 3555 983 co-

1959 1018 2107 1070 ronis
2134 1016 2440 1084 abstinent,
2474 1030 2525 1071 et
2556 1020 2836 1088 unguenda
2872 1020 3145 1073 funt-rillus
3178 1031 3482 1076 reservant.

2029 1107 2265 1163 Comites
2306 1111 2482 1179 itaque
2520 1126 2648 1166 suos
2677 1112 2925 1167 Caecilius
2947 1114 3262 1168 adhortatur
3308 1115 3558 1171 desinant

1957 1202 2078 1258 εαξιί
2104 1202 2286 1275 plagas
2316 1203 2608 1273 nmntlique
2657 1218 2863 1261 secreta
2909 1208 3120 1269 l‘lnlul‘l,
3176 1206 3419 1277 h-ncque
3467 1223 3555 1264 se-

1955 1306 2184 1364 quantur
2212 1296 2449 1350 Socratis
2475 1298 2795 1352 sententiam
2828 1317 2842 1352 :
2872 1317 2891 1348 ί
2931 1300 3080 1365 Quod
3109 1316 3270 1369 supra
3302 1316 3400 1356 nos
3429 1343 3443 1365 ,
3473 1303 3556 1357 ni-

1955 1387 2026 1439 hil
2057 1386 2123 1440 ad
2152 1402 2268 1441 nos.
2300 1406 2319 1439 ι
2354 1388 2422 1443 Ει
2449 1399 2599 1443 certe
2632 1390 2721 1444 ille
2746 1389 2928 1443 divino
2959 1394 3180 1444 oraculo
3205 1392 3410 1447 laudari
3468 1394 3550 1451 id-

1954 1479 2099 1535 circo
2128 1483 2323 1537 meruit
2356 1500 2370 1536 :
2408 1502 2426 1534 ι
2454 1483 2607 1551 Quod
2639 1484 2771 1538 nihil
2805 1500 2864 1540 se
2910 1487 3049 1541 scire
3076 1487 3373 1543 didicisset.
3403 1507 3424 1542 ι
3471 1489 3550 1547 Ex

1954 1572 2056 1628 hoc
2081 1583 2259 1629 autem
2290 1573 2436 1630 fonte
2463 1578 2695 1631 manavit
2722 1578 2955 1647 prudens
2981 1579 3237 1633 Areosilte
3256 1620 3272 1644 ,
3304 1580 3545 1636 Carnea-

1950 1666 2056 1727 dis,
2088 1669 2547 1739 plurimoiumque
2579 1672 3022 1725 ACSItlelIIlCUl‘UIII
3055 1672 3107 1725 in
3136 1675 3555 1744 stiiinnisqums-

275 1753 479 1806 sentiam
517 1767 585 1808 ex
614 1761 701 1808 ten
724 1754 850 1824 plis,
879 1769 998 1825 quae
1020 1755 1342 1821 incolebant;
1365 1772 1433 1811 ex
1462 1757 1696 1822 vatibus,
1749 1755 1841 1827 qui
1872 1752 1921 1814 B
1952 1760 2184 1813 tionibus
2208 1760 2493 1827 dubitatio,
2524 1777 2588 1817 ac
2609 1761 2927 1827 Simonidis,
2972 1763 3041 1817 de
3086 1764 3188 1817 diis
3217 1766 3285 1819 ab
3321 1766 3554 1822 llicrone

272 1854 473 1897 ventura
503 1854 789 1911 noverant;
815 1862 882 1901 cx
905 1846 1205 1914 beneficiis,
1228 1848 1428 1919 quibus
1448 1847 1523 1904 dii
1553 1849 1654 1918 ipsi
1703 1850 1845 1904 sole-

270 1935 382 1991 bant
405 1936 533 1993 liene
559 1939 633 1993 de
661 1939 969 1995 hominibus
997 1943 1215 2009 meri-ri,
1246 1958 1308 1997 ac
1341 1943 1556 1999 tandem
1599 1959 1664 1999 ex
1696 1959 1845 1999 som-

266 2030 377 2096 niis,
407 2032 606 2100 quibus
653 2032 1058 2089 evidentissime
1086 2038 1536 2105 agnoscebantur.
1592 2036 1845 2105 Quamvis

265 2135 380 2192 ergo
397 2121 587 2178 horum
616 2124 842 2181 deorum
873 2138 1062 2181 natura
1083 2127 1167 2182 vel
1193 2129 1343 2199 origo
1372 2129 1570 2185 incerta
1596 2129 1669 2184 sit
1695 2146 1708 2193 ;
1753 2130 1845 2185 lir—

262 2227 340 2268 ma
366 2224 536 2271 tamen
570 2232 795 2274 manere
821 2217 983 2274 debet
1012 2220 1253 2275 omnium
1274 2221 1515 2293 gentium
1542 2226 1609 2277 de
1638 2222 1704 2276 iis
1717 2236 1845 2277 con-

259 2309 445 2362 sensio.
478 2309 848 2378 Quamobrem
877 2310 1099 2368 minime
1129 2311 1405 2369 ferendam
1431 2328 1556 2371 esse
1571 2319 1646 2370 ait
1666 2313 1845 2371 Theo-

259 2400 386 2467 dori,
428 2403 697 2475 Diagorae,
732 2421 798 2462 ac
848 2406 1153 2478 Prougora:
1204 2408 1422 2478 impiam
1484 2410 1841 2465 temeritatem

256 2495 338 2563 qui
358 2493 490 2550 hanc
510 2496 834 2570 religionem
856 2500 1069 2570 penitus
1100 2500 1309 2566 tollere,
1340 2510 1432 2557 aut
1453 2500 1643 2557 saltem
1686 2500 1840 2556 infir-

254 2603 395 2646 mare
424 2591 734 2649 voluerunt.

317 2684 381 2740 At
408 2698 562 2742 certe
593 2688 765 2745 multo
811 2689 1010 2755 minus,
1058 2690 1248 2759 inquit,
1296 2689 1513 2747 tolerari
1557 2688 1718 2746 debet
1763 2688 1841 2745 illi

251 2776 343 2832 cita
368 2788 422 2834 et
449 2780 744 2852 desperata
793 2780 956 2836 factio
1004 2781 1469 2849 Christianorum,
1499 2781 1839 2854 lurilugaque

249 2883 423 2925 eorum
449 2882 629 2940 natio,
656 2888 725 2928 ex
748 2874 935 2928 ultima
964 2873 1094 2930 faece
1149 2875 1430 2930 hominum
1480 2875 1729 2942 collecta,
1776 2888 1839 2929 ac

246 2966 512 3022 nocturnis
544 2969 1077 3039 congregationibus,
1105 2968 1325 3039 jejuniis
1373 2968 1727 3032 solemnibus,
1756 2968 1836 3023 in-

247 3055 600 3131 humanisque
625 3061 762 3115 cibis
818 3060 1095 3116 foederata.
1152 3061 1243 3117 lsti
1290 3061 1564 3117 enimvero
1613 3060 1831 3130 templa,

1954 1862 2181 1925 tyranno
2204 1854 2536 1925 interrogati,
2569 1857 2841 1911 cunctatio
2867 1857 3118 1911 omnibus
3148 1858 3423 1913 imitanda.
3457 1859 3555 1915 De-

1950 1944 2111 2014 niqttc
2139 1943 2385 2001 Caecilius
2406 1946 2597 2001 borum
2625 1945 2862 2017 Opinioni
2894 1962 2953 2002 se
2985 1947 3190 2003 lubenti
3216 1951 3398 2005 animo
3422 1951 3553 2006 sub-

1948 2036 2187 2092 scribere
2210 2035 2480 2101 declarat;
2510 2054 2607 2095 nec
2631 2041 2750 2096 sine
2776 2040 2898 2095 elati
2943 2042 3106 2098 animi
3154 2043 3367 2097 fastidio
3392 2042 3553 2100 Octa-

1948 2131 2116 2191 vium,
2150 2138 2210 2184 ut
2234 2133 2567 2201 argumentis
2617 2134 2729 2186 suis
2786 2134 3131 2202 respondeat,
3178 2135 3549 2205 provocando,

1949 2221 2111 2276 linem
2132 2220 2369 2275 sermoni
2409 2236 2506 2275 suo
2534 2222 2780 2293 imponit.

2019 2312 2152 2368 Tum
2177 2313 2438 2369 Minucius
2466 2313 2685 2370 Gecilio
2715 2316 2959 2374 modeste
3006 2320 3287 2390 respondit
3315 2320 3383 2377 de
3434 2335 3551 2378 ser-

1946 2408 2123 2461 monis
2142 2407 2221 2459 sui
2238 2407 2619 2474 concinnitate,
2637 2407 2814 2464 subtili
2841 2410 3101 2464 orationis
3118 2413 3400 2479 Varietate,
3421 2427 3547 2469 sua-

1945 2514 2050 2569 que
2080 2497 2220 2553 hand
2249 2497 2507 2554 mediocri
2536 2501 2841 2571 eloquentia
2874 2501 2976 2570 ipsi
2998 2516 3104 2555 non
3123 2517 3246 2556 esse
3270 2504 3545 2560 exsultan-

1944 2590 2095 2656 dum;
2125 2593 2219 2646 sed
2251 2592 2457 2663 singula
2484 2594 2604 2662 ejus
2633 2604 2953 2664 argumenta
3001 2594 3286 2662 diligenter
3340 2611 3541 2667 expen-

1943 2682 2140 2750 denda,
2166 2697 2221 2737 ut
2248 2685 2390 2754 quod
2419 2687 2470 2739 in
2493 2686 2572 2740 eis
2600 2702 2783 2741 verum
2816 2687 3158 2758 valnlumque
3185 2687 3278 2753 sit,
3333 2688 3538 2759 seliga-

1945 2785 2050 2841 tur,
2079 2776 2351 2845 probetur.
2385 2786 2440 2832 et
2488 2779 2834 2847 suscipiatur.
2869 2780 2937 2832 At
2969 2779 3219 2834 Ctecihus
3273 2794 3380 2833 non
3422 2779 3540 2837 sine

1942 2871 2119 2940 aliqua
2174 2870 2286 2924 laesi
2324 2872 2489 2924 animi
2522 2873 2912 2942 signiﬁcatione
2949 2872 3253 2940 dixitcum,
3299 2873 3543 2944 disputa-

1943 2963 2104 3015 tionis
2158 2976 2272 3016 suze
2350 2964 2493 3019 vires
2553 2963 2919 3031 infirmando,
2973 2967 3042 3018 ab
3096 2966 3273 3020 ollicio
3330 2966 3545 3035 religio-

1941 3054 1985 3106 si
2013 3054 2292 3110 discedere
2304 3055 2519 3126 judicis.
2545 3055 2817 3128 Integrmn
2865 3055 3132 3125 siquidem
3170 3055 3393 3112 Octavio
3419 3067 3541 3113 erat

244 3161 295 3204 υι
324 3151 496 3220 ιηιεις),
529 3152 861 3223 despiciunt,
902 3153 1033 3209 duo,
1066 3163 1325 3224 τεερυυηι
1353 3195 1369 3218 ,
1422 3154 1600 3210 fidem
1641 3168 1791 3209 sacra
1818 3193 1833 3216 ,
1859 3142 1911 3211 α
1942 3160 2004 3198 ea
2026 3147 2227 3212 omnia,
2250 3162 2371 3216 quae
2404 3163 2454 3199 m
2484 3148 2718 3202 medium
2749 3148 3061 3217 protulerat,
3086 3148 3129 3201 si
3167 3156 3369 3215 posset,
3402 3163 3535 3204 con-

240 3241 464 3300 bonores
490 3245 882 3309 ﬂoccifaciunt,
913 3255 1177 3302 tormenta
1209 3245 1443 3317 denique
1468 3247 1545 3301 sic
1571 3255 1836 3302 soernunt

242 3343 293 3388 ut
316 3335 439 3391 dum
468 3338 616 3392 mori
651 3346 771 3408 post
794 3348 1021 3391 mortem
1069 3337 1279 3403 timent,
1320 3338 1454 3392 mori
1486 3338 1698 3392 interim
1727 3352 1834 3393 non

238 3439 541 3484 vereantur.
588 3429 690 3485 Per
734 3429 1008 3485 universas
1060 3428 1406 3484 nihilominus
1449 3439 1604 3483 terra:
1655 3439 1834 3500 partes

237 3518 593 3589 disseminati,
617 3523 841 3578 occultis
877 3526 1017 3579 notis
1064 3538 1184 3580 SCeC
1224 3524 1453 3579 invicem
1480 3531 1831 3592 cognoscunt,

233 3625 517 3686 amantque
548 3631 685 3686 pene
712 3628 994 3688 antequam
1015 3618 1281 3673 noverint.
1305 3616 1375 3672 At
1400 3616 1649 3673 dicuntur
1675 3625 1834 3689 caput

233 3706 453 3764 adorare
480 3710 649 3775 asini,
678 3712 857 3766 colere
871 3711 1165 3766 sacerdotis
1177 3713 1450 3781 genitalia,
1473 3721 1633 3781 atque
1659 3710 1832 3767 homi-

231 3814 346 3854 nem
369 3801 720 3867 cruciﬁxum,
739 3804 1017 3875 ipsumque
1048 3803 1207 3874 hujus
1231 3803 1474 3874 supplicii
1501 3803 1830 3858 instrumen-

232 3902 336 3949 tum
378 3900 655 3953 venerari.
696 3898 833 3964 Quid
881 3897 1072 3968 plura?
1126 3899 1204 3952 Ad
1232 3900 1420 3966 epulas
1472 3897 1697 3953 solemni
1742 3896 1831 3951 die

225 4000 440 4056 coeunt,
489 4000 659 4060 atque
707 3990 775 4044 ibi
821 3999 980 4060 epoto
1023 3989 1239 4045 infantis
1265 3988 1639 4044 crudelissime
1665 3987 1829 4044 occisi

227 4083 510 4151 sanguine,
543 4084 702 4137 ictum
749 4084 921 4139 fmdus
948 4086 1215 4146 sanciunt,
1260 4095 1315 4138 et
1362 4098 1548 4138 eorum
1578 4079 1830 4137 tirunculi

225 4171 526 4229 initiantur.
557 4174 685 4231 Post
707 4176 833 4231 illud
857 4193 985 4232 vero
1014 4178 1414 4234 immanissimze
1444 4174 1670 4231 l‘erimtis
1698 4189 1829 4230 con-

225 4265 445 4331 vivium.
480 4270 739 4326 extinctis
764 4285 793 4323 a
824 4285 957 4326 cane
1007 4271 1316 4335 luminibus,
1369 4286 1461 4340 per
1490 4268 1829 4340 impudentes

225 4359 500 4425 tenebras,
528 4363 728 4418 incerta
751 4372 896 4417 sorte
913 4380 1097 4419 omnes
1119 4364 1532 4435 permiscentur,
1552 4373 1714 4435 atque
1732 4366 1824 4430 ita,

220 4464 311 4507 aut
343 4457 535 4525 reipsa
564 4496 580 4521 ,
640 4464 731 4511 aut
782 4459 1106 4512 conscientia
1153 4458 1285 4513 fiunt
1314 4458 1523 4515 incesti.
1559 4459 1825 4515 Cicirrum

217 4547 483 4617 quidquid
534 4550 737 4615 colunt,
789 4565 980 4621 magno
1010 4550 1188 4606 studio
1239 4551 1509 4607 occultare
1540 4553 1778 4609 nituntur
1811 4573 1823 4617 ;

220 4639 394 4693 nullas
416 4657 548 4696 aras
566 4641 784 4709 habent,
810 4645 1004 4713 templa
1023 4645 1184 4711 tmlla,
1205 4645 1348 4700 nulla
1368 4653 1491 4700 nota
1521 4647 1823 4704 simulacra.

290 4729 439 4788 Dens
464 4750 630 4802 porro
657 4734 890 4799 illorum,
908 4737 1061 4790 sicuti
1084 4737 1476 4804 t'tJudu‘nrnnt,
1501 4738 1689 4795 unicus
1706 4756 1827 4797 esse

217 4822 411 4888 fertur,
450 4843 616 4895 quem
644 4843 763 4881 cum
785 4843 885 4883 nec
913 4829 1116 4896 videre,
1150 4846 1248 4885 nec
1279 4831 1570 4887 ostendere
1600 4843 1822 4903 queant,

215 4914 368 4970 illum
392 4918 751 4974 nihilominus
767 4922 944 4975 animo
964 4922 1117 4991 plane
1144 4924 1461 4992 inquietum,
1496 4935 1825 4995 praepostere

212 5010 526 5076 curiosum,
557 5011 751 5080 ubique
778 5023 1114 5080 pra-sentem,
1143 5015 1319 5069 omnia
1353 5014 1627 5072 hominum
1657 5016 1818 5081 facta,

216 5109 380 5170 atque
412 5105 632 5156 intimas
653 5105 815 5159 animi
844 5105 1217 5172 cogitationes,
1241 5109 1451 5165 etiamsi
1479 5111 1703 5180 singulis
1734 5112 1820 5166 in-

213 5195 431 5247 servire
467 5211 572 5249 non
612 5198 797 5265 possit,
826 5197 1110 5268 diligenter
1162 5198 1430 5269 inquirere
1465 5203 1816 5259 arbitrantur.

211 5285 496 5342 Futurum
514 5304 724 5360 quoque
744 5301 992 5347 asserunt
1010 5292 1170 5347 totius
1202 5294 1382 5348 mundi
1413 5295 1737 5361 incendium,
1761 5313 1823 5353 ac

210 5398 339 5452 ptist
368 5399 663 5451 corporum
694 5396 998 5441 nostrorum
1033 5388 1479 5442 resurrectionem
1504 5389 1661 5458 justis
1694 5389 1823 5445 bea-

213 5476 451 5531 tissima:
487 5478 604 5531 vita:
635 5518 652 5542 ,
683 5477 891 5547 injustis
940 5480 1290 5534 maximarum
1339 5495 1614 5547 pmnarum
1663 5490 1822 5536 arter-

208 5570 450 5624 nitatem
513 5575 904 5640 repromittunt.
960 5572 1255 5643 Eapropter
1313 5572 1570 5639 damnant
1642 5589 1821 5644 rogos,

209 5661 545 5730 igniumque
565 5662 887 5732 sepulturas.
919 5673 973 5719 et
999 5674 1191 5720 cuncta
1219 5664 1474 5720 voluntati
1503 5665 1698 5721 divinan
1730 5682 1823 5723 seu

208 5752 331 5810 fato
360 5753 704 5811 adscribunt.
721 5755 905 5812 Nullus
936 5766 1111 5814 tamen
1142 5758 1665 5819 mortuusabinferis
1681 5762 1824 5823 exci-

1940 3239 2132 3300 l'utare.
2166 3253 2332 3309 seque
2357 3240 2421 3292 ad
2450 3256 2572 3294 eum
2601 3255 2796 3311 magno
2825 3239 3043 3296 silentio
3072 3239 3397 3295 audiendum
3421 3240 3536 3311 jam

1938 3346 2060 3387 esse
2083 3333 2501 3402 paratissimum.

2016 3444 2034 3478 ι
2075 3424 2256 3480 Dicam
2301 3427 2587 3498 equidem,
2633 3428 2915 3498 respondit
2971 3428 3256 3496 Octavius,
3315 3442 3380 3483 ac
3429 3442 3529 3499 pro

1938 3516 2139 3572 viribus
2201 3517 2448 3584 adnitar,
2514 3529 2571 3572 ut
2624 3521 2895 3574 veracium
2962 3521 3250 3576 verborqu
3314 3519 3535 3576 ﬂumine

1935 3612 2327 3667 amarissimam
2395 3613 2760 3669 conviciorum
2818 3614 2992 3669 labem
3064 3615 3285 3669 diluam.
3317 3633 3337 3667 ι
3393 3615 3534 3671 Ante

1935 3706 2114 3759 omnia
2157 3721 2281 3760 vero
2326 3705 2418 3761 ille
2468 3707 2811 3776 profiteretur
2853 3706 2935 3761 fas
2974 3706 3076 3762 sibi
3105 3722 3210 3762 non
3260 3722 3383 3762 esse
3430 3707 3531 3761 du-

1933 3794 2098 3858 biam,
2149 3797 2468 3866 ancipitem,
2526 3812 2712 3869 vagam
2770 3807 2824 3853 et
2878 3796 3225 3853 ﬂuctuantem
3275 3797 3530 3852 dissimu-

1935 3888 2045 3942 lare
2081 3890 2277 3944 Ctecilii
2327 3900 2559 3946 mentem
2603 3907 2667 3946 ac
2713 3894 3058 3948 sententiam.
3112 3895 3183 3948 At
3221 3892 3415 3947 fatetur
3445 3904 3527 3947 ta-

1941 4000 2063 4039 men
2106 3998 2224 4039 eam
2286 4000 2389 4040 nec
2443 3986 2535 4040 ulli
2594 3986 2737 4041 malo
2794 3988 2938 4045 illius
2987 3986 3147 4051 dolo,
3192 4000 3288 4041 nec
3335 3985 3531 4040 callido

1935 4086 2261 4146 versutoqne
2304 4077 2422 4147 ejus
2473 4079 2689 4146 animo,
2743 4080 2810 4135 ab
2856 4079 2973 4150 ejus
3015 4080 3321 4135 sinceritate
3372 4092 3528 4149 pror-

1934 4187 2024 4226 sus
2057 4172 2397 4238 abhorrenti,
2448 4171 2544 4228 sed
2595 4173 2832 4228 veritatis
2881 4172 3205 4244 ignoratioui
3259 4186 3378 4228 esse
3429 4170 3527 4225 tri-

2042 4282 2221 4320 uuam.

2042 4284 2071 4319 ιι
2114 4282 2141 4319 a
2207 4308 2221 4320 .

1933 4265 2452 4415 buriddi'dlirmanda
2500 4357 2699 4414 dehinc
2747 4358 2956 4431 singula
2996 4359 3199 4417 Creeilii
3245 4372 3529 4430 argumen-

1935 4460 1985 4508 ta
2032 4468 2350 4525 aggressus,
2397 4452 2554 4508 docet
2598 4453 2795 4508 nemini
2847 4470 2991 4525 aegre
3025 4453 3337 4521 ferendum,
3381 4452 3528 4524 quod

1851 4526 2257 4614 DChristiani,
2309 4549 2652 4618 quantumvis
2708 4548 2943 4604 illiterati
3000 4559 3056 4604 et
3109 4563 3407 4618 pauperes,
3456 4546 3527 4602 de

1932 4642 2243 4698 rmlestibus
2293 4642 2455 4698 rebus
2508 4641 2803 4712 diSputent.
2865 4640 3024 4696 Tales
3072 4640 3351 4697 enimvero
3418 4654 3525 4693 non

1932 4735 2103 4789 solum
2158 4734 2372 4789 fuerunt
2422 4733 2757 4805 philosophi,
2812 4743 2867 4789 et
2922 4734 3011 4788 alii
3064 4734 3258 4788 artium
3329 4733 3518 4788 inven-

1933 4836 2107 4892 tores;
2161 4842 2344 4881 verum
2411 4836 2681 4882 nostrates
2741 4827 2936 4894 etiam,
2997 4829 3124 4896 qui,
3182 4824 3525 4896 quantumvis

1930 4918 2121 4989 inopes
2154 4929 2208 4975 et
2242 4928 2463 4992 egentes
2485 4962 2501 4985 ,
2549 4919 2671 4974 aliis
2715 4920 3053 4990 prudentiam
3088 4928 3143 4973 et
3182 4918 3523 4988 disciplinam

1931 5012 2284 5068 tradiderunt.
2338 5012 2404 5068 Et
2452 5029 2583 5069 vero
2635 5029 2755 5069 cum
2819 5013 3092 5084 ingenium
3145 5028 3254 5066 non
3300 5011 3525 5067 fortunae

1930 5117 2022 5162 aut
2071 5108 2415 5163 facultatibus
2466 5108 2658 5173 detur,
2714 5106 2809 5163 sed
2861 5122 2894 5162 a
2950 5118 3140 5161 natura
3196 5106 3351 5162 nobis
3392 5106 3527 5162 insi-

1931 5211 2043 5256 tum
2114 5203 2220 5267 sit,
2294 5200 2520 5271 quilibet
2574 5200 2809 5270 cujusvis
2873 5212 3035 5254 sexus
3089 5206 3146 5254 et
3204 5198 3529 5254 conditionis

1928 5294 2125 5357 homo,
2190 5293 2368 5347 divina
2421 5292 2780 5364 investigare,
2833 5300 2890 5347 et
2945 5289 3015 5347 de
3073 5289 3140 5346 iis
3202 5293 3523 5346 sententiam

1927 5385 2069 5442 ferre
2108 5393 2302 5454 potest.

2002 5478 2224 5534 Fatetur
2251 5477 2464 5549 quidem
2513 5475 2781 5531 hominem
2811 5475 3012 5533 debere
3042 5491 3101 5532 se
3141 5476 3312 5546 ipsum
3341 5491 3520 5542 nosse,

1928 5588 1991 5627 ac
2034 5574 2183 5644 quis,
2242 5572 2415 5636 unde,
2450 5584 2657 5641 quare,
2712 5584 2742 5624 a
2786 5585 2925 5640 quo,
2974 5577 3031 5624 et
3069 5584 3134 5623 cx
3180 5569 3371 5638 quibus
3406 5572 3519 5623 cle-

1929 5667 2122 5720 mentis
2154 5664 2326 5719 lactus
2353 5665 2460 5717 sit:
2500 5661 2594 5717 ενι]
2625 5662 2778 5733 plane
2807 5662 3127 5734 penitusque
3170 5671 3329 5732 negat
3376 5661 3513 5715 hanc

1927 5757 2282 5828 cognitionem
2331 5755 2400 5810 ab
2450 5769 2516 5811 eo
2564 5770 2725 5826 posse
2770 5756 3105 5829 comparari,
3155 5756 3283 5827 quin
3333 5769 3511 5809 rerum
