4058 6316
389 199 496 257 575

1662 196 1751 253 DE
1778 194 2037 255 MINUCII
2074 195 2374 257 OCTAVIO

3591 207 3706 269 576

389 314 823 383 universitatem,
870 322 925 371 et
984 314 1156 371 Deum
1217 314 1392 384 ipsum
1461 322 1616 369 antea
1673 322 1985 385 cognoscat.
2016 315 2064 376 A
2096 317 2355 389 probatur
2393 318 2715 389 Enhemeri,
2760 320 3007 388 Prodici,
3064 322 3250 379 Persei
3299 332 3356 381 et
3392 323 3697 383 Alexandri

393 406 583 463 Nullus
628 408 865 473 etenim,
928 407 1030 462 nisi
1079 416 1260 463 mente
1299 408 1522 461 omnino
1570 417 1787 479 captus,
1831 408 1993 464 totius

394 499 578 555 mundi
633 508 882 555 ornatum
924 499 1206 554 advertere
1246 508 1453 569 potest,
1506 498 1634 571 quin
1677 514 1993 568 persuasum

393 593 679 650 confestim
711 593 941 660 haheat,
982 607 1106 648 eum
1136 605 1243 647 non
1277 593 1496 648 fortuito
1535 603 1836 649 atomorum
1864 610 1994 651 con-

396 704 592 756 cursu,
649 690 744 746 sed
791 706 819 745 a
872 691 983 746 Deo
1031 689 1306 747 conditum
1357 690 1769 765 foisse,ratque
1815 695 1886 750 ab
1928 709 1995 751 eo

396 782 511 853 regi
555 791 611 837 et
662 782 1042 838 administrari.
1094 783 1246 851 Quod
1300 784 1516 855 quidem
1572 787 1660 841 ille
1713 788 1998 845 conﬁrmat

398 889 465 930 ac
506 875 712 930 stabilit
747 891 813 931 ex
860 875 1023 942 eteli,
1070 876 1233 942 solis,
1281 877 1452 944 lunae,
1485 878 1831 952 siderumque
1881 897 2000 938 tuo-

402 966 547 1023 tihus
583 982 647 1022 ac
706 967 969 1031 utilitate,
1014 983 1078 1024 ex
1125 969 1392 1025 mensium
1448 970 1687 1037 circulo,
1746 975 1997 1030 tenebra-

399 1074 523 1115 rum
568 1059 807 1131 lucisque
838 1061 1236 1129 vicissitudine,
1286 1079 1351 1119 ex
1404 1065 1542 1120 miro
1572 1074 1873 1137 temporum
1904 1084 1998 1124 or-

399 1151 554 1217 dine,
602 1168 667 1207 ex
717 1153 898 1208 stabili
939 1155 1197 1210 varietate
1254 1156 1495 1227 frugum,
1545 1160 1710 1214 maris
1766 1160 1994 1227 finibus,

398 1244 583 1299 innata
648 1244 1014 1300 animantibus
1067 1246 1134 1301 ad
1183 1247 1265 1302 sui
1313 1248 1679 1306 defensionem
1727 1251 1997 1308 multifor-

398 1340 474 1393 mi
520 1350 824 1405 armatnra,
884 1340 1119 1396 hominis
1151 1340 1320 1398 forma
1369 1358 1433 1397 ac
1483 1344 1689 1416 ﬁgura,
1738 1355 1791 1402 et
1837 1361 2000 1418 gene-

399 1430 555 1487 randi
606 1431 969 1503 noscendique
1015 1433 1246 1489 ratione.
1302 1433 1434 1490 Nam
1480 1435 1595 1492 hrcc
1649 1439 1829 1494 omnia
1880 1439 2000 1498 sine

400 1523 788 1595 omnipotentis
854 1525 947 1579 Dei
1009 1524 1346 1595 providentia
1406 1528 1520 1583 fieri
1581 1544 1686 1585 non
1754 1540 1995 1601 possunt.

402 1615 522 1672 Non
578 1618 829 1674 universo
875 1626 1056 1674 autem
1102 1629 1305 1675 tantum
1349 1620 1583 1688 mundo,
1627 1622 1721 1679 sed
1776 1624 2002 1697 singulis

2098 409 2274 481 Magni
2323 411 2660 469 testimonio.
2717 429 2745 469 a
2800 413 2997 485 quibus
3049 415 3273 472 deorum
3323 418 3527 482 patria,
3581 417 3705 476 dies

2100 502 2341 571 natales,
2397 505 2715 575 sepulchra,
2772 506 2859 562 vel
2910 506 3205 576 beneﬁcia,
3253 519 3310 564 et
3353 510 3705 566 sacerdotum

2099 605 2307 650 secreta
2348 606 2727 654 recensentur.
2772 598 2979 671 Negare
3030 600 3190 671 igitur
3233 599 3351 657 haec
3393 617 3501 658 non
3541 611 3707 674 pote—

2098 699 2219 744 rant
2266 689 2498 754 cthnici,
2544 692 2698 747 sicuti
2749 707 2847 748 nec
2868 694 3106 756 sistrum.
3161 693 3353 764 inquit,
3415 695 3592 762 Isidis,
3642 710 3713 751 ac

2100 779 2377 851 Serapidis
2407 798 2501 838 seu
2541 781 2767 839 Osiridis
2801 785 3059 840 tumulum
3079 826 3095 851 ,
3150 800 3411 858 sacraque
3443 787 3709 859 mysteria

2103 874 2236 931 nihil
2276 876 2418 931 aliud
2462 876 2722 947 prodere,
2753 893 2913 949 quam
2958 879 3279 935 miserorum
3320 880 3551 936 deorum
3575 880 3712 936 tris-

2104 979 2184 1025 tes
2226 969 2433 1035 exitus,
2480 969 2584 1024 fata
2649 978 2705 1027 et
2750 970 2955 1027 funera.
2989 971 3121 1039 Quis
3167 976 3334 1027 etiam
3388 987 3495 1028 non
3525 973 3711 1029 videat

2104 1060 2377 1117 Eleusinia
2425 1061 2678 1130 Cereris,
2721 1063 2934 1136 aliaque
2979 1064 3126 1120 Jovis
3174 1073 3232 1121 et
3281 1062 3511 1137 Cybeles
3549 1080 3712 1123 sacra

2103 1170 2210 1210 non
2250 1155 2429 1210 minus
2473 1155 2705 1211 absurda
2754 1171 2875 1213 esse
2917 1172 3077 1228 quam
3113 1156 3415 1226 probrosa?

2175 1248 2416 1318 Quantas
2457 1249 2676 1319 insuper
2719 1249 2789 1304 de
2825 1249 3047 1306 deorum
3086 1264 3307 1305 suorum
3346 1248 3517 1307 forma
3545 1263 3610 1304 ac
3642 1247 3715 1304 ﬁ-

2104 1357 2234 1414 gura
2268 1340 2500 1412 ineptias
2539 1340 2858 1412 putidasque
2917 1355 3086 1409 nugas
3132 1341 3335 1398 ethnici
3384 1341 3711 1398 venditant!

2104 1432 2367 1491 Claudum
2410 1435 2609 1506 quilpe
2650 1433 2856 1504 ﬁngunt
2895 1431 3215 1502 Vulcanum,
3266 1434 3571 1505 Apollinem
3600 1435 3718 1489 im-

2106 1528 2353 1595 berbem,
2400 1527 2771 1599 Escnlapium
2814 1525 2981 1581 ﬁlium
3013 1527 3131 1598 eius
3160 1527 3472 1593 barbatum,
3498 1526 3717 1598 glaucis

2107 1621 2410 1692 Neptunum
2444 1620 2652 1686 oculis,
2712 1620 3006 1677 Minervam
3031 1621 3244 1686 etesiis,
3289 1619 3502 1676 bubulis
3530 1620 3717 1676 Juno-

400 1708 521 1779 ejus
567 1709 806 1777 partibus
846 1709 985 1765 Deus
1026 1710 1281 1765 consulit.
1326 1711 1459 1779 Quis
1484 1713 1628 1768 enim
1656 1714 2001 1786 dubitatejus
2034 1722 2079 1782 Β
2109 1730 2267 1781 nem,
2325 1712 2645 1769 Mercurium
2692 1712 2922 1785 pedibus
2964 1712 3151 1778 alatis,
3216 1711 3485 1783 ungulatis
3519 1712 3717 1781 Pana,

401 1801 635 1870 imperio
681 1801 1010 1857 Britanniam
1053 1804 1218 1859 maris
1249 1814 1464 1875 tepore,
1516 1805 1809 1879 Egyptum
1854 1808 1998 1876 Nilo,

404 1892 688 1963 Euphrate
738 1894 1210 1964 Mesopotamiam,
1267 1896 1541 1956 Orientem
1600 1901 1733 1957 Indo
1787 1903 2007 1961 nomine

404 1984 739 2041 fmcundari?
799 1987 1039 2059 Denique
1084 1989 1223 2044 sicut
1272 1990 1455 2046 domui
1506 1994 1769 2063 praeclaro
1812 2005 2005 2052 ornatu

403 2076 684 2148 dispositae
727 2080 983 2150 aliquem,
1025 2082 1104 2136 sic
1150 2083 1245 2138 toti
1276 2083 1478 2139 mundo
1534 2086 1674 2142 hunc
1723 2086 2006 2144 Deminum

409 2186 645 2244 prmesse
693 2174 987 2231 cernimus.

486 2268 653 2325 Porro
691 2279 871 2326 autem
924 2271 1098 2336 ipsum
1153 2275 1365 2330 unicum
1421 2290 1543 2332 esse
1597 2276 1763 2333 Deum
1817 2279 2011 2349 probat

406 2361 666 2418 Octavius
702 2370 1043 2419 terrenarum
1074 2367 1326 2438 exemplo
1372 2368 1753 2438 imperiorum,
1801 2370 2011 2427 scilicet

410 2453 699 2509 Persarum
720 2496 736 2519 ,
764 2454 1180 2524 Thebanorum,
1216 2457 1584 2515 Romanorum
1605 2501 1622 2527 ,
1664 2460 1777 2525 ubi,
1812 2461 2007 2532 inquit,

404 2547 589 2601 nullus
632 2562 805 2617 neque
855 2549 1020 2605 frater
1047 2549 1288 2613 fratrem,
1339 2566 1514 2622 neque
1564 2567 1722 2609 socer
1749 2568 2009 2621 generum

408 2639 562 2709 regni
603 2650 911 2695 consortem
957 2642 1064 2711 pati
1110 2658 1363 2714 umquam
1418 2643 1613 2713 potuit.
1665 2644 1804 2713 Quid
1846 2659 2010 2708 vero,

411 2730 558 2801 quod
616 2733 771 2787 sicuti
830 2733 1060 2801 apibus,
1114 2735 1399 2806 gregibus,
1455 2744 1510 2792 et
1560 2738 1822 2793 armentis
1872 2752 2011 2793 unus

412 2835 497 2881 est
541 2828 913 2885 tantummodo
963 2846 1057 2886 rex
1100 2838 1193 2886 aut
1230 2832 1372 2897 dux,
1412 2833 1483 2887 ita
1532 2848 1668 2888 unus
1720 2844 1803 2887 est
1830 2831 2008 2901 Deus,

400 2919 503 2989 'qui
546 2918 809 2990 principio
850 2929 905 2977 et
951 2922 1057 2976 line
1101 2937 1330 2990 carens,
1373 2924 1550 2979 omnia
1578 2922 1935 2980 moderatur?

408 3006 413 3013 ’
486 3009 744 3078 Quamvis
785 3020 965 3069 autem
1001 3013 1095 3070 ille
1141 2998 1383 3071 inﬁnitus
1424 3026 1479 3072 et
1505 3017 1835 3083 immensus,
1882 3016 2013 3073 sibi-

2109 1808 2399 1866 Saturnum
2419 1806 2737 1879 compeditis
2757 1848 2772 1869 ,
2796 1807 2993 1877 duplici
3025 1805 3203 1862 fronte
3227 1804 3444 1873 Janum,
3477 1806 3714 1861 Dianam

2109 1901 2216 1957 alte
2255 1901 2614 1964 succinctam,
2662 1899 2957 1971 Ephesiam
3008 1898 3193 1954 multis
3238 1898 3520 1959 mammis.
3562 1900 3719 1954 trino

2109 1992 2287 2061 capite
2332 1992 2385 2047 et
2425 1990 2608 2048 multis
2649 1991 2902 2047 manibus
2944 1989 3215 2057 Triviam,
3248 1989 3435 2046 Jovem
3482 2000 3561 2046 tot
3595 1991 3720 2047 for-

2109 2100 2213 2141 ma:
2264 2086 2521 2140 monstris
2571 2083 2886 2150 horridum,
2920 2090 3052 2153 quot
3089 2083 3417 2155 appellatum
3471 2083 3721 2139 nomini-

2112 2178 2212 2234 bus
2233 2219 2248 2244 ,
2285 2178 2551 2248 Erigonen
2584 2178 2776 2249 laqueo
2797 2188 3114 2247 suspensam
3135 2218 3150 2242 ,
3188 2177 3444 2233 Castores
3485 2176 3723 2233 alternis

2110 2270 2302 2326 diebus
2345 2269 2588 2325 viventes
2631 2284 2696 2324 ac
2739 2264 3068 2335 morientes,
3118 2269 3283 2325 ictum
3328 2269 3555 2326 nomine
3580 2269 3725 2327 Es-

2112 2362 2415 2433 culapiom,
2469 2372 2520 2419 et
2567 2362 2851 2419 Herculem
2899 2362 3088 2419 (Eteis
3127 2372 3423 2420 crematum
3469 2363 3715 2434 ignilms.

2187 2456 2293 2512 Has
2331 2471 2495 2529 porro
2539 2456 2748 2513 fabulas
2792 2457 2860 2513 ah
2908 2458 3089 2529 impiis
3116 2454 3426 2513 hominibus
3468 2460 3719 2528 primum

2117 2551 2369 2615 traditas,
2425 2551 2516 2607 alii
2565 2550 2825 2621 deinceps
2874 2550 3248 2617 celebrarunt,
3292 2565 3358 2605 ac
3397 2561 3573 2622 poeta:
3612 2566 3725 2620 po-

2116 2644 2415 2710 tissimum,
2469 2642 2748 2715 qni'haud
2782 2658 2969 2713 parum
3006 2643 3227 2698 veritati
3275 2657 3372 2697 sua
3415 2644 3729 2699 mouerunt

2115 2735 2452 2793 auctoritate.
2510 2735 2869 2804 Quamobrem
2919 2734 3071 2790 Plato
3110 2734 3328 2791 civitate
3370 2750 3479 2790 non
3520 2733 3725 2791 ἰηιπιθα

2115 2830 2224 2884 rito
2271 2828 2794 2899 ejecit‘Homerum,
2850 2828 2941 2898 qui
2988 2827 3302 2899 impudente
3338 2825 3577 2882 ludibrio
3615 2842 3725 2883 ce-

2115 2923 2247 2979 cinit
2298 2924 2591 2978 sauciatam
2636 2920 2936 2986 Venerem,
2994 2920 3221 2976 Martem
3262 2935 3389 2975 non
3426 2920 3546 2976 sine
3597 2919 3727 2975 vui-

2118 3016 2338 3072 ueribus
2380 3015 2618 3085 fugatum
2639 3055 2654 3081 ,
2693 3013 2882 3069 Jovem
2909 3029 2937 3066 a
2981 3012 3205 3069 Briareo
3232 3012 3550 3079 liberatum,
3584 3010 3729 3068 Sar-

413 3116 519 3173 qne
549 3103 677 3168 soli,
729 3116 960 3175 quantus
1006 3115 1119 3174 est,
1174 3110 1457 3180 cognitus,
1503 3126 1534 3165 a
1574 3112 1729 3166 nobis
1787 3126 1887 3167 nec
1931 3088 2085 3179 νίιδ
2120 3108 2345 3181 pedonis
2382 3123 2581 3165 casum.
2608 3106 2845 3162 cruentis
2886 3105 3151 3161 imbribus
3197 3103 3445 3169 ﬂentem,
3487 3120 3552 3159 ac
3596 3105 3732 3161 loro

414 3192 567 3261 deri,
617 3211 717 3252 nec
755 3199 1019 3253 nominari
1062 3211 1258 3270 queat;
1304 3218 1426 3256 cum
1478 3211 1687 3270 tamen,
1743 3203 1789 3257 si
1834 3203 2013 3258 nomi-

415 3303 547 3343 num
599 3293 931 3345 terrestrium
970 3292 1126 3348 tollas
1162 3293 1521 3350 additamenta
1544 3338 1560 3361 ,
1617 3296 1899 3368 perspicue
1923 3311 2015 3352 co-

412 3382 783 3455 gnosc‘es.-Et
825 3372 957 3441 sane
996 3386 1298 3441 unanimem
1350 3403 1470 3443 esse
1514 3390 1754 3443 omnium
1800 3389 1869 3445 de
1920 3390 2015 3445 illo

417 3488 742 3532 consensum
773 3476 896 3533 inde
929 3474 1183 3533 Octavius
1221 3480 1431 3550 arguit,
1465 3480 1608 3550 quod
1654 3480 1867 3553 vulgus,
1898 3480 2016 3538 ma-

418 3584 539 3624 nus
567 3568 633 3624 ail
684 3569 879 3624 coelum
920 3570 1213 3649 tendendo,
1262 3573 1434 3642 ipsum
1468 3574 1698 3629 invocat.
1742 3575 2016 3633 Praeterea

420 3670 594 3731 poetae
636 3661 799 3744 illum.
831 3662 1011 3718 divum
1045 3664 1433 3736 hominumque
1474 3677 1679 3737 patrem
1696 3675 1721 3733 ,'
1754 3677 1808 3723 et
1840 3667 2017 3740 Virgi-

408 3754 524 3810 lius
571 3756 811 3811 omuium
841 3771 1021 3812 rerum
1067 3750 1401 3827 creatorem,
1454 3771 1728 3829 mentem,
1775 3772 1829 3819 et
1856 3764 2017 3835 spiri-

418 3856 532 3904 tum
581 3851 939 3920 appellavere.
984 3849 1122 3918 Quin
1152 3852 1312 3908 ctiam
1355 3854 1605 3923 ipsimet,
1650 3855 1727 3911 uti
1770 3855 1860 3911 ille
1909 3857 2020 3913 sin-

418 3940 642 4013 gillatim
672 3943 933 4006 ostendit,
988 3946 1388 4014 prmstantiores
1416 3947 1720 4019 philo's0phi
1742 3990 1759 4017 ,
1799 3948 2017 4019 Thales,

422 4034 821 4100 Anaximenes,
874 4036 1140 4108 Diogenes
1179 4038 1580 4109 Apolloniates,
1632 4042 2017 4113 Anaxagoras,

422 4125 786 4198 Pythagoras,
820 4127 1212 4199 Xenophanes,
1245 4131 1621 4198 Antisthenes,
1653 4133 2017 4205 Speusippus,

423 4219 802 4303 Democritus,
829 4221 1077 4303 Straton,
1106 4222 1452 4303 Aristoteles,
1486 4225 1818 4293 Heraclides,
1844 4228 2022 4285 Theo-

421 4313 703 4388 phrastus.
736 4298 966 4382 'Z'enon,
1027 4302 1405 4388 Chrysippus,
1457 4320 1773 4388 Cleanthes,
1826 4322 2020 4393 Dioge-

421 4409 909 4484 nes‘Babylouius,
955 4409 1287 4480 Xenophon.
1321 4413 1500 4467 Aristo
1534 4422 1593 4468 et
1618 4413 1801 4483 Plato,
1831 4431 2075 4503 quam.”

2116 3202 2356 3257 illectum
2414 3201 2670 3266 Veneris;
2732 3198 3018 3255 Herculem
3074 3208 3314 3254 stercora
3370 3208 3728 3269 egerentem,

2120 3293 2424 3364 Neptunum
2469 3293 2586 3348 sine
2638 3292 2746 3347 ulla
2778 3291 3027 3347 mercede
3069 3291 3440 3346 institueutem
3488 3289 3729 3346 Laome-

2119 3387 2296 3443 dontis
2324 3401 2538 3452 muros,
2595 3384 2893 3457 Apollinem
2925 3393 3232 3455 pascentem
3263 3383 3474 3439 Admeti
3522 3398 3725 3453 pecus,

2108 3478 2420 3536 'Vulcanunt
2460 3478 2608 3537 Jovis
2634 3479 2686 3533 in
2715 3478 2873 3534 Creta
2922 3479 3029 3533 nati
3070 3477 3297 3531 fulmina
3342 3476 3728 3544 fabricantem,

2122 3573 2307 3629 Martis
2341 3572 2673 3643 Venerisque
2700 3571 3022 3626 adulterium
3041 3612 3056 3635 ,
3099 3577 3156 3624 et
3180 3577 3394 3639 raptum
3418 3567 3491 3625 ab
3516 3567 3723 3623 eodem

2121 3668 2254 3725 Jove
2283 3666 2675 3739 Ganymedem.
2704 3668 2772 3719 At
2798 3664 3035 3720 ridiculis
3065 3664 3169 3720 illis
3193 3663 3550 3734 obscenisque
3567 3677 3732 3719 cotu-

2122 3760 2321 3816 mentis
2359 3759 2567 3830 ingenia
2596 3772 2885 3828 puerorum
2924 3766 3372 3827 corrumpuntur,
3401 3771 3466 3813 ac
3493 3754 3731 3813 tandem

2123 3852 2177 3908 in
2225 3852 2291 3907 iis
2337 3853 2565 3922 turpiter
2607 3850 2959 3921 nequiterqtte
2992 3857 3409 3906 consenescunt.

2198 3947 2242 4000 A
2285 3944 2521 4000 Diodoro
2569 3944 2917 3999 nihilominus
2961 3941 3182 4007 Siculo,
3226 3941 3448 4007 Thallo,
3484 3949 3554 3997 .et
3611 3940 3737 3998 Ne—

2112 4030 2272 4112 pote,
2323 4052 2457 4110 quos
2498 4037 2628 4092 citat
2676 4036 2964 4101 Octavius,
2994 4049 3184 4090 omnes
3208 4033 3421 4089 discere
3459 4031 3735 4090 lacillimc

2125 4141 2413 4205 potuerant
2460 4129 2651 4186 horum
2698 4129 2993 4200 principem
3046 4127 3212 4187 fuisse
3254 4127 3579 4193 Saturum;
3624 4131 3735 4198 qui

2124 4228 2341 4301 quidem
2387 4234 2530 4281 metu
2577 4225 2668 4280 lilii
2699 4240 2730 4279 e
2765 4224 2924 4280 Creta
2951 4222 3249 4293 aufugiens,
3280 4231 3441 4293 atque
3482 4222 3539 4277 in
3567 4221 3734 4278 Italia

2126 4332 2156 4376 a
2207 4320 2343 4376 Jano
2392 4329 2708 4387 susceptus,
2747 4317 2974 4387 plurima
3031 4316 3190 4370 rudes
3243 4314 3489 4370 homines
3512 4314 3730 4382 docuit,

2124 4426 2289 4487 atque
2334 4414 2587 4485 imposito
2637 4412 2799 4467 vat-iis
2842 4411 2975 4466 locis
3023 4424 3125 4464 suo
3164 4409 3418 4475 nomine,
3456 4408 3733 4479 seipsum

421 4504 504 4561 vis
543 4520 573 4560 a
623 4505 776 4560 nobis
813 4504 994 4561 verbis
1040 4512 1095 4560 et
1123 4519 1376 4561 sermone
1430 4507 1763 4579 discrepent,
1815 4510 1865 4564 in
1894 4497 2099 4572 nos-'D
2126 4509 2373 4581 probavit
2410 4521 2532 4563 esse
2573 4505 2868 4561 hominem.
2898 4503 3108 4571 Jupiter
3133 4516 3284 4567 vero,
3331 4502 3420 4572 qui
3450 4501 3504 4557 in
3534 4497 3731 4570 Creta,

423 4597 964 4677 tramnihilominus
1016 4596 1084 4653 de
1133 4598 1227 4654 illo
1270 4600 1501 4668 ipsemet
1560 4600 1670 4655 Deo
1718 4604 1878 4656 unico
1928 4603 2019 4659 alii

424 4690 739 4758 obscurius,
786 4689 877 4745 alii
923 4690 1132 4762 planius
1174 4696 1387 4748 iverunt
1428 4694 1775 4749 sententiam.

408 4778 411 4781 ’
496 4784 577 4839 Ex
623 4783 707 4839 his
753 4786 823 4840 ita
871 4784 1157 4855 disputatis
1206 4783 1455 4841 Octavius
1506 4787 1755 4844 falsitatis
1797 4789 2021 4846 eviden-

426 4887 508 4932 ter
552 4879 727 4947 argnit
755 4877 1050 4933 venditatas
1079 4886 1111 4934 a‘
1138 4879 1432 4948 majoribus
1472 4882 1702 4949 nostris,
1749 4888 2018 4956 tamquam

424 4969 719 5047 miracula,
769 4970 1020 5029 ridiculas
1069 4971 1138 5029 de
1187 4972 1392 5045 Scylla,
1453 4975 1753 5043 Cltima‘ra,
1812 4977 2016 5051 Hydra,

416 5060 740 5126 Centauris,
791 5064 1015 5137 aliisque
1042 5066 1213 5123 aniles
1253 5066 1491 5133 fabulas,
1539 5079 1593 5125 et
1623 5070 1886 5127 absurdas
1913 5082 2023 5129 tra-

424 5154 679 5210 ditiones.
736 5155 844 5213 Nec
890 5160 1064 5216 minus
1112 5159 1391 5217 evidenter
1450 5164 1689 5219 Ostendit
1754 5165 2018 5223 insulsum

426 5246 759 5317 impiumque
789 5263 1001 5320 semper
1028 5250 1190 5308 fuisse
1224 5253 1447 5310 deorttm
1490 5254 1714 5311 cultum.
1750 5256 2021 5328 Antiquis-

427 5339 548 5393 simi
601 5339 875 5395 enimvero
923 5342 1167 5400 homines
1215 5346 1441 5416 primum
1473 5361 1606 5402 sane
1651 5362 1777 5402 suos
1827 5364 2016 5421 reges,

410 5429 596 5485 duces
645 5429 904 5502 inclytos,
954 5435 1174 5504 pudicas
1218 5447 1273 5493 et
1318 5452 1449 5495 sexu
1490 5454 1589 5494 suo
1629 5437 1878 5497 fortiores
1934 5456 2022 5499 re-

423 5522 609 5592 ginas,
656 5524 962 5595 artiumque
1014 5528 1355 5597 inventores,
1397 5531 1468 5587 ob
1501 5534 1757 5602 praeclara
1801 5534 2014 5592 illorum

424 5614 596 5680 facta,
638 5616 723 5670 vel
766 5628 982 5689 accepta
1035 5621 1103 5678 ab
1157 5624 1235 5677 eis
1282 5624 1540 5681 beneﬁcia
1592 5641 1699 5681 non
1741 5642 1898 5683 secus
1949 5643 2015 5684 ac

2128 4602 2271 4659 unde
2300 4617 2422 4658 eum
2470 4599 2779 4671 expulerat,
2821 4597 3096 4669 regnavit,
3143 4596 3196 4652 in
3229 4594 3329 4651 hac
3373 4594 3546 4650 insula
3574 4609 3735 4650 mor-

2125 4704 2249 4754 tutts
2277 4702 2393 4754 est.
2433 4693 2521 4748 ubi
2559 4691 2904 4763 sepulchrum
2935 4689 3052 4759 ejus
3088 4687 3408 4744 ostenditur.
3452 4687 3733 4743 Praeterea

2124 4785 2388 4842 Romulus
2444 4793 2565 4855 post
2614 4792 2841 4838 mortem
2894 4795 3079 4847 suam,
3130 4780 3409 4850 peierante
3458 4777 3728 4845 Proculo,

2125 4877 2261 4934 Juba
2304 4876 2501 4932 Mauris
2551 4874 2884 4940 volentibus,
2939 4872 3137 4941 aliique
3162 4871 3324 4927 etiam
3347 4868 3594 4941 quamvis
3628 4868 3726 4924 in-

2125 4972 2221 5027 viti
2269 4980 2323 5027 et
2368 4970 2731 5034 reluctantes,
2777 4966 2852 5023 dii
2877 4965 3163 5022 renuntiati
3192 4973 3337 5021 sunt.
3367 4964 3531 5037 Atqui
3558 4978 3731 5021 verus

2126 5065 2268 5120 Deus
2312 5077 2412 5118 nec
2458 5061 2638 5127 nasci,
2694 5058 2979 5117 nec'mori
3020 5066 3219 5130 potest.

2198 5157 2433 5213 Deorum
2482 5154 2677 5211 deinde
2724 5154 2984 5226 imagines
3030 5160 3087 5211 et
3135 5152 3418 5209 simulacra
3466 5151 3727 5210 Octavius

2124 5253 2397 5323 exagitat,
2426 5249 2731 5320 palamque
2761 5248 2889 5305 facit
2934 5262 2997 5304 ea
3016 5249 3100 5304 vel
3138 5264 3210 5305 ex
3240 5248 3331 5304 vili
3368 5247 3721 5320 sordidaque,

2127 5345 2210 5401 vel
2271 5345 2504 5416 pretiosa
2557 5343 2814 5410 materia,
2869 5342 3119 5399 manibus
3166 5354 3224 5399 et
3271 5351 3388 5399 arte
3442 5342 3723 5401 fabrorum

2125 5455 2341 5512 quoquo
2383 5437 2547 5494 modo
2581 5437 2842 5503 conficta,
2887 5437 2955 5492 ab
2992 5437 3181 5493 avibus
3208 5438 3436 5511 aliisque
3472 5439 3724 5495 animali-

2122 5536 2222 5590 hus
2266 5547 2410 5605 saepe
2443 5532 2641 5602 saepius
2686 5532 3061 5603 coinquinata,
3113 5531 3278 5603 impie
3312 5532 3421 5588 coli
3445 5532 3514 5587 ah
3541 5532 3726 5588 etimi-

2120 5628 2228 5696 cis,
2275 5641 2337 5681 ac
2384 5624 2631 5697 precibus
2662 5623 2857 5679 frustra
2881 5632 2935 5678 et
2977 5624 3237 5680 inutiliter
3282 5623 3514 5695 fatigari.
3558 5621 3721 5679 Brevi

412 5704 548 5763 deos
598 5711 842 5767 venerati
897 5722 1042 5769 sunt.
1105 5712 1172 5769 Et
1235 5715 1338 5774 hoc
1391 5717 1611 5790 quidem
1668 5719 1737 5778 ab
1787 5719 2012 5779 Octavio
2112 5718 2340 5789 iusuper
2370 5716 2680 5775 induetioue
2705 5716 3035 5773 demonstrat
3061 5727 3322 5787 quantum
3350 5716 3405 5771 in
3432 5715 3719 5772 celebrati-
