4058 6316
284 255 384 313 577

1673 243 2144 302 DISSERTATIO.

3453 253 3558 310 378

285 369 360 425 dis
396 365 735 439 quorumdam
761 364 984 420 deortun
1023 363 1293 436 mysteriis
1326 361 1567 429 ridiculi,
1617 362 1859 428 obsceni,
1889 363 2059 424 Asus
2102 364 2348 430 crimina,
2400 373 2492 421 aut
2540 365 2623 422 his
2651 369 2872 423 omnino
2915 369 3128 438 similia,
3180 378 3341 443 atque
3388 371 3555 428 etiam

285 463 615 532 crudelesque
666 461 798 515 ritus
854 459 1292 514 observarentur.

350 559 476 613 Tum
523 553 989 632 dehincostendit
1036 554 1103 609 ab
1136 552 1351 608 Ca'cilio
1396 567 1676 625 perperam
1701 551 1858 622 jacti-

285 654 373 709 tari
429 653 722 714 Romanos,
771 647 1074 720 hujusmodi
1119 648 1594 718 superstitionibus
1621 647 1724 701 rite
1753 645 1858 700 .ob-

283 745 525 812 servatis,
572 745 731 800 totius
769 742 916 798 orbis
959 742 1116 812 p0tiri
1159 742 1407 812 imperio.
1438 740 1649 795 Etenim
1686 739 1856 809 parri-

282 841 408 896 cidio
437 853 654 908 regnum
681 835 807 892 illud
839 837 1168 898 inchoatam,
1209 833 1525 896 sceleribus,
1559 833 1853 903 impietate,

283 943 329 988 et
365 931 652 1000 sacrilegiis
699 932 958 984 accrevit.
1008 927 1146 995 Quid
1195 944 1344 993 vero,
1393 925 1536 997 quod
1582 924 1856 980 vernaculi

282 1025 366 1090 dii,
409 1024 665 1079 Romulus
685 1066 700 1088 ,
737 1023 912 1086 Picus,
943 1021 1261 1086 Tiberinus,
1286 1020 1524 1082 Consus,
1549 1019 1857 1083 Pilumnus,

285 1121 583 1181 Picamnus,
637 1115 909 1181 Cloacina,
964 1115 1156 1177 Pavor,
1204 1114 1416 1177 Pallor,
1473 1113 1680 1175 Febris,
1720 1111 1856 1165 Mor-

283 1211 393 1276 bus,
434 1211 572 1264 Acca
610 1208 926 1271 Laurentia,
964 1214 1020 1262 et
1064 1206 1222 1261 Flora
1273 1206 1474 1259 nullam
1522 1204 1710 1260 iisdem
1747 1203 1857 1258 Ro-

282 1304 437 1359 manis
481 1317 637 1372 opem
692 1300 834 1354 ferre
884 1299 1207 1370 potuerunt?
1255 1298 1419 1354 Multo
1461 1307 1643 1353 autem
1678 1298 1856 1351 minus

280 1396 484 1450 aliarum
528 1395 766 1465 gentium
821 1393 928 1456 dii,
969 1408 1106 1465 quos
1158 1393 1234 1446 illi
1286 1407 1393 1446 non
1447 1392 1700 1456 coluere,
1753 1390 1857 1445 nisi

281 1491 404 1545 bello
449 1491 594 1559 prius
633 1489 832 1554 victos,
873 1502 936 1542 ac
980 1495 1102 1558 post
1148 1495 1324 1542 actum
1375 1485 1444 1541 de
1488 1485 1618 1556 ipsis
1665 1484 1856 1540 trium-

280 1586 444 1658 phtnn.
496 1585 737 1654 Denique
783 1584 962 1638 nullus
1007 1582 1258 1651 ignorat,
1301 1581 1590 1652 Assyrios,
1641 1578 1855 1642 Medos,

282 1682 482 1747 Persas,
536 1681 793 1743 Grazcos,
845 1678 1161 1750 Egyptios,
1213 1690 1468 1745 regnasse
1517 1683 1642 1729 ante
1692 1687 1855 1744 quas-

1962 457 2162 528 majora
2214 459 2282 512 ab
2336 461 2578 531 ipsismet
2618 461 2844 518 etlmicis
2901 479 3090 534 reapse
3145 465 3427 519 committi.
3483 467 3562 520 Ac

1961 554 2136 624 primo
2165 553 2374 624 quidem
2409 555 2498 625 qui
2541 565 2719 625 caput,
2768 556 2958 626 inquit,
3013 557 3148 612 asini
3178 573 3208 612 a
3242 555 3560 612 Christianis

1961 647 2170 703 adorari
2225 660 2551 718 praepostere
2592 649 2962 716 clamitabant,
2999 650 3051 704 hi
3093 665 3214 705 cum
3269 651 3453 720 Epona
3501 660 3556 707 et

1962 738 2102 794 Iside
2125 743 2511 795 consecrabant
2539 743 2740 804 asinos,
2773 743 2944 812 capita
2981 741 3138 797 bouut
3171 757 3234 798 ac
3269 757 3554 798 vervecum

1963 833 2374 896 venerabantur,
2422 833 2660 905 deosque
2709 834 3028 890 dedicabant
3067 836 3151 891 vel
3200 837 3418 907 caprina
3447 837 3550 891 ha-

1961 943 2226 998 manaque
2252 927 2419 983 forma
2441 971 2455 993 ,
2510 931 2590 983 vel
2621 930 2815 984 bovino
2845 930 3146 1001 caninoqae
3176 931 3323 985 valta
3353 947 3553 1000 reprac-

1961 1029 2218 1076 sentatos.
2256 1021 2336 1076 Ad
2381 1022 2495 1076 hare
2538 1031 2717 1077 autem
2759 1023 2860 1094 ipsi
2889 1023 3116 1078 Romani
3158 1023 3348 1080 bovem
3377 1025 3555 1094 Apim,

1961 1112 2156 1182 aliique
2203 1113 2474 1177 animalia,
2520 1125 2829 1185 serpentes,
2878 1130 3038 1182 aves,
3090 1115 3323 1183 belluas,
3383 1117 3556 1187 pisces

1961 1208 2228 1272 colebant,
2287 1209 2441 1264 sicuti
2496 1209 2732 1282 Egyptii
2755 1251 2770 1276 ,
2823 1211 2911 1280 qui
2942 1226 3049 1265 non
3080 1213 3250 1282 magis
3280 1211 3473 1267 Isidem
3504 1222 3557 1269 et

1961 1300 2271 1371 Serapidem
2311 1318 2469 1373 quam
2499 1303 2822 1358 acrimonias
2847 1317 3100 1373 ceparum
3131 1311 3186 1359 et
3215 1304 3418 1361 ventris
3438 1319 3556 1361 οινο-

1962 1395 2104 1465 pitus
2141 1397 2481 1450 verebantur.

2032 1487 2183 1554 Quod
2235 1488 2462 1544 subinde
2505 1488 2706 1560 objecit
2744 1489 2992 1544 Caecilius
3021 1504 3050 1543 a
3091 1487 3411 1544 Christianis
3451 1488 3553 1545 coli

1961 1582 2260 1638 sacerdotis
2308 1585 2582 1654 genitalia,
2639 1584 2767 1640 illud
2795 1595 2900 1639 tam
2935 1584 3123 1639 falsum
3155 1599 3276 1640 esse
3301 1583 3552 1640 Octavius

1962 1688 2268 1741 asseverat,
2305 1695 2466 1750 quam
2511 1689 2717 1734 certam
2761 1692 2845 1734 εει
2874 1679 3120 1734 ethnicos
3152 1679 3552 1734 obscenissimis

280 1775 409 1838 libet,
457 1774 773 1844 (veterisque
830 1772 1080 1828 omnibus
1131 1769 1431 1825 deteriores
1483 1767 1852 1822 Romanorum
1886 1767 1932 1827 B
1961 1772 2298 1842 constuprari
2331 1771 2773 1842 turpitudinibus,
2802 1788 2934 1843 quas
2955 1772 3110 1828 nobis
3136 1787 3237 1828 nec
3254 1773 3550 1839 nominare,

279 1869 690 1939 superstitiones.

341 1960 412 2014 Ex
437 1960 613 2015 avium
647 1973 807 2030 porro
833 1957 1086 2027 auspiciis
1120 1963 1281 2026 atque
1309 1953 1548 2024 auguriis
1579 1951 1848 2006 vibratam

279 2047 445 2109 leviter
463 2071 492 2106 a
539 2053 761 2108 Czccilio
791 2054 953 2108 telam
973 2095 987 2118 ,
1043 2056 1230 2105 contra
1264 2048 1436 2117 ipsum
1463 2044 1717 2100 Octavius
1741 2044 1854 2100 Re-

278 2146 400 2218 guli,
453 2146 716 2212 Mancini,
768 2144 951 2210 Pauli,
1000 2143 1338 2212 Caesarisque
1380 2139 1628 2210 exempla
1665 2149 1853 2195 retun~

279 2242 362 2295 itit.
419 2240 696 2296 Similibus
753 2239 914 2294 etiam
968 2237 1058 2292 ille
1120 2235 1470 2304 Amphiarai,
1527 2233 1750 2288 Tiresize
1801 2241 1856 2289 et

279 2332 513 2402 Apollinis
546 2330 731 2403 Pythii
766 2329 1026 2400 exemplis
1053 2328 1385 2384 demonstrat
1415 2341 1520 2382 non
1559 2326 1728 2396 magis
1755 2340 1852 2381 va-

278 2425 418 2480 lidam
462 2439 582 2480 esse
642 2424 972 2494 petitam'ex
1024 2421 1256 2477 oraculis
1308 2420 1851 2491 argumentationem.

277 2518 366 2575 Sed
403 2519 518 2589 quia
572 2532 767 2588 urgere
812 2516 1009 2587 aliquis
1057 2523 1302 2585 poterat,
1365 2512 1611 2584 quaedam
1663 2512 1854 2566 saltem

279 2600 395 2667 vera
416 2614 580 2667 fuisse
610 2611 826 2666 oracula
848 2653 863 2678 ,
919 2611 1119 2663 idcirco
1147 2607 1400 2663 Octavius
1430 2621 1542 2662 rem
1573 2606 1768 2670 altius,
1799 2614 1854 2660 et

276 2722 300 2760 a
338 2707 492 2776 prima
528 2720 628 2761 sua
671 2703 876 2776 origine
919 2701 1266 2772 repetendam
1295 2715 1418 2757 esse
1445 2699 1674 2757 censuit.
1712 2699 1852 2754 Dicit

279 2801 432 2871 itaque
473 2799 736 2872 quosdam
788 2813 909 2854 esse
949 2797 1189 2868 impuros
1218 2795 1473 2866 spiritus,
1519 2797 1608 2866 qui
1639 2792 1850 2862 cupidi-

277 2900 368 2946 tate
404 2892 672 2956 et’vitiis,
723 2890 1020 2945 substantia:
1062 2904 1170 2943 sua:
1207 2888 1608 2958 simplicitatem
1650 2886 1849 2940 amise-

277 2993 401 3039 rant.
445 2984 632 3054 Neque
664 2983 713 3038 id
764 2997 962 3053 negare
1011 2989 1256 3052 poterant
1297 2980 1518 3035 ethnici.
1571 2978 1702 3033 Nam
1753 2979 1850 3034 hos

278 3086 426 3146 pocae
456 3078 731 3132 dtemonas
764 3086 954 3130 vocant
978 3117 993 3142 ,
1047 3075 1266 3145 notique
1288 3082 1443 3129 erant
1475 3071 1640 3141 Magis
1675 3085 1739 3125 ac
1759 3071 1850 3125 So-

278 3174 409 3239 crati,
452 3174 538 3244 qui
587 3186 754 3227 unum
796 3187 859 3226 ex
909 3171 1016 3226 illis
1063 3169 1343 3225 custodem
1391 3177 1446 3224 et
1477 3167 1845 3222 consiliarium
1878 3169 1922 3235 C

279 3262 454 3319 habuit.
499 3265 602 3332 Qui
645 3277 772 3318 vero
817 3263 891 3318 illi
922 3264 1060 3328 sint,
1105 3261 1394 3317 Holslanes
1438 3271 1493 3315 et
1530 3259 1680 3314 Plato
1705 3259 1848 3314 edis-

279 3368 456 3413 serunt.
490 3359 654 3428 Atqui
702 3357 832 3428 Magi
875 3357 1076 3427 aliique
1130 3356 1320 3411 horum
1371 3355 1700 3425 perditorum
1749 3369 1848 3410 an-

279 3452 489 3518 θεῖοι-ειη]
509 3495 522 3518 ,
553 3452 646 3522 qui
690 3450 934 3505 homines
979 3463 1161 3505 secum
1195 3449 1418 3519 perdere
1444 3457 1738 3513 conantur,
1769 3449 1846 3502 af‘

279 3541 384 3596 flatu
429 3555 476 3598 et
521 3543 874 3613 inspiratione
920 3542 1094 3596 varias
1137 3541 1432 3610 praestigias
1471 3541 1657 3596 edunt.

343 3637 430 3705 Ipsi
469 3653 599 3693 vero
649 3637 724 3690 illi
773 3637 1047 3691 daemones
1087 3637 1186 3690 sub
1215 3637 1404 3690 statuis
1431 3645 1483 3691 et
1530 3636 1850 3707 imaginibus

279 3728 591 3798 delitescant,
626 3739 1028 3786 commorantur
1059 3731 1110 3785 in
1140 3730 1294 3794 fanis,
1347 3731 1429 3785 vel
1471 3730 1522 3784 in
1571 3729 1845 3785 hominum

279 3807 474 3895 corpora
503 3828 777 3895 irrepant,
827 3825 1125 3880 naturalem
1153 3823 1502 3894 quarumdam
1538 3838 1717 3879 rerum
1763 3839 1850 3879 nr-

278 3917 431 3974 diaem
480 3920 820 3990 perturbant,
874 3920 1089 3974 oracula
1138 3918 1284 3973 falsis
1333 3919 1572 3973 involuta
1621 3933 1847 3988 respon-

277 4010 339 4063 sis
376 4012 626 4079 fnndunt,
676 4013 885 4082 aliaque
915 4011 1362 4072 extraordinaria,
1405 4011 1561 4066 sicuti
1594 4026 1678 4074 ea,
1727 4026 1845 4080 qua:

277 4100 332 4157 de
368 4105 524 4175 Jove,
569 4106 916 4172 Castoribus,
954 4113 1008 4161 et
1035 4106 1253 4160 Claudia
1282 4105 1532 4160 Caecilius
1559 4120 1850 4161 recensue-

277 4209 372 4266 rat,
404 4203 476 4257 sic
505 4201 774 4264 efﬁciunt,
828 4211 884 4254 ut
933 4201 1160 4256 ethnicis
1191 4199 1474 4254 videantur
1500 4215 1626 4254 vera
1662 4209 1845 4269 patra-

276 4290 397 4347 visse
444 4293 720 4348 miracula.
779 4293 1160 4348 Verumtamen
1215 4302 1338 4346 tunc
1387 4291 1540 4348 fateri
1583 4303 1849 4363 cogantur

279 4384 374 4440 haec
415 4404 515 4444 non
543 4407 575 4444 a
633 4389 761 4454 Deo,
799 4388 892 4443 sed
939 4404 967 4442 a
994 4403 1052 4443 se
1099 4388 1228 4458 ipsis
1259 4387 1398 4443 facta
1430 4387 1615 4455 fuisse,
1665 4404 1787 4444 cum
1815 4405 1845 4445 a

276 4474 563 4536 Clirisﬁanis
609 4497 704 4550 per
734 4481 897 4536 Deum
931 4496 1113 4536 verum
1145 4481 1398 4550 adjurati,
1429 4491 1482 4537 et
1498 4485 1664 4537 sacris
1689 4499 1846 4538 exor-

1958 1879 2059 1919 net:
2102 1864 2286 1920 audire
2327 1864 2406 1919 fas
2439 1881 2686 1936 tanquam
2716 1865 2834 1921 fuit.

2030 1956 2136 2011 Nec
2187 1959 2354 2028 magis
2399 1973 2583 2013 verum
2639 1969 2754 2013 erat
2807 1959 3080 2014 hominem
3127 1958 3276 2014 cruci
3332 1968 3554 2030 propter

1958 2049 2183 2104 crimina
2228 2065 2323 2104 sua
2367 2050 2584 2105 afﬁxam
2629 2067 2659 2106 a
2712 2050 2865 2105 nobis
2911 2051 3036 2106 coli.
3091 2050 3224 2106 Nam
3274 2065 3398 2106 eum
3446 2068 3554 2106 non

1959 2143 2119 2198 modo
2157 2144 2519 2210 innocentem,
2565 2144 2659 2199 sed
2695 2145 2861 2199 Deum
2889 2158 3008 2200 esse
3037 2146 3230 2200 merito
3257 2145 3548 2201 credimus.

1958 2235 2154 2290 Contra
2207 2251 2334 2290 vero
2381 2235 2619 2307 Egyptii
2669 2236 2873 2291 homini
2923 2251 2953 2290 a
2992 2252 3052 2292 se
3099 2237 3276 2292 electo
3319 2245 3555 2293 mactant

1956 2328 2224 2395 victimas,
2271 2338 2324 2384 et
2351 2329 2612 2384 sacriﬁcia
2665 2331 2887 2388 faciunt.
2937 2330 3040 2385 Alii
3073 2338 3256 2384 autem
3283 2343 3467 2399 regam
3499 2331 3553 2386 in

1957 2422 2099 2478 Deos
2142 2437 2170 2476 a
2200 2438 2260 2478 se
2304 2422 2694 2493 adscriptorum
2731 2424 2983 2478 invocant
3026 2424 3264 2489 numina,
3317 2424 3382 2478 ad
3416 2425 3553 2478 ima-

1956 2514 2110 2585 gines
2149 2515 2469 2584 supplicant,
2520 2524 2682 2585 atque
2730 2515 3243 2585 corumimplorant
3269 2515 3476 2586 genios.

2027 2607 2227 2662 Cruces
2256 2619 2467 2674 autem,
2511 2610 2683 2679 pergit
2710 2607 2982 2669 Octavius.
3017 2618 3118 2664 nec
3155 2609 3382 2663 colimus
3403 2647 3417 2671 ,
3451 2623 3552 2663 nec

1955 2708 2223 2769 Optamus.
2265 2701 2371 2757 Sed
2415 2701 2612 2756 ethnici
2641 2715 2733 2756 eas
2774 2701 3000 2757 fortasse
3047 2712 3295 2772 tanquam
3325 2702 3548 2758 deorum

1954 2809 2173 2850 suorum
2205 2799 2400 2865 partes
2437 2801 2779 2852 venerantur;
2837 2795 3036 2850 Crucis'
3061 2796 3257 2850 etenim
3305 2795 3468 2865 figura
3500 2796 3551 2851 in

1955 2889 2215 2958 ipsorum,
2260 2889 2604 2958 qum'eolunt,
2656 2888 2852 2960 signis,
2885 2889 3188 2954 cantabris,
3237 2888 3468 2955 vexillis,
3498 2897 3552 2944 et

1956 2981 2232 3048 trolihaeis,
2285 2996 2348 3036 ac
2385 2981 2629 3052 pluribus
2671 2981 2814 3047 aliis,
2856 2995 2989 3052 quas
3024 2980 3112 3036 ille
3141 2990 3547 3048 commemorat,

1954 3075 2288 3132 naturalibus
2345 3077 2506 3130 rebus
2559 3076 2908 3146 conspicitur.

2034 3169 2555 3238 lmpudentissimam
2612 3185 2826 3241 quoque
2874 3184 2996 3224 esse
3051 3169 3124 3224 ait
3176 3169 3244 3225 de
3301 3178 3481 3240 potato
3519 3186 3550 3226 a

1954 3261 2275 3318 Christianis
2313 3261 2528 3316 infantis
2566 3277 2596 3316 a
2634 3277 2694 3316 se
2722 3261 2885 3317 occisi
2916 3262 3174 3333 sanguine
3202 3263 3546 3318 calumniam.

1956 3355 2168 3411 Ethnici
2200 3371 2347 3422 vero,
2383 3356 2456 3409 uti
2498 3355 2587 3410 ille
2617 3356 2811 3426 arguit,
2859 3365 2911 3410 et
2941 3371 3134 3426 pueros
3163 3371 3352 3412 recens
3396 3367 3550 3414 natos

1953 3451 2244 3506 crudeliter
2291 3459 2590 3520 exponunt,
2639 3459 2692 3504 et
2737 3449 3044 3520 priusquam
3077 3459 3387 3516 nascantur,
3421 3466 3545 3505 cra-

1954 3543 2229 3600 delissimo
2273 3552 2468 3598 necant
2507 3543 2716 3598 abortu.
2761 3541 3025 3597 Saturnus
3054 3550 3232 3597 autem
3271 3541 3468 3597 dicitur
3495 3545 3549 3597 ti-

1953 3639 2054 3694 lios
2081 3652 2315 3704 vorasse,
2348 3646 2404 3692 et
2440 3636 2671 3692 infantes
2693 3652 2720 3689 a
2761 3635 3076 3706 quihusdam
3101 3635 3296 3690 Africa:
3333 3635 3543 3701 incolis,

1952 3734 2091 3786 sicut
2151 3748 2180 3786 a
2241 3731 2430 3786 Tauris
2476 3741 2530 3786 et
2577 3729 2824 3785 Busiride
2881 3715 3138 3802 Egyptio
3191 3729 3461 3801 hospites,
3516 3745 3545 3785 a

1952 3825 2117 3880 Gallis
2167 3830 2220 3878 et
2247 3823 2502 3878 Romanis
2541 3822 2806 3889 homines,
2840 3821 3220 3891 iiiintolantur;
3249 3831 3304 3876 et
3341 3821 3546 3892 Jupiter

1952 3918 2068 3989 ipse
2118 3918 2218 3972 hac
2245 3931 2477 3987 quoque,
2531 3916 2798 3971 horrenda
2851 3914 3017 3981 dictu,
3067 3914 3261 3970 colitur
3305 3915 3542 3969 victima.

1949 4011 2089 4080 Quid
2134 4013 2316 4082 plura?
2363 4011 2633 4080 Sanguine
2675 4009 2910 4064 humano
2949 4009 3250 4078 coniuravit
3290 4008 3541 4075 Catilina,

1951 4103 2135 4159 litatur
2178 4102 2431 4167 Bellonae,
2484 4114 2538 4157 et
2580 4102 2866 4156 comitialis
2915 4100 3132 4156 morbus
3171 4108 3411 4156 sanatur.
3444 4101 3542 4156 De-

1951 4199 2113 4268 nique
2142 4198 2355 4251 athletae
2398 4197 2598 4250 belluas
2641 4195 2915 4249 hominum
2947 4210 3138 4249 cruore
3191 4205 3244 4250 et
3287 4195 3544 4250 membris

1949 4294 2125 4349 adhuc
2179 4293 2448 4362 saginatas
2498 4289 2775 4345 devorant.
2831 4289 2901 4344 At
2946 4286 3266 4344 Christianis
3321 4288 3545 4343 homicia

1950 4387 2094 4444 dium
2150 4387 2233 4442 vel
2283 4385 2490 4450 audire,
2545 4387 2627 4439 vel
2673 4399 2898 4440 cernere
2943 4399 3050 4438 non
3109 4382 3266 4448 licet,
3316 4393 3369 4438 et
3417 4381 3541 4436 aui-

1951 4483 2172 4539 malium
2210 4483 2470 4552 sanguine
2514 4480 2878 4536 interdictum.

277 4571 434 4627 cismis
480 4575 547 4629 ab
604 4575 839 4631 obsessis
884 4575 1196 4645 corporibus
1247 4575 1516 4646 fugantur.
1568 4575 1841 4642 Quamob-
1868 4575 1921 4636 D
2019 4577 2102 4632 Ab
2132 4575 2279 4630 omni
2311 4575 2472 4629 etiam
2513 4571 2978 4628 verisimilitudine
3009 4580 3116 4627 tam
3157 4571 3392 4627 alienum
3422 4580 3536 4638 est,

276 4676 370 4716 rem
411 4664 744 4722 Christianos
796 4667 863 4722 de
920 4683 1165 4739 proximo
1209 4667 1480 4738 fugitant,
1527 4679 1843 4739 tantamque

277 4759 525 4824 gentilium
578 4762 631 4816 in
688 4777 780 4817 eos
811 4763 1081 4818 concitant
1122 4762 1333 4831 odium,
1378 4772 1436 4818 ut
1476 4765 1595 4820 illos
1624 4781 1729 4820 non
1758 4781 1845 4821 so-

277 4846 367 4902 lum
407 4853 550 4921 prius
599 4852 799 4920 odisse,
844 4869 1002 4925 quam
1050 4869 1210 4910 nosse
1263 4855 1557 4926 incipiant,
1613 4857 1706 4912 sed
1751 4873 1843 4913 ne-

277 4940 410 4998 fanda
459 4950 620 5002 etiam
671 4948 774 5003 illis
817 4948 1047 5004 inferant
1099 4949 1346 5017 crimina,
1402 4966 1521 5021 qum
1555 4967 1584 5006 a
1627 4953 1843 5009 nemine

278 5035 463 5102 probari
493 5039 750 5095 hactenus
778 5049 1082 5111 potuerant.
1125 5041 1191 5096 Et
1231 5052 1378 5098 certe
1405 5043 1661 5099 Oetavius
1685 5045 1842 5114 plane

278 5130 566 5188 testiﬁcatur
620 5149 678 5188 se
731 5133 784 5188 id
832 5149 925 5188 sua
991 5135 1319 5204 experientia
1375 5137 1661 5201 didicisse,
1717 5152 1840 5193 cum

277 5220 374 5291 ipse
427 5227 626 5283 adhuc
659 5229 935 5294 etlmicas,
986 5230 1211 5302 ejusque
1274 5232 1437 5301 socii,
1505 5233 1842 5289 Christianos

276 5320 416 5374 rariis
457 5323 764 5389 tormentis,
825 5340 930 5379 non
989 5333 1095 5379 tam
1142 5325 1208 5379 ad
1264 5325 1446 5380 ﬁctilia
1504 5341 1566 5380 ea
1614 5327 1839 5382 crimina

277 5413 575 5482 conﬁtenda,
630 5433 787 5487 quam
817 5417 881 5472 ad
926 5417 1236 5487 ejurandam
1273 5416 1472 5475 Christi
1505 5418 1661 5475 ﬁdem
1691 5436 1840 5476 com-

279 5505 454 5572 pellere
480 5510 802 5566 nitebantur.

337 5599 404 5656 lhi
431 5618 603 5661 autem
635 5607 722 5662 ille
770 5607 1119 5663 invictissime
1148 5608 1480 5663 demonstrat
1506 5609 1838 5666 Christianos

277 5695 539 5768 sacrilegii,
590 5700 856 5766 incestus,
908 5692 1109 5770 stupri,
1145 5699 1414 5768 parricidii
1462 5698 1565 5756 tam
1598 5702 1726 5756 falsi)
1759 5702 1839 5757 iu-

276 5775 511 5859 aitnalari,
565 5789 721 5863 qum
750 5787 953 5850 certti'm
1007 5794 1299 5866 verumque
1325 5804 1439 5852 erat
1467 5796 1652 5852 cadent
1685 5793 1838 5868 prdr~

1948 4671 2089 4742 quod
2127 4669 2447 4727 Christianis
2486 4667 2770 4738 objicitur,
2815 4667 3074 4738 pollutam
3118 4667 3322 4722 incesto
3359 4665 3542 4720 convi-

1947 4768 2091 4822 vium
2111 4807 2124 4831 ,
2156 4781 2312 4834 quam
2340 4771 2554 4818 constat
2584 4764 2769 4818 incesti
2793 4776 2915 4816 reos
2938 4762 3113 4831 reipsa
3147 4774 3267 4814 esse
3288 4759 3536 4829 gentiles.

1948 4862 2127 4920 Persae
2157 4861 2430 4916 enimvero
2451 4874 2571 4914 cum
2601 4856 2883 4922 matribus,
2916 4853 3152 4926 Egyptii
3175 4862 3230 4908 et
3247 4852 3541 4908 Athenien-

1946 4973 2035 5014 ses
2061 4971 2179 5011 cum
2208 4956 2484 5010 sororibus
2511 4953 2823 5008 miscentur.
2868 4950 3049 5004 Poeta:
3089 4957 3265 5002 autem
3295 4947 3442 5000 varia
3480 4953 3535 5001 et

1947 5050 2277 5108 exsecranda
2304 5049 2528 5103 deorum
2555 5056 2754 5103 canunt
2792 5045 3051 5099 adulteria
3074 5085 3089 5108 ,
3119 5056 3345 5113 quorum
3375 5042 3535 5096 etiam

1943 5146 2188 5218 plerique
2223 5143 2452 5215 gentiles
2483 5142 2684 5198 conscii
2713 5149 2883 5197 erant.
2910 5137 3198 5194 Christiani
3226 5152 3356 5194 vero
3381 5137 3539 5190 anius

1945 5239 2270 5295 matrimonii
2296 5236 2506 5293 vinculo
2532 5235 2753 5304 illigati,
2800 5244 2950 5289 extra
2975 5233 3104 5286 illud
3137 5244 3354 5300 semper
3378 5230 3534 5295 casti,
3573 5265 3575 5268 ι

1944 5343 2034 5388 aut
2066 5334 2116 5388 in
2145 5332 2455 5401 virginitate
2483 5337 2892 5399 perseverantes
2912 5369 2926 5391 ,
2972 5325 3162 5397 pudica
3183 5366 3196 5390 ,
3228 5323 3407 5380 sobria
3428 5366 3444 5392 ,
3483 5332 3537 5379 et

1943 5426 2092 5499 gravi
2125 5426 2396 5480 hilaritate
2423 5432 2714 5494 temperata
2742 5421 2985 5477 convivia
3014 5419 3264 5492 agebant.

2015 5519 2271 5586 Quamvis
2314 5529 2490 5573 autem
2534 5531 2795 5586 purpuras
2841 5523 2896 5570 et
2959 5515 3193 5569 honores
3253 5519 3535 5576 recusent,

1943 5614 2048 5668 non
2078 5623 2201 5665 sunt
2231 5621 2408 5665 tamen
2438 5624 2502 5663 ex
2534 5609 2716 5663 ultima.
2765 5607 2935 5677 plebis
2967 5607 3096 5663 faece
3126 5605 3228 5660 orti
3253 5647 3265 5670 ,
3299 5620 3396 5659 nec
3426 5606 3537 5660 fac-

1942 5705 2097 5772 tiosi,
2127 5709 2230 5760 nec
2256 5705 2307 5759 iu
2347 5701 2554 5772 angulis
2579 5701 2798 5771 garruli.
2845 5702 2918 5757 De
2953 5701 3176 5771 probata
3217 5699 3414 5756 etenim
3443 5715 3538 5754 eo.

1942 5802 2060 5854 rum
2107 5796 2210 5853 vita
2262 5795 2401 5851 haud
2447 5796 2710 5852 incertam
2762 5796 3130 5853 testimonium
3176 5799 3291 5853 erat
3330 5793 3526 5864 Samius
