3980 6302
246 285 339 347 38!

1668 288 2133 351 DISSERTATIO.

3431 292 3543 357 583

250 410 390 469 tiano
439 411 623 467 scribit
662 409 868 483 (Idan,
908 406 1078 477 Epist.
1118 409 1188 463 ad
1234 407 1502 466 Heliodor.
1533 408 1597 481 ):
1638 428 1657 461 ι
1713 408 1845 464 illud
1872 410 1923 472 Α
1950 401 2200 475 exordio,
2254 410 2328 465 ita
2372 424 2495 466 eum
2535 408 2869 481 alloquitur:
2914 429 2933 461 ι
2975 408 3145 478 Quam
3189 409 3321 477 tibi,
3364 410 3543 469 Marce

249 511 419 566 aiebat
450 507 830 564 Tertulliani...
865 508 955 565 Sic
992 505 1252 562 Minucius
1292 505 1475 570 Felix,
1510 505 1580 559 ita
1612 504 1839 560 Victori-

248 620 376 671 nus,
407 606 460 658 in
508 603 649 657 hunc
692 602 909 657 modum
941 612 1023 657 est
1057 600 1264 656 loculus
1292 600 1581 655 Arnobius.
1620 619 1640 651 ι
1675 598 1838 653 Deni-

245 715 347 772 que
388 700 441 752 in
478 697 728 766 ApoIOgia
757 696 1016 750 adversus
1060 694 1397 749 Joviniannm
1428 692 1620 761 (Idem,
1664 690 1832 760 Epist.

244 794 329 859 50,
350 791 413 846 ad
443 790 741 845 Pammach.
780 805 871 843 seu
898 789 1115 859 Apolog.
1143 786 1270 840 Adv.
1294 784 1492 853 Iovio.)
1522 801 1539 839 :
1571 804 1590 837 t
1616 784 1794 840 Taceo
1814 824 1832 850 ,

243 884 446 954 inquit,
481 882 547 937 de
592 881 770 935 latinis
804 880 1170 949 Scriptoribus
1210 878 1576 943 Tertulliano,
1613 876 1836 948 Cypria-

242 992 310 1034 no
330 1020 344 1042 ,
376 976 641 1042 Minucio,
672 974 980 1038 Victorino,
1014 973 1321 1033 Lactantio.
1364 971 1588 1026 Hilario.
1631 991 1649 1023 ι

315 1070 561 1138 Longum
603 1084 733 1123 sane
762 1077 816 1123 et
859 1068 1046 1122 inutile
1089 1066 1227 1121 foret
1268 1066 1444 1120 omnia
1480 1064 1835 1119 recentiorum

241 1165 564 1233 scriptorum
604 1162 673 1216 de
704 1161 863 1229 hujus
906 1160 1022 1215 libri
1052 1170 1270 1215 auctore
1316 1157 1556 1227 proferre
1596 1159 1840 1212 testiino-

240 1259 345 1312 nia.
375 1257 517 1312 Satis
552 1255 696 1311 enim
725 1264 933 1309 constat
958 1270 1079 1308 eum
1102 1253 1330 1307 Minucio
1365 1263 1548 1305 nostro
1574 1252 1642 1306 ab
1664 1251 1839 1305 omni-

238 1352 372 1415 bus,
422 1350 638 1405 nemine
691 1348 1052 1412 reclamante,
1101 1346 1352 1411 attribui,
1399 1359 1464 1401 ac
1510 1344 1628 1414 jure
1682 1345 1838 1414 plane

235 1444 433 1501 merito
454 1442 733 1498 vindicari.

303 1535 367 1591 Ei
396 1545 597 1601 autem,
626 1535 716 1604 qui
776 1534 843 1587 ab
870 1533 1137 1603 aliquibus
1167 1532 1427 1587 Minucius
1458 1533 1629 1587 littera
1654 1547 1703 1598 c,
1738 1533 1789 1586 in
1818 1539 1840 1588 t

233 1637 436 1686 mutah
456 1670 469 1692 ,
511 1636 846 1698 nuncupatur
866 1670 881 1694 ,
928 1627 1087 1682 Marci
1117 1643 1379 1697 agnomen
1406 1636 1540 1681 erat.
1585 1626 1836 1682 Octavius

230 1722 499 1795 siquidem
547 1720 631 1776 his
674 1736 798 1775 eum
838 1720 1020 1775 verbis
1062 1720 1435 1789 compellavit:
1475 1737 1494 1769 ι
1544 1717 1659 1773 Non
1708 1718 1833 1772 boni

1942 505 2130 565 frater.
2161 505 2231 562 de
2255 521 2363 575 quo
2400 521 2522 560 cum
2560 505 2791 561 maxime
2820 508 3113 575 qu:erimus
3136 546 3151 571 ,
3188 526 3209 559 ι
3241 506 3292 561 id
3334 518 3442 575 est,
3475 508 3542 563 de

1940 599 2168 655 etlmiee
2197 610 2249 655 et
2281 602 2590 656 christiana:
2631 601 2905 672 religionis
2943 602 3201 667 veritate,
3258 622 3276 653 ι
3324 619 3427 655 non
3472 603 3543 659 sit

1948 693 2289 762 ambiguum;
2322 703 2379 749 ut
2406 704 2529 764 pote
2553 710 2674 750 cum
2702 694 2987 765 diligenter
3014 696 3065 750 in
3098 706 3325 766 utroque
3355 697 3544 751 viven-

1946 784 2003 839 di
2054 800 2250 854 genere
2306 794 2580 852 verszttns,
2638 787 2936 857 repudiaris
2988 788 3253 852 alterum,
3310 788 3538 844 alterum

1940 878 2330 947 comprobaris.
2367 898 2386 931 ι
2423 881 2560 948 Quin
2591 881 2750 935 etiam
2779 880 3034 937 Octavius
3060 896 3164 936 non
3196 891 3300 936 tam
3329 881 3395 936 de
3424 883 3541 952 ipso

1940 971 2198 1040 fortasse,
2241 975 2693 1044 quemadmodum
2722 977 2955 1032 diximus
2975 1018 2989 1040 .
3018 993 3176 1047 quam
3210 978 3278 1031 dc
3309 978 3539 1037 Minucio

1940 1066 2118 1124 Felice
2141 1068 2281 1123 hunc
2305 1084 2490 1126 rursus
2526 1071 2764 1141 loquitur
2792 1072 2843 1126 in
2874 1072 3089 1126 modum
3123 1091 3135 1127 :
3179 1090 3199 1124 ι
3233 1073 3404 1139 Quam
3444 1089 3541 1128 att-

1940 1172 2047 1217 tem
2079 1162 2317 1232 iniqnttm
2350 1164 2416 1219 sit
2447 1164 2515 1219 de
2547 1165 2832 1236 incognitis
2856 1207 2871 1230 ,
2910 1185 2930 1218 ι
2960 1168 3166 1221 scilicet
3193 1166 3537 1235 Christianis,

1944 1273 1965 1307 ι
1999 1266 2051 1311 et
2084 1256 2432 1319 inexploratis
2466 1257 2746 1327 judicare,
2788 1257 2931 1327 quod
2976 1257 3147 1313 facitis
3169 1298 3185 1325 ,
3228 1260 3382 1314 nobis
3409 1260 3541 1328 ipsis

1941 1351 2322 1420 paenitentibus
2351 1350 2575 1405 credite.
2611 1352 2676 1405 Et
2719 1365 2819 1405 nos
2856 1352 2998 1405 cuitn
3031 1350 3172 1406 idem
3217 1351 3448 1416 fuimus,
3487 1360 3542 1407 et

1939 1445 2126 1501 eadem
2177 1445 2454 1500 vobiscum
2502 1444 2773 1516 quondam
2819 1445 2995 1499 adhuc
3040 1445 3170 1498 caeci
3215 1455 3270 1500 et
3320 1444 3541 1503 hebetes

1938 1538 2331 1602 sentiebamus,
2372 1539 2521 1605 quasi
2551 1536 2843 1592 Christiani
2871 1545 3106 1591 monstra
3146 1537 3423 1598 colerent,
3456 1536 3538 1591 in-

1939 1630 2110 1686 fantes
2142 1639 2421 1696 vorarent,
2451 1631 2695 1685 convivia
2739 1630 2941 1685 incesta
2980 1630 3287 1684 miscerent.
3319 1628 3428 1687 Nec
3458 1631 3542 1684 in-

1941 1724 2311 1794 telligebamus
2339 1725 2406 1777 ab
2436 1723 2517 1777 his
2548 1722 2751 1778 fabulas
2776 1722 2908 1778 istas
2940 1737 3152 1793 semper
3187 1722 3459 1787 ventilari,
3488 1730 3543 1791 et

229 1819 333 1873 viri
384 1826 500 1875 est.
549 1815 727 1870 Marce
771 1813 969 1880 frater,
1013 1812 1320 1877 hominem,
1371 1819 1466 1866 etc.
1518 1831 1537 1863 ι
1591 1810 1839 1866 Caecilius
1866 1813 1915 1877 B
1944 1832 2232 1887 numquam
2265 1816 2348 1871 vel
2378 1816 2720 1882 investigari,
2751 1815 2833 1870 vel
2875 1814 3161 1884 probari...
3197 1816 3419 1870 bosnec
3448 1829 3543 1870 au-

226 1926 362 1966 vero
392 1928 406 1964 :
447 1929 465 1961 ι
494 1910 825 1976 Quamquam
855 1908 971 1971 tibi,
1003 1906 1180 1961 Marce
1210 1905 1393 1970 frater,
1417 1915 1511 1957 etc.
1555 1923 1572 1956 ι

308 2004 486 2073 Quam
521 2012 642 2057 nota
674 2012 850 2055 autem
884 2000 1163 2064 omnibus,
1209 2008 1263 2053 et
1292 1998 1487 2053 nobilis
1516 1998 1613 2052 fuit
1640 2012 1835 2053 consu-

225 2098 361 2155 laris
398 2098 542 2169 apud
567 2097 844 2151 Romanos
887 2094 1237 2149 Miuuciorum
1287 2092 1487 2147 familia
1535 2103 1643 2146 tam
1674 2091 1832 2145 cuili-

223 2191 323 2248 bet
351 2195 607 2245 hactentts
638 2190 1024 2258 incompertum
1064 2196 1238 2240 utrum
1268 2200 1338 2240 ex
1371 2200 1457 2248 ea.
1497 2194 1589 2238 aut
1628 2198 1733 2252 qua
1758 2198 1829 2238 ex

223 2284 333 2339 alia
362 2298 515 2338 suam
559 2280 822 2337 Minucius
865 2289 1050 2334 noster
1087 2279 1349 2346 originem
1379 2276 1613 2333 duxerit.
1651 2275 1833 2344 Neque

222 2376 325 2432 ulli
351 2376 520 2447 magis
544 2376 876 2444 exploratum
901 2388 1020 2443 quae
1042 2372 1199 2426 fuerit
1222 2370 1365 2425 illius
1387 2370 1579 2437 patria.
1602 2366 1832 2436 Quidam

222 2478 412 2523 tamen
444 2484 565 2522 eum
595 2484 662 2523 ex
688 2465 848 2536 hujus
870 2507 884 2528 ,
908 2465 975 2520 de
1002 2480 1107 2533 quo
1130 2464 1370 2533 agimus.
1405 2462 1546 2533 ston
1574 2460 1627 2515 in
1656 2459 1833 2515 Africa

221 2573 416 2616 natum
447 2561 807 2630 suspicantur.
833 2556 937 2613 Sed
968 2556 1021 2610 hi
1054 2570 1152 2610 nec
1175 2556 1436 2623 probant,
1476 2567 1576 2607 nec
1606 2552 1834 2622 probare

221 2663 458 2724 possunt
482 2652 682 2721 aliqttid
709 2652 944 2705 durioris
982 2647 1215 2703 Africani
1257 2648 1525 2702 sermonis
1563 2646 1615 2700 in
1646 2661 1714 2701 eo
1737 2645 1830 2700 de-

220 2745 516 2818 prehendi.
548 2743 817 2814 Numquid
847 2741 1038 2813 potiori
1067 2742 1189 2807 jure
1214 2739 1320 2794 dici
1348 2747 1531 2809 posset
1556 2737 1831 2793 Caecilium

220 2849 273 2893 et
308 2840 609 2903 Octavium,
641 2845 789 2890 tanto
814 2835 1012 2888 amoris
1032 2832 1244 2886 vinculo
1276 2830 1510 2885 Minucio
1530 2831 1830 2898 devinctos,

217 2948 418 2989 revera
451 2932 733 2988 Africanos
763 2930 951 2993 fuisse,
997 2929 1218 2996 ejusque
1247 2926 1530 2995 populares
1552 2926 1577 2978 ἲ
1605 2926 1674 2981 At
1704 2940 1834 2981 sane

221 3026 272 3083 id
302 3069 317 3093 ,
370 3028 510 3081 sicut
552 3026 706 3093 paulo
758 3035 880 3096 post
924 3021 1255 3082 videbimus.
1306 3033 1478 3087 neque
1526 3019 1597 3072 ita
1627 3026 1832 3072 certum

221 3130 341 3182 est,
376 3134 553 3189 neque
581 3135 646 3172 ex
685 3119 896 3172 illorum
924 3116 1207 3185 quantavis
1244 3114 1495 3169 amicitize
1539 3112 1830 3167 necessitu-

223 3213 352 3270 dine
388 3225 558 3283 potest
592 3214 700 3266 ullo
727 3212 929 3281 absque
957 3211 1121 3265 dubio
1150 3209 1347 3279 colligi.

296 3309 583 3364 Neminem
614 3321 744 3360 vero
786 3305 899 3359 fore
944 3313 1224 3373 ptttamtts,
1270 3302 1359 3371 qui
1405 3300 1619 3371 negabit
1660 3300 1833 3354 Minu-

221 3406 374 3461 cium
416 3403 633 3462 Romae.
669 3416 789 3471 quae
833 3411 960 3453 tunc
984 3408 1302 3452 caeterarttm
1338 3396 1499 3450 totius
1532 3395 1714 3449 mundi
1748 3410 1837 3447 nr-

221 3499 380 3553 bium
408 3505 568 3567 caput
595 3504 707 3549 erat
727 3536 743 3561 ,
774 3493 862 3547 diu
894 3494 1179 3553 mansisse,
1210 3491 1298 3544 ubi
1331 3490 1584 3543 causidici
1612 3504 1836 3545 munere

220 3591 572 3660 fungebatur.
622 3586 784 3642 Citati
814 3591 1008 3656 quippe
1052 3601 1079 3637 a
1140 3584 1294 3639 nobis
1325 3583 1635 3639 Lactantius
1676 3592 1836 3651 atque

222 3685 589 3754 Hieronymus
626 3681 754 3737 illud
782 3682 954 3750 palam
999 3688 1287 3747 aperteque
1313 3686 1645 3732 asseverant.
1689 3676 1834 3745 Ipse-

220 3788 339 3832 met
372 3790 503 3830 vero
533 3775 796 3829 Minucius
829 3772 986 3842 hujus
1015 3771 1134 3826 libri
1166 3770 1516 3825 ittitioscribit
1547 3770 1828 3822 Octavium

219 3872 287 3926 ad
319 3887 384 3925 se.
409 3871 633 3925 Romam
663 3870 907 3934 venisse,
949 3878 1110 3931 atque
1154 3883 1256 3921 una
1301 3884 1424 3921 cum
1454 3881 1520 3917 eo
1566 3873 1621 3919 et
1664 3865 1835 3917 altero

220 3964 430 4017 comite
464 3962 622 4031 paulo
649 3971 770 4032 post
800 3963 1000 4014 Ostiam
1025 3962 1275 4029 petivisse
1300 3976 1312 4010 :
1349 3979 1366 4009 t
1397 3959 1530 4011 Cum
1554 3958 1620 4011 ad
1646 3956 1835 4010 vinde-

222 4057 430 4114 miam,
485 4054 686 4123 inquit,
742 4052 887 4106 feria:
930 4053 1266 4123 judiciariatn
1315 4066 1500 4104 curant
1554 4050 1834 4103 relaxave-

219 4156 384 4210 rant,
425 4164 444 4198 ι
477 4145 527 4199 id
561 4154 638 4199 est
660 4187 675 4210 ,
708 4161 828 4197 eum
858 4161 887 4198 a
916 4142 1116 4198 forensi
1152 4144 1334 4197 labore
1356 4185 1368 4201 .
1402 4158 1509 4212 quo
1542 4157 1633 4211 per
1663 4150 1834 4194 totum

219 4253 431 4291 annum
474 4236 865 4306 occupabatur,
900 4236 1291 4289 vindendarum
1324 4244 1565 4302 tempore.
1596 4242 1831 4285 vacaret.

220 4328 421 4383 Nonne
452 4329 612 4383 etiam
645 4327 899 4383 Octavius
928 4328 995 4382 de
1041 4343 1099 4383 se
1152 4329 1295 4398 ipso,
1348 4337 1402 4380 et
1446 4326 1515 4380 de
1563 4324 1833 4387 Minucio,

219 4421 311 4475 vel
348 4420 525 4486 potius
555 4419 766 4474 Minucii
815 4429 1018 4475 tantum
1061 4421 1282 4474 nomine
1320 4420 1454 4474 dixit
1490 4437 1503 4473 :
1544 4437 1562 4468 ι
1619 4417 1729 4472 Nos
1760 4426 1838 4471 Ia-

220 4527 355 4567 men
408 4513 701 4583 sacrilegos
765 4513 1012 4582 aliquos.
1070 4522 1125 4568 et
1192 4514 1464 4577 incestos,
1539 4510 1836 4579 parricidas

1936 1908 2163 1964 diendus
2204 1909 2255 1963 in
2303 1916 2472 1963 totum
2521 1909 2863 1978 putabamus.
2912 1907 3328 1979 Nonnumquam
3373 1908 3539 1964 etiam

1936 2005 2256 2058 miserantes
2282 2017 2469 2057 eorum
2493 2002 2765 2057 crudelius
2802 2001 3191 2067 szcviebamus,
3236 2010 3292 2054 ut
3322 2009 3541 2070 torque-

1934 2112 2118 2153 remus
2147 2096 2466 2151 conﬁtcntes
2492 2095 2557 2149 ad
2600 2094 2903 2165 negandum
2924 2135 2939 2158 ,
2978 2094 3260 2157 videlicet,
3293 2108 3361 2148 ne
3399 2092 3543 2162 peri-

1936 2200 2091 2255 rent,
2122 2199 2434 2246 exserentes
2466 2191 2518 2244 iu
2547 2189 2630 2243 his
2659 2203 2967 2258 perversam
2994 2188 3351 2258 quaestionem
3374 2227 3390 2251 ,
3434 2200 3540 2243 non

1934 2301 2054 2355 qnze
2084 2300 2266 2339 verum
2299 2292 2528 2344 erueret,
2556 2283 2651 2337 sed
2680 2297 2802 2352 qua!
2830 2281 3171 2336 mendacium
3204 2289 3446 2350 cogeret.
3474 2278 3543 2335 Et

1937 2381 1979 2435 si
2008 2381 2127 2450 quis
2154 2378 2435 2443 infirmior,
2471 2378 2611 2431 tnalo
2637 2391 2856 2447 pressus
2877 2385 2929 2430 et
2958 2376 3154 2441 victus,
3170 2374 3539 2429 Christianum

1936 2490 1994 2530 sc
2040 2480 2322 2544 negasset,
2375 2471 2686 2525 favebamus
2717 2469 2804 2535 ei,
2838 2469 2988 2538 quasi
3036 2467 3242 2536 ejerato
3285 2464 3538 2529 nomine,

1932 2571 2041 2639 jam
2070 2552 2247 2623 omnia
2282 2566 2421 2620 facta
2461 2579 2558 2618 sua
2592 2564 2676 2616 illa
2711 2561 2994 2631 negatione
3020 2568 3291 2633 purgaret.
3327 2556 3540 2626 Agnos-

1935 2663 2123 2716 citisue
2153 2660 2338 2714 cadent
2379 2672 2476 2712 nos
2507 2655 2742 2711 sensisse
2770 2663 2823 2710 et
2846 2658 3053 2727 egisse,
3087 2669 3207 2725 qua:
3239 2651 3455 2707 sentitis
3486 2658 3542 2705 ct

1936 2755 2162 2823 geritis?
2192 2774 2210 2805 ι

2009 2848 2112 2904 Sed
2163 2863 2192 2901 a
2244 2846 2398 2902 nobis
2444 2845 2673 2900 fortasse
2736 2842 2929 2913 aliquis
2981 2842 3201 2909 insuper
3250 2837 3486 2909 inquirct
3515 2876 3531 2900 ,

1936 2951 2114 2995 ntrnnt
2164 2940 2425 2995 Minucius
2477 2939 2627 2994 Felix
2676 2945 2798 3009 post
2837 2936 3021 2990 datum
3063 2934 3369 2988 christianm
3416 2928 3541 2985 ﬁdei

1936 3049 2153 3099 nomen,
2196 3035 2250 3088 in
2294 3032 2546 3087 causidici
2589 3045 2812 3085 munere
2852 3027 3105 3083 obeumlo
3156 3040 3310 3079 suam
3366 3022 3541 3078 adhuc

1938 3127 2262 3196 impenderit
2314 3140 2555 3196 operam.
2589 3123 2692 3178 Sed
2729 3124 2796 3187 is.
2844 3135 3061 3190 ιιιιειιεο,
3094 3119 3329 3172 animum
3360 3115 3426 3169 ad
3476 3126 3541 3170 ea

1857 3220 1904 3285 C
1937 3221 2181 3276 advertat
2203 3262 2216 3281 .
2248 3235 2366 3288 quae
2406 3218 2562 3288 paulo
2589 3225 2713 3270 ante
2740 3213 3164 3269 observahamns
3184 3251 3199 3275 ,
3241 3210 3389 3264 illttttt
3415 3223 3540 3264 eum

1938 3312 2155 3368 Ca'cilio
2183 3322 2233 3365 et
2264 3310 2490 3366 Octavio
2511 3309 2744 3369 Ostiam.
2782 3308 2867 3359 ubi
2907 3305 3218 3375 disputatio.
3249 3319 3368 3372 quae
3400 3302 3538 3368 hoc,

1939 3422 2046 3477 quo
2074 3406 2139 3460 de
2167 3406 2392 3475 agimus,
2424 3404 2561 3457 libro
2589 3402 2891 3464 exhibetur,
2925 3401 3105 3455 habita
3135 3405 3253 3453 est:
3291 3405 3418 3451 tunc
3445 3410 3542 3450 ve-

1940 3500 2119 3561 nisse,
2162 3497 2412 3567 quando,
2450 3515 2468 3547 ι
2525 3494 2603 3549 Ad
2638 3494 2962 3548 vindemiam
3011 3491 3158 3546 ferite.
3203 3488 3538 3559 jndiciariaet

1939 3593 2055 3661 ejus
2081 3605 2262 3644 curam
2293 3590 2694 3643 relaxaverant.
2738 3607 2756 3637 ι
2795 3587 2954 3655 Atqui
2988 3594 3120 3649 ttttn,
3152 3585 3228 3637 uti
3259 3598 3326 3636 ex
3365 3580 3542 3636 citatis

1941 3683 2098 3753 paulo
2130 3692 2252 3736 ante
2288 3680 2486 3735 Czrcllii
2518 3678 2699 3732 verbis
2727 3675 3083 3735 ostendimus,
3113 3674 3374 3729 Minucius
3397 3672 3541 3727 chri-

1939 3777 2163 3828 stianatn
2188 3773 2499 3841 religionem
2526 3772 2892 3838 proﬁtebatur.
2925 3770 3267 3836 Quapropter
3287 3766 3378 3821 ubi
3408 3764 3541 3820 Can-

1939 3867 2093 3921 cilius
2121 3866 2333 3921 obvium
2374 3865 2650 3934 Serapidis
2679 3864 3025 3918 simulat-runt
3071 3860 3381 3921 adorasset,
3428 3866 3539 3911 tum

1940 3962 2084 4015 illico
2114 3961 2164 4013 in
2196 3960 2483 4013 Minucium
2515 3961 2594 4011 sic
2631 3956 2886 4011 Oetavitts
2926 3957 3169 4008 invectus
3198 3961 3281 4006 est
3310 3969 3324 4005 :
3351 3968 3370 4002 ι
3423 3949 3539 4003 Non

1942 4055 2067 4109 boni
2095 4055 2191 4107 viri
2219 4065 2329 4116 est,
2364 4053 2539 4106 Marce
2580 4051 2781 4117 frater,
2826 4049 3099 4103 hominem
3132 4047 3275 4100 domi
3306 4044 3542 4112 forisque

1942 4146 2092 4200 lateri
2133 4156 2224 4200 tuo
2263 4146 2612 4199 inhaerentem
2645 4145 2723 4196 sic
2753 4145 2803 4196 itt
2840 4144 2941 4196 hac
2978 4140 3262 4209 itnpet'itia-
3308 4138 3543 4206 vulgaris

1939 4240 2181 4293 caecitate
2225 4239 2501 4301 dest-rere,
2547 4246 2605 4290 ttt
2649 4245 2754 4290 tam
2787 4235 3058 4290 luculento
3100 4234 3187 4286 die
3232 4232 3287 4286 itt
3335 4229 3541 4300 lapides

1940 4350 2062 4388 eum
2104 4332 2328 4403 patiaris
2374 4332 2741 4400 impingere...
2788 4344 2910 4383 cum
2957 4329 3096 4381 scias
3140 4326 3297 4392 hujus
3340 4322 3541 4379 erroris

1940 4444 2045 4482 non
2076 4429 2335 4481 minorem
2361 4425 2425 4478 ad
2455 4435 2533 4487 te,
2564 4438 2723 4494 quam
2747 4423 2811 4475 ad
2841 4423 3011 4490 ipsum
3040 4418 3309 4473 infamiam
3342 4414 3538 4469 redun-

1939 4523 2088 4575 dare.
2128 4540 2147 4572 ι
2183 4519 2251 4576 At
2283 4520 2352 4572 ibi
2392 4518 2678 4578 Octavius.
2727 4514 2804 4570 uti
2849 4514 3037 4575 vides,
3082 4510 3369 4564 Minucium
3416 4506 3537 4560 ideo

216 4609 393 4661 etiam
441 4605 804 4661 defendendos
844 4617 897 4661 ct
946 4608 1173 4662 tuendos
1225 4607 1687 4676 suscipiebamus;
1737 4605 1836 4660 hos
1863 4622 1915 4684 ι)
1942 4612 2141 4683 arguit.
2174 4612 2313 4682 quod
2349 4610 2701 4664 cht-istianatu
2730 4607 3045 4677 religionem
3072 4611 3197 4656 tunc
3225 4597 3533 4668 ptofessus.

218 4718 388 4770 vero,
430 4722 449 4754 ι
481 4703 686 4757 scilicet
712 4703 1081 4764 Christianos,
1129 4720 1147 4753 ι
1202 4716 1299 4755 nec
1335 4699 1630 4754 audiendos
1661 4701 1710 4751 in
1745 4709 1827 4751 to-

220 4809 348 4853 tum
400 4797 742 4867 putabamus.
808 4817 826 4850 ι
886 4797 963 4851 Ex
1016 4797 1209 4866 quibus
1256 4797 1422 4863 liqttet
1475 4794 1659 4857 illum,
1709 4808 1831 4846 cum

220 4890 480 4947 ethnicus
502 4892 676 4945 adhuc
702 4901 840 4945 esset
865 4932 880 4957 ,
910 4890 1163 4957 causidici
1194 4890 1366 4943 obitse
1398 4905 1612 4942 ttttltttts.

303 4986 470 5041 Nobis
500 5001 679 5039 autem
707 4986 931 5051 ipsemet
964 4986 1114 5039 testis
1140 4994 1222 5039 est
1249 5000 1308 5037 se.
1338 4984 1404 5038 ab
1449 4984 1670 5039 ineunte
1704 4992 1834 5035 ινιτι-

223 5089 317 5146 te,
348 5088 406 5133 et
448 5094 621 5153 usque
672 5077 735 5133 ad
769 5094 886 5132 eam
939 5079 1048 5148 jam
1099 5079 1229 5130 satis
1258 5077 1527 5143 adultam,
1583 5074 1833 5130 omnibus

219 5174 524 5239 obligatum
555 5173 717 5251 fuisse
743 5171 1025 5241 gentilium
1055 5170 1523 5239 superstitionibus
1545 5211 1559 5236 ,
1606 5185 1669 5223 ac
1694 5185 1833 5223 nun-

222 5268 312 5319 tio
341 5265 556 5319 tandem
582 5266 660 5319 eis
709 5268 903 5331 misso,
953 5263 1299 5318 christianam
1347 5263 1509 5318 ﬁdem
1551 5264 1829 5334 amplexa-

222 5369 369 5413 tum.
406 5357 483 5412 De
526 5373 587 5412 se
632 5358 917 5425 siquidem,
951 5373 1013 5413 ac
1060 5358 1126 5412 de
1175 5358 1400 5413 Octavio
1451 5361 1564 5411 lucc
1614 5359 1832 5427 scriptis

221 5451 455 5506 tradidit
487 5469 502 5504 :
540 5469 560 5501 ‹
611 5451 770 5506 Solus
800 5454 852 5506 in
886 5454 1160 5507 amoribus
1191 5454 1439 5506 conscius
1471 5453 1584 5520 ipse
1605 5493 1617 5513 .
1650 5454 1829 5508 socius

223 5545 286 5598 in
317 5544 591 5598 erroribus
621 5561 635 5608 ;
673 5557 725 5599 et
754 5560 875 5599 eum
920 5545 1159 5601 di~eussa
1204 5546 1431 5611 caligine
1474 5546 1541 5600 de
1574 5548 1825 5600 tenebra-

220 5649 358 5688 rum
387 5634 652 5703 profundo
678 5634 730 5689 in
761 5636 933 5691 lueetn
984 5636 1259 5705 Sapientia;
1290 5648 1343 5691 et
1382 5637 1624 5690 veritatis
1650 5654 1828 5691 emer-

224 5743 418 5798 gerem
440 5771 455 5793 .
488 5744 594 5784 non
644 5730 851 5800 respuit
887 5733 1137 5786 comitem
1161 5772 1173 5792 .
1222 5730 1316 5787 sed
1363 5732 1503 5802 quod
1540 5732 1828 5801 gloriosius

226 5828 348 5887 est,
373 5820 733 5891 praecucurrit.
776 5840 795 5873 ι
824 5819 1019 5878 Caelius
1041 5837 1170 5878 vero
1194 5823 1263 5878 ab
1300 5824 1418 5893 ipso
1437 5824 1696 5880 orationis
1716 5838 1829 5880 sua

1936 4706 1988 4759 in
2016 4721 2104 4772 eo,
2134 4721 2241 4774 qtto
2266 4704 2332 4758 ad
2364 4703 2613 4760 Osticuse
2643 4701 2792 4755 littus
2821 4698 3097 4769 pergebat,
3127 4695 3320 4750 itinere
3352 4704 3539 4761 pas~us

1937 4798 2123 4852 fuisset
2158 4798 2430 4868 Serapidis
2458 4796 2801 4850 simulacrum
2828 4809 2858 4846 a
2878 4793 3097 4847 Caecilio
3124 4783 3400 4843 individuo
3436 4797 3536 4841 Suo

1935 4896 2130 4947 comite
2155 4893 2385 4948 adorari.

2007 4986 2192 5057 Neque
2244 4986 2294 5041 id
2347 4987 2435 5041 ttlli
2493 4988 2683 5043 mirum
2731 4986 2896 5041 videri
2950 4984 3128 5038 debet.
3180 4980 3314 5035 Tum
3369 4978 3516 5033 enim

1937 5080 2226 5136 Christiani
2280 5096 2379 5136 nec
2427 5097 2522 5135 sua
2553 5096 2793 5143 munera,
2838 5090 2938 5132 nec
2974 5076 3281 5145 dignitates,
3315 5081 3405 5125 aut
3430 5070 3533 5139 alia

1937 5174 2114 5229 otiicia
2159 5191 2281 5229 cum
2312 5174 2648 5228 ethnieurtun
2697 5174 2953 5242 religione
2997 5170 3267 5238 deponere
3305 5181 3534 5222 consue-

1938 5279 2147 5321 verant.
2185 5266 2291 5322 Sed
2336 5267 2408 5321 illi
2452 5277 2599 5327 tuue,
2639 5264 2795 5319 sicuti
2836 5264 3086 5325 t|i\ilttus,
3119 5272 3170 5315 et
3203 5259 3368 5314 fusius
3395 5257 3531 5311 infra

1935 5348 2195 5419 dicemnl.
2234 5376 2328 5429 per
2356 5370 2524 5414 tutum
2559 5369 2824 5414 terrarum
2847 5358 3033 5412 orbcm
3061 5355 3324 5425 dispersi,
3367 5362 3529 5422 atque

1935 5471 2057 5509 cum
2090 5454 2318 5508 ethnicis
2366 5454 2605 5521 permisti
2628 5495 2642 5517 ,
2695 5453 2941 5506 solebant
2984 5450 3236 5521 qua-libet
3266 5449 3448 5502 munia
3475 5456 3529 5500 et

1934 5551 2138 5617 negotia
2162 5591 2177 5613 ,
2223 5549 2340 5603 solo
2383 5549 2604 5603 deorum
2633 5547 2778 5601 cultu
2809 5555 3057 5613 excepto,
3086 5560 3209 5599 cum
3235 5545 3314 5599 eis
3342 5556 3525 5611 agere.

1932 5640 2085 5697 Unde
2130 5641 2489 5696 Tertullianns
2530 5640 2769 5714 (Tertull.
2805 5638 3077 5711 Apologet.
3108 5654 3226 5707 cap.
3279 5636 3371 5698 57,
3404 5652 3524 5704 pag.

1933 5734 2024 5802 55)
2056 5754 2068 5789 :
2107 5752 2126 5785 ι
2156 5733 2428 5798 Hesterni,
2471 5734 2775 5803 inquiebat,
2817 5747 3034 5796 sumus,
3085 5742 3139 5784 et
3190 5738 3370 5784 vestra
3400 5741 3524 5780 em-

1934 5827 2018 5880 nia
2066 5825 2439 5895 implevimus,
2499 5827 2693 5895 urbes,
2739 5827 2977 5889 insulas,
3029 5822 3286 5889 castella,
3343 5835 3520 5874 munt-
