4058 6316
517 223 627 282 533

1817 212 1902 268 DE
1924 203 2196 266 .MINUCII
2233 203 2532 262 OCTAVIO

3686 205 3779 265 584

519 343 656 412 cipia
676 383 690 406 ,
742 337 1131 408 conciliabula,
1179 345 1352 393 castra
1391 337 1500 408 ipsa
1523 377 1538 403 ,
1594 333 1795 399 tribus,
1828 329 2107 392 decurias,
2137 330 2189 390 Α
2215 339 2333 381 esse
2354 324 2608 380 Octavius
2635 323 2801 396 probe
2830 330 3068 390 noverat,
3096 322 3197 395 ipsi
3218 322 3286 378 ita
3311 323 3578 395 respondit
3605 342 3616 379 :
3652 345 3668 377 ‹
3701 326 3776 384 Sic

520 437 810 509 palatium,
858 445 1136 499 senatum,
1184 432 1391 496 forum,
1441 430 1551 486 sola
1604 429 1757 484 vobis
1794 423 2114 496 reliquimus

521 528 739 598 templa.
767 547 784 580 ι
818 527 884 582 Et
905 525 1039 581 infra
1068 524 1238 599 (Idem
1267 524 1391 579 ibid.
1423 539 1539 594 cap.
1573 520 1663 592 Β)
1695 539 1708 574 :
1743 538 1760 571 ι
1785 519 1972 588 Itaque
2004 531 2112 570 non

519 623 640 678 sine
676 622 820 685 foro,
853 634 961 674 non
1013 619 1128 674 sine
1165 617 1424 683 macello,
1474 630 1580 670 non
1612 614 1728 669 sine
1759 611 2002 676 balneis,
2034 619 2112 664 ta-

520 712 742 780 bernis,
787 711 1050 780 officinis,
1092 711 1352 776 stabulis,
1388 708 1901 773 nundinisvvestris,
1953 712 2113 759 ca'te-

517 805 702 874 risque
753 803 1092 860 commerciis
1124 803 1495 859 cohabitamus
1538 803 1640 857 hoc
1685 799 1964 855 saeculum.
2010 795 2114 851 Na-

518 899 761 971 vigamus
807 907 863 954 et
889 913 987 954 nos
1027 898 1302 953 vobiscum
1326 937 1341 960 ,
1390 907 1445 952 et
1482 895 1755 950 vobiscum
1785 892 2110 955 militamus,

520 999 576 1047 et
605 990 958 1058 rusticamur,
991 999 1044 1045 et
1092 1006 1427 1055 mercamur;
1461 987 1682 1059 proinde
1713 987 2002 1041 miscemus
2027 998 2114 1037 ar-

528 1095 642 1150 tes,
698 1099 889 1156 operas
942 1092 1156 1140 nostras
1204 1084 1535 1154 publicamus
1573 1081 1691 1135 usui
1739 1088 1938 1134 vestro.
1970 1076 2114 1143 Quo-

521 1176 1048 1252 modo_infructuosi
1104 1177 1380 1232 videamur
1429 1175 1657 1246 negotiis
1708 1171 1936 1234 vestris,
1988 1183 2111 1224 cum

518 1271 735 1342 quibus,
777 1280 828 1326 et
859 1271 925 1327 de
955 1271 1150 1342 quibus
1198 1271 1457 1333 vivimus,
1507 1285 1611 1324 non
1644 1269 1775 1324 scio.
1819 1265 1923 1323 Sed
1955 1279 2110 1321 cere-

515 1365 726 1422 monias
769 1375 886 1420 tuas
935 1380 1039 1421 non
1092 1365 1410 1437 frequento,
1459 1375 1555 1419 etc.
1587 1383 1605 1416 ι

587 1460 758 1528 Quam
783 1459 868 1531 pie
887 1470 1064 1516 autem
1091 1470 1146 1515 et
1183 1469 1363 1515 sancte
1391 1469 1572 1528 postea
1603 1458 1862 1514 Minucius
1889 1455 2106 1521 vixerit,

513 1549 600 1608 his
652 1551 948 1608 Eucherius
987 1552 1360 1624 Lugdunensis
1389 1553 1673 1622 episcopus
1723 1549 1882 1606 docet
1930 1548 2109 1603 verbis

511 1643 759 1714 (Euclter.
785 1643 1024 1716 Lugdun.
1051 1646 1206 1712 epist.
1247 1645 1315 1698 ad
1340 1643 1695 1711 Valerianum)
1729 1660 1742 1697 :
1774 1660 1792 1693 ι
1835 1641 1905 1696 Et
1941 1656 2111 1712 quan-

2217 417 2284 474 de
2317 419 2418 472 isto
2445 427 2499 473 et
2529 427 2646 474 tuus
2667 418 2887 486 Fronto,
2924 432 3030 473 non
3055 414 3424 472 utaflirmator
3449 417 3772 476 testimonium

2216 510 2361 579 fecit,
2413 511 2507 567 scd
2554 513 2853 568 convicium
2901 522 2956 566 ut
2997 520 3182 567 orator
3237 511 3484 580 aspersit.
3526 531 3544 564 ι
3577 511 3773 568 Verum—

2218 616 2394 662 tamen
2423 608 2676 679 quoniam
2728 607 2973 662 Caecilius
3023 604 3351 661 Frontonem
3400 605 3502 659 alia
3539 605 3602 660 de
3637 621 3772 663 causa

2216 714 2370 757 suum
2400 701 2580 757 dicere
2606 701 2797 772 p0tuit,
2833 699 3016 770 quanti
3059 698 3161 754 hoc
3189 709 3554 770 argumentum
3580 699 3644 756 sit
3663 715 3772 770 pott-

2215 794 2382 862 deris,
2406 795 2634 850 aliorum
2664 804 2779 850 esto
2804 793 3082 865 judicium.

2288 887 2553 958 Quidquid
2605 903 2764 957 porro
2802 887 2871 942 de
2897 886 3043 942 illius
3068 885 3238 956 patria
3282 893 3566 951 statuatur,
3606 886 3772 944 scimus

2216 993 2346 1034 sane
2387 979 2558 1049 ipsum
2584 978 2770 1034 Romae
2813 977 2924 1041 diu,
2953 985 3115 1049 atque
3145 977 3197 1032 in
3228 975 3443 1040 eadem,
3488 991 3587 1047 qua
3625 975 3769 1031 Minu-

2223 1069 2360 1134 cius,
2394 1068 2864 1124 habitassedomo.
2917 1067 2994 1123 lbi
3031 1076 3210 1123 autem
3255 1076 3398 1122 tanta
3426 1067 3560 1122 inter
3600 1077 3772 1123 utrtnn~

2214 1178 2319 1235 que
2361 1165 2742 1220 intercesserat
2774 1161 3024 1218 amicitiae
3057 1161 3422 1226 necessitudo,
3470 1169 3525 1214 ut
3564 1159 3771 1218 Caecilius

2214 1272 2242 1311 a
2294 1257 2515 1312 Minucii
2551 1257 2720 1314 latere
2759 1272 3048 1328 numquam
3076 1255 3402 1311 discederet.
3456 1252 3687 1310 Octavius
3716 1255 3773 1310 sic

2213 1351 2429 1421 quidem
2458 1361 2642 1422 aperte
2669 1351 2909 1408 declarat
2933 1367 3055 1406 ettm
3088 1350 3252 1405 fuisse
3302 1369 3322 1402 ι
3361 1347 3620 1404 hominem
3648 1348 3767 1406 domi

2211 1442 2448 1515 forisque
2499 1444 2654 1500 lateri
2711 1463 2731 1496 ›
2775 1443 2990 1498 Minucii
3040 1442 3236 1498 Felicis
3283 1459 3302 1493 ι
3356 1439 3702 1496 inhaerentem.
3751 1461 3765 1492 ι

2212 1534 2551 1606 Quapropter
2599 1551 2719 1591 cum
2765 1535 3010 1592 Caecilius
3050 1534 3329 1603 Serapidis
3383 1533 3644 1589 adorasset
3679 1532 3772 1588 elli-

2211 1631 2352 1701 giem
2388 1673 2403 1696 ,
2437 1639 2564 1685 tunc
2589 1630 2846 1686 continuo
2875 1630 3128 1686 Octavius
3157 1629 3448 1685 Minucium
3489 1628 3770 1698 increpando

512 1734 585 1791 do
610 1735 939 1792 clarissimos
966 1736 1212 1792 facundia
1269 1735 1623 1803 Firmianum,
1669 1734 1976 1796 Minucium,
2006 1734 2109 1804 Cy-
2139 1735 2186 1796 B
2213 1723 2348 1779 dixll
2375 1739 2393 1779 ἔ
2424 1742 2443 1776 ι
2483 1724 2635 1781 Scias
2681 1724 2839 1794 huius
2884 1724 3087 1780 erroris
3147 1738 3252 1779 non
3319 1724 3573 1778 minorem
3615 1721 3672 1776 ad
3705 1731 3769 1790 lc,

512 1828 793 1900 prianum,
844 1829 1135 1895 Hilarium,
1173 1829 1469 1897 Joannem,
1523 1828 1864 1885 Ambrosium
1903 1842 1968 1882 ex
2021 1826 2112 1881 illo

512 1923 786 1979 volumine
825 1924 1220 1979 uumerositatis
1249 1923 1541 1979 evolvam?
1595 1923 1868 1988 Dixerunt,
1904 1920 2106 1987 credo;

511 2013 650 2083 Quid
677 2014 779 2070 hoc
804 2017 928 2070 est?
979 2015 1214 2086 Surgunt
1245 2016 1442 2072 indocti
1468 2026 1520 2073 et
1547 2016 1744 2072 coelum
1772 2015 1985 2085 rapiunt
2009 2033 2020 2067 :
2058 2024 2113 2070 et

513 2120 615 2162 nos
639 2121 763 2162 cum
808 2107 1072 2164 doctrinis
1119 2111 1318 2164 nostris
1341 2124 1468 2165 ecce
1495 2109 1585 2164 ubi
1617 2111 1668 2165 in
1722 2123 1908 2164 errore
1957 2106 2108 2161 volu-

515 2207 691 2254 tamur
715 2209 771 2255 et
825 2201 1106 2270 sanguine.
1168 2201 1422 2257 Dixerant
1474 2200 1656 2268 istud;
1702 2199 1980 2257 etidcirco
2010 2199 2110 2270 ipsi

512 2300 696 2364 postea
727 2293 833 2348 vim
858 2293 1150 2349 intulerunt
1177 2308 1363 2364 regno.
1415 2315 1434 2348 ι

1112 2424 1403 2465 Αιιτιευωε
1434 2424 1506 2464 111.

515 2518 617 2588 Qui
666 2523 854 2594 fuerint
905 2521 1159 2590 Otacilius,
1212 2531 1259 2576 et
1301 2522 1560 2588 Octavius,
1614 2523 1700 2589 qui
1738 2523 1791 2577 in
1835 2522 1929 2576 hoc
1987 2519 2113 2575 libro

935 2615 1250 2686 disputantes
1277 2615 1684 2670 introducantur.

585 2751 722 2806 Cum
761 2749 848 2807 hic
873 2751 1004 2808 liber
1035 2752 1167 2807 nihil
1198 2752 1371 2818 aliud,
1427 2751 1502 2806 uti
1534 2750 1782 2816 vidimus,
1840 2748 2116 2806 contineat

515 2851 712 2913 praeter
755 2842 953 2898 Caecilii
1010 2853 1064 2899 et
1112 2843 1312 2900 Octavii
1363 2843 1431 2898 de
1483 2843 1696 2899 etlmica
1722 2852 1779 2898 et
1826 2841 2114 2898 christiana

518 2937 782 3008 religione
824 2937 1209 3006 disputantium
1239 2937 1529 3007 dialogum,
1587 2950 1616 2989 a
1659 2935 1812 2990 nobis
1849 2934 1988 2989 haud
2011 2934 2114 2989 du-

520 3027 608 3084 bie
630 3029 823 3099 aliquis
852 3029 1214 3086 sciscitabitur
1239 3030 1455 3100 quinam
1485 3029 1560 3083 illi
1585 3027 1801 3084 fuerint.
1859 3027 1964 3083 Sed
1993 3027 2118 3082 huic

2211 1831 2372 1888 quam
2400 1816 2467 1872 ad
2499 1817 2668 1888 ipsum
2697 1816 2969 1871 infamiam
3002 1815 3362 1873 redundare.»

2286 1911 2547 1966 Caeterum
2582 1911 2671 1966 ille
2700 1909 3074 1981 philosophus,
3131 1908 3346 1965 videtur
3372 1917 3426 1964 et
3463 1906 3764 1963 Academico-

2214 2017 2368 2067 rum,
2434 2001 2526 2073 qui
2577 2002 2758 2058 omnia
2825 2001 2984 2058 dubia
3053 2011 3214 2073 atque
3279 2001 3515 2064 incerta,
3574 1998 3770 2067 nihilque

2214 2107 2274 2150 se
2338 2095 2478 2150 scire
2523 2095 2864 2162 asserebant,
2911 2105 3115 2152 sectam
3181 2105 3420 2151 secutus.
3492 2095 3590 2150 Sua
3653 2093 3766 2147 enim

2213 2203 2344 2243 vero
2405 2189 2456 2243 iu
2540 2188 2786 2244 oratione
2843 2203 2948 2243 non
2994 2188 3160 2255 alias,
3216 2202 3379 2258 quam
3449 2184 3766 2256 hujuscemodi

2214 2279 2508 2336 academici
2553 2279 2654 2336 viri
2703 2289 2883 2350 partes
2929 2281 3066 2351 agit,
3096 2279 3172 2334 uti
3235 2279 3307 2334 ab
3337 2279 3454 2349 ipso
3491 2293 3590 2332 non
3625 2275 3766 2330 soluat

2217 2373 2360 2432 illius
2396 2373 2640 2441 exordio,
2697 2372 2792 2428 sed
2821 2372 2926 2428 [ine
2961 2373 3122 2428 etiam
3153 2369 3584 2428 manifestissime
3624 2368 3764 2424 omni-

2218 2466 2322 2523 bus
2349 2476 2511 2537 patet.
2556 2466 2692 2535 Quid
2739 2482 2866 2522 vero
2891 2467 3033 2538 quod
3059 2468 3175 2538 ipse
3198 2466 3390 2523 eadem
3415 2466 3643 2521 oratione
3673 2476 3767 2533 pro-

2221 2561 2354 2618 bare
2379 2562 2564 2618 nititur
2587 2563 2849 2618 incertum
2877 2563 3099 2617 omnino
3139 2576 3283 2627 esse,
3316 2575 3416 2616 nec
3435 2560 3549 2626 sibi,
3587 2573 3673 2614 nec
3695 2558 3765 2612 u'li

2217 2651 2481 2708 hactenus
2529 2653 2730 2709 homini
2782 2653 3138 2725 exploratum.
3194 2661 3377 2709 utrum
3408 2667 3540 2707 unus
3567 2650 3767 2721 pluresve

2219 2745 2328 2802 sint
2368 2745 2459 2811 dii,
2490 2757 2648 2818 atque
2687 2747 2890 2803 idcirco
2909 2748 3074 2802 satius
3100 2760 3221 2802 esse
3246 2747 3300 2802 in
3329 2762 3388 2802 re
3417 2757 3518 2800 tam
3539 2743 3676 2799 dubia
3698 2757 3764 2798 se-

2217 2840 2312 2911 qui
2359 2853 2608 2913 acceptas
2648 2857 2678 2898 a
2727 2842 3018 2913 majoribus
3055 2842 3123 2898 de
3158 2842 3350 2897 iisdem
3389 2841 3488 2896 diis
3523 2851 3766 2906 eorumque

2219 2935 2360 2990 cultu
2394 2935 2742 2992 traditiones?
2789 2935 2894 2993 Sed
2921 2936 3010 2992 ubi
3029 2935 3269 2990 veritatis
3303 2936 3479 2990 lumen
3508 2933 3551 2988 ei
3573 2930 3760 2991 affulsit,

2221 3036 2347 3084 tunc
2375 3031 2619 3100 protinus
2649 3030 2960 3102 repudiatis,
3003 3039 3058 3085 ut
3086 3027 3341 3098 vidimus,
3379 3025 3633 3083 erroribus
3654 3022 3760 3091 pris.

517 3121 748 3192 ingenuae
778 3122 1225 3192 respondebimus
1247 3122 1381 3178 nihil
1409 3123 1476 3178 de
1507 3123 1570 3179 iis
1600 3121 1822 3184 certius,
1862 3137 2019 3191 quam
2048 3135 2112 3174 ex
2141 3140 2186 3203 ρ
2223 3123 2366 3188 tinis,
2403 3125 2568 3180 Deum
2611 3141 2774 3180 unum
2803 3124 3039 3195 agnovit,
3073 3122 3433 3194 crediditque,
3475 3134 3534 3175 ac
3560 3114 3762 3174 christia-

517 3213 621 3271 hoc
642 3216 777 3270 libro
806 3231 962 3286 posse
989 3217 1240 3287 proferri.
1289 3215 1538 3272 Cmcilius
1563 3224 1764 3278 atatem,
1786 3215 1872 3284 qui
1895 3228 2111 3270 causam

515 3318 637 3366 orat
666 3308 1026 3376 ethnicorum,
1085 3310 1154 3366 ibi
1183 3310 1288 3364 alio
1319 3310 1535 3364 nomine
1573 3307 1780 3363 Natalis
1801 3308 1868 3362 ab
1894 3306 2115 3363 Octavio

519 3416 878 3472 nuncupatur.
949 3423 969 3456 r
1008 3403 1117 3458 Nec
1171 3403 1548 3471 dissimulabo,
1606 3403 1794 3473 inquit,
1855 3403 2114 3473 principio

519 3496 592 3551 ita
617 3495 816 3551 Natalis
868 3496 973 3553 mei
1005 3506 1294 3562 errantem,
1345 3511 1554 3567 vagam,
1607 3495 1865 3551 lubricam
1898 3504 2113 3550 nutasse

517 3588 928 3644 sententiam...
986 3589 1078 3645 sed
1129 3589 1180 3644 in
1235 3589 1405 3644 Natali
1462 3603 1583 3644 meo
1623 3589 1911 3644 versutiam
1965 3587 2112 3654 nolo,

523 3697 634 3737 non
662 3681 846 3746 credo,
897 3682 1082 3752 procul
1113 3683 1180 3737 ab
1201 3682 1318 3750 ejus
1347 3681 1689 3752 simplicitate
1719 3681 1928 3736 subtilis
1957 3679 2114 3735 urba-

517 3774 679 3830 nitas.
720 3793 738 3826 ι
787 3773 990 3841 Quibus
1031 3791 1095 3829 ex
1142 3774 1323 3830 verbis
1375 3783 1636 3844 praeterea
1664 3775 1964 3846 colligimus
1991 3789 2112 3828 eum

515 3871 689 3924 virum
721 3869 943 3935 bonum,
977 3879 1205 3935 rectum,
1247 3869 1517 3925 sincerum
1548 3878 1602 3926 et
1631 3869 1890 3939 simplicis
1915 3868 2114 3923 verita-

514 3963 584 4018 tis
613 3963 843 4017 amicum
873 3961 1058 4018 fuisse.

587 4059 769 4130 Neque
816 4058 1034 4113 dubium
1065 4059 1155 4114 ulli
1183 4074 1302 4114 esse
1350 4067 1546 4130 potest,
1578 4058 1706 4130 quin
1753 4057 1842 4112 ille
1882 4057 2111 4126 primum

517 4151 736 4223 quidem
763 4153 1093 4222 mancipatus
1139 4151 1296 4208 fuerit
1341 4152 1620 4223 gentilium
1648 4149 1914 4221 religioni,
1953 4163 2112 4218 quam

520 4245 660 4301 bona
691 4245 818 4314 fide,
851 4247 1080 4317 totisque
1110 4247 1307 4318 ingenii
1355 4247 1558 4301 viribus
1601 4245 1653 4300 in
1705 4245 1807 4300 hoc
1837 4243 1974 4299 libro
2014 4242 2113 4298 dc-

517 4337 741 4396 fendere
769 4342 1081 4396 connititur.
1140 4343 1205 4396 ιςι
1233 4356 1362 4397 vero
1393 4341 1482 4396 ubi
1511 4339 1773 4396 intellexit
1805 4355 1865 4396 se
1893 4354 1989 4409 per
2014 4337 2112 4392 Mi-

519 4433 663 4487 nucii
715 4432 852 4488 latus
870 4433 936 4488 ab
977 4433 1197 4490 Octavio
1223 4434 1389 4497 feriri,
1417 4434 1542 4502 quia
1570 4432 1850 4504 Serapidis
1886 4431 2111 4487 simula-

2222 3232 2343 3272 nam
2376 3219 2688 3288 religionem
2722 3218 2997 3289 professus
3037 3227 3140 3274 est.

2289 3313 2513 3379 Quidam
2547 3328 2673 3369 vero
2707 3329 2771 3369 ex
2817 3311 3110 3383 Lampridii
3143 3311 3363 3382 scriptis
3412 3307 3591 3366 confici
3640 3317 3762 3376 posse

2217 3416 2540 3478 putaverunt
2573 3407 2715 3462 hunc
2747 3406 3022 3462 Caecilium
3053 3405 3273 3461 natione
3306 3403 3508 3469 Afrum,
3538 3403 3758 3457 rhetorem

2216 3500 2568 3570 professione,
2599 3514 2662 3555 ac
2707 3500 3042 3565 Diadumeni,
3093 3500 3184 3570 qui
3231 3496 3451 3554 Macrini
3481 3497 3608 3552 filius
3649 3501 3756 3554 erat,

2217 3593 2382 3649 fuisse
2429 3603 2837 3666 praeceptorem.
2888 3594 2994 3650 Sed
3039 3593 3155 3648 haec
3173 3593 3360 3663 opinio
3389 3592 3522 3647 nulla
3555 3598 3757 3659 prorsus,

2217 3702 2319 3744 nec
2362 3702 2491 3744 vero
2539 3689 2756 3759 quidem
2803 3687 2961 3744 simili
3008 3689 3249 3754 ratione,
3321 3688 3481 3742 immo
3534 3697 3620 3738 nec
3669 3680 3756 3749 ipso

2215 3782 2376 3836 etiam
2408 3782 2626 3837 nomine
2668 3780 2936 3836 fundatur.
2982 3780 3184 3849 Quibus
3211 3781 3355 3836 enim
3385 3773 3648 3847 Lampridii
3674 3786 3759 3825 ιιιτιι

2217 3873 2520 3943 nuseriptos
2561 3873 2773 3928 codices
2824 3873 3001 3944 legere
3050 3874 3218 3936 licuit,
3265 3873 3318 3927 hi
3351 3867 3638 3928 Diadumcni
3665 3877 3755 3920 ma-

2215 3970 2439 4036 gistrum
2464 3966 2514 4020 in
2541 3966 2647 4021 illis
2676 3967 2944 4033 omnibus,
2979 3982 3149 4038 neque
3175 3966 3470 4032 Caecilium,
3495 3977 3646 4034 neque
3667 3959 3757 4013 Cac-

2216 4058 2506 4125 cilianum,
2557 4058 2651 4114 sed
2705 4058 2996 4114 Caelianum
3045 4059 3224 4114 vocari
3280 4063 3588 4115 asseverant.
3639 4046 3755 4117 Quod

2218 4165 2351 4204 vero
2376 4151 2463 4205 alii
2508 4149 2723 4220 quidam
2750 4151 2897 4205 illum
2949 4150 3190 4206 Natalem
3247 4149 3410 4208 fuisse
3451 4147 3754 4218 suspicantur,

2216 4244 2306 4315 qui
2351 4245 2551 4299 Severo
2583 4244 2898 4313 imperante,
2923 4241 3195 4299 Christum
3223 4243 3510 4306 confessus,
3533 4237 3591 4292 ad
3614 4233 3752 4290 Theo-

2215 4336 2461 4392 dotianos
2509 4336 2790 4392 haereticos
2839 4347 3017 4405 postea
3048 4334 3263 4403 defecit,
3300 4335 3353 4391 hi
3381 4332 3602 4407 profecto
3641 4336 3752 4380 mera

2215 4444 2281 4486 ac
2319 4443 2539 4500 prorsus
2591 4429 2750 4484 debili
2801 4429 3129 4500 conjectura,
3186 4429 3418 4484 nominis
3463 4423 3642 4482 scilicet
3666 4413 3751 4472 sola

515 4539 690 4592 crum,
738 4541 891 4582 more
931 4528 1232 4597 gentilium,
1263 4529 1334 4582 uti
1383 4527 1584 4583 dicttun
1614 4537 1716 4594 est,
1761 4528 2106 4594 salutaverat,
2133 4543 2188 4604 Ι)
2216 4521 2566 4577 similitudine
2597 4522 2852 4577 nituntur.

517 4624 665 4671 tanto
691 4617 879 4673 dolore
904 4629 1180 4689 correptus
1206 4629 1306 4685 εει,
1343 4629 1395 4675 ut
1425 4620 1475 4675 in
1501 4619 1614 4675 haec
1641 4619 1874 4690 eruperit
1902 4619 2059 4675 verba
2092 4635 2106 4672 :

522 4726 542 4760 ι
591 4708 910 4765 Iamdudum
957 4727 1047 4783 me.
1087 4710 1290 4767 Octavii
1343 4714 1508 4768 nostri
1539 4714 1734 4768 acriter
1775 4713 1918 4784 angit
1946 4722 2001 4767 et
2029 4727 2115 4767 re-

518 4802 725 4859 mordet
776 4806 971 4870 oratio,
1007 4807 1187 4876 quain
1224 4815 1273 4861 te
1319 4807 1581 4875 invectus,
1621 4807 1923 4877 objurgavit
1948 4806 2116 4877 negli-

517 4897 732 4966 gentiae,
768 4909 822 4953 ut
851 4915 935 4954 me
956 4899 1354 4956 dissimulanter
1373 4903 1588 4972 gravius
1612 4909 1862 4972 argueret
1887 4901 2116 4956 inscien-

521 4987 626 5041 tiae.
655 5008 673 5040 ι
699 4989 932 5062 Denique
945 5008 1006 5047 ca
1023 4994 1117 5048 fuit
1135 4993 1280 5048 illius
1298 4994 1533 5063 probitas
1554 5003 1607 5047 et
1624 4994 1942 5064 ingenuitas,
1964 4994 2114 5062 isque

519 5079 681 5134 animi
708 5083 936 5150 candor,
967 5097 1023 5140 ut
1047 5086 1510 5141 Octaviioratioue
1530 5085 1882 5140 attentissime
1911 5085 2112 5152 audita,

519 5171 718 5227 victum
755 5189 810 5228 se
835 5178 1010 5231 statim
1034 5179 1281 5249 ultroque
1310 5180 1610 5244 confessus,
1666 5178 1919 5249 prietinos
1938 5177 2116 5246 ejura-

525 5263 667 5321 verit
694 5281 908 5323 errores
929 5310 944 5333 ,
988 5285 1048 5325 ac
1074 5271 1416 5327 christianum
1449 5271 1606 5329 fidem
1648 5272 1927 5341 amplexus
1949 5271 2038 5325 sit.

595 5358 729 5413 Eum
756 5375 885 5415 vero
914 5363 1081 5431 patria
1113 5363 1433 5432 Cirtensem,
1464 5381 1558 5422 seu
1578 5364 1747 5431 Cirta,
1779 5363 2116 5420 nobilissimo

520 5449 788 5506 Numidiae
818 5453 1016 5524 oppido
1055 5457 1372 5525 oriundum,
1421 5475 1488 5514 ex
1541 5460 1623 5514 his
1677 5459 1892 5530 quidam
1937 5458 2119 5528 colligi

521 5558 686 5616 posse
731 5555 918 5616 putant
965 5548 1105 5604 illius
1134 5553 1344 5620 verbis,
1397 5554 1588 5625 quibus
1635 5539 1961 5610 Faentonem
2006 5553 2121 5608 Cir~

525 5644 733 5692 tensem
761 5649 1026 5696 oratorem
1056 5657 1210 5697 suum
1239 5647 1466 5716 appellat
1497 5664 1509 5700 :
1546 5665 1564 5698 ι
1629 5646 1684 5702 id
1725 5646 1887 5702 etiam
1913 5645 2124 5701 Cirten-

526 5727 602 5781 sis
626 5729 793 5787 nostri
825 5739 1048 5790 testatur
1077 5734 1269 5792 oratio.
1313 5754 1331 5786 ι
1367 5736 1520 5805 Quod
1541 5737 1758 5809 quidem
1781 5737 1906 5808 quia
1935 5751 2120 5795 verum

2293 4619 2360 4671 At
2380 4632 2504 4672 vero
2533 4618 2711 4688 itaque
2750 4619 2968 4688 propius
2997 4617 3186 4673 abesse
3211 4617 3509 4680 creduntur,
3549 4609 3625 4681 qui
3657 4616 3749 4661 cum

2219 4724 2340 4765 esse
2369 4718 2616 4777 censent,
2664 4709 2753 4781 qui
2783 4710 2836 4764 in
2865 4709 3099 4765 Africam
3132 4726 3398 4775 reversus,
3433 4716 3485 4762 et
3524 4701 3751 4777 presbyter

2217 4803 2412 4859 deinde
2456 4811 2687 4863 creatus,
2741 4802 3064 4874 Cyprianum
3091 4801 3549 4874 Carthaginensem
3581 4792 3749 4864 episco-

2219 4913 2344 4970 pum
2373 4897 2437 4951 ad
2480 4898 2647 4967 ipsam
2705 4897 3051 4952 christianum
3090 4897 3398 4967 religiOnem
3439 4888 3648 4947 adduxit.
3693 4880 3748 4934 Dc

2219 4993 2312 5049 illo
2338 5007 2568 5064 namque
2598 4991 2714 5046 haec
2751 4993 2971 5047 Pontius
3019 4991 3283 5046 Diaconus
3330 4991 3380 5046 in
3409 4983 3621 5059 ejusdem
3666 4974 3746 5046 Ci"

2217 5086 2385 5157 priaui
2420 5087 2524 5140 vita
2560 5093 2741 5140 narrat
2771 5085 2790 5156 (
2824 5083 2974 5138 Pont.
3022 5083 3134 5138 Vita
3160 5081 3426 5154 Cyprian.)
3457 5097 3471 5133 :
3504 5095 3521 5130 ‹
3556 5071 3662 5129 Erat
3685 5079 3748 5118 sa-

2219 5192 2287 5232 ne
2314 5177 2385 5232 illi
2411 5177 2571 5232 etiam
2597 5176 2678 5249 ﬁde
2704 5176 2857 5232 nobis
2886 5175 3299 5232 contubernium
3331 5174 3422 5230 viri
3445 5169 3560 5243 justi
3596 5173 3641 5220 et
3661 5161 3748 5214 lau-

2217 5268 2410 5325 dabilis
2465 5271 2740 5326 memoriae
2783 5269 3010 5337 Caecilii,
3058 5278 3115 5325 et
3162 5279 3319 5324 aetate
3367 5269 3555 5322 tuncet
3587 5258 3746 5347 honore

2220 5362 2543 5435 presbyteri,
2587 5363 2677 5433 qui
2719 5378 2842 5418 eum
2887 5361 2952 5416 ad
2987 5361 3313 5433 agnitionem
3355 5369 3488 5413 verae
3509 5344 3746 5406 divinitatis

2222 5469 2253 5510 a
2283 5455 2525 5511 saeculari
2563 5470 2749 5511 errore
2775 5464 3106 5511 correxerat.
3171 5453 3323 5508 Hunc
3355 5458 3460 5505 toto
3491 5445 3662 5499 honore
3680 5435 3744 5484 al‘

2224 5564 2329 5620 que
2353 5548 2500 5604 omni
2530 5549 2871 5605 observantia
2915 5548 3200 5621 diligebat,
3235 5539 3530 5615 obsequenti
3570 5538 3747 5622 reueﬂ'

2224 5645 2374 5699 tione
2419 5643 2736 5714 suscipiens,
2789 5657 2894 5699 non
2932 5643 3044 5714 jam
3093 5650 3151 5697 ut
3199 5641 3420 5697 amicum
3448 5632 3614 5690 animae
3636 5630 3745 5714 eoat!-

2229 5737 2473 5810 qualem.
2531 5737 2626 5792 sed
2676 5747 2945 5808 tamquam
2989 5750 3139 5794 novae
3191 5735 3314 5793 vitae
3351 5735 3612 5806 parentem.
3651 5731 3668 5765 ι
3704 5705 3745 5761 ³η
