3980 6302
197 271 295 336 383

1586 263 2053 328 DISSERTATIO.

3379 274 3487 334 386

199 390 321 448 tanti
351 397 530 446 autem
594 389 836 446 beneﬁcii
888 389 1198 445 memoriam
1242 388 1544 461 Cyprianus
1598 385 1783 456 procul
1812 384 1859 442 A
1889 379 2212 438 desiderium
2245 381 2398 438 nobis
2442 381 2676 454 reliquit.
2728 398 2746 436 ι
2787 381 3170 441 Verumtamen
3203 387 3325 458 quia
3357 387 3487 443 sim-

194 485 350 542 dnbio
369 499 666 556 cognomen
684 484 881 540 Carcilii
922 484 1228 554 assumpsit.
1280 482 1417 552 Quid
1439 481 1602 548 enim,
1637 494 1782 548 qure-

191 593 268 645 so,
311 578 456 632 aliud
506 578 809 648 signiﬁcant
851 576 965 633 lucc
1006 576 1315 648 Hieronymi
1360 574 1520 630 verba
1566 572 1781 647 (Hiero-

191 688 324 745 ηψπ.
358 673 422 728 de
447 673 641 744 Script.
673 673 868 730 Eccl“.
897 689 1014 745 cap.
1047 673 1158 739 67)
1187 690 1199 726 :
1233 695 1250 725 ι
1291 671 1495 727 Exinde
1523 670 1779 726 suadente

188 765 498 837 presbytero
545 765 778 832 Caecilio,
827 781 858 820 a
900 781 1008 836 quo
1033 775 1088 822 et
1117 776 1529 836 cognomentum
1559 763 1784 820 sortitus

187 868 294 924 cst,
366 856 704 914 Christianus
753 860 957 914 iactus?
999 877 1019 912 ι
1074 857 1320 915 Caecilius
1368 872 1499 913 vero
1547 856 1778 912 vicissim

191 959 336 1006 tanto
387 951 713 1023 Cyprianum
767 960 822 1008 et
873 965 1059 1007 amore
1104 961 1158 1007 et
1214 951 1417 1006 honore
1467 959 1781 1020 prosecutus

184 1050 280 1110 est,
316 1051 394 1109 ut,
450 1053 586 1100 teste
611 1043 787 1099 adhuc
805 1043 1020 1106 Pontio.
1053 1045 1334 1115 conjugem
1362 1058 1512 1098 suam
1558 1054 1613 1098 et
1651 1043 1782 1098 libe-

192 1150 279 1191 ros
330 1136 400 1190 illi
453 1136 688 1192 moriens
740 1136 1214 1193 commendaverit.
1261 1155 1281 1188 ι
1335 1136 1614 1192 Demulsus
1665 1134 1780 1204 ejus

183 1228 471 1298 obsequiis,
496 1229 570 1284 ait
589 1229 810 1285 Pontius
833 1228 1015 1302 (Pont.
1041 1228 1146 1283 Vit.
1164 1227 1373 1301 σειρῇ),
1399 1229 1449 1283 in
1472 1237 1676 1283 tantum
1699 1227 1779 1280 di-

181 1321 430 1379 lectionis
451 1323 727 1380 immeusae
748 1323 940 1379 merito
967 1333 1280 1390 provocatus
1304 1331 1408 1387 est,
1432 1322 1566 1377 utde
1581 1321 1779 1376 szeculo

183 1414 481 1484 excedens,
510 1415 864 1472 accersitione
877 1415 989 1486 jam
1006 1415 1267 1486 proxima,
1291 1419 1692 1471 commendaret
1706 1414 1776 1468 illi

178 1508 460 1582 conjugem
488 1525 552 1566 ac
593 1509 793 1566 liberos
831 1524 980 1575 suos,
1027 1519 1082 1566 et
1109 1525 1266 1580 quem
1297 1510 1494 1565 fecerat
1521 1509 1588 1564 de
1615 1518 1776 1564 sectae

178 1602 560 1657 communione
599 1601 934 1673 participem,
966 1600 1301 1672 postmodum
1333 1600 1531 1658 faceret
1566 1600 1775 1672 pietatis

177 1693 471 1750 lia-redetn.
515 1712 534 1748 ι
569 1698 637 1750 At
663 1694 804 1750 hunc
823 1710 962 1760 esse,
995 1695 1062 1751 de
1091 1710 1198 1766 quo
1236 1697 1467 1766 agimus,
1499 1695 1772 1750 Caecilium

1888 474 2012 545 plici
2048 475 2216 531 verbo
2246 474 2506 531 discedens
2551 476 2737 540 utitur,
2770 477 2923 532 nobis
2947 477 3092 534 dictu
3123 495 3228 534 non
3255 480 3321 533 ita
3351 479 3483 534 faci-

1884 566 1936 623 le
1983 568 2212 633 videtur,
2263 578 2440 624 utrum
2487 567 2616 624 illud
2667 569 2735 624 de
2782 569 2986 625 Octavii
3029 578 3239 638 morte,
3278 571 3364 627 vel
3416 571 3488 628 de

1886 659 2030 716 illius
2056 660 2126 715 ab
2174 661 2291 732 ipso
2333 672 2389 718 et
2443 660 2613 716 Roma
2643 661 2882 717 discessu
2934 663 3334 734 intelligendum
3388 664 3479 720 sit.

1883 751 2068 824 Neque
2103 765 2280 810 tamen
2304 754 2613 826 ignoramus
2640 754 2757 810 haec
2781 755 2944 826 priori
2973 755 3272 826 signiﬁcatu
3298 772 3328 811 a
3353 756 3484 812 doc-

1883 846 1952 902 tis
1988 846 2300 918 quibusdam
2335 849 2466 905 viris
2515 848 2792 918 explicari,
2843 847 2984 904 haud
3013 848 3174 905 dubie
3227 850 3482 921 quoniam

1883 938 2146 996 Minucius
2193 941 2426 1012 adjecit:
2463 961 2482 995 r
2527 943 2851 999 Immensum
2899 942 2985 999 sui
3015 943 3341 1002 desiderium
3386 961 3485 1002 no-

1883 1032 1965 1088 bis
1996 1035 2229 1105 reliquit.
2289 1054 2310 1088 ›
2357 1037 2427 1091 At
2456 1047 2603 1092 certe
2650 1045 2828 1092 utrum
2870 1037 2940 1093 de
2969 1040 3085 1095 viro
3105 1039 3206 1094 sibi
3254 1041 3482 1110 conjun-

1882 1126 2120 1181 ctissimo
2143 1136 2198 1182 et
2226 1128 2576 1195 amicissimo,
2608 1144 2844 1200 quocum
2862 1147 2962 1184 una
2989 1131 3087 1202 ipsi
3113 1142 3230 1187 erat
3257 1147 3410 1188 mens
3430 1140 3486 1188 et

1881 1217 2080 1286 anima,
2122 1219 2316 1291 quique
2338 1219 2498 1292 longo
2522 1231 2784 1277 terrarum
2807 1222 3088 1278 intervallo
3113 1224 3224 1295 jam
3251 1239 3280 1277 a
3309 1240 3368 1280 se
3397 1239 3483 1281 se-

1882 1319 2096 1379 paratus
2123 1319 2258 1375 erat,
2298 1311 2482 1368 dicere
2533 1313 2583 1367 id
2631 1312 2723 1370 ille
2761 1331 2866 1370 non
2926 1319 3178 1386 potuerit,
3210 1325 3358 1373 tuum
3384 1318 3478 1388 sit,

1881 1402 2052 1458 lector
2080 1405 2310 1472 erudite,
2337 1406 2621 1478 judicium.

1951 1495 2175 1568 Quoquo
2203 1511 2382 1555 autem
2427 1500 2591 1555 modo
2645 1517 2732 1559 res
2774 1518 2834 1559 se
2886 1503 3098 1572 habeat,
3151 1522 3256 1563 non
3284 1507 3483 1565 desunt

1879 1588 2129 1657 quidam,
2207 1591 2298 1661 qui
2359 1594 2699 1663 suspicantur
2746 1595 3022 1652 Octavium
3087 1609 3142 1654 et
3211 1601 3482 1658 Cmcilinm

1880 1678 2036 1736 ﬁctos
2084 1693 2506 1756 personatosque
2559 1701 2681 1744 esse
2729 1687 2997 1757 homines,
3035 1692 3123 1762 qui
3169 1708 3200 1748 a
3253 1693 3482 1751 Minucio

173 1787 294 1844 inde
362 1787 502 1844 haud
538 1788 719 1858 ίηθριε
763 1789 1067 1844 conﬁrmari
1111 1788 1465 1856 arbitrantur,
1517 1789 1656 1860 quod
1685 1805 1775 1846 ea-
1803 1784 1852 1845 Β
1881 1783 2068 1830 nostro
2104 1776 2154 1831 iu
2195 1777 2298 1834 hoc
2336 1779 2473 1835 libro
2516 1779 2846 1852 disputantes
2883 1783 3310 1843 iutrodncuntur.
3374 1789 3481 1845 Sed

175 1879 296 1936 dem
327 1879 486 1936 fuerit
514 1881 670 1951 hujus
705 1890 760 1937 et
786 1881 1037 1954 Cypriani
1071 1891 1222 1948 :etas,
1271 1893 1433 1954 atque
1461 1883 1669 1949 eadem,
1698 1885 1774 1940 uti

170 1983 416 2046 apparet,
458 1974 653 2046 putria,
684 1977 737 2032 in
762 1992 922 2048 quam
951 1977 1195 2033 Caecilius
1222 1989 1341 2047 post
1365 1977 1546 2034 datum
1574 1977 1774 2035 Christi

170 2083 367 2123 nomen
409 2067 657 2124 redierat.
713 2067 827 2124 Huc
865 2069 1092 2134 accedit,
1120 2071 1261 2141 quod
1291 2071 1462 2141 plura,
1485 2072 1552 2128 de
1578 2073 1774 2143 quibus

167 2175 261 2215 nos
321 2159 562 2224 inferius,
617 2161 841 2233 hujusce
879 2162 998 2219 libri
1052 2163 1369 2236 fragmenta,
1410 2165 1629 2221 totidem
1652 2183 1774 2222 ver-

163 2252 246 2309 bis
301 2255 644 2325 transcripsit
694 2253 1017 2327 Cyprianus.
1095 2256 1291 2313 Verum
1355 2257 1568 2313 etiamsi
1626 2259 1772 2316 hisce

164 2347 439 2402 rationum
495 2348 779 2404 momentis
836 2348 961 2403 huic
1017 2347 1264 2420 opinioni
1324 2348 1455 2404 nihil
1501 2366 1767 2421 repugna-

161 2453 217 2495 re
243 2441 602 2512 probaveris;
647 2438 848 2497 nemini
890 2451 1065 2498 tamen
1095 2457 1344 2513 umquam
1393 2443 1766 2512 persuadebis,

159 2532 363 2601 aliquid
393 2547 613 2604 prorsus
637 2532 767 2589 certi
794 2540 850 2588 et
894 2532 1179 2589 indubitati
1222 2547 1384 2604 posse
1413 2548 1476 2589 cx
1507 2533 1585 2589 eis
1632 2549 1768 2589 con-

161 2627 328 2682 cludi.

157 2737 171 2779 ι
227 2719 491 2774 Octavius
532 2734 682 2786 vero,
716 2719 806 2791 qui
833 2727 889 2775 et
931 2719 1216 2776 Ianuarius
1255 2735 1283 2776 a
1311 2718 1528 2776 C:ecilio
1563 2736 1766 2793 cogno-

155 2810 425 2876 minatur,
456 2810 538 2865 vir
567 2810 685 2876 fuit,
735 2820 792 2866 ut
837 2813 912 2867 ait
937 2811 1218 2879 Minucius,
1267 2812 1501 2868 eximius
1528 2821 1583 2868 et
1635 2828 1762 2868 san-

155 2913 296 2970 ctus,
348 2905 559 2974 ipsique
606 2904 982 2960 amicissimus.
1046 2905 1116 2961 Et
1165 2914 1313 2961 certe
1369 2914 1515 2960 tanto
1544 2917 1766 2978 uterque

155 2997 207 3054 in
234 3013 297 3055 se
319 2999 556 3053 invicem
580 3013 768 3054 amore
785 2997 1062 3070 ﬂagrabat,
1093 3015 1111 3049 ι
1146 3007 1203 3054 ut
1227 2999 1474 3056 crederes
1502 3015 1661 3054 unam
1690 3040 1706 3064 ,
1739 3019 1758 3054 ›

153 3091 332 3162 inquit
389 3091 531 3146 idem
591 3089 872 3158 Minucius,
907 3109 928 3144 r
979 3100 1212 3148 mentem
1261 3091 1554 3147 indutibus
1597 3091 1764 3148 fuisse

153 3184 416 3240 divisam.
447 3204 467 3238 ι
507 3182 742 3256 Uterque
793 3187 976 3252 etiam,
1027 3192 1084 3239 ut
1121 3186 1520 3250 annotavimus,
1568 3199 1761 3240 causa-
1790 3187 1836 3250 C

145 3292 273 3333 rum
317 3278 502 3334 fuerat
545 3286 805 3348 patronus
849 3286 906 3332 et
953 3273 1221 3340 ethnicus,
1271 3287 1325 3332 et
1371 3277 1531 3332 ambo
1580 3277 1761 3344 simul,

152 3372 370 3439 ejurato
429 3369 593 3439 impio
636 3369 912 3440 gentilium
965 3369 1130 3435 cultu,
1180 3369 1490 3425 chriSIianu:
1519 3371 1764 3441 religioni

149 3462 350 3518 initiati
401 3471 545 3517 sunt.
608 3460 758 3518 Tunc
796 3471 974 3518 autem
1025 3463 1278 3518 Octavius
1307 3462 1523 3518 Minucii
1566 3463 1764 3520 lidelis-

151 3555 348 3619 simus,
387 3556 456 3609 ita
498 3555 642 3610 enim
675 3553 939 3610 Minucius
961 3555 1074 3624 ipse
1104 3554 1359 3626 loquitur,
1392 3555 1761 3614 contuberna-

148 3649 216 3704 lis
243 3657 393 3716 erat,
444 3648 494 3703 id
525 3657 626 3714 est,
669 3647 854 3704 Romae
879 3663 1000 3705 cum
1031 3664 1096 3704 eo
1125 3649 1577 3704 connnorabatur.
1630 3650 1759 3706 Iude

146 3753 341 3813 postea
377 3741 541 3798 rediit
570 3743 621 3802 in
654 3743 898 3812 patriam,
946 3743 1394 3815 matritnonioque
1430 3744 1502 3799 ibi
1541 3745 1760 3815 copula-

144 3842 257 3905 tus,
319 3834 509 3907 plures
557 3834 756 3890 liberos
806 3836 1065 3906 suscepit.
1126 3835 1232 3892 Sed
1281 3836 1314 3890 ii
1360 3836 1536 3892 adhuc
1586 3837 1762 3892 infan-

144 3930 315 3995 tibus,
368 3937 428 3983 et
474 3928 750 3984 dimidiata
808 3929 971 3986 verba
1013 3929 1338 3985 tentantibus
1382 3930 1605 3997 relictis,
1655 3929 1762 3986 Ro-

140 4003 292 4078 mam
347 4023 547 4094 negotii
595 4031 651 4078 et
679 4022 883 4079 visendi
909 4022 1121 4078 Minucii
1149 4023 1319 4094 gratia
1367 4023 1560 4079 iterum
1593 4024 1756 4089 venit,

139 4114 232 4170 ubi
259 4129 489 4171 summo
515 4130 636 4170 cum
674 4114 870 4188 gaudio
911 4115 981 4171 ab
1021 4114 1112 4170 illo
1138 4125 1399 4185 exceptus
1425 4125 1526 4171 est.
1578 4115 1759 4172 Pieta-

138 4216 253 4265 tem
289 4225 429 4265 vero
465 4209 915 4279 sanctitatemque
943 4210 1061 4280 ejus
1090 4209 1220 4263 satis
1251 4207 1580 4278 patefaciunt
1605 4224 1759 4264 men-

138 4304 213 4360 tis
241 4304 419 4359 at-dor
443 4312 499 4359 et
525 4303 783 4372 studium,
821 4319 929 4374 quo
957 4304 1007 4358 in
1031 4303 1313 4374 gentilium
1343 4303 1755 4374 superstitiones

131 4407 363 4467 raptus,
398 4393 696 4464 Czeciliutn,
749 4404 908 4467 atque
933 4396 1096 4452 etiam
1147 4397 1320 4466 ipsum
1352 4395 1658 4463 Minucium,
1689 4398 1758 4452 ob

131 4487 432 4544 adoratam
471 4489 540 4544 ab
566 4488 678 4554 illo,
729 4489 868 4544 sicut
909 4489 1160 4555 vidimus,
1208 4489 1482 4559 Serapidis
1523 4489 1753 4560 elligiem

133 4588 250 4637 tam
324 4580 528 4636 acriter
599 4580 896 4652 castigavit.
980 4581 1191 4636 Scimus
1255 4581 1470 4653 quidem
1534 4581 1757 4654 Cypria-

129 4676 190 4731 ni
263 4686 518 4745 teuipore
575 4675 836 4747 quosdam
899 4675 951 4730 in
1011 4675 1187 4730 Africa
1256 4675 1498 4732 extitisse
1547 4676 1755 4746 episco-

127 4785 282 4843 pos,
329 4784 560 4841 quorum
625 4786 762 4825 unus
818 4768 1052 4834 Natalis,
1107 4770 1243 4825 alter
1293 4785 1420 4826 vero
1470 4771 1756 4827 Januarius

125 4864 476 4934 appellatur.
549 4863 656 4921 Sed
718 4862 936 4919 eosdem
1000 4863 1119 4918 illos
1173 4878 1326 4932 esse,
1391 4864 1480 4936 qui
1546 4865 1596 4921 in
1654 4865 1758 4921 hoc

124 4955 371 5014 Minucii
443 4957 576 5012 libro
633 4956 927 5028 disputant,
984 4956 1306 5028 quicumque
1357 4956 1623 5024 dixerint,
1701 4959 1757 5016 hi

126 5051 297 5107 nulla
354 5063 571 5119 prorsus
617 5050 700 5106 vel
742 5050 962 5105 minima
1011 5050 1220 5106 ratione
1268 5049 1416 5114 fulti,
1474 5067 1571 5121 pro
1602 5052 1756 5108 libito

127 5142 501 5200 divinabunt.

206 5235 402 5292 Porro
425 5243 602 5290 autem
620 5235 880 5292 Minucius
904 5237 1126 5307 hujusce
1154 5235 1274 5292 libri
1306 5236 1462 5294 initio
1491 5238 1759 5309 signiﬁca-

123 5345 195 5388 re
257 5327 484 5384 videtur
524 5328 804 5385 Octavium
832 5345 899 5386 ex
941 5329 1040 5385 hac
1081 5329 1184 5384 vita
1226 5328 1557 5401 migravisse,
1589 5347 1759 5403 quan-

125 5424 210 5481 do
269 5423 425 5479 hunc
448 5423 587 5478 illius
636 5439 759 5478 cum
814 5423 1030 5479 Caecilio
1080 5422 1348 5494 dialogum
1388 5425 1605 5496 scriptis
1648 5436 1756 5480 tra-

126 5519 308 5576 didit.
392 5517 560 5586 Quam
589 5529 736 5590 grata
760 5518 957 5574 etenim
984 5517 1082 5574 sibi
1114 5528 1258 5574 esset
1308 5519 1450 5575 illius
1477 5521 1754 5587 memoria,

127 5625 532 5687 quantumque
576 5613 784 5669 intimis
810 5613 920 5670 suis
973 5612 1221 5671 sensibus
1286 5612 1373 5670 ille
1447 5612 1771 5683 inhaereret,

126 5707 217 5768 ibi
287 5705 560 5776 explicat,
615 5707 974 5780 continuoque
1019 5706 1210 5763 addit:
1251 5725 1270 5759 ι
1337 5705 1445 5764 Nec
1497 5708 1762 5766 immerito

119 5798 447 5864 discedens
497 5801 578 5856 vir
633 5801 860 5859 eximius
906 5809 963 5858 et
1010 5810 1250 5865 sanctus,
1300 5799 1618 5858 innuensum
1676 5803 1758 5860 sui

1888 1870 1973 1926 isti
2006 1885 2220 1942 quoque
2271 1871 2470 1927 nullam
2502 1875 2722 1930 omnino
2770 1876 3092 1946 c0njecturm
3145 1894 3256 1934 Sutc
3305 1881 3483 1952 profe-

1878 1972 2003 2017 runt
2033 1963 2115 2018 vel
2163 1962 2489 2020 levissimam
2534 1968 3018 2026 conﬁrmationem.
3095 1971 3272 2028 Nescii
3320 1990 3482 2044 porro

1878 2070 1984 2111 non
2031 2071 2216 2111 sumus
2243 2057 2440 2128 saepius
2469 2074 2500 2113 a
2555 2060 2714 2116 variis
2757 2062 3128 2134 scriptoribus,
3181 2082 3248 2122 ex
3285 2068 3481 2139 quibus

1876 2145 2015 2201 hanc
2036 2156 2222 2202 auctor
2250 2159 2437 2204 noster
2465 2149 2659 2221 dialogi
2693 2151 2922 2208 fortnam
2951 2155 3116 2212 dubio
3145 2160 3327 2226 procul
3358 2176 3479 2216 tnu-

1876 2245 2053 2293 tuatus
2079 2250 2182 2306 est,
2228 2241 2338 2295 suis
2386 2243 2436 2296 in
2488 2243 2639 2298 libris
2669 2245 2952 2301 simulatos
2996 2247 3304 2318 hujusmodi
3334 2252 3478 2308 viros

1881 2333 2080 2390 induci.
2129 2336 2198 2390 At
2251 2335 2410 2408 hujus
2461 2337 2692 2393 ﬁciiouis
2722 2351 2815 2397 aut
2863 2346 3132 2413 expreSsis
3167 2348 3479 2420 plerumque

1874 2427 2051 2483 verbis
2095 2428 2446 2500 lectoresipsi
2466 2445 2594 2486 suos
2618 2432 2926 2502 admonent,
2969 2447 3061 2490 aut
3099 2437 3148 2492 id
3178 2455 3244 2494 ex
3288 2457 3476 2497 eorum

1873 2537 2122 2578 sermone
2153 2522 2308 2579 facile
2336 2523 2672 2597 intelligitur.
2707 2526 2902 2583 Contra
2928 2545 3055 2586 vero
3077 2531 3127 2586 in
3159 2531 3260 2589 hoc
3288 2542 3475 2591 aucto-

1872 2615 1949 2670 ris
1974 2615 2140 2670 nostri
2174 2615 2309 2672 libro
2333 2619 2462 2673 nihil
2491 2619 2778 2692 quidquam
2805 2625 3076 2693 occurrit,
3117 2642 3224 2696 quo
3253 2644 3352 2685 nec
3388 2645 3476 2686 vc-

1871 2721 1962 2762 ros
1989 2706 2235 2763 homines
2261 2708 2585 2780 disputasse,
2633 2729 2733 2769 nec
2773 2730 2836 2770 ea
2880 2717 3080 2782 omnia,
3105 2735 3227 2790 quae
3254 2737 3476 2776 narran-

1871 2809 1975 2868 tur,
2002 2817 2124 2858 vera
2153 2803 2288 2859 esse'
2309 2805 2613 2862 credamus.
2657 2805 2923 2864 Caeterum
2947 2811 3204 2885 quidquid
3231 2830 3292 2870 ea
3317 2814 3384 2871 de
3414 2832 3476 2872 re

1869 2891 2089 2956 dixeris.
2125 2897 2328 2969 integra
2371 2913 2604 2970 semper,
2656 2913 2708 2956 ct
2730 2901 2972 2973 ejusdem
3021 2907 3275 2976 ponderis
3315 2919 3474 2966 erunt

1868 2983 2080 3043 Minucii
2115 3000 2300 3045 contra
2323 2992 2598 3063 gentilium
2621 2995 2778 3064 ritus,
2819 3012 2882 3052 ac
2910 3014 3006 3069 pro
3034 2998 3342 3059 christiaute
3386 3020 3473 3061 reo

1869 3080 2080 3152 ligionis
2111 3083 2426 3143 defensioue
2456 3099 2791 3160 argumenta.

2499 3225 2728 3284 CAPUT
2769 3227 2833 3284 II.

1868 3349 1934 3390 DE
1996 3350 2155 3392 HUIUS
2185 3353 2324 3393 LIBRI
2375 3355 2589 3407 ΕΤΑΤΕ,
2635 3357 2820 3407 ετγιο.
2863 3362 3079 3414 τιτυιο,
3125 3367 3468 3425 Αῐιςωιεκτο,

1940 3444 2300 3497 DIVISIONIBUS,
2331 3448 2715 3492 IANUSCRIPTIS
2764 3453 3056 3508 CODICIBUS,
3091 3459 3159 3499 ΕΤ
3204 3463 3471 3505 ΕΜΤΙΟΜ-

1939 3536 2068 3588 BUS,
2120 3540 2185 3579 DE
2225 3539 2501 3582 νΑιιῐοιιωι
2555 3544 2608 3583 IN
2661 3545 2770 3587 EUM
2829 3547 3344 3608 OBSERVA'I'IONIBUS,
3403 3558 3470 3598 DE

1938 3630 2232 3673 COBRUPTIS
2283 3634 2451 3686 LOCIS,
2513 3637 2582 3676 ΕΤ
2629 3639 2753 3688 QUID
2794 3641 3042 3685 HINUCIUS
3090 3647 3157 3688 ΒΧ
3187 3649 3340 3704 Αιιις,
3399 3650 3469 3692 ΕΤ

1939 3726 2076 3768 ALIIS
2112 3728 2182 3767 EX
2225 3728 2339 3771 IPSO
2374 3731 2788 3774 υειιΒΑνειιιΝτ.

2377 3867 2670 3910 Λητιουιιυς
2708 3869 2919 3912 PRIMUS.

2152 3983 2267 4051 Quo
2290 3993 2514 4059 tempore
2545 3990 2626 4044 hic
2653 3989 2778 4046 liber
2817 3993 2982 4049 editus
3007 3995 3178 4064 fuerit.

1943 4115 2062 4186 Quo
2109 4125 2352 4189 tempore
2396 4121 2524 4178 illud
2574 4124 2770 4181 Carcilii
2795 4137 2848 4183 et
2896 4126 3099 4186 Octavii
3140 4129 3463 4204 colloquium

1874 4207 2071 4267 litteris
2099 4211 2362 4269 Minucius
2415 4217 2770 4288 mandaverit,
2805 4221 2856 4277 in
2877 4238 3122 4295 eamque,
3167 4243 3323 4298 quam
3357 4244 3467 4298 pra:

1861 4316 1923 4360 se
1952 4303 2074 4371 fert,
2126 4304 2249 4362 libri
2274 4305 2499 4364 formam
2543 4312 2828 4383 redegerit,
2868 4331 2955 4372 res
2998 4319 3237 4374 estinter
3261 4320 3465 4376 doctis-

1861 4395 2028 4452 simos
2053 4396 2213 4469 hujus
2256 4401 2431 4456 aetatis
2480 4403 2774 4476 scriptores
2814 4417 3180 4466 controversa.
3235 4412 3465 4479 Quidam

1861 4490 2004 4544 enim
2030 4490 2172 4548 hunc
2200 4492 2392 4548 librum
2421 4509 2449 4547 a
2477 4495 2710 4553 Minucio
2734 4498 2874 4556 circa
2902 4516 3100 4558 annum
3123 4503 3320 4559 Christi
3355 4506 3460 4560 160

1781 4586 1836 4646 1)
1862 4583 2122 4652 scriptum
2160 4585 2324 4641 fuisse
2354 4587 2662 4658 opinantur.
2713 4589 2821 4648 Sed
2845 4593 2897 4648 hi
2925 4595 3067 4651 nulla
3108 4596 3209 4652 alia
3251 4597 3458 4654 ducun-

1859 4686 1947 4733 tur
1977 4679 2217 4746 ratione,
2266 4697 2426 4752 quatn
2460 4684 2581 4754 quia
2632 4686 2682 4739 in
2713 4688 2952 4744 animum
2994 4690 3093 4746 sibi
3139 4692 3467 4749 induxerunt

1859 4771 2509 4833 FrontonemCirtcnsem
2531 4788 2820 4848 oratorem,
2847 4798 3003 4854 quem
3024 4783 3092 4838 M.
3132 4784 3332 4841 Aurelii
3363 4785 3462 4840 im-

1859 4867 2120 4936 peratoris
2150 4870 2460 4940 magistrum
2497 4870 2701 4936 dicunt,
2735 4874 2836 4930 hoc
2865 4876 2918 4931 in
2945 4877 3080 4932 libro
3122 4878 3294 4936 citari.
3355 4880 3462 4936 Sed

1863 4961 2128 5018 incertum
2177 4965 2398 5020 omnino
2422 4976 2505 5022 est
2526 4982 2592 5022 an
2637 4967 2837 5026 Fronto
2868 4987 2896 5025 a
2940 4971 3172 5028 Minucio
3215 4975 3462 5032 laudatus

1862 5054 2066 5111 Aurelii
2108 5073 2295 5113 revera
2334 5057 2494 5115 fuerit
2517 5072 2834 5133 praeceptor.
2890 5064 3093 5122 Deinde
3121 5069 3245 5138 qttid
3277 5072 3459 5140 probi-

1863 5149 1974 5212 bet,
2019 5152 2308 5220 quominus
2357 5152 2583 5221 Fronto,
2625 5164 2782 5212 antea
2814 5168 3078 5225 mortuus,
3131 5160 3198 5216 ab
3241 5173 3464 5221 auctore

1863 5251 2059 5300 nostro
2083 5246 2423 5315 postmodum
2453 5249 2602 5303 citari
2634 5251 2902 5320 potuerit?
2934 5253 3168 5324 Denique
3201 5256 3462 5331 llicrony«

1861 5350 1983 5391 mus
2008 5337 2059 5391 in
2088 5335 2347 5411 Catalogo
2392 5339 2726 5413 Scriptorum
2758 5344 3258 5406 EcclesiaSticorum
3301 5353 3319 5417 <
3336 5353 3464 5410 Ilic-

1863 5445 2064 5501 ronym.
2101 5430 2335 5503 Catalog.
2381 5431 2408 5505 ς
2465 5434 2534 5490 5'5
2558 5443 2610 5490 et
2631 5433 2760 5506 584)
2799 5436 3148 5510 Tertulliauo,
3181 5460 3336 5514 quem
3368 5448 3464 5504 Se-

1864 5536 1992 5578 vero
2017 5535 2066 5579 et
2092 5524 2364 5583 Caraealla
2393 5527 2777 5598 imperantibus
2802 5547 3074 5602 regnasse,
3103 5538 3237 5592 sicut
3269 5548 3324 5594 et
3348 5540 3462 5609 alii,

1864 5615 2134 5688 perhibet,
2191 5619 2349 5691 longe
2401 5620 2757 5692 antiquiorem
2807 5639 2967 5695 quam
3010 5625 3241 5686 Minucio
3286 5631 3461 5690 locum

1865 5708 2125 5779 assignat.

1927 5802 2153 5872 Quidam
2183 5821 2214 5862 e
2251 5806 2522 5865 contrario
2570 5807 2770 5882 Opinati
2798 5822 2923 5869 sunt
2954 5808 3242 5872 Minucium
3286 5826 3464 5890 postc-
