3980 6302
523 250 629 327 387

1809 271 1896 330 DE
1936 268 2197 331 MINUCn
2233 268 2533 328 ocravto
3668 280 3746 350 πε

523 364 729 442 τίοι-ραι
760 401 880 441 esse
906 386 1192 459 Cypriane,
1219 385 1307 457 qui
1338 400 1479 441 anno
1505 386 1704 443 Christi
1733 382 1838 445 238
1858 389 2116 462 martyrio
2143 384 2195 448 Ᾱ
2220 397 2273 441 et
2303 385 2571 442 Adrianus
2597 385 2865 457 cogitasse
2895 384 3085 455 fertur,
3130 388 3222 460 qui
3253 390 3444 460 templa
3469 392 3517 449 in
3551 400 3743 459 omnibus

525 481 690 535 vitam
732 480 919 535 ﬁnivit.
962 479 1317 551 Hieronymus
1360 481 1540 547 enim,
1598 482 1873 553 inquiunt,
1928 484 1980 539 itt
2035 502 2129 540 sua

533 572 797 628 adversus
818 570 1155 627 Jovinianutu
1189 572 1466 643 Apologia,
1501 574 1611 629 sive
1633 577 1697 629 ad
1729 576 2125 633 l’ammachium

525 664 779 735 Epistola,
800 656 1083 719 Minucium
1114 674 1353 718 nostrum
1384 667 1767 735 postenutdem
1791 667 2125 741 Cyprianum

527 759 846 814 nominavit.
913 758 1037 813 inde.
1081 768 1259 813 autem
1309 759 1417 815 duo
1472 763 1656 817 conﬁci
1707 780 1861 832 po~se
1908 774 2122 835 putant,

521 866 585 907 ac
610 852 783 921 primo
810 851 1046 918 quidem,
1074 851 1140 906 ab
1170 851 1285 922 ipso
1312 852 1562 918 Minucio,
1595 852 1763 911 uhide
1795 856 2126 912 Christiano-

520 963 639 1001 rum
660 945 941 1001 vexatione
958 944 1212 1015 disputat.
1241 947 1310 1001 ibi
1359 946 1644 1004 excitatam
1690 968 1720 1005 a
1763 951 1924 1006 Decio
1952 952 2126 1022 Impe-

520 1050 701 1096 ratore
755 1038 1184 1107 persecutionem
1216 1039 1479 1095 indicari:
1529 1040 1786 1109 secundo,
1838 1041 2121 1097 Minucium

520 1135 621 1191 hoc
666 1138 717 1189 in
762 1133 899 1189 libro
927 1133 1076 1205 plura
1118 1149 1185 1189 ex
1236 1132 1485 1207 Cypriani
1524 1136 1795 1192 delibasse
1845 1152 2122 1193 commen-

516 1227 825 1286 tationibus.

594 1323 796 1380 Verum
829 1335 937 1382 tota
972 1326 1087 1383 haec
1125 1325 1515 1397 argumentatio
1546 1324 1596 1379 in
1628 1324 1741 1379 sola
1782 1326 1967 1379 nititur
1998 1323 2122 1380 Hie-

513 1421 725 1491 ronymi
757 1421 1040 1492 Apologia.
1082 1420 1188 1477 Sed
1237 1421 1308 1475 ibi
1342 1421 1433 1474 ille
1464 1420 1639 1473 varios
1682 1414 1985 1488 Scriptores
2018 1434 2117 1488 ap-

515 1514 768 1582 pellando
793 1557 809 1580 ,
854 1526 1155 1585 temporum
1210 1532 1314 1570 non
1344 1513 1585 1585 sequitur
1620 1515 1884 1569 ordinem.
1918 1513 2117 1568 Everso

512 1607 672 1677 igitur
702 1592 861 1679 hujus
888 1610 1158 1678 Opinionis
1202 1608 1567 1672 fundamento,
1605 1607 1717 1676 ipsa
1748 1622 1960 1677 qunque
1997 1614 2118 1659 ruat

514 1716 738 1758 necesse
765 1711 867 1757 est.
900 1701 1081 1772 Neque
1118 1702 1279 1756 etiam
1336 1699 1598 1754 Minucius
1649 1698 1717 1754 de
1744 1698 2116 1769 persecutione

2233 479 2537 534 civitatibus
2564 480 2681 534 sine
2703 479 3007 536 sitttulucris
3053 481 3283 552 iusserat
3313 483 3445 540 ﬁeri.
3477 506 3494 540 ι
3519 488 3746 561 (Lamprid.

2229 573 2284 627 in
2317 571 2432 627 Vita
2461 573 2605 629 Alex.
2643 574 2762 629 See.
2821 585 2935 644 post
2981 576 3143 648 med.)
3172 576 3456 635 Christiani
3484 582 3618 651 igitur
3635 588 3750 643 obh-

2236 675 2341 722 tam
2400 668 2498 722 sibi
2538 667 2849 725 Alexandro
2885 672 3233 727 conSIrnendi
3286 674 3529 730 ecclesias
3570 681 3752 738 occasio-

2232 777 2354 817 nem
2383 763 2757 833 proculdubio
2797 776 2904 819 non
2942 766 3263 820 amiserunt.
3308 765 3416 822 Sed
3458 784 3562 834 cur,
3596 787 3749 841 «iusso,

2228 855 2406 911 datam
2435 858 2536 914 sibi
2568 858 2719 928 prius
2748 858 2816 913 ah
2838 859 3097 927 Adriano,
3132 861 3205 915 uti
3229 862 3425 917 ibidem
3455 875 3613 921 narrat
3636 868 3751 925 Laui-

2230 948 2455 1019 pridius,
2479 949 2709 1003 similem
2735 952 3077 1007 occasionem
3109 954 3454 1009 amisissent?
3476 955 3615 1012 Nutat
3640 960 3754 1030 igitur

2228 1038 2343 1095 lucc
2373 1041 2789 1111 argumentatio,
2827 1042 3068 1115 nihilque
3097 1058 3165 1100 ex
3192 1060 3254 1101 ea
3284 1047 3419 1102 certi
3444 1051 3636 1106 omnino
3655 1069 3754 1108 ωιι-

2224 1128 2310 1187 fici
2342 1144 2541 1204 potest.

2297 1223 2501 1295 Urgent
2525 1234 2701 1283 tamen
2731 1228 3009 1284 Caecilium
3047 1230 3303 1287 audacter
3338 1234 3615 1292 asseruisse
3637 1233 3755 1292 Chri-

2223 1320 2429 1375 Stianos
2456 1337 2518 1376 ex
2550 1323 2737 1377 ultima
2781 1323 2911 1380 face
2964 1324 3135 1394 plebis
3178 1324 3346 1382 fuisse
3390 1327 3632 1397 homines,
3654 1346 3760 1385 sum-

2225 1414 2434 1483 misque
2463 1417 2696 1471 miseriis
2739 1432 2803 1472 ac
2831 1427 3145 1488 paupertate
3194 1418 3393 1490 ubique
3419 1434 3687 1491 oppressos.
3711 1424 3761 1476 At

2222 1504 2327 1563 hoc
2353 1507 2459 1563 diei
2492 1526 2596 1563 non
2627 1511 2831 1580 potuit,
2879 1514 2981 1568 nisi
3017 1513 3174 1582 paulo
3218 1524 3345 1569 ante
3383 1516 3641 1584 imperium
3668 1518 3765 1571 Alc-

2222 1599 2412 1655 xandri
2448 1599 2670 1668 Severi,
2700 1604 2855 1671 cujus
2898 1603 3154 1673 palatium
3199 1604 3516 1661 Christianis
3553 1606 3762 1675 repletum

2218 1703 2356 1759 erat,
2390 1697 2480 1765 qui
2525 1697 2687 1750 vitam
2719 1697 2901 1765 procul
2938 1696 3099 1753 dubio
3129 1698 3180 1753 in
3227 1700 3453 1755 summis
3494 1700 3694 1756 miseriis
3720 1712 3765 1754 ac

513 1795 742 1850 Deciana
761 1837 776 1859 ,
811 1794 904 1850 sed
934 1795 1036 1849 alia
1064 1793 1367 1864 antiquiore
1388 1791 1531 1863 loqui
1563 1791 1790 1845 videtur.
1820 1788 2120 1862 Cyprianus
2152 1786 2198 1849 Β
2229 1797 2545 1857 paupertate
2571 1806 2674 1842 non
2704 1788 2954 1857 agebant.

514 1888 675 1943 etiam
723 1903 819 1943 sua
849 1904 881 1943 a
905 1887 1137 1942 Minucio
1163 1930 1177 1952 ,
1230 1889 1405 1958 potius
1444 1901 1603 1956 quant
1649 1882 1911 1939 Minucius
1948 1883 2015 1937 ab
2051 1898 2117 1939 eo

512 1978 652 2034 haud
684 1978 846 2035 dubie
872 1978 1162 2049 excerpsit.

582 2070 944 2138 Quamobrem
990 2070 1081 2125 alii
1109 2080 1333 2126 censent
1387 2070 1527 2124 hunc
1567 2068 1778 2124 Minucii
1831 2068 1998 2125 nostri
2048 2068 2111 2122 li-

510 2166 667 2221 brum
690 2166 892 2221 editum
937 2165 1103 2221 fuisse
1130 2166 1284 2220 initio
1310 2166 1451 2220 tertii
1477 2162 1731 2218 Ecclesim
1758 2163 1961 2223 smeuli.
1992 2178 2113 2216 cum

509 2268 636 2328 post
682 2259 805 2314 data
845 2274 875 2313 a
927 2258 1130 2314 Severo
1173 2258 1499 2326 imperatore
1542 2256 1755 2323 edicta,
1786 2257 2015 2327 gentiles
2062 2244 2115 2311 in

504 2352 843 2407 Christianos
881 2351 1194 2407 szeviebant.
1226 2349 1359 2405 Nam
1388 2350 1748 2422 Hieronymus
1778 2350 1830 2404 in
1859 2349 2113 2419 Catalogo

505 2442 840 2513 Scriptorum
872 2443 1376 2498 Ecclesiastieorum
1422 2441 1617 2513 (Idem,
1646 2439 1881 2513 Catalog.
1916 2439 2109 2513 Script.

502 2533 706 2590 Eccles.
754 2535 783 2608 §
818 2535 889 2591 58
920 2546 973 2590 et
1006 2536 1125 2605 59),
1158 2536 1246 2591 ubi
1274 2536 1518 2590 ordinem
1563 2545 1862 2605 temporum
1889 2550 2109 2589 accura-

503 2627 608 2681 tius
629 2628 901 2693 observat,
927 2628 1217 2681 Minucium
1244 2636 1488 2681 nostrum
1518 2626 1695 2695 posuit
1723 2627 1963 2697 proxime
1986 2637 2111 2682 ante

503 2718 711 2780 Caium,
748 2731 805 2773 ut
833 2718 884 2771 in
919 2718 1172 2773 omnibus
1204 2718 1346 2772 illius
1387 2717 1623 2790 Catalogi
1651 2719 1993 2787 editionibus,
2027 2720 2110 2774 vel

502 2809 750 2876 proxime
783 2819 903 2879 post
930 2810 1131 2879 ipsum,
1159 2820 1214 2865 ut
1242 2811 1292 2863 in
1320 2811 1683 2865 vetustissimo
1712 2811 1897 2867 codice
1927 2822 2110 2866 nostro

499 2903 975 2975 Sangermanensi,
1008 2904 1432 2977 Longohardicis
1463 2905 1658 2961 litteris
1694 2916 1818 2961 ante
1843 2906 1985 2960 mille
2014 2921 2109 2960 an-

499 3012 600 3051 nos
629 2996 931 3067 descripto.
972 2999 1043 3053 At
1088 2999 1139 3053 iit
1192 2998 1441 3053 omnibus
1474 2998 1630 3070 hujus
1657 2998 1775 3053 libri
1809 2999 1921 3052 sive
1952 2998 2108 3053 editis

500 3091 618 3147 sive
639 3091 852 3147 ineditis
865 3090 1141 3148 codicibus
1158 3090 1458 3162 Cyprianus
1479 3092 1633 3162 longe
1650 3100 1769 3161 post
1796 3100 2104 3158 utrumque,

2293 1878 2399 1934 Sed
2434 1879 2596 1950 hujus
2622 1881 3109 1950 argumentationis
3141 1892 3246 1937 non
3276 1885 3453 1952 majus
3479 1882 3692 1953 profecto
3711 1891 3770 1938 est

2221 1971 2428 2041 pondus
2459 1980 2515 2026 et
2558 1973 2739 2026 robur.
2769 1971 2887 2027 Jam
2915 1975 3059 2028 enim
3100 1973 3408 2030 audivimus
3437 1974 3767 2030 Tertullianum

2219 2070 2488 2125 dicentem
2535 2069 2715 2138 nrbes,
2748 2073 2991 2139 castella,
3018 2070 3215 2138 forum,
3263 2064 3533 2137 senatum,
3565 2072 3769 2141 palatium

2219 2162 2433 2232 oppleta
2470 2161 2635 2216 fuisse
2680 2164 3021 2231 Christianis,
3050 2166 3137 2235 qui
3164 2166 3460 2234 gentilibus
3496 2164 3617 2219 nihtl
3643 2163 3768 2229 aliud,

2218 2274 2375 2327 quam
2412 2256 2665 2311 falsorum
2694 2257 2919 2312 deorum
2962 2260 3159 2328 templa
3192 2258 3543 2329 reliquerant.
3570 2258 3684 2326 Quis
3703 2272 3774 2311 au-

2220 2362 2324 2405 tem
2356 2352 2670 2406 dillitehitur
2698 2350 2818 2414 hos,
2844 2353 2981 2406 sicut
3010 2352 3278 2419 ethnicos,
3305 2369 3415 2407 non
3442 2366 3622 2407 omnes
3646 2349 3772 2405 sortis

2217 2445 2437 2509 inlitum,
2472 2444 2564 2499 sed
2592 2443 2879 2514 cujuslibet
2907 2443 3069 2499 fuisse
3095 2443 3425 2500 Conditionis
3448 2445 3475 2499 ἲ

2288 2536 2422 2605 Quid
2465 2551 2628 2603 vero,
2678 2535 2821 2605 quod
2871 2537 3097 2607 ipsemet
3169 2536 3434 2591 Minucius
3482 2546 3653 2590 noster
3686 2539 3775 2604 post

2215 2630 2518 2685 christiana:
2542 2629 2813 2699 religionis
2845 2628 3228 2698 professionem
3259 2645 3366 2683 non
3395 2629 3632 2693 minoris,
3653 2637 3776 2696 quam

2213 2733 2368 2779 antea
2412 2722 2736 2778 conditionis
2782 2721 2880 2775 fuit
2924 2720 3067 2776 :sed
3100 2722 3322 2791 insignis
3371 2730 3509 2787 erat,
3541 2724 3612 2773 uti
3654 2731 3777 2785 supra

2215 2830 2242 2867 a
2273 2813 2426 2869 nobis
2455 2814 2796 2869 observatum
2822 2854 2837 2878 ,
2883 2826 3165 2868 causarum
3219 2812 3526 2882 patronus?
3569 2808 3780 2879 Quamvis

2219 2922 2400 2965 autem
2425 2909 2675 2964 Ca-cilius
2691 2920 2764 2974 ,et
2786 2910 2873 2962 alii
2900 2908 3080 2975 etiam,
3100 2907 3393 2963 utinferius
3416 2906 3779 2976 explicabimus,

2214 3001 2448 3057 dixerint
2497 3003 2673 3071 plures
2727 3018 2790 3056 ex
2849 3000 3171 3055 Christianis
3217 3014 3492 3070 pauperes
3519 3007 3782 3069 egemrsque

2212 3093 2394 3162 fuisse,
2431 3109 2535 3149 non
2570 3103 2765 3163 negant
2798 3105 2977 3148 tamen
3027 3110 3133 3147 non
3164 3085 3367 3162 paucos
3412 3108 3479 3148 ex
3523 3092 3623 3146 illis
3648 3089 3784 3142 abun—

502 3182 749 3238 videlicet
808 3194 929 3252 post
983 3193 1190 3251 septem
1252 3183 1389 3237 alios
1428 3184 1741 3250 scriptores,
1794 3184 2105 3237 collocatur.
2136 3186 2181 3249 ε
2215 3185 2374 3242 dasse
2427 3186 2636 3257 magnis
2681 3184 2881 3239 divitiis
2927 3199 2990 3239 ac
3038 3184 3408 3240 facultatibus.
3466 3181 3780 3253 Quamobrem

499 3275 692 3332 Nonne
716 3288 895 3331 autent
926 3276 1052 3333 inde
1076 3277 1329 3345 colligere
1358 3277 1484 3333 licet
1507 3276 1795 3332 Minucium
1824 3284 1880 3331 et
1915 3276 2103 3331 Caium

499 3370 667 3427 fuisse
713 3380 1020 3427 coaetaneos
1050 3411 1065 3435 ,
1117 3380 1173 3424 et
1215 3369 1485 3443 Cypriane
1533 3369 1896 3426 vetustiores?
1942 3370 2102 3440 Atqui

505 3483 525 3517 ι
561 3463 725 3520 Caius
777 3466 881 3521 sub
943 3464 1252 3536 Zephyrino
1301 3464 1557 3521 Romanae
1601 3466 1746 3521 urbis
1790 3466 2040 3535 episeopo
2077 3485 2097 3516 ι

500 3558 672 3629 inquit
702 3558 843 3614 idem
876 3558 1251 3631 Hieronymus,
1284 3576 1305 3610 ι
1340 3558 1393 3613 id
1416 3571 1520 3626 est,
1550 3559 1650 3614 sub
1679 3557 1973 3624 Antonino,
2000 3558 2101 3611 Sc-

503 3651 618 3705 veri
664 3652 791 3719 ﬁlio,
822 3651 1238 3721 disputationem
1288 3651 1573 3708 adversum
1615 3651 1919 3719 Proculum,
1952 3651 2102 3707 Mon-

499 3742 610 3798 tani
635 3753 957 3800 sectatorem
990 3744 1144 3799 valde
1190 3744 1451 3814 insignem
1480 3743 1687 3800 habuit.
1727 3764 1746 3796 ι
1780 3743 1932 3797 Prius
1974 3756 2100 3797 vero

494 3839 760 3895 Eusebius
788 3842 959 3896 semel
980 3851 1033 3895 et
1061 3841 1253 3894 iterum
1277 3838 1489 3894 dixerat
1519 3836 1662 3893 hunc
1690 3837 1875 3892 (Iainm
1903 3838 2101 3893 vixisse

494 3933 595 3989 sub
647 3933 939 4005 Zephyriui
994 3932 1311 4004 pontiﬁcatu
1365 3930 1607 4003 (Euseb.
1640 3930 1759 3985 libr.
1804 3946 1841 3986 tt
1895 3928 2095 3985 Histor.

494 4025 696 4080 Eccles.
751 4042 867 4096 cap.
902 4025 1006 4091 25,
1036 4036 1084 4080 et
1115 4026 1205 4080 lib.
1234 4041 1306 4092 vr,
1335 4041 1457 4095 cap.
1484 4020 1597 4096 20).
1631 4026 1697 4078 At
1729 4024 1814 4078 hic
1844 4024 2098 4078 Romana:

504 4119 762 4175 Ecclesia:
790 4120 857 4173 ab
886 4135 1026 4173 anno
1047 4118 1147 4174 20!
1199 4129 1291 4174 aut
1315 4118 1422 4175 902
1463 4118 1739 4189 prwfnisse
1766 4118 2094 4188 perhibetur.

495 4212 683 4269 Severi
714 4222 893 4267 autem
929 4212 1090 4278 ﬁlius,
1122 4213 1236 4268 sive
1278 4211 1576 4277 Caracalla,
1624 4210 1776 4280 eoj'tIs
1828 4209 2095 4280 Hierony-

493 4306 613 4361 mus
661 4307 990 4361 mentionem
1042 4303 1188 4372 facit,
1234 4315 1353 4374 post
1393 4302 1649 4359 Severum
1685 4313 1888 4372 patrem
1939 4312 2100 4357 suum

491 4399 559 4455 ab
586 4417 728 4454 anno
747 4400 845 4454 2H
882 4398 949 4453 ad
979 4414 1177 4452 annum
1206 4397 1311 4451 9.17
1340 4397 1637 4465 imperavit.
1685 4395 1873 4450 Nonne
1913 4404 2093 4449 autem

491 4493 616 4548 inde
645 4492 892 4549 concludi
926 4501 1096 4562 potest
1130 4489 1343 4545 Minucii
1379 4490 1546 4544 nostri
1578 4489 1773 4544 librum
1805 4488 2005 4543 editum
2038 4488 2088 4542 in

2208 3280 2461 3334 Octavius
2480 3279 2721 3343 Czecilio,
2754 3278 3191 3333 Christianorum
3234 3288 3635 3348 paupertatem,
3661 3276 3783 3343 ignoo

2208 3375 2492 3443 bilitatem,
2540 3384 2594 3431 et
2638 3375 2992 3430 humilitatem
3044 3376 3441 3445 exprobranti,
3491 3370 3781 3444 respondet:

2214 3488 2233 3522 ι
2269 3469 2385 3523 Νοιι
2415 3469 2481 3524 de
2510 3469 2692 3523 ultima
2725 3470 2903 3523 statim
2937 3467 3094 3540 plebe
3116 3470 3495 3537 consistimus,
3517 3469 3563 3523 si
3591 3468 3786 3520 honores

2205 3570 2415 3617 vestros
2466 3569 2520 3615 et
2571 3575 2874 3631 purpuras,
2915 3579 2934 3613 ι
2985 3562 3202 3631 quando
3250 3562 3471 3617 scilicet
3512 3559 3784 3614 christiana

2208 3656 2477 3711 sanctitati
2508 3655 2898 3725 repugnabant,
2935 3668 3270 3711 recusamus.

2277 3748 2411 3814 Quid
2444 3762 2592 3815 ergo,
2626 3748 2830 3817 inquiet
2882 3748 3094 3818 aliquis,
3144 3749 3350 3804 nihilne
3382 3748 3526 3805 certi
3562 3746 3628 3802 de
3655 3742 3784 3813 huius

2206 3840 2326 3895 libri
2369 3849 2528 3895 a-tate
2581 3840 2792 3895 deﬁniri
2845 3840 3064 3910 potest?
3110 3840 3594 3911 Respondebimus
3641 3838 3786 3894 Minu-

2203 3933 2344 3987 cium
2386 3932 2524 3987 haud
2571 3932 2799 3988 obscure
2829 3932 3051 3987 inﬁciari
3087 3934 3351 4002 publicas,
3382 3950 3513 3990 eum
3545 3934 3655 3988 hac
3678 3928 3786 3985 seri.

2203 4026 2373 4093 heret,
2404 4041 2433 4079 a
2460 4024 2782 4080 Christianis
2823 4024 3116 4081 {adiﬁcatas
3156 4027 3447 4093 ecclesias,
3480 4036 3576 4081 aut
3621 4034 3674 4078 ut
3698 4023 3789 4090 ipse

2203 4118 2462 4188 loquitur,
2495 4116 2602 4171 ulla
2659 4117 2824 4172 fuisse
2862 4118 3058 4187 templa
3091 4118 3323 4188 publica,
3358 4119 3417 4173 in
3471 4132 3594 4188 qua:
3643 4114 3787 4185 palam

2201 4213 2492 4267 Convenire
2541 4212 2831 4282 potuerint.
2886 4211 2956 4266 At
2982 4211 3106 4266 inde
3158 4227 3264 4266 non
3308 4212 3508 4283 inepte
3550 4206 3791 4279 colligitur

2202 4304 2346 4360 hunc
2376 4304 2569 4358 librum
2600 4303 2749 4374 prius
2788 4302 2989 4358 editum
3015 4304 3197 4372 fuisse,
3229 4318 3397 4374 quam
3446 4305 3788 4359 Romanorum

2200 4397 2425 4466 imperio
2454 4396 2715 4466 potiretur
2731 4396 3036 4450 Alexander
3061 4395 3512 4467 Severus,cujus
3542 4392 3788 4465 palatium.

2199 4488 2355 4544 sicuti
2385 4488 2640 4555 divinius,
2661 4488 2875 4558 plenum
2904 4496 3019 4542 erat
3041 4486 3388 4555 Christianis,
3424 4499 3665 4558 quorum
3698 4483 3790 4537 Deo

492 4585 669 4641 lucem
719 4585 883 4641 fuisse
932 4585 1033 4639 sub
1059 4584 1349 4639 Caracallae
1379 4583 1623 4654 imperio,
1658 4592 1712 4638 et
1738 4596 1859 4637 cum
1891 4580 2093 4638 ethnici
2116 4566 2169 4645 Ι)
2197 4584 2312 4656 ipse
2343 4585 2602 4655 templum
2626 4594 2942 4640 construere
2970 4583 3305 4638 decreverat.
3339 4582 3474 4651 Quo
3501 4592 3683 4638 autem
3710 4588 3792 4647 Ρο-

489 4678 543 4733 ἱιι
573 4678 912 4735 Christianos
938 4676 1112 4731 adhuc
1128 4676 1506 4747 grassabantur
1532 4676 1556 4729 ?

562 4768 671 4828 Sed
700 4772 964 4835 obiiciunt
992 4770 1187 4827 eruditi
1217 4772 1317 4826 viri
1357 4770 1628 4826 Caecilium
1679 4768 2091 4838 exprobravisse

492 4863 717 4919 Octavio
769 4865 913 4920 nulla
948 4875 1071 4920 tunc
1110 4864 1271 4920 fuisse
1312 4863 1631 4920 Christianis
1660 4864 1880 4931 templa,
1910 4876 2009 4918 nec
2037 4862 2090 4917 id

493 4957 673 5028 utique
715 4957 784 5013 ab
837 4955 1057 5012 Oetavio
1109 4968 1379 5028 negatum.
1441 4956 1598 5027 A‘tqui
1659 4955 1949 5026 Origenes,
2009 4954 2092 5008 in-

486 5054 697 5126 quiunt,
729 5054 782 5110 in
811 5053 1080 5123 suis,qtne
1108 5052 1355 5123 Philippo
1385 5061 1663 5121 regnante,
1684 5049 1787 5104 hoc
1815 5059 1918 5117 est,
1946 5050 2088 5103 circa

487 5162 686 5201 annum
727 5147 833 5201 ἃμ
861 5147 1232 5217 composuisse
1272 5143 1463 5206 fertur,
1496 5143 1548 5197 in
1580 5142 1885 5197 hlattlireum
1934 5156 2085 5197 com-

488 5240 768 5294 tnentariis
820 5238 1063 5311 (Origett.
1100 5239 1272 5295 Tract.
1327 5240 1381 5293 in
1423 5236 1614 5292 Matth.
1673 5250 1792 5306 eap.
1845 5232 2088 5307 28),tc-

485 5339 685 5387 statum
718 5332 873 5387 nobis
903 5331 1029 5388 fecit
1061 5334 1308 5387 incensas
1333 5329 1498 5386 fuitise
1534 5329 1959 5385 Christianorum
1990 5340 2082 5382 ec-

483 5428 699 5485 clesias.
732 5432 901 5484 Antea
928 5445 1058 5500 ergo
1106 5427 1329 5499 publicis
1358 5429 1410 5481 in
1466 5426 1597 5481 locis
1627 5433 1913 5479 exstructa:
1964 5424 2080 5477 l‘ue-

483 5531 637 5587 rant,
688 5523 784 5578 sed
823 5537 931 5578 non
983 5523 1200 5593 longum
1245 5534 1369 5577 ante
1423 5530 1655 5591 tempus,
1686 5532 1746 5573 ac
1804 5516 2082 5571 dumtaxat

483 5632 607 5674 cum
636 5619 941 5675 AleXauder
964 5615 1216 5684 Severus,
1249 5618 1388 5673 circa
1440 5629 1642 5670 annum
1677 5610 1805 5678 222,
1828 5610 2085 5666 Romanis

482 5716 804 5787 imperabat.
844 5714 976 5769 Nam
1014 5714 1079 5780 is,
1136 5721 1273 5767 teste
1301 5710 1627 5780 Lampridio,
1665 5728 1684 5760 ί
1713 5707 1925 5763 Christo
1952 5718 2084 5761 tem-

481 5809 630 5891 plum
657 5808 834 5867 facere
864 5806 1054 5875 voluit,
1075 5818 1306 5877 eumque
1332 5805 1471 5859 inter
1498 5803 1628 5860 deos
1654 5801 1919 5875 recipere,
1939 5800 2083 5875 quod

2199 4680 2460 4734 tissimum
2485 4688 2727 4748 tempore
2749 4676 2988 4731 liherille
3009 4675 3313 4746 divulgatus
3336 4678 3439 4742 sit,
3468 4691 3584 4731 non
3602 4667 3794 4727 aliunde

2193 4772 2415 4836 certius,
2443 4769 2600 4824 sicuti
2641 4769 2941 4839 opinamur,
2971 4767 3150 4839 colligi
3193 4776 3369 4837 potest
3437 4782 3611 4840 quam
3640 4782 3701 4822 ex
3725 4760 3793 4816 ci-

2196 4872 2306 4919 tato
2342 4862 2655 4936 Hieronymi
2698 4864 2765 4918 de
2793 4862 3159 4933 Scriptoribus
3186 4860 3604 4918 Ecelesiasticis
3654 4857 3791 4914 CIL?

2193 4957 2335 5029 logo.
2366 4957 2620 5026 Quamvis
2664 4957 2804 5012 enim
2842 4956 3160 5027 probaretur
3202 4971 3309 5011 non
3340 4972 3555 5014 omnes
3595 4951 3794 5011 omnino

2194 5059 2523 5105 memoratos
2552 5049 2619 5104 ab
2668 5064 2735 5104 eo
2775 5049 3065 5118 scriptores
3093 5049 3163 5103 ibi
3194 5060 3421 5104 servato
3448 5051 3523 5104 ad
3555 5045 3793 5103 amussim

2193 5154 2434 5215 tempore
2474 5145 2744 5199 reCenseri
2772 5160 2786 5209 ;
2817 5142 3357 5213 pluresnihilnminus
3405 5161 3438 5199 a
3472 5141 3796 5201 Tertulliano

2188 5237 2253 5291 ad
2286 5235 2569 5291 Minucium
2604 5243 2869 5301 nostrum,
2897 5246 2949 5292 et
2994 5236 3063 5290 ab
3096 5238 3285 5292 eodem
3313 5228 3578 5293 Minucio
3614 5236 3678 5289 ad
3705 5231 3795 5302 Cy-

2189 5331 2435 5401 prianum
2486 5345 2893 5395 enumerantur,
2926 5344 3082 5399 quam
3112 5340 3169 5385 ut
3202 5330 3323 5384 inde
3348 5330 3627 5385 concludi
3667 5321 3795 5383 haud

2185 5423 2415 5479 absurde
2434 5438 2541 5477 non
2569 5426 2735 5493 possit
2756 5423 2897 5479 hunc
2914 5425 3102 5493 librum
3117 5442 3142 5474 a
3160 5421 3399 5477 Minucio
3416 5423 3641 5479 editum
3665 5434 3791 5480 eSS‘.

2188 5533 2307 5589 post
2353 5516 2672 5574 Tertulliani
2716 5528 2770 5573 et
2809 5527 2933 5573 ante
2978 5517 3225 5590 Cypriani
3278 5516 3491 5573 eodem
3539 5519 3611 5573 de
3652 5526 3797 5585 argu-

2188 5624 2370 5669 mento
2438 5613 2834 5668 lucubrationes
2891 5611 3243 5683 (llieronym.
3294 5608 3556 5679 Crttatog.
3610 5609 3794 5677 Script.

2188 5703 2387 5760 Ecclcs.
2440 5705 2467 5777 §
2496 5704 2585 5774 .355
2612 5749 2625 5770 ,
2678 5723 2799 5777 pag.
2834 5704 2979 5769 H5;
3014 5704 3042 5774 ἓ
3089 5705 3179 5769 58,
3214 5719 3333 5774 pag.
3393 5704 3539 5771 1i7,
3580 5714 3630 5759 ct
3662 5698 3797 5775 ἐδτι

2188 5816 2307 5874 pag.
2346 5801 2406 5857 ll
2433 5800 2489 5871 l).
2525 5801 2680 5871 Atqui
2730 5799 3096 5856 Tet‘tttlliantts
3139 5798 3575 5872 Apologeticum
3628 5809 3801 5867 suum,
