3980 6302
89 5942 147 5988 κ,

197 332 295 391 389

1577 322 2049 392 nissuu'lA'rto.

3382 342 3489 404 390

197 446 259 502 dc
284 460 392 517 quo
412 445 546 500 infra
574 445 971 516 disputandum,
1006 447 1055 501 iu
1080 446 1251 501 lucem
1276 449 1496 518 protulit
1526 450 1663 503 circa
1685 466 1780 502 an-
1810 452 1855 511 Α
1888 449 2096 517 ginihus
2125 451 2364 519 apposita
2388 460 2532 506 sunt.
2560 451 2667 508 Sed
2705 452 2788 509 hac
2817 452 3107 511 divisiones
3129 458 3326 527 smpius
3356 462 3487 517 satis

196 556 319 595 num
349 538 459 595 200
502 556 518 603 ;
554 537 854 610 Cyprianus
885 556 1014 595 vero
1070 555 1224 594 suum
1267 541 1334 595 ad
1386 541 1784 595 Demetrianum

194 632 331 689 circa
363 647 562 686 annum
606 630 712 686 251
748 632 1034 701 scripsisse
1063 632 1393 702 perhibetur.
1424 632 1599 687 Medio
1626 633 1787 701 igitur

194 729 330 784 intra
354 728 452 782 hos
480 742 651 781 annos
698 726 979 783 intervallo
1010 727 1270 782 Minucius
1301 727 1492 781 librum
1519 727 1656 781 hunc
1685 742 1786 797 pu-

193 821 317 877 blici
342 820 480 892 juris
506 820 697 877 fecisse
723 820 985 877 dicendus
1012 831 1114 877 est.
1175 821 1375 876 Deinde
1427 835 1555 876 vero
1605 821 1648 875 si
1696 819 1787 876 ille

190 930 403 983 revera,
445 916 585 970 sicut
615 915 774 984 paulo
823 922 948 970 ante
985 915 1316 981 dicebamus,
1361 923 1569 969 asserat
1612 914 1787 969 nullas

194 1017 320 1065 tunc
348 1010 514 1064 fuisse
542 1007 781 1077 publicas
802 1008 1227 1064 Christianorum
1248 1008 1522 1075 ecclesias,
1542 1007 1665 1061 inde
1694 1005 1789 1060 ad-

191 1102 299 1157 huc
322 1102 640 1158 conﬁcietnr
667 1102 808 1157 hunc
840 1101 1040 1156 librum
1069 1103 1119 1156 in
1150 1101 1341 1173 vulgus
1372 1101 1633 1170 prodiissc
1661 1109 1789 1155 ante

192 1211 390 1252 annum
411 1194 540 1259 220,
564 1210 671 1266 quo
692 1196 998 1251 Alexander
1015 1196 1253 1251 Severus
1274 1195 1338 1249 ad
1359 1197 1639 1266 imperium
1661 1207 1791 1249 eve-

189 1301 306 1347 ctus
334 1300 435 1347 est.
469 1293 537 1346 At
589 1290 704 1345 lucc
749 1306 911 1362 porro
942 1288 1117 1345 omnia
1147 1292 1189 1344 si
1220 1304 1403 1344 secum
1459 1303 1794 1358 componan-

188 1398 293 1456 tur,
325 1406 504 1445 nonne
544 1389 870 1461 probabilius
907 1390 1010 1443 diei
1042 1398 1216 1459 potest
1259 1388 1397 1443 hunc
1426 1388 1614 1443 librum
1639 1404 1666 1440 a
1693 1385 1790 1441 Mi-

187 1483 348 1538 nucio
385 1483 588 1538 editum
615 1498 735 1537 esse
760 1483 901 1537 circa
930 1496 1129 1536 annum
1154 1479 1354 1536 Christi
1384 1480 1514 1547 217,
1549 1495 1655 1550 quo
1679 1478 1787 1534 Ca-

187 1576 388 1633 racalla
420 1577 631 1632 occisus
676 1576 774 1631 fuit
823 1576 905 1631 vel
932 1592 1053 1631 cum
1084 1585 1332 1646 regnaret
1382 1574 1784 1644 Heliogabalus,

193 1680 253 1724 ac
287 1684 386 1739 per
408 1669 580 1724 varias
614 1669 839 1724 Romani
872 1670 1080 1739 imperii
1131 1677 1475 1738 tempestates
1502 1667 1789 1723 Christiani

185 1761 249 1816 ab
279 1760 514 1817 ethnicis
552 1760 770 1832 impune
821 1762 1219 1817 divexarentur.
1262 1760 1371 1818 Nos
1423 1771 1601 1816 tamen
1648 1761 1790 1833 peri-

200 1855 324 1910 tiori
348 1870 458 1911 non
480 1855 779 1911 invidemus
804 1857 892 1926 qui
915 1855 1133 1911 meliora
1151 1858 1495 1927 suggesserit.

781 1986 1075 2027 ARTICULUS
1114 1987 1172 2026 ll.

185 2087 348 2161 Cujus
383 2088 561 2151 verbis.
594 2103 752 2160 quove
776 2088 907 2160 siglo
955 2089 1036 2143 hic
1073 2090 1199 2143 liber
1234 2089 1540 2160 compositus
1571 2088 1657 2159 ait,
1683 2089 1794 2158 quis

250 2184 372 2253 ejus
418 2182 613 2248 titulus,
656 2184 771 2252 quis
822 2183 1033 2237 Minucii
1063 2181 1254 2237 Felicis
1307 2184 1362 2238 in
1406 2200 1464 2237 eo
1512 2200 1718 2251 scapus,
1747 2192 1794 2236 et

249 2286 432 2330 utrum
478 2277 565 2331 ille
589 2275 995 2333 Christianorum
1037 2294 1242 2333 causam
1286 2276 1432 2347 plene
1479 2281 1795 2349 perfectoque

249 2371 592 2441 peroraverit.

248 2505 376 2560 Etsi
406 2505 665 2560 Minucius
688 2504 837 2560 Felix
867 2506 1206 2576 apertissime
1234 2504 1473 2561 declaret
1519 2504 1726 2561 editum
1753 2519 1784 2559 a

182 2613 240 2655 se
271 2600 446 2653 fuisse
479 2598 620 2653 hunc
667 2600 860 2655 librum
887 2614 954 2654 ex
1001 2600 1240 2653 instituta
1274 2642 1288 2665 ,
1336 2599 1793 2669 quemadmodum

181 2692 437 2763 superius
464 2690 667 2746 dictum
700 2700 782 2747 est
806 2736 820 2759 ,
853 2692 995 2747 inter
1031 2690 1305 2747 Ca-cilium
1329 2701 1380 2746 et
1407 2692 1690 2747 Octavium
1711 2692 1796 2746 di-

179 2784 532 2855 sputatione;
586 2785 784 2840 nemini
829 2795 1007 2838 tamen
1049 2786 1269 2839 dubium
1297 2799 1419 2840 esse
1459 2786 1639 2848 debet,
1665 2785 1793 2856 quin

178 2892 310 2932 eum
334 2892 442 2930 non
469 2887 573 2931 tam
606 2876 840 2942 illorum,
872 2893 1035 2948 quam
1068 2877 1178 2931 suis
1206 2878 1381 2933 verbis
1409 2879 1792 2947 composuerit.

179 2970 319 3037 Qua:
348 2971 494 3024 enim
527 2969 595 3023 ab
628 2969 731 3024 illis
762 2972 1103 3040 pronuntiata
1137 2982 1281 3038 sunt,
1310 2986 1375 3026 eo
1400 2970 1667 3026 difficilius
1696 2986 1795 3041 po-

184 3070 298 3121 tuit
325 3068 643 3122 memoriter
673 3068 924 3135 retinere,
952 3068 1091 3136 quod
1126 3084 1231 3121 non
1265 3068 1464 3134 statim,
1498 3066 1591 3121 sed
1614 3067 1796 3136 elapso

180 3160 423 3230 quodam
470 3169 733 3230 tempore,
764 3170 815 3216 et
860 3170 979 3230 post
1009 3160 1212 3215 Octavii
1258 3174 1286 3213 a
1315 3175 1375 3216 se
1409 3160 1710 3215 discessum
1743 3161 1793 3214 in

1888 554 2152 597 accuratm
2180 560 2286 598 non
2323 544 2588 600 videntur.
2654 546 2711 601 lit
2767 549 2936 618 majus
2974 560 3152 604 autem
3198 552 3486 621 legentium

1891 636 2231 691 commodum
2280 644 2420 692 totus
2475 638 2611 695 liber
2641 641 2692 694 iu
2722 643 2865 695 varia
2896 644 3068 714 capita
3112 654 3289 715 potest
3334 646 3490 702 facile

1888 726 2160 798 distingui.

1921 821 2137 880 ’Verus
2186 832 2365 879 autem
2406 833 2461 880 et
2503 827 2766 898 genuinus
2799 827 2956 899 huius
3003 827 3124 885 libri
3175 830 3360 886 titulus
3406 839 3491 887 est

1893 913 2154 981 Octauius,
2180 933 2341 987 quem
2395 919 2469 973 illi
2507 920 2575 973 ab
2623 922 2854 991 ipsumet
2898 921 3131 978 Minucio
3174 926 3487 994 impositum

1889 1008 2036 1063 citati
2063 1025 2093 1063 a
2121 1010 2278 1065 nobis
2309 1011 2714 1082 locupleIiSsitui
2747 1024 2912 1070 testes
2942 1015 3252 1071 Lactantius
3285 1027 3338 1073 et
3364 1018 3489 1073 Ilie-

1890 1116 2147 1174 rouymus
2196 1104 2532 1173 apertissime
2581 1110 2945 1177 pronuntiant.
2994 1108 3128 1164 Eum
3176 1121 3355 1165 autem
3394 1110 3492 1166 Mi-

1890 1197 2079 1251 nucius
2111 1196 2185 1252 ita
2231 1198 2596 1267 inscribendo,
2628 1202 2928 1259 Platonem.
2958 1201 3403 1275 Ciceronemque,
3433 1214 3490 1262 et

1890 1288 2026 1344 alios
2072 1291 2310 1346 imitatus
2360 1294 2576 1363 εει,ρυί
2620 1294 2947 1362 ejtzscetnodi
3002 1297 3174 1361 libris,
3210 1299 3260 1352 in
3292 1298 3488 1369 dialogi

1892 1381 2119 1437 formam
2169 1385 2505 1454 compositis,
2560 1386 2704 1442 illius
2754 1404 2950 1443 nomen
2994 1393 3366 1460 prtulixerunt,
3395 1392 3489 1461 qui

1894 1480 2185 1548 praecipuas
2216 1479 2268 1534 in
2291 1481 2368 1535 eis
2386 1481 2494 1551 agit
2528 1490 2724 1547 partes.
2749 1482 2894 1537 Talis
2924 1493 3100 1537 autem
3126 1485 3176 1538 in
3207 1484 3308 1541 hoc
3337 1485 3478 1540 libro

1891 1572 2145 1628 Octavius
2192 1586 2627 1644 repracsentatur,
2659 1575 2748 1646 qui
2791 1576 2858 1631 de
2913 1591 3012 1631 suo
3045 1577 3373 1640 adversario,
3407 1578 3489 1632 ni-

1893 1667 2091 1723 mirum
2140 1668 2397 1736 Ctecilio,
2446 1672 2818 1740 triumphavit,
2862 1686 3034 1740 eoque
3071 1673 3282 1727 tandem
3340 1673 3490 1729 illum

1891 1760 2093 1830 adegit,
2129 1770 2185 1815 ut
2214 1777 2372 1831 quam
2407 1762 2751 1832 impnguabat
2777 1761 3129 1819 christianum
3153 1765 3488 1835 religi0i.etn,

1819 1852 1867 1914 B
1896 1868 2075 1907 veram
2145 1869 2266 1910 esse
2310 1864 2664 1924 agnosceret,
2719 1856 2975 1928 illamque
3035 1858 3319 1914 confestim
3378 1874 3494 1914 am-

1897 1947 2223 2017 plexaretur.

1969 2040 2085 2096 Non
2136 2042 2272 2096 alius
2320 2057 2482 2112 porro
2510 2042 2724 2099 Minucii
2763 2052 2875 2098 toto
2906 2044 3010 2099 hoc
3038 2044 3090 2098 in
3115 2045 3253 2101 libro
3276 2060 3493 2116 scopus,

1900 2134 2128 2203 ﬁnisque
2156 2133 2276 2201 fuit,
2305 2149 2465 2205 quam
2498 2145 2556 2190 ut
2605 2137 2889 2191 falsitatem
2927 2137 3161 2192 ethnicm
3200 2139 3491 2208 religionis,

1897 2237 1951 2282 et
1981 2227 2288 2282 Christianae
2333 2230 2610 2285 veritatem
2642 2230 3057 2286 demonstraret.
3083 2231 3189 2286 Sed
3230 2236 3351 2300 quia
3381 2233 3496 2288 haec

1897 2319 2288 2375 demonstratio
2343 2322 2507 2378 variis
2555 2324 2909 2393 argumentis,
2959 2323 3295 2394 diversisque
3320 2325 3497 2380 modis

1898 2411 2011 2466 fieri
2036 2422 2233 2481 potest,
2256 2412 2516 2469 Minucius
2539 2414 2592 2469 in
2621 2429 2679 2469 se
2706 2415 2981 2472 dumtaxat
3012 2417 3346 2486 probandum
3378 2432 3500 2472 sus-

1895 2505 2037 2574 cepit
2086 2505 2251 2560 falsos
2292 2509 2800 2578 commentitiosque
2847 2523 2970 2565 esse
3008 2510 3291 2581 gentilium
3341 2510 3494 2576 deos,

1897 2601 2092 2670 impios
2140 2601 2361 2656 omnino
2400 2611 2457 2657 et
2504 2602 2767 2657 absurdos
2808 2603 3020 2657 illorum
3067 2604 3283 2667 cultus,
3330 2620 3499 2659 unum

1899 2697 2271 2749 tantummodo
2314 2709 2435 2751 esse
2469 2695 2657 2758 Deum,
2686 2697 2882 2766 ubique
2910 2707 3252 2767 praesentem,
3281 2709 3337 2752 et
3378 2713 3499 2752 om-

1899 2786 2058 2839 nibus
2082 2799 2148 2840 ac
2193 2786 2417 2856 singulis
2443 2789 2855 2858 providentem;
2886 2800 3120 2850 sanctos.
3159 2790 3502 2861 “libatosque

1899 2877 2328 2933 Cbristianonnn
2369 2894 2551 2935 mores
2585 2891 2641 2937 et
2683 2893 3003 2946 conventus,
3038 2882 3285 2938 ethnicos
3313 2898 3501 2939 eorum

1897 2971 2182 3026 criminum
2213 2987 2334 3027 re0s
2382 2987 2523 3037 esse,
2552 2990 2780 3044 quorum
2811 2977 2945 3030 falso
2973 2978 3301 3031 accusabant
3339 2977 3501 3033 Chri-

1898 3065 2122 3129 stianos,
2144 3080 2385 3135 quosque
2410 3079 2600 3121 contra
2619 3069 2709 3139 ius
2730 3084 2891 3124 omne
2911 3081 2961 3124 et
2993 3071 3071 3124 fas
3103 3082 3320 3139 promer
3345 3086 3502 3126 suum

1898 3157 2071 3211 solum
2130 3171 2326 3212 nomen
2374 3158 2616 3227 quolibet
2670 3160 2946 3215 dirissimo
2987 3161 3376 3232 suppliciorum
3411 3177 3506 3231 ge-

182 3253 323 3309 banc
343 3299 362 3323 ,
394 3268 555 3324 quam
605 3254 867 3323 videmus,
905 3255 1025 3310 libri
1078 3255 1303 3309 formam
1329 3270 1386 3309 se
1413 3254 1685 3327 redegisse
1714 3265 1790 3309 te-
1818 3252 1864 3315 C
1900 3264 2032 3304 nere
2060 3250 2517 3305 excarnificabant
2543 3260 2599 3305 et
2628 3251 2988 3308 trucidabant.
3019 3254 3149 3321 Quae
3188 3253 3405 3324 quidem
3434 3254 3505 3309 ab

182 3350 476 3406 stilicetur.
508 3347 777 3403 Praeterea
819 3347 961 3403 idem
993 3348 1147 3418 plane
1172 3358 1251 3403 est
1282 3349 1444 3403 totius
1484 3348 1641 3419 hujus
1670 3347 1793 3404 libri

182 3443 386 3515 stylus.
432 3440 563 3509 Quis
608 3451 786 3495 autem
835 3439 993 3495 facile
1046 3440 1279 3510 patietur
1327 3439 1429 3494 sibi
1481 3439 1793 3510 persuaderi

181 3535 466 3592 Czecilium
496 3545 549 3589 et
577 3532 877 3590 Octavium.
911 3548 977 3590 ex
1020 3543 1262 3603 tempore
1299 3532 1657 3603 disputantes,
1699 3546 1794 3587 eo-

184 3627 306 3685 dem
373 3642 595 3697 prorsus
656 3627 817 3682 modo
870 3641 990 3681 esse
1054 3626 1305 3681 locutos?
1357 3627 1439 3682 Ad
1496 3627 1610 3681 haec
1662 3640 1793 3680 vero

184 3720 330 3775 idem
364 3733 580 3788 quoque
617 3729 699 3773 est
738 3718 790 3772 in
833 3717 1148 3787 praefatione
1189 3719 1312 3774 huic
1338 3719 1795 3788 diSpIItatiuui,ab

184 3813 421 3882 ipsumet
476 3810 705 3866 Minucio
761 3812 1086 3882 prrcpmita,
1134 3826 1197 3865 ac
1239 3819 1352 3867 toto
1399 3812 1452 3866 iu
1484 3812 1622 3865 libro
1673 3826 1793 3866 mo-

184 3908 291 3963 dus
328 3907 589 3978 loquendi
618 3950 633 3972 ,
678 3906 973 3977 eademque
1016 3908 1229 3963 dicendi
1262 3908 1416 3962 ratio.
1449 3907 1555 3963 Sed
1588 3908 1734 3963 illum
1765 3926 1792 3963 a

182 3998 428 4053 Minucio
475 3996 778 4053 Confectum
826 3999 858 4051 ii
898 3997 1055 4069 longe
1096 3999 1302 4052 facilius
1346 3999 1664 4065 concedent,
1704 4000 1794 4069 qui

181 4091 468 4147 Ca-ciliutu
493 4100 547 4147 et
574 4091 847 4147 Octavium
878 4099 1193 4160 personatos
1222 4090 1465 4147 homines
1517 4090 1681 4148 fuisse
1707 4107 1794 4146 ar-

183 4184 480 4240 bitt-antur.

256 4276 473 4334 Omnes
497 4293 658 4345 porro
705 4292 900 4348 magno
927 4279 1080 4348 plane
1109 4293 1397 4346 consensu,
1432 4293 1645 4349 unaque
1666 4293 1801 4336 voce

185 4368 456 4434 fatentur,
488 4367 702 4424 Minucii
743 4368 797 4423 in
847 4370 947 4423 hoc
980 4370 1199 4440 Dialogo
1236 4370 1449 4425 dicendi
1481 4384 1649 4440 genus
1678 4387 1802 4428 esse

183 4476 384 4531 grave,
410 4471 683 4531 argutum,
731 4462 972 4532 elegans,
1004 4463 1261 4530 politum,
1315 4479 1460 4529 acre,
1485 4465 1799 4532 vehemens,

196 4570 485 4625 preSsum,
521 4555 820 4620 concisum,
850 4555 1119 4624 praeclaris
1144 4554 1500 4625 gravibusque
1521 4557 1802 4612 sententiis

1897 3359 1964 3398 eo
2019 3345 2103 3398 vel
2142 3345 2492 3414 argumentis,
2540 3352 2597 3399 ut
2642 3344 2827 3411 aiunt,
2858 3346 2925 3399 ad
2959 3345 3253 3413 hominem,
3276 3348 3376 3401 hoc
3396 3356 3501 3413 est,

1903 3434 2242 3491 ethnicorum
2299 3436 2652 3507 ipsorunnuet
2680 3439 3003 3509 scriptorum
3062 3439 3391 3506 testimonio,
3422 3438 3509 3495 vel

1895 3527 2015 3583 aliis
2043 3530 2112 3584 ab
2153 3530 2266 3599 ipsa
2295 3533 2525 3585 naturali
2568 3533 2781 3586 ratione
2807 3542 2861 3586 et
2903 3532 3157 3602 aequitate
3187 3534 3387 3603 petitis,
3417 3532 3503 3587 itt-

1898 3623 2193 3679 victissinte
2218 3625 2537 3693 probantur.

1970 3716 2042 3773 At
2068 3718 2108 3769 si
2141 3734 2228 3771 res
2258 3719 2326 3771 ita
2354 3734 2415 3773 se
2443 3717 2656 3782 habeat,
2682 3734 2808 3789 qua,
2830 3720 3036 3790 inquiet
3060 3720 3275 3793 aliquis,
3299 3724 3511 3781 ratione

1898 3806 2211 3861 Lactantius
2244 3808 2533 3863 Minucium
2577 3821 2820 3865 nostrum
2847 3826 2910 3867 ex
2942 3811 3024 3866 bis
3062 3813 3373 3870 christiana:
3421 3831 3512 3871 re-

1900 3899 2116 3967 ligionis
2145 3900 2523 3956 defensoribus
2554 3919 2720 3957 unum
2762 3918 2882 3958 esse
2926 3903 3077 3967 dicit,
3133 3906 3226 3973 qui
3260 3922 3280 3956 ι
3315 3906 3508 3962 defen-

1901 3989 2040 4045 sioni
2090 3992 2209 4062 eius
2252 4006 2361 4046 non
2400 3993 2769 4049 suli'eccrunt?
2797 4012 2818 4047 ι
2856 3994 3122 4067 (Lactant.
3156 3995 3246 4051 lib.
3274 4013 3307 4052 v
3329 3996 3507 4055 Dicin.

1902 4081 2079 4139 quit.
2123 4099 2242 4155 cap.
2274 4087 2297 4140 l
2332 4085 2373 4159 ).
2404 4086 2517 4141 Cur
2561 4089 2722 4142 etiam
2751 4087 2893 4143 haud
2922 4089 3232 4145 dubitanter
3286 4106 3509 4149 aestive-

1903 4184 1987 4230 rat
2011 4177 2113 4231 hoc
2156 4177 2301 4232 illius
2341 4193 2506 4247 opere
2534 4180 2794 4235 declarari
2817 4197 2836 4232 ι
2870 4195 3031 4251 quam
3062 4181 3288 4238 idoneus
3311 4184 3511 4241 verita-

1905 4269 1974 4324 tis
2002 4282 2241 4325 assertor
2271 4269 2479 4337 fuisset,
2511 4272 2559 4326 si
2613 4288 2674 4328 se
2705 4282 2876 4328 totum
2917 4275 2985 4328 ad
3010 4275 3060 4329 id
3091 4275 3327 4330 studium
3373 4290 3510 4332 con-

1907 4364 2170 4419 tulisset?
2205 4384 2225 4417 ι
2271 4363 2459 4420 Nonne
2510 4365 2593 4421 his
2619 4368 2799 4422 Verbis
2826 4369 2957 4423 satis
3003 4378 3188 4438 aperte
3242 4370 3512 4440 signiﬁcat

1906 4454 2011 4508 hoc
2037 4466 2416 4525 argumentum
2444 4474 2473 4510 a
2502 4457 2754 4523 Minucio,
2784 4469 2877 4515 aut
2902 4460 3195 4527 levissime,
3223 4472 3314 4516 aut
3342 4461 3509 4517 animi

1904 4547 2182 4603 dumtaxat
2241 4549 2517 4605 relaxandi
2558 4553 2943 4623 recreandique
2993 4555 3163 4623 gratia
3212 4563 3511 4623 pertracta-

186 4648 401 4719 passini
448 4647 646 4717 ubique
719 4648 1009 4718 repletum.
1078 4649 1136 4703 In
1190 4664 1257 4704 eo
1310 4651 1473 4704 etiam
1531 4652 1794 4721 elegantes

1912 4649 2023 4695 tum
2052 4642 2074 4693 ?
2103 4641 2319 4696 Minime
2342 4642 2581 4713 quidem.
2619 4643 2694 4699 Ea
2725 4643 2921 4715 quippe
2948 4645 3242 4715 disputatio
3273 4656 3378 4700 tam
3418 4662 3511 4702 se-

186 4740 469 4812 quazdam,
495 4742 795 4807 concinnze,
822 4751 875 4795 et
906 4743 1023 4811 ipsa
1068 4760 1159 4797 sua
1202 4746 1461 4800 brevitate
1484 4747 1805 4817 gratissima:

185 4831 595 4903 descriptiones
616 4844 927 4899 occurrunt,
961 4845 1118 4905 atque
1147 4852 1207 4890 ea
1256 4837 1309 4891 in
1341 4840 1545 4907 primis,
1579 4848 1804 4894 cuncto-

186 4941 319 4981 rum
373 4941 471 4981 ore
511 4926 781 4982 celebrata
814 4970 828 4993 ,
874 4942 978 4998 qua
1042 4943 1327 4999 puerorum
1379 4944 1500 4987 sese
1546 4940 1801 4988 testarum

187 5021 249 5077 in
283 5034 440 5076 mare
474 5020 891 5092 iaculationibus
940 5021 1327 5078 oblectantium
1376 5024 1532 5080 ludus
1591 5025 1801 5081 descri-

187 5115 372 5171 bitur.

266 5206 448 5263 Nemo
470 5217 555 5263 est
581 5206 767 5275 etiam,
796 5209 886 5280 qui
932 5225 1038 5265 non
1063 5209 1241 5265 videat
1285 5208 1426 5266 hunc
1451 5209 1644 5266 librum
1668 5210 1803 5267 duas

187 5303 517 5359 distinctum
545 5320 666 5360 esse
698 5307 748 5360 itt
782 5313 979 5376 partes,
1009 5322 1232 5377 quarum
1264 5306 1433 5375 prima
1459 5307 1659 5363 Caecilii
1707 5322 1803 5376 pro

190 5397 460 5457 ethnicis.
493 5407 549 5455 et
594 5401 827 5454 secunda
878 5399 1080 5454 Octat-ii
1127 5415 1225 5469 pro
1255 5398 1576 5454 Christianis
1602 5400 1805 5455 oratio-

190 5505 333 5545 nem
376 5492 769 5558 complectitur.
797 5491 995 5547 Verutu
1051 5492 1228 5546 omnia
1260 5493 1312 5546 in
1343 5506 1411 5546 eo
1438 5493 1797 5559 continenter,

188 5590 253 5639 et
283 5582 396 5636 ulla
426 5585 628 5655 absque
668 5587 933 5641 sermonis
966 5586 1334 5652 distinctione,
1369 5602 1492 5640 cum
1538 5588 1589 5640 in
1618 5587 1805 5642 codice

190 5680 600 5748 manuscripto,
631 5690 741 5735 tum
784 5682 838 5735 in
878 5681 1039 5737 editis
1066 5682 1265 5751 scripta
1305 5696 1521 5751 semper
1559 5680 1799 5736 fuerunt.

189 5769 255 5824 In
319 5760 502 5826 ultima
543 5772 808 5843 siquidem
852 5786 1055 5829 tantum
1106 5774 1247 5829 illius
1289 5774 1526 5829 editione
1557 5775 1803 5845 quoidam

193 5875 397 5925 textus
431 5865 483 5922 in
513 5867 684 5941 capita
733 5867 1003 5926 dividendi
1050 5880 1192 5925 nota:
1213 5885 1308 5926 seu
1341 5869 1549 5926 uulneri
1577 5869 1630 5925 in
1658 5882 1804 5926 mar-

1910 4735 2014 4801 rio,
2047 4744 2304 4805 tantoque
2325 4736 2505 4791 studio
2527 4737 2597 4792 ab
2636 4737 2753 4808 ipso
2784 4739 3025 4794 instituta
3056 4748 3159 4806 est,
3183 4749 3239 4793 ut
3278 4740 3370 4794 illa
3395 4738 3513 4796 sola

1907 4829 2161 4885 Caecilius
2180 4845 2240 4887 se
2267 4832 2491 4897 victum,
2515 4842 2678 4903 atque
2727 4832 2794 4888 ad
2819 4833 3096 4904 gentilium
3138 4847 3353 4889 errores
3393 4832 3514 4904 eiu-

1909 4924 2131 4992 randos,
2155 4926 2678 4997 atnplexandantque
2694 4927 3043 4983 christianum
3073 4926 3388 4998 religionem
3415 4942 3515 4983 co-

1902 5027 2082 5073 actum
2132 5017 2299 5075 fuisse
2328 5020 2501 5089 palam
2552 5020 2825 5088 professus
2849 5022 2940 5076 sit.
2972 5018 3117 5075 Nihil
3163 5021 3345 5091 itaque
3365 5019 3513 5077 aliud

1907 5111 2009 5166 sibi
2040 5112 2352 5167 Lactantius
2391 5115 2625 5171 voluisse
2666 5114 2896 5179 videtur,
2928 5116 3029 5170 nisi
3083 5115 3390 5172 christiana:
3420 5131 3512 5172 re-

1907 5202 2121 5274 ligionis
2146 5202 2516 5263 defensionem
2553 5208 2657 5264 ltoc
2702 5208 2916 5263 Minucii
2947 5209 3000 5265 in
3056 5208 3193 5263 libro
3219 5221 3404 5274 totam,
3429 5210 3515 5266 in-

1908 5308 2136 5370 tegrant,
2168 5310 2329 5371 atque
2353 5304 2520 5365 omni,
2551 5320 2653 5374 qua
2701 5313 2933 5372 poterat,
2959 5316 3109 5374 parte
3144 5304 3437 5375 perfectam
3456 5314 3513 5363 et

1908 5396 2208 5451 abSolutatn
2243 5412 2348 5451 non
2403 5398 2668 5453 exhiberi.
2697 5397 3024 5453 Christiano).
3057 5401 3335 5455 enimvero
3380 5400 3512 5461 teli-,-

1905 5490 2084 5561 gionis
2126 5491 2328 5546 veritas
2374 5489 2553 5553 variis,
2585 5491 2659 5545 uti
2705 5493 2816 5560 jam
2866 5493 3174 5549 monuimus
3218 5502 3272 5548 et
3321 5507 3512 5549 omnes

1910 5584 2048 5639 ultro
2070 5583 2304 5639 fatentur
2332 5585 2682 5655 argumentis,
2714 5601 2832 5656 qua:
2861 5587 2974 5643 sola
3025 5598 3379 5659 separataque
3399 5587 3515 5643 suf-

1912 5678 2115 5745 ficiunt,
2148 5679 2508 5734 demonstrari
2541 5690 2736 5749 potest.
2769 5681 3000 5738 Minucio
3025 5684 3205 5755 itaque
3227 5684 3403 5739 nullus
3434 5683 3513 5740 vi-

1910 5774 1984 5829 tio
2015 5788 2264 5842 umquam
2300 5772 2422 5842 jure
2469 5775 2662 5831 merito
2711 5781 2953 5841 verterit,
2982 5777 3121 5849 quod
3161 5777 3228 5834 ad
3270 5776 3515 5835 funditus

1908 5865 2235 5925 evertendas
2283 5867 2565 5938 gentilium
2601 5884 2837 5941 errores,
2868 5871 2934 5928 ad
2961 5870 3353 5944 propulsandus
3388 5871 3516 5931 illo:
