2029 3158
192 155 242 185 891

834 152 878 180 DE
905 149 1034 180 MINUCII
1055 150 1204 179 OCTAVIO

1787 154 1841 183 392

192 222 250 241 runt
267 214 292 240 in
311 213 478 241 Christianos
494 213 649 240 falsissintas
666 213 879 245 criminationes,
895 220 925 239 ac
938 216 989 239 sta»
1005 211 1029 241 Α
1044 211 1114 238 nucii
1124 210 1232 237 nomine
1251 209 1424 245 inscriptum,
1445 208 1549 237 curarit
1574 208 1756 245 lleidelbcrga:
1773 211 1843 246 typis

192 259 335 287 biliemlant
349 260 502 287 Cill‘iSliilllili
514 260 651 294 religionis
663 260 814 291 veritatem,
826 268 859 286 ex
870 259 990 293 pluribus

192 308 356 343 argumentis
375 316 405 335 ea
423 308 562 342 selcgerit,
580 307 676 342 quibus
692 308 748 335 hmc
772 308 836 335 satis
857 314 990 341 superque

192 353 423 381 demonstrantur.
441 354 476 380 lla
500 361 563 381 sane
578 354 658 389 aliqui
679 354 749 381 ltattd
771 354 847 389 platte
861 354 990 389 ignobiles

191 399 345 427 christiante
362 400 498 435 religionis
513 399 680 433 defensores,
701 401 772 427 illitis
788 401 925 428 veritatem
940 400 989 427 dc—

192 452 378 474 ntouslrarunt
397 455 429 474 ex
446 447 597 482 aditnpletis
622 447 773 474 divinorum
799 447 988 482 propltetaruttt

191 495 317 527 oraculis,
332 495 376 521 alii
392 502 423 521 ex
439 493 537 521 Christi
563 494 807 529 discipuloruntque
835 494 893 527 ejus
910 494 990 520 mira-

191 541 268 573 culis,
283 541 325 567 alii
342 548 406 567 vcro
419 540 479 567 aliis
495 541 671 575 argumentis,
685 549 743 575 qure
757 540 799 568 hic
818 541 989 568 dinumerare

190 587 255 613 nihil
276 595 387 615 necesse
420 592 481 619 est,
505 587 564 622 quis
588 593 674 614 tamen
705 588 763 614 illos
791 595 838 614 suo
862 588 988 615 defenso-

189 634 226 661 ris
242 643 352 663 munere
367 643 420 662 non
445 635 495 662 rite
522 635 677 669 perfunctos
690 634 780 662 dicere
797 642 920 670 umquam
939 643 988 661 au~

189 687 235 707 sus
248 685 287 708 est
300 681 311 707 ?

495 757 639 777 Αιιτιευιυς
655 759 693 778 111.

189 805 227 834 Dc
249 806 325 840 liuius
347 806 404 834 libri
430 807 608 842 ntanusrriptis
628 807 756 835 codicibus
782 809 906 843 variisque
935 809 987 835 edi-

530 855 648 882 tionibus.

1043 256 1169 284 Ludovici
1193 256 1267 284 Lttcii
1291 255 1398 283 excudi.

1078 303 1217 330 Tredecitn
1232 306 1320 330 tantett
1332 307 1425 338 postea
1437 302 1525 336 antiis,
1537 302 1664 330 nimirum
1677 310 1748 330 anno
1759 303 1842 337 1585,

1042 358 1110 378 ttova
1134 350 1212 384 ltnjus
1236 350 1296 377 libri
1323 357 1384 378 cum
1412 355 1514 385 septem
1538 350 1699 378 Arnobianis
1722 351 1805 379 editio
1826 360 1842 379 a

1042 396 1137 423 Fulvio
1164 395 1262 423 Ursino
1287 395 1379 423 Roma:
1392 396 1521 424 adorttata
1548 402 1608 428 est,
1637 397 1662 423 in
1676 404 1727 432 qua
1752 396 1796 425 ille
1807 397 1843 425 ab

1042 442 1084 469 ltis
1098 443 1133 469 ita
1148 442 1285 477 sejuncttts
1301 442 1366 476 fuit,
1385 448 1518 479 tamquam
1540 443 1655 471 Ursinus
1683 444 1710 471 id
1734 444 1843 472 fecisset

1041 489 1159 517 omnium
1189 490 1305 524 primus,
1330 497 1379 518 ttec
1394 490 1465 518 ullus
1481 490 1515 518 de
1539 490 1591 518 hoc
1604 490 1711 519 Minucii
1723 491 1794 519 libro
1806 492 1841 520 ab

1041 536 1202 564 Arnobianis
1215 537 1383 572 sejungendo
1397 538 1527 565 hactenus
1539 539 1693 573 cogitasset.
1709 538 1762 567 Sed
1779 539 1842 567 Bal-

1040 581 1113 609 duini
1134 581 1279 610 editionem
1290 584 1312 610 si
1335 582 1456 615 viderat,
1484 583 1580 611 bonam
1607 583 1679 611 illius
1694 584 1792 618 iidem;
1819 585 1842 613 si

1041 636 1093 656 non
1118 634 1251 664 noverat,
1273 629 1439 665 diligentiam
1455 629 1527 658 haud
1544 630 1622 666 plane
1649 631 1785 660 immerito
1796 632 1842 660 dc-

1040 675 1181 703 siderabis.

1078 721 1209 757 Deinceps
1221 729 1286 749 vero
1299 730 1315 749 a
1329 722 1435 750 caneris
1449 722 1574 750 omnibus
1590 722 1712 752 ltieliber
1732 725 1842 753 Minucii

1040 768 1149 796 nomine
1179 768 1267 796 editus
1292 773 1343 796 est.
1375 769 1440 796 Nam
1466 769 1587 804 posthaec
1609 770 1699 798 studio
1724 776 1752 799 et
1776 779 1841 800 cura

1041 814 1172 843 Johannis
1187 823 1202 843 a
1213 815 1324 843 Wower
1337 816 1448 843 Basilete
1461 823 1492 843 ex
1516 815 1640 844 Frobenii
1668 819 1841 853 typographia

1041 868 1113 889 anno
1138 862 1208 889 1605
1235 862 1343 896 prodiit.
1365 862 1419 889 Nos
1441 865 1530 889 autem
1545 862 1591 891 ille
1615 863 1741 892 admonet
1755 872 1784 892 se
1794 864 1841 892 Mi-

225 909 299 937 Unus
313 910 453 946 nobisjatn
481 919 495 938 a
515 912 594 946 longo
611 916 730 946 tempore
750 917 851 939 tantum
866 917 988 947 superest
1004 915 1026 944 Β
1040 909 1146 936 nnciani
1162 914 1249 937 textus
1262 914 1349 937 errata
1363 911 1514 939 correxisse
1527 920 1559 939 ex
1576 912 1618 939 illa
1641 912 1728 939 Fulvii
1752 912 1841 940 Ursini

189 956 270 991 ltujus
281 957 341 984 libri
368 959 566 992 tnattuscripttts
593 959 689 990 codex,
708 960 869 994 octingentis
891 960 988 987 abhinc

188 1004 266 1030 anuis
297 1004 412 1039 eleganti
440 1013 505 1033 sane
531 1006 701 1037 charactere,
728 1007 774 1033 scd
803 1007 836 1033 ab
865 1007 987 1041 imperito

187 1049 298 1077 librario
313 1050 475 1085 descriptus.
489 1052 598 1079 Aruobii
615 1057 703 1081 autent
722 1053 830 1079 nomine
854 1058 912 1086 pest
924 1061 985 1087 sep-

187 1101 240 1124 tetu
254 1097 323 1124 illius
337 1097 467 1125 adversus
477 1103 572 1133 gentes
583 1099 665 1126 libros
680 1100 730 1126 ltoc
743 1100 817 1126 titulo
829 1100 985 1126 t‘.XlIll)l‘liIl‘:

186 1145 293 1173 Arnobii
306 1146 368 1173 [iber
388 1144 440 1172 VII
456 1146 578 1180 explicit:
593 1145 690 1180 Incipit
707 1147 769 1173 liber
784 1146 854 1172 VH!
868 1147 984 1181 felit‘ilt’t'.

185 1192 311 1220 Stttttnttts
334 1198 423 1220 autem
448 1193 574 1221 Pontifex
600 1193 669 1220 httne
689 1193 825 1223 codicem.
855 1194 945 1221 Itonia:
960 1195 984 1221 in

185 1239 348 1268 bibliotheca
382 1241 508 1269 Vaticana
545 1246 697 1275 repertum,
732 1240 875 1268 Francisco
901 1242 985 1274 priuto

185 1286 333 1315 Galliarum
367 1289 421 1323 regi
459 1296 519 1315 etttn
555 1296 608 1315 uno
639 1288 731 1323 prima:
763 1288 833 1315 illitts
860 1288 985 1315 editionis

185 1335 330 1368 exemplari
359 1334 430 1361 dotto
456 1334 547 1361 dedit;
561 1334 669 1369 jamque
683 1335 709 1361 in
732 1334 802 1369 regia
825 1334 984 1362 bibliotheca

184 1380 293 1408 Parisiis
316 1380 382 1408 olim
401 1388 513 1408 nuntero
526 1381 612 1414 15M,
637 1389 706 1408 nttttc
718 1380 804 1414 5975,
822 1386 928 1409 ttotatus
939 1389 982 1408 as-

184 1432 316 1454 SOI‘VMUI’.

220 1474 298 1501 Falso
313 1473 392 1508 hujus
400 1473 499 1502 codicis
515 1474 592 1501 titulo
606 1473 734 1509 deceptus
747 1474 861 1501 Faustus
874 1475 983 1502 Sabtrus

184 1520 344 1551 Brixianus,
359 1529 430 1547 atttto
445 1521 514 1548 1542
530 1528 589 1547 cuttt
605 1521 714 1548 Arttobii
732 1522 855 1553 nomine,
871 1526 898 1548 et
914 1527 982 1548 tant-

182 1575 262 1602 quam
277 1573 400 1594 octavum
417 1567 488 1594 illius
502 1567 598 1594 librum
617 1567 686 1603 typis
702 1567 743 1595 edi
758 1569 870 1595 curavit.
885 1568 983 1603 Elapso

182 1612 246 1640 inde
272 1613 405 1647 triennio,
429 1613 480 1640 hoc
507 1618 562 1645 est.
590 1621 661 1640 attno
687 1614 768 1647 1515,
799 1614 1020 1649 SigisutttndttsC

182 1659 308 1687 Gelenius
329 1667 425 1687 novatn
451 1659 530 1694 hujus
547 1660 626 1693 libri,
657 1660 752 1688 eodem
778 1661 856 1688 titttlo
885 1666 912 1688 et
935 1670 983 1688 no-

181 1708 269 1740 mine,
295 1708 406 1735 Basileze
430 1707 500 1742 typis
524 1707 652 1735 Frobeuii
672 1707 817 1736 editionem
841 1708 908 1743 juris
923 1709 985 1736 fecit

181 1754 289 1789 publici.

218 1801 318 1828 Eodem
345 1806 436 1837 postea
450 1809 543 1829 errore
565 1801 635 1829 ducti
657 1807 736 1835 sunt,
761 1802 779 1829 ii
801 1810 816 1829 a
830 1802 924 1837 quibus
940 1802 984 1830 hic

180 1847 249 1876 liber
262 1848 356 1876 eodem
385 1848 465 1876 modo
489 1850 585 1876 iteruttt
609 1849 635 1877 in
651 1850 796 1877 Germania
812 1858 939 1884 excusas,
956 1854 983 1877 et

179 1894 331 1931 divulgatus
342 1900 392 1923 est.

220 1941 265 1968 Sic
286 1941 366 1976 igitur
382 1941 425 1969 ltic
440 1941 515 1974 liber,
529 1941 647 1970 Arnobio
669 1947 832 1978 prrcpostere
841 1942 981 1977 ascriptus,

181 1987 283 2016 tamdiu
314 1990 421 2016 nemitte
451 1989 700 2023 auimadvcrtcnte,
728 1990 809 2017 variis
839 1990 864 2016 itt
892 1990 982 2017 tttttmli

180 2036 311 2070 partibus,
327 2035 413 2067 Italia,
427 2036 522 2068 Gallia,
539 2036 682 2064 Germania
698 2038 875 2064 volutabatur.
884 2038 983 2065 Omnes

181 2089 290 2117 quoque
320 2082 388 2109 alios
413 2083 493 2110 etiatn
519 2083 655 2111 doctiores
681 2083 804 2110 homines
835 2083 878 2111 ltic
907 2091 984 2111 error

181 2128 250 2156 adeo
263 2128 411 2161 invaserat,
439 2135 468 2156 ut
484 2129 612 2156 Erasmus
635 2130 707 2165 ipse,
725 2130 750 2156 itt
768 2128 888 2164 legendis
903 2137 982 2157 sanc-

183 2180 271 2203 torum
301 2177 429 2204 Ecclesiae
456 2176 567 2204 Patrum
589 2177 663 2204 libris
688 2177 866 2209 exercitatus,
891 2185 982 2204 verum

181 2223 289 2251 Minucii
322 2223 456 2251 Octaviam
483 2231 537 2251 non
565 2223 678 2259 amplius
700 2228 806 2250 exstare
828 2224 981 2251 asseruerit.

181 2269 234 2297 Scd
250 2270 272 2297 si
294 2270 433 2298 attentiori
447 2270 492 2297 ille
506 2270 596 2297 animo
611 2274 639 2296 et
660 2269 731 2298 ltuttc
746 2270 865 2298 auctoris
881 2270 963 2297 nostri
975 2291 981 2302 ,

1040 956 1175 987 editione.
1207 963 1287 992 atque
1311 965 1345 985 ex
1366 958 1419 985 alio
1445 958 1561 994 quodam
1577 959 1662 992 libro,
1677 959 1753 994 cujus
1768 967 1838 986 mar-

1040 1002 1093 1037 gini
1110 1003 1246 1030 variantes
1262 1003 1392 1031 lectiones
1406 1012 1437 1032 ett
1460 1005 1641 1040 manuscripto
1658 1005 1745 1041 regio,
1761 1010 1841 1041 atque

1040 1048 1099 1075 aliis
1114 1056 1147 1076 ex
1173 1049 1248 1077 libris
1264 1049 1359 1077 Petrus
1387 1050 1477 1078 Daniel
1503 1051 1657 1086 collegerat.

1076 1095 1221 1131 llambttrgi
1244 1104 1308 1124 vero
1332 1097 1415 1124 semel
1445 1102 1471 1125 et
1494 1098 1591 1126 iterutn
1616 1098 1694 1126 annis
1723 1098 1792 1126 1610
1811 1102 1840 1126 et

1039 1142 1109 1170 1612
1135 1142 1205 1170 idem
1233 1143 1278 1171 ille
1301 1143 1408 1172 Minucii
1433 1145 1519 1173 nostri
1544 1145 1614 1173 liber
1637 1145 1670 1173 ab
1701 1145 1839 1173 Gebharto

1038 1189 1238 1217 Elntenhorstio
1265 1197 1325 1218 cum
1350 1196 1456 1226 septem
1489 1192 1600 1220 Arnobii
1628 1192 1703 1220 libris
1718 1193 1838 1228 publica-

1039 1239 1080 1262 tus
1100 1235 1158 1262 fuit.

1073 1281 1157 1308 Simili
1170 1290 1275 1317 quoque
1289 1282 1369 1311 modo
1383 1284 1434 1312 alia
1447 1283 1521 1311 illius
1532 1284 1616 1312 editio
1641 1284 1751 1312 Parisiis
1762 1292 1835 1313 anno

1037 1329 1108 1356 1615
1131 1337 1146 1356 a
1163 1329 1300 1357 Desiderio
1326 1330 1454 1365 Heraldo,
1480 1332 1527 1359 sed
1550 1332 1612 1359 ullis
1626 1332 1729 1367 absque
1745 1332 1770 1359 itt
1785 1333 1838 1360 0c-

1036 1375 1136 1402 tavium
1161 1376 1413 1411 observationibus,
1431 1377 1471 1405 uti
1486 1385 1548 1405 mox
1562 1378 1676 1412 dicetur,
1697 1378 1837 1410 adornata,

1035 1421 1062 1449 itt
1091 1421 1223 1456 pttblicattt
1246 1423 1332 1450 lucetn
1351 1424 1449 1451 emissa
1463 1428 1514 1452 est.

1072 1467 1158 1495 Aliam
1186 1468 1265 1504 hujus
1288 1469 1349 1496 libri
1379 1469 1544 1504 editionem,
1575 1470 1609 1498 ab
1637 1470 1833 1498 Oxoniensium

1037 1515 1264 1549 typographorum
1281 1514 1388 1542 ol'ticiua
1401 1516 1559 1550 proiectam,
1571 1515 1619 1544 sed
1631 1516 1731 1544 abaliis
1744 1524 1836 1553 parum

1035 1561 1232 1596 discrepantem
1260 1561 1338 1589 nobis
1363 1562 1611 1591 indicatOuzelius.

1074 1607 1169 1634 Postea
1189 1615 1253 1635 vero
1279 1607 1404 1636 Nicotaus
1426 1609 1556 1644 ltigaltius
1582 1609 1655 1637 illttm
1678 1609 1711 1637 ad
1738 1609 1837 1637 codicis

1040 1652 1117 1689 Regii
1142 1653 1220 1681 lident
1245 1653 1333 1682 dentto
1350 1655 1521 1690 castigatum,
1547 1656 1681 1691 variisque
1704 1656 1729 1683 in
1758 1656 1836 1689 locis,

1036 1704 1067 1727 ut
1098 1700 1155 1734 ipse
1195 1700 1242 1733 ait,
1276 1706 1429 1728 correctum
1461 1706 1489 1728 et
1521 1702 1691 1729 emendatum
1726 1702 1838 1730 Lutetia:

1037 1746 1200 1774 Parisiorum
1215 1747 1285 1782 apud
1309 1747 1416 1774 viduam
1432 1747 1577 1775 Matlturini
1603 1748 1703 1783 Dttpttis
1728 1749 1839 1784 protulit

1036 1793 1064 1821 in
1087 1794 1190 1829 vulgus.
1206 1794 1240 1821 Et
1256 1798 1329 1822 certe
1344 1794 1370 1821 in
1397 1793 1449 1822 hoc
1461 1795 1537 1830 regio
1551 1794 1645 1822 codice
1655 1795 1837 1829 manuscripto

1036 1840 1265 1875 deprehendimus
1281 1841 1389 1877 Rigaltii
1404 1846 1497 1874 notas,
1517 1841 1614 1877 quibus
1636 1841 1743 1869 Minucii
1754 1841 1837 1870 verba

1035 1889 1169 1922 separavit
1192 1888 1382 1923 correxitqne,
1416 1895 1448 1915 ac
1478 1888 1565 1915 varias
1588 1888 1834 1924 iuterpunctiones,

1035 1934 1131 1970 quibus
1156 1940 1290 1962 commata
1313 1939 1341 1962 et
1366 1934 1480 1970 phrases
1503 1935 1617 1963 credidit
1642 1942 1703 1963 eSSe
1739 1935 1833 1963 distin-

1035 1981 1150 2017 guenda.
1172 1981 1212 2009 Ex
1237 1981 1288 2010 hac
1314 1986 1404 2010 autetn
1433 1982 1552 2010 editione
1577 1982 1648 2010 idem
1674 1982 1742 2010 liber
1755 1982 1835 2010 Ams-

1036 2028 1161 2057 telodatni
1177 2037 1249 2057 anno
1264 2029 1353 2062 1645,
1378 2035 1406 2057 et
1429 2030 1499 2058 inter
1512 2030 1638 2066 Cypriani
1657 2029 1744 2065 Opera
1765 2038 1835 2058 anno

1037 2075 1107 2103 1666
1130 2076 1302 2111 postmodum
1330 2084 1446 2104 excusus
1469 2082 1520 2104 est.
1537 2076 1636 2104 Verum
1658 2076 1771 2104 cditioa
1786 2076 1833 2104 Ri-

1034 2126 1115 2161 galtio
1153 2126 1282 2154 adornata
1317 2126 1433 2162 plurium
1458 2127 1683 2163 vituperationem
1717 2127 1835 2164 cll‘ugere

1035 2180 1088 2200 non
1115 2173 1210 2207 potuit.

1071 2218 1199 2252 Quamvis
1223 2220 1294 2247 enim
1317 2220 1433 2248 Jacobus
1465 2220 1591 2249 Ouzelius
1624 2228 1678 2249 non
1715 2221 1834 2249 minimis

1036 2265 1108 2293 illam
1136 2267 1248 2294 extollat
1273 2267 1413 2300 laudibus;
1437 2268 1516 2295 aliam
1530 2273 1639 2301 tamen,
1663 2268 1701 2295 uti
1715 2267 1833 2302 putabat,

180 2320 262 2352 atque
288 2316 357 2343 alios
379 2316 490 2343 Aruobii
504 2316 587 2344 libros
603 2316 711 2351 legisset
725 2337 732 2349 ,
748 2324 800 2343 non
816 2316 904 2343 minus
919 2316 981 2351 ipsi,
996 2318 1022 2347 D
1038 2313 1176 2341 meliorem
1199 2314 1255 2349 ipse
1280 2313 1367 2342 adhuc
1391 2314 1549 2342 adolescens
1576 2321 1647 2342 anno
1672 2314 1742 2342 1652
1765 2314 1835 2349 Lug-

180 2371 261 2400 quam
275 2364 338 2391 olitn
351 2363 512 2398 Nepotiane,
526 2368 554 2391 ut
574 2364 751 2399 Hieronymus
772 2368 884 2391 testatur
907 2363 982 2399 (Ilie-

180 2418 282 2446 ronynt.
309 2410 383 2445 epist.
399 2410 445 2443 55,
468 2410 501 2437 ad
528 2409 632 2437 Heliod.
652 2418 678 2444 p.
701 2409 776 2445 271).
793 2410 868 2437 facile
890 2417 981 2445 prom-

181 2460 293 2493 tumque
319 2457 426 2489 l‘uisset,
451 2457 584 2485 diversam
608 2456 689 2491 plane
711 2457 848 2491 utriusque
880 2456 982 2484 discer-

181 2511 247 2531 nere
262 2504 368 2532 dicendi
390 2505 533 2532 rationem.
560 2503 593 2531 Et
606 2511 687 2531 Vero.
703 2503 767 2539 quid
782 2503 893 2531 Erasmn
904 2509 982 2532 caete-

181 2552 272 2587 risqtte
285 2552 410 2580 omnibus
422 2551 536 2584 facilius,
552 2559 632 2587 quam
647 2551 716 2579 hunc
727 2551 824 2579 lihrttttt
837 2551 980 2586 volvendo,

181 2599 323 2626 confestim
341 2598 545 2634 deprehendere
566 2598 677 2626 Aruobii
692 2598 774 2625 libros
793 2606 847 2625 non
877 2599 903 2625 in
926 2598 983 2626 dia-

180 2643 233 2680 logi
259 2645 388 2678 fortnam,
405 2646 477 2673 sicut
501 2645 545 2672 ltic
570 2644 677 2672 Minucii
705 2644 839 2678 Octavius,
859 2644 983 2680 styloquc

181 2693 260 2729 longe
286 2693 394 2721 diverso
419 2701 479 2722 esse
499 2692 673 2729 compositos.

216 2742 250 2769 At
273 2742 375 2777 optime
394 2742 502 2776 quidem
526 2741 552 2768 id
578 2740 712 2769 intellexit
741 2740 901 2768 Franciscus
922 2740 981 2767 Bal-

179 2787 297 2823 duittus,
322 2794 404 2824 atque
434 2788 483 2816 hac
508 2788 564 2823 ipsa
591 2788 626 2816 de
640 2795 736 2819 causa,
764 2787 904 2819 Lactantii,
920 2787 981 2814 Hie-

179 2835 356 2872 ronytttiqtte,
372 2843 440 2870 quos
453 2843 533 2871 supra
549 2835 701 2867 citavimus,
719 2834 878 2862 auctoritate
887 2833 981 2867 fretus,

181 2882 314 2910 Octavium
333 2882 405 2910 ltunc
430 2882 548 2918 genuino
572 2889 622 2909 suo
649 2882 752 2917 parenti
769 2880 885 2909 Minucio
900 2880 982 2908 Felici

179 2928 307 2962 restituit.
330 2928 511 2964 Quamobrem
540 2935 610 2956 anno
636 2927 707 2956 1560
738 2927 826 2962 illum,
850 2927 910 2964 ipso
935 2926 983 2955 Mi-

1034 2360 1097 2388 dttni
1124 2361 1285 2388 Batavorum
1315 2361 1386 2396 apud
1414 2360 1563 2389 Joltaunem
1603 2361 1627 2389 le
1662 2361 1745 2388 Maire
1770 2368 1834 2396 pro-

1035 2407 1172 2442 mulgavit.
1204 2407 1271 2434 Nam
1296 2407 1322 2434 itt
1349 2407 1421 2434 illius
1446 2407 1603 2442 pratiatione
1626 2407 1756 2435 monitum
1781 2406 1834 2435 lec-

1035 2457 1121 2481 torem
1142 2452 1205 2480 facit
1227 2461 1256 2481 se
1282 2453 1399 2481 auctoris
1415 2453 1506 2485 verba,
1531 2453 1565 2481 ab
1579 2453 1639 2481 aliis
1650 2461 1682 2481 ex
1697 2452 1771 2487 regio
1785 2460 1833 2480 co-

1035 2500 1095 2528 dice
1125 2505 1198 2528 reete
1223 2499 1376 2532 emendata,
1410 2499 1564 2535 retinuisse,
1599 2500 1665 2528 alias
1698 2500 1832 2536 vulgatam

1033 2548 1184 2584 praetulisse
1203 2548 1358 2576 lectionem.
1371 2547 1544 2583 Conjccturas
1559 2555 1623 2575 vero
1633 2554 1706 2579 suas,
1721 2554 1832 2583 easque,

1034 2599 1064 2622 ut
1087 2595 1143 2630 ipse
1167 2595 1215 2629 ait,
1238 2594 1405 2623 certissintas
1431 2595 1515 2623 semel
1539 2599 1703 2622 tantumaut
1720 2594 1760 2622 bis
1786 2594 1833 2621 Mi-

1035 2641 1149 2668 nuciatto
1183 2641 1298 2669 inseruit
1332 2641 1433 2674 textui,
1472 2646 1584 2669 caeteras
1613 2641 1670 2669 suis
1698 2640 1833 2668 commisit

1034 2687 1323 2715 animadversionibus.
1352 2688 1472 2723 Denique
1500 2687 1613 2723 plurittta
1637 2687 1663 2715 itt
1678 2695 1758 2722 prava
1774 2694 1833 2715 ver.

1032 2734 1127 2763 borum
1144 2734 1361 2770 intcrpunctione
1379 2742 1410 2762 ac
1431 2733 1605 2762 distinctione
1619 2741 1649 2762 se
1675 2734 1833 2761 immutasse

1034 2782 1204 2810 testiﬁcatur.

1069 2830 1108 2858 Ea
1126 2836 1215 2859 autem
1240 2830 1342 2859 Ouzelii
1365 2830 1448 2859 editio
1477 2835 1572 2858 recusa
1598 2833 1641 2858 cst
1672 2829 1698 2856 in
1722 2828 1830 2856 oiticina

1034 2876 1171 2905 Hackiana
1196 2877 1319 2913 Lugduni
1344 2876 1504 2905 Batavorum
1530 2884 1600 2904 anno
1615 2876 1696 2909 1672;
1712 2875 1758 2903 sed
1778 2883 1832 2911 quo

1036 2928 1157 2958 auctore,
1184 2924 1294 2961 cujusve
1321 2924 1410 2953 studio
1431 2924 1572 2958 etiabore,
1595 2924 1703 2961 penitus
1717 2927 1829 2954 tacetur.
