4058 6316
392 307 501 363 595

1790 323 2258 385 DISSERTATIO.

3585 353 3692 411 594

393 417 552 472 Brevi
601 419 800 474 ctenim
849 427 1053 478 tantum
1101 426 1306 482 monito
1335 427 1608 486 declarant
1651 439 1986 507 typographi,
2017 443 2162 503 Aab
2209 461 2392 502 carum
2421 455 2596 503 tamen
2663 452 3185 513 animadversionum
3234 463 3587 535 scriptoribus
3613 472 3693 528 in.

393 524 450 535 μη
508 509 699 535 Α..ι.ε,...
764 515 1050 535 ----ἓ--η.,-
1127 519 1138 535 I
1243 520 1255 530 -
1509 524 1521 535 ο
1751 529 1761 535 .
1828 531 1837 535 -

390 524 452 564 se
506 509 702 566 dubios
762 515 1058 588 anxiosque
1127 519 1383 589 hit-sisse,
1437 524 1590 594 cujus
1655 529 1989 596 potissimum

395 602 682 674 scriptoris
743 620 907 677 opera
961 614 1114 666 novis
1175 614 1313 684 typis
1383 617 1658 682 cndcrint,
1709 621 1988 678 doctorum

391 694 609 750 tandem
660 698 897 755 virorum
976 705 1202 760 consilio
1278 707 1418 764 hunc
1496 711 1732 770 edidisse
1778 715 1990 771 Minucii

391 787 590 844 Felicis
632 792 931 857 Oetaviutn,
964 801 1236 867 omnibus,
1272 804 1343 856 uti
1391 805 1558 870 aiunt,
1593 809 1830 864 numeris
1877 811 1992 866 suis

389 881 728 950 abSolutum,
786 903 849 941 ac
878 890 1208 958 quibuslibet
1274 896 1568 965 variorum,
1627 916 1746 970 quze
1811 902 1994 960 hacte-

391 992 496 1032 nus
548 978 881 1051 prodierant,
934 987 1074 1042 notis
1139 995 1192 1044 et
1227 989 1791 1052 animadversionibus
1835 999 1989 1055 illus-

392 1077 612 1126 tratum.

463 1167 532 1218 At
587 1164 890 1235 Gronovio,
947 1173 1103 1230 sicuti
1152 1177 1311 1246 paulo
1357 1189 1478 1249 post
1535 1181 1763 1250 dicetur,
1825 1187 1986 1259 longe

397 1256 555 1313 aliter
602 1260 774 1315 visum
823 1271 926 1318 est.
956 1265 1164 1322 Nullam
1193 1271 1473 1329 enimvero
1503 1291 1625 1331 esse
1669 1288 1851 1348 putat,
1891 1256 1990 1336 hac

388 1348 504 1419 ipsa
555 1362 773 1420 propter
817 1357 1039 1412 easdem
1078 1357 1280 1416 Ouzelii
1315 1374 1471 1420 notas
1518 1367 1755 1436 pejorcm
1787 1372 1989 1428 minus-

393 1458 499 1514 que
549 1446 904 1515 probandam.
964 1452 1135 1508 Porro
1162 1465 1342 1512 autem
1394 1463 1605 1517 tametsi
1636 1462 1723 1517 illa
1775 1463 1988 1537 elegan-

389 1539 636 1608 tioribus,
689 1557 847 1612 quam
918 1557 1130 1602 caetera:
1183 1565 1409 1618 omnes,
1465 1554 1604 1626 typis
1663 1571 1857 1613 excusa
1907 1560 1987 1616 vi-

386 1629 598 1698 deatur,
665 1633 815 1704 plura
869 1637 1220 1696 nihilominus
1260 1658 1323 1698 ae
1352 1644 1688 1714 potissimum
1713 1648 1767 1703 in
1796 1650 1982 1707 obser-

390 1724 698 1780 vationibus
753 1739 806 1782 et
850 1730 1028 1800 notis,
1072 1733 1160 1788 ubi
1223 1746 1500 1793 auctorum
1538 1739 1660 1795 libri
1719 1743 1985 1812 citantur,

397 1820 853 1908 typographorum
897 1833 1074 1880 errata
1123 1825 1601 1897 deprehendimus.
1657 1833 1812 1902 Quod
1863 1837 1987 1908 qui-

386 1907 508 1963 dem
571 1911 772 1967 ideirco
813 1917 1138 1972 mouendum
1178 1934 1300 1976 esse
1353 1921 1628 1991 duximus,
1659 1941 1726 1981 ne
1753 1907 1892 1998 quis
1931 1930 1981 1985 in

390 2014 694 2073 posterum,
746 2007 812 2062 iis
855 2025 964 2065 non
1018 2012 1150 2067 satis
1198 2012 1486 2086 diligenter
1537 2019 1887 2086 examinatis,
1933 2022 1986 2077 in

387 2112 625 2155 errorem
658 2100 744 2157 ind
754 2113 958 2160 uratur.

456 2195 633 2250 Aliam
682 2206 942 2267 pr:ctcrea
991 2199 1214 2272 hujusce
1263 2201 1547 2260 Minuciani
1605 2207 1729 2262 libri
1794 2207 1989 2264 editio-

385 2304 510 2344 nem
561 2288 986 2362 Christophorus
1034 2294 1301 2351 Cellarius
1353 2298 1405 2352 in
1453 2298 1762 2356 christiana:
1796 2302 1990 2372 juven-

386 2381 514 2436 tutis
537 2383 763 2453 gratiam
789 2386 1014 2450 curavit,
1050 2386 1216 2442 Hallre
1241 2403 1383 2443 anno
1415 2390 1554 2446 {699
1574 2434 1588 2458 ,
1624 2393 1826 2462 perfici.
1859 2393 1988 2451 Haec

383 2476 528 2532 enim
572 2478 737 2546 illius,
795 2480 998 2534 utinam
1040 2490 1095 2536 et
1150 2484 1413 2550 omnium,
1490 2484 1592 2540 fuit
1668 2490 1932 2544 sententia
1967 2530 1984 2558 ,

383 2571 618 2639 Optimos
672 2571 950 2628 latinitatis
993 2584 1262 2642 auctores,
1301 2574 1643 2645 Ciceronem,
1711 2581 1979 2653 aliosque,

381 2663 472 2733 qui
499 2663 628 2718 nihil
649 2664 749 2720 nisi
770 2665 1016 2735 pudicum
1033 2677 1088 2724 et
1104 2667 1384 2724 honestum
1399 2671 1676 2741 exhibent,
1692 2673 1759 2728 ab
1773 2675 1986 2732 adoles-

380 2756 630 2812 centibns
671 2755 982 2814 cbristianis
1028 2760 1287 2832 legendos
1317 2779 1467 2829 sane,
1523 2765 1618 2820 sed
1668 2767 1732 2822 iis
1761 2768 1986 2836 conjun-

379 2849 584 2920 gendos
648 2851 955 2909 christianae
997 2854 1258 2911 Ecclesia:
1289 2859 1696 2930 antiquissimos
1722 2872 1774 2917 et
1805 2863 1988 2932 purio-

381 2945 459 3000 ris
495 2945 780 3002 latiuitatis
826 2948 1137 3018 scriptores.
1201 2949 1522 3007 Persuasum
1576 2955 1841 3025 siquidem
1897 2957 1987 3014 ille

380 3052 483 3094 nec
512 3038 782 3094 immerito
806 3040 1010 3106 habuit,
1037 3041 1136 3098 hac
1157 3043 1390 3100 lectione
1414 3045 1789 3105 adolescentes
1819 3064 1982 3120 posse

382 3131 534 3188 latini
581 3137 850 3191 sermonis
889 3137 1067 3193 nitore
1107 3147 1163 3194 et
1200 3139 1487 3212 elegantia,
1536 3157 1602 3198 ac
1628 3143 1752 3198 fidei
1784 3156 1982 3202 nostra:

2099 546 2232 592 tacta
2280 541 2527 607 omnino,
2582 559 2644 598 ac
2671 550 3032 616 praetermissa
3065 550 3299 609 fuerunt.

2168 631 2235 686 At
2287 645 2432 689 certe
2479 651 2582 691 non
2632 638 2739 692 alio
2787 640 3091 699 Gronovius
3132 648 3313 705 animo
3343 651 3528 709 harum
3557 657 3692 716 alia-

2094 741 2319 797 rumque
2344 728 2634 784 editionum
2693 733 2816 788 vitia
2868 751 3195 809 exaggerare
3232 744 3463 814 videtur,
3511 751 3694 808 nisiut

2096 817 2380 888 unicuique
2409 824 2723 889 persuadeat
2770 841 2919 883 suam
2967 835 3176 889 eteteris
3220 837 3339 892 aliis
3380 855 3499 896 esse
3527 858 3692 912 praes-

2097 909 2400 976 tantiorem,
2441 914 2798 986 omnibusque
2835 924 3072 978 numeris
3099 925 3423 984 absolutam.
3462 909 3689 990 Verum-

2095 1009 2272 1056 tamen
2322 1020 2440 1073 qua:
2498 1006 2548 1059 in
2597 1006 2812 1064 Minucii
2844 1015 3013 1068 nostri
3069 1024 3216 1072 textu
3260 1023 3468 1078 mendis
3514 1027 3692 1085 adhuc

2095 1095 2332 1163 pluribus
2368 1096 2580 1164 foedata,
2633 1113 2724 1155 aut
2764 1104 3069 1162 obscuriora
3129 1126 3250 1167 esse
3317 1127 3522 1184 censet,
3574 1119 3694 1176 luce

2094 1189 2288 1244 nullius
2343 1194 2690 1263 manuscripti
2741 1199 2942 1253 codicis
3015 1205 3354 1268 auctoritate,
3426 1209 3521 1265 sed
3575 1213 3688 1268 suis

2096 1283 2486 1353 tantummodo,
2530 1286 2613 1342 vel
2641 1287 2874 1344 aliorum
2920 1293 3247 1363 conjecturis
3271 1301 3576 1365 enucleare,
3606 1306 3693 1360 vel

2092 1379 2234 1448 quod
2267 1380 2440 1435 rarius
2471 1393 2574 1448 est,
2615 1385 2905 1441 emendare
2934 1392 3246 1448 connititur.
3301 1396 3493 1464 Quanti
3531 1415 3692 1470 porro

2093 1472 2178 1526 hac
2223 1473 2550 1544 conjectura:
2591 1478 2697 1534 sint
2726 1483 3004 1548 momenti,
3056 1486 3193 1541 infra
3226 1504 3324 1544 suo
3348 1490 3469 1547 loco
3508 1504 3692 1550 osten-

2093 1565 2300 1621 demus.
2360 1569 2641 1641 palamque
2689 1588 2809 1628 mox
2841 1574 3095 1633 faciemus
3126 1579 3276 1636 illum
3304 1587 3415 1639 suis
3455 1585 3504 1639 in
3551 1588 3693 1643 notis

2093 1657 2144 1712 in
2201 1659 2390 1715 eadem
2430 1662 2681 1720 incidisse
2725 1667 2876 1734 vitia,
2931 1685 3050 1740 quae
3105 1671 3155 1726 in
3200 1673 3319 1730 aliis
3361 1685 3503 1732 tanta
3562 1695 3692 1736 con-

2094 1751 2308 1808 fidentia
2368 1755 2692 1827 redarguere
2742 1775 2902 1816 ausus
2956 1773 3056 1818 est.

2019 1850 2068 1910 B
2169 1847 2576 1905 Observandum
2625 1853 2801 1910 adhuc
2847 1867 2932 1912 est
2975 1860 3233 1929 quasdam
3302 1879 3367 1920 ex
3430 1866 3694 1926 hactenus

2092 1942 2379 1998 recensitis
2426 1944 2653 2014 hujusce
2705 1947 2988 2005 Minueiaui
3044 1953 3164 2008 libri
3211 1955 3540 2016 editionibus
3587 1979 3692 2018 non

2091 2035 2289 2100 semel,
2347 2035 2440 2090 sed
2492 2040 2749 2107 secundo,
2808 2044 2986 2110 tertio,
3037 2056 3197 2116 atque
3247 2052 3408 2106 etiam
3462 2056 3695 2126 amplius

2092 2131 2233 2200 typis
2259 2147 2486 2188 excusas
2514 2134 2697 2190 fuisse.
2731 2136 2834 2192 Sed
2864 2139 2986 2206 quia
3020 2140 3151 2196 nihil
3178 2145 3258 2198 eis
3287 2147 3410 2200 novi
3442 2151 3693 2218 accessit,

2090 2223 2211 2280 illas
2252 2225 2338 2282 hic
2379 2243 2738 2285 annumerare
2784 2242 2837 2286 et
2884 2248 3170 2293 recensere
3199 2254 3384 2308 parum
3421 2245 3571 2312 utile,
3603 2255 3696 2303 aut

2091 2318 2269 2388 potius
2302 2321 2458 2393 plane
2501 2337 2890 2395 supervacuum
2924 2328 3076 2384 nobis
3106 2330 3334 2388 videtur.

2659 2498 2954 2540 ARTICULUS
2999 2501 3072 2540 ιν.

2089 2614 2170 2672 De
2213 2619 2468 2674 variorum
2516 2620 2570 2674 in
2643 2620 2776 2675 Imm:
2850 2621 3038 2677 librum
3088 2625 3222 2680 uotis
3273 2634 3320 2681 et
3363 2627 3692 2687 animadver-

2771 2713 3016 2770 sionibus.

2162 2870 2240 2926 Ex
2296 2872 2363 2929 iis
2397 2873 2668 2940 omnibus,
2691 2889 2916 2945 quorum
2951 2889 3113 2946 opera
3159 2877 3298 2934 hunc
3328 2879 3520 2936 librum
3555 2885 3695 2956 typis

2089 2965 2293 3022 editum
2343 2966 2600 3032 diximus,
2665 2969 2818 3037 pauci
2867 2979 3013 3037 sunt,
3067 2971 3155 3041 qui
3216 2974 3413 3028 multas
3457 2975 3507 3029 in
3568 2992 3691 3032 eum

2089 3067 2244 3114 notas
2295 3070 2346 3113 et
2393 3059 2800 3116 observationes
2841 3076 2948 3115 non
2983 3061 3389 3131 pttblicaverint.
3443 3066 3693 3134 Qumita-

2087 3168 2212 3221 que,
2245 3153 2500 3223 qualesve
2549 3168 2613 3208 ac
2669 3155 2820 3225 cujus
2864 3157 3080 3227 generis
3133 3157 3263 3225 sint,
3292 3159 3402 3228 jam
3449 3177 3479 3216 a
3537 3163 3693 3220 nobis

378 3225 756 3296 documentis,
832 3246 1040 3286 morum
1105 3235 1422 3304 sanctitate,
1499 3251 1562 3292 ac
1615 3238 1838 3294 historia
1895 3255 2053 3326 ec-C
2087 3247 2461 3316 explicandum
2513 3255 2616 3302 est.
2663 3248 2846 3305 Primo
2875 3250 3091 3321 quidem
3145 3251 3380 3310 Joannes
3427 3255 3693 3314 Meursius

377 3320 678 3377 clcsiastiea
724 3324 885 3379 simul
931 3326 1096 3381 imbui
1145 3336 1201 3382 et
1249 3328 1548 3384 informari.

448 3415 692 3488 Denique
738 3418 826 3474 hic
883 3420 1018 3476 liber
1065 3437 1208 3478 anno
1269 3423 1408 3480 1709
1475 3424 1716 3497 Lugduni
1763 3429 1984 3485 Batavo-

374 3529 500 3568 rum
535 3531 555 3566 ι
591 3530 656 3570 ex
699 3517 1018 3573 recensione
1052 3517 1239 3573 Jacobi
1290 3518 1546 3576 Gronovii
1576 3540 1596 3573 ι
1647 3523 1784 3594 typis
1830 3540 1982 3580 man-

374 3605 536 3662 datus
577 3616 680 3662 est.
733 3607 938 3676 Quibus
991 3621 1171 3666 autem
1206 3612 1505 3666 rationibus
1541 3613 1607 3668 ad
1637 3630 1761 3671 eum
1796 3633 1981 3672 rursus

376 3699 761 3767 pnblicandum
798 3702 1058 3760 adductus
1107 3703 1306 3771 fuerit,
1350 3705 1429 3762 sic
1456 3706 1546 3762 ille
1584 3707 1654 3762 ab
1696 3709 1816 3779 ipso
1844 3725 1983 3780 prte-

375 3788 599 3847 l'ationis
653 3808 766 3848 sure
829 3795 1054 3850 exordio
1101 3796 1362 3866 esplicat:
1416 3817 1434 3849 ι
1491 3799 1801 3870 Repetenda
1865 3811 1981 3858 erat

374 3883 430 3938 in
482 3884 583 3940 hac
639 3887 773 3941 urbe
811 3887 978 3943 editio
1031 3887 1097 3943 Μ.
1156 3888 1373 3945 Minucii
1415 3890 1641 3958 Felicis,
1681 3910 1802 3948 cum
1831 3897 1980 3951 vario

373 3990 629 4034 sermone
656 3979 723 4035 ad
755 3981 1098 4038 librariorum
1130 3984 1379 4040 notitiam
1412 3985 1690 4042 venitmea
1720 3987 1978 4059 frequens

373 4069 540 4142 hujus
606 4072 772 4128 libelli
829 4075 1264 4143 Commendalio,
1331 4085 1387 4132 et
1463 4077 1591 4132 olim
1644 4094 1708 4134 ac
1761 4095 1980 4150 semper

373 4164 558 4231 lectio,
595 4175 655 4221 ut
697 4165 814 4222 ﬁeri
861 4169 1127 4239 nequiret,
1177 4170 1306 4240 quin
1336 4169 1509 4225 iretur
1546 4171 1611 4226 ad
1645 4188 1752 4229 me.
1787 4193 1806 4228 ι
1843 4174 1978 4229 Mul-

375 4258 444 4314 tis
498 4259 678 4332 itaque
717 4263 1025 4324 nominibus
1075 4263 1124 4319 ei
1174 4265 1361 4334 procul
1393 4264 1557 4322 dubio
1605 4267 1863 4324 obstricta
1895 4279 1978 4326 est

372 4351 733 4410 litteratorum
783 4356 1109 4427 respublica,
1152 4357 1294 4426 quod
1327 4373 1479 4412 suam
1525 4358 1677 4417 hisce
1719 4362 1971 4432 librariis,

374 4460 475 4501 seu
504 4447 684 4516 potius
717 4447 1089 4519 typographis,
1115 4463 1222 4504 non
1265 4453 1540 4521 negaverit
1571 4469 1814 4524 operum.
1847 4455 1974 4512 Sine

370 4555 436 4597 ea
485 4542 763 4599 enimvero
811 4553 988 4598 aetum
1032 4554 1149 4599 erat
1189 4544 1256 4600 de
1298 4560 1436 4602 nova
1485 4546 1684 4602 Octavii
1712 4549 1970 4618 editione,

2087 3338 2374 3394 nonnullas
2426 3339 2478 3394 iu
2513 3339 2656 3394 hunc
2702 3339 2982 3396 Octavium
3019 3344 3260 3410 protulit,
3288 3361 3423 3416 quas
3466 3347 3518 3400 in
3551 3365 3688 3418 quo-

2085 3429 2208 3485 dam
2257 3430 2534 3501 opusculo,
2583 3430 2949 3503 Hypocrilicus
2995 3433 3343 3502 Miuucianus,
3389 3439 3494 3492 sive
3538 3439 3695 3498 Criti-

2085 3543 2174 3581 cus
2220 3527 2529 3590 subsccivus,
2576 3528 2850 3598 inscripto,
2897 3543 3123 3584 excusas
3192 3529 3471 3587 habemus.
3519 3533 3574 3588 In
3624 3535 3690 3592 iis

2085 3629 2264 3674 autem
2322 3618 2582 3674 nonnulla
2617 3620 2855 3674 auctoris
2902 3620 3096 3684 nostri,
3134 3635 3253 3690 quae
3303 3634 3552 3694 corrupta
3586 3626 3688 3696 ipsi

2083 3709 2425 3776 videbantur,
2481 3711 2598 3766 loca
2665 3710 2991 3781 conjecturis
3055 3711 3168 3766 suis
3240 3715 3531 3786 corrigere,
3591 3718 3689 3774 sed

2085 3819 2228 3877 saepe
2280 3806 2477 3875 smpius
2529 3805 2707 3860 minus
2753 3804 2984 3860 feliciter
3045 3815 3100 3860 et
3149 3807 3394 3875 apposite
3461 3819 3688 3868 conatus

2082 3907 2185 3953 est.
2244 3897 2361 3953 Alia
2419 3912 2550 3952 vero
2596 3896 2841 3967 quaedam
2896 3911 3063 3966 pauca
3103 3895 3330 3953 aliorum
3357 3900 3685 3971 scriptorum

2081 3989 2264 4044 verbis
2293 3988 2528 4059 explicat
2573 3997 2629 4042 et
2671 3988 3075 4058 interpretatur.

2156 4081 2476 4136 Franciscus
2505 4088 2686 4135 autem
2720 4080 3010 4136 Balduinus
3036 4079 3091 4135 in
3109 4081 3222 4136 suis
3244 4081 3295 4137 in
3325 4082 3465 4139 hunc
3488 4083 3684 4140 librttm

2081 4174 2506 4248 Prolegomenis,
2561 4182 2841 4243 postquam
2898 4173 3044 4228 illum
3087 4173 3319 4230 Minucio
3372 4175 3536 4233 Felici
3568 4178 3685 4232 vin-

2079 4269 2296 4336 dicavit,
2347 4267 2594 4340 qumdam
2663 4266 2731 4322 de
2791 4268 2910 4336 ejus
2971 4275 3148 4333 mtate,
3210 4266 3429 4336 familia,
3479 4271 3680 4339 patria,

2079 4362 2438 4436 professione,
2487 4359 2794 4425 causidicis,
2847 4359 3196 4431 Romanoque
3256 4360 3375 4416 foro
3402 4361 3676 4432 praefatur.

2078 4458 2215 4514 Tum
2239 4457 2434 4513 deinde
2463 4456 2680 4512 disserit
2709 4454 2776 4510 de
2807 4453 2966 4524 hujus
2994 4453 3113 4508 libri
3145 4455 3306 4524 stylo.
3340 4466 3676 4526 argumento,

2078 4551 2224 4606 varia
2266 4548 2465 4605 Caecilii
2487 4546 2804 4618 Octaviique
2829 4545 3134 4615 disputandi
3173 4547 3402 4612 ratione,
3435 4562 3499 4602 ac
3529 4548 3680 4617 plura

373 4644 470 4690 aut
514 4636 690 4692 minus
743 4636 918 4693 doctis
974 4639 1220 4695 manibus
1276 4640 1549 4711 inquinata
1582 4643 1780 4713 potius,
1811 4658 1971 4716 quam
1997 4667 2052 4728 D
2079 4644 2238 4716 hujus
2288 4644 2668 4713 disputationis
2697 4642 2871 4712 capita
2922 4641 3161 4696 breviter
3188 4641 3428 4711 exponit.
3461 4639 3536 4696 Ea
3577 4659 3678 4698 au-

373 4739 658 4799 repurgata
701 4729 1005 4800 prodiisset.

447 4820 646 4878 Omnes
696 4839 826 4879 vero
867 4824 1133 4892 vituperat
1172 4827 1480 4897 superiores
1508 4827 1667 4899 hujus
1716 4829 1975 4887 lihriedi-

379 4917 578 4987 tiones,
623 4921 937 4992 nullamque
986 4937 1110 4979 esse
1157 4924 1380 4988 asserit,
1428 4925 1480 4978 in
1535 4940 1639 4995 qua
1688 4925 1840 4995 plura
1871 4941 1976 4982 non

371 5010 767 5069 desiderentur.
815 5012 886 5069 At
929 5014 1050 5069 illas
1091 5015 1144 5070 in
1185 5015 1372 5085 primis
1403 5016 1662 5072 infamare
1723 5027 1968 5087 conatur,

372 5119 493 5175 quae
544 5105 700 5161 annis
760 5105 924 5174 1645,
998 5107 1159 5175 1652,
1215 5116 1270 5163 et
1323 5108 1494 5175 1672,
1544 5123 1574 5163 a
1639 5109 1870 5181 Rigaltio
1918 5119 1974 5167 et

371 5193 594 5251 Ouzelio
623 5197 960 5254 concinnatae
1018 5207 1162 5253 sunt.
1214 5198 1360 5254 Nihil
1415 5211 1593 5256 tamen
1617 5201 1761 5256 aliud
1786 5219 1970 5274 repre-

370 5285 583 5355 hendit,
626 5289 728 5344 nisi
759 5290 903 5359 quod
926 5291 1154 5362 vulgatae
1182 5292 1235 5347 in
1277 5294 1343 5348 iis
1380 5296 1757 5351 annotationes
1791 5315 1809 5347 ι
1864 5298 1974 5352 sint

368 5379 554 5443 nimis,
573 5381 758 5452 inquit,
785 5384 1019 5453 copiosa:
1035 5393 1090 5440 et
1117 5384 1387 5456 loquaces,
1414 5395 1504 5441 aut
1527 5387 1686 5443 nimis
1710 5403 1912 5458 pauere.
1947 5409 1965 5442 ι

369 5473 728 5546 Longioribus
781 5479 977 5549 quippe
1029 5495 1132 5533 non
1171 5479 1347 5536 solum
1395 5480 1714 5536 obscuratur
1763 5493 1816 5537 et
1842 5497 1970 5539 eva-

367 5572 544 5627 nescit
589 5580 696 5628 tota
727 5573 1013 5628 Minueiani
1069 5576 1336 5632 sermonis
1400 5589 1675 5643 venuSIas,
1722 5578 1815 5634 sed
1857 5579 1975 5649 ejus

369 5665 534 5720 etiam
567 5675 743 5724 textus
767 5709 784 5734 ,
827 5668 886 5722 in.
905 5669 1009 5724 illis
1041 5684 1248 5725 mersus
1269 5713 1285 5737 ,
1332 5686 1528 5744 magno
1548 5673 1666 5727 sine
1694 5673 1854 5728 ttedio
1885 5674 1972 5728 vix

369 5771 404 5812 τι
454 5773 722 5830 quoquam
762 5760 963 5830 perlegi
1011 5771 1209 5828 potest.
1256 5763 1416 5819 Plura
1450 5765 1672 5836 insuper
1702 5765 1818 5821 loca
1877 5782 1974 5822 su-

376 5853 593 5916 perem
641 5862 793 5926 putat
830 5869 952 5924 qua:
1015 5857 1224 5910 tametsi
1280 5859 1614 5916 correctione
1663 5857 1968 5933 indigeant,

816 5949 1095 6013 Damon.
1125 5948 1238 6017 III.

2079 4748 2186 4795 tetu
2215 4753 2279 4793 ex
2324 4735 2443 4790 aliis
2469 4734 2786 4806 quibusdam
2827 4734 3213 4804 scriptoribus,
3249 4749 3312 4788 ac
3342 4734 3676 4803 potissimum

2075 4845 2142 4885 ex
2195 4827 2504 4884 christiana:
2547 4826 2823 4896 religionis
2849 4824 3246 4891 defensoribus,
3273 4823 3484 4880 Justino
3529 4841 3678 4881 mar-

2074 4933 2214 4997 lyre,
2251 4922 2610 4994 Athenagora,
2644 4919 2944 4990 TheOphilo
2986 4918 3344 4984 Antiocheno,
3396 4917 3678 4976 Clemente

2076 5017 2470 5081 Alexandrino,
2510 5015 2771 5082 Arnobio,
2805 5012 3103 5078 Lactantio,
3135 5011 3444 5078 Ambrosio,
3469 5013 3677 5083 Augus-

2077 5115 2191 5169 tino
2236 5111 2553 5176 couflrmat;
2606 5108 2700 5164 sed
2754 5107 2942 5162 nttllibi
3002 5107 3116 5162 fere
3164 5106 3361 5161 indicat
3403 5107 3677 5176 quibusin

2075 5206 2247 5270 libris,
2301 5205 2384 5260 vel
2417 5217 2520 5274 qua
2561 5201 2822 5257 librorum
2864 5201 2916 5255 in
2970 5206 3120 5269 parte
3159 5197 3276 5253 haec
3323 5213 3444 5268 quae
3491 5201 3682 5256 citavit

2077 5299 2193 5354 loca
2246 5295 2603 5367 reperiantur.
2661 5293 2903 5363 Denique
2944 5291 3010 5345 ad
3076 5288 3404 5360 praefatiouis
3472 5293 3677 5349 calcem

2076 5389 2412 5447 Christianos
2463 5386 2532 5443 ad
2581 5383 2906 5441 venerandae
2966 5380 3282 5438 cohortatur
3349 5383 3680 5453 antiquitatis

2077 5481 2460 5539 ecclesiasticae
2512 5478 2771 5535 studium.

2148 5574 2436 5632 anerus
2479 5587 2612 5628 vero
2655 5571 2708 5627 in
2753 5569 2865 5625 suis
2920 5567 3060 5624 notis
3109 5567 3356 5623 brevitati
3387 5569 3519 5625 satis
3547 5584 3682 5627 con-

2078 5669 2263 5726 suluit.
2318 5667 2412 5722 His
2455 5675 2633 5722 autem
2683 5663 2767 5718 vel
2814 5669 2989 5718 textus
3043 5661 3236 5716 menda
3279 5662 3549 5734 corrigere
3597 5664 3682 5719 ni-

2082 5766 2231 5832 titur,
2291 5763 2373 5817 vel
2430 5759 2644 5815 Minueii
2698 5757 2892 5813 Felicis
2927 5755 3091 5812 verba
3139 5769 3204 5811 ac
3258 5754 3397 5811 dicta
3459 5756 3685 5826 quibus-

2078 5858 2202 5918 dam
2253 5857 2479 5914 aliortnn
2544 5853 2869 5928 scriptorum
2916 5849 3236 5909 testimoniis
3285 5849 3552 5922 explicare
3595 5858 3691 5912 aut

3048 5940 3207 6041 ‘13
