3980 6302
444 321 553 386 593

1723 313 1811 370 DE
1849 311 2106 371 MINUCII
2143 312 2447 371 OCTAVIO

3650 316 3755 374 596

449 440 796 501 confirmare.
843 435 1043 493 Verum
1102 431 1365 502 majorem
1415 431 1467 485 in
1515 430 1581 485 iis
1650 429 1878 486 citaudis
1929 429 2049 500 jure
2074 431 2127 492 Α
2153 431 2245 486 illo
2272 436 2492 487 omnino
2517 427 2911 501 pnetermissa,
2938 442 3057 500 quae
3086 441 3194 483 non
3223 427 3430 497 minus,
3465 444 3623 501 quam
3653 447 3756 486 cae-

451 546 602 594 certe
655 532 850 589 merito
911 527 1239 599 diligentiam
1306 525 1375 579 ab
1424 524 1540 594 ipso
1599 523 1857 593 requiras.
1913 521 2046 577 Nam

457 628 657 686 alicubi
701 624 937 697 appellat
965 631 1168 677 tantum
1200 617 1479 689 scriptoris
1505 631 1723 679 nomen,
1754 614 1850 670 sed
1906 615 2050 670 illius

447 724 670 785 librum,
711 720 794 775 vel
847 717 967 772 libri
1018 715 1214 778 locum,
1264 711 1356 766 ubi
1403 710 1562 765 citata
1623 707 1692 762 ab
1741 707 1832 762 illo
1885 707 2048 763 verba

454 823 760 878 occurrant,
807 811 1043 868 indicare
1084 823 1193 863 non
1233 813 1406 861 curat.
1452 803 1605 872 Quod
1635 801 1848 873 quidem
1879 801 1946 856 ab
1982 817 2049 856 eo

454 917 509 971 in
552 913 739 986 primis
786 909 1075 964 factitatum
1119 902 1614 965 animadvertimus,
1670 898 1760 953 ubi
1817 896 1884 952 ad
1913 896 2048 952 Ter-

453 1007 660 1065 tulliani
711 1003 874 1061 libros
901 1011 1061 1070 atque
1114 999 1166 1053 iu
1220 996 1407 1068 primis
1458 994 1598 1049 illius
1641 992 2046 1062 Apologeticum

452 1117 554 1158 nos
599 1099 776 1156 mittit.
815 1081 1116 1166 Aliquando
1157 1093 1317 1148 etiam
1360 1098 1584 1160 vagatur
1627 1096 1776 1142 extra
1850 1099 2048 1154 propo-

452 1196 638 1252 situm.
666 1191 926 1261 Exemplo
945 1190 1016 1245 sit
1063 1187 1343 1250 illelocus,
1368 1184 1455 1239 ubi
1484 1183 1739 1238 Octavius
1769 1195 1799 1235 a
1828 1179 2050 1235 Caecilio

458 1307 478 1342 ι
515 1289 774 1361 pistorum
828 1282 1164 1356 praecipuus,
1203 1300 1222 1334 ι
1260 1295 1367 1335 non
1407 1278 1524 1334 sine
1569 1276 1811 1333 convicio
1866 1273 2051 1346 appel-

448 1382 608 1438 latur.
682 1380 758 1436 Ibi
811 1378 954 1435 enim
1024 1375 1311 1431 Wovverus
1359 1371 1565 1438 multa,
1616 1385 1734 1440 quae
1796 1367 1862 1422 ad
1921 1381 2049 1422 auc-

451 1474 588 1530 toris
653 1471 987 1544 propositum
1039 1466 1174 1522 nihil
1219 1464 1428 1537 penitus
1496 1462 1718 1528 faciunt,
1769 1473 2048 1531 perperam

448 1567 739 1640 congessit.

523 1658 910 1717 Eltneuhorstii
937 1666 1113 1712 autem
1167 1663 1308 1710 nota:
1333 1650 1695 1706 Wowerianis
1721 1648 2049 1720 prolixiores

450 1763 596 1819 sunt,
648 1763 809 1823 atque
857 1751 909 1805 in
971 1750 1037 1804 iis
1109 1746 1278 1802 multo
1330 1743 1638 1800 accuratius
1713 1757 1872 1812 quam
1917 1739 2050 1795 Wo-

2155 535 2266 580 tera
2289 567 2304 590 ,
2336 524 2712 596 explanatione
2739 524 2915 592 aliqua
2946 538 3106 594 egere
3137 522 3439 579 videantur.
3475 523 3754 581 Postremo

2150 617 2378 688 quilibet
2405 633 2472 672 ex
2509 627 2695 688 postea
2725 616 2969 672 dicendis
2999 631 3293 686 agnoscere
3318 617 3518 687 pulerit
3542 659 3556 681 ,
3597 633 3754 689 quam

2154 712 2363 768 levibus
2407 726 2550 782 saepe
2589 712 2917 783 conjecturis
2961 721 3163 767 textum
3210 710 3426 766 Minucii
3465 711 3757 768 emendare

2152 806 2406 862 voluerit.

2224 901 2479 970 Quamvis
2509 901 2837 973 longissime
2869 901 3108 972 profecto
3129 904 3243 957 Bint
3272 899 3476 956 Ouzclii
3521 901 3573 954 in
3618 899 3757 955 hunc

2153 994 2347 1051 librmn
2374 995 2903 1059 animadversiones,
2931 1010 3024 1050 eas
3053 1005 3231 1049 tamen
3259 1011 3288 1048 a
3314 1010 3372 1049 se
3400 994 3757 1061 «juvenilibus

2153 1089 2337 1156 annis,
2365 1107 2384 1141 ι
2411 1104 2475 1144 ac
2508 1107 2524 1140 ι
2547 1098 2796 1144 currente
2825 1087 2993 1158 przelo
3021 1107 3038 1140 ι
3069 1088 3394 1158 compositas
3427 1087 3644 1144 fatetur.
3679 1086 3758 1142 Ad

2154 1182 2268 1237 haec
2297 1197 2426 1238 vero
2454 1181 2692 1237 declarat
2721 1182 2772 1236 in
2803 1181 2867 1235 iis
2888 1196 2945 1236 se
2968 1183 3036 1236 ab
3062 1182 3287 1236 aliorum
3313 1181 3527 1237 tametsi
3555 1181 3758 1236 doctis-

2153 1275 2413 1329 simorum
2444 1274 2682 1328 virorum
2715 1273 2980 1329 sententia
3013 1288 3446 1342 nonnumquam,
3491 1271 3586 1327 sed
3625 1274 3758 1328 citra

2153 1365 2579 1431 contumeliam,
2635 1365 2972 1421 discessisse.
3033 1365 3236 1421 Verum
3286 1380 3381 1421 eas
3434 1364 3759 1436 prolixiores

2154 1473 2276 1515 esse
2323 1474 2482 1514 nemo
2527 1473 2657 1516 sane
2700 1461 2992 1532 negaverit.
3026 1457 3182 1529 Szepe
3218 1463 3361 1516 enim
3407 1475 3436 1514 a
3480 1461 3759 1530 proposito

2157 1555 2391 1609 auctoris
2421 1563 2570 1610 texttt
2602 1569 2826 1626 prorsus
2867 1554 3170 1622 digreditur
3189 1596 3203 1619 ,
3237 1565 3289 1610 et
3319 1553 3469 1624 plura
3499 1595 3512 1616 ,
3545 1568 3669 1624 qua:
3692 1551 3758 1607 ad

2155 1647 2302 1701 illum
2335 1647 2466 1702 nihil
2498 1648 2708 1718 penitus
2747 1649 2983 1712 faciunt,
3024 1647 3088 1702 ad
3132 1662 3385 1703 nauseam
3426 1662 3596 1718 usque
3623 1662 3757 1701 con-

2152 1741 2312 1811 gerit.
2341 1741 2502 1796 Visne
2529 1741 2772 1812 quaedam
2803 1741 3057 1796 harumce
3085 1741 3479 1812 digressionum
3514 1741 3605 1796 tibi
3637 1755 3759 1808 pro-

452 1862 633 1904 werus
663 1852 882 1900 annotat
926 1851 1208 1898 auctorum
1254 1856 1284 1894 a
1315 1855 1374 1895 se
1401 1838 1688 1894 citatorum
1723 1837 1857 1890 loca.
1886 1834 2048 1890 Frus-
2074 1839 2123 1899 B
2153 1834 2280 1889 ferri
2321 1835 2610 1905 exempla?
2644 1834 2811 1902 Vide,
2856 1849 3074 1905 qua-so,
3106 1846 3365 1905 quantum
3406 1849 3435 1888 a
3478 1833 3758 1904 preposito

453 1953 532 1997 tra
564 1951 743 1996 tamen
791 1936 1079 2008 quidquam
1111 1935 1162 1988 in
1218 1943 1326 1988 tam
1358 1932 1530 2004 longis
1585 1929 2048 1986 observationibus

458 2049 693 2106 quaeres,
739 2031 879 2103 quod
907 2030 973 2086 ad
1011 2028 1296 2085 Minuciani
1343 2035 1522 2081 textus
1562 2025 1921 2096 integritatem
1955 2029 2047 2076 aut

447 2125 882 2184 emendationem
927 2122 1236 2196 pertineat;
1297 2135 1418 2174 nam
1477 2118 1531 2172 in
1563 2117 1666 2172 illis
1719 2131 1785 2172 eo
1839 2124 2042 2171 tantum

445 2212 737 2288 collineat,
789 2230 848 2275 ut
919 2219 1074 2289 plura
1127 2231 1246 2287 quae
1293 2214 1362 2268 ab
1410 2221 1631 2268 auctore
1683 2211 1823 2266 dicta
1873 2219 2041 2277 sunt,

441 2317 665 2372 aliorum
694 2312 1012 2369 testimoniis
1038 2317 1348 2364 asserantur
1375 2349 1388 2373 ,
1422 2317 1476 2362 et
1533 2305 1898 2360 stabiliantur.
1932 2305 2041 2360 De-

445 2424 589 2463 mum
637 2420 734 2461 nos
778 2403 1066 2476 aliquando
1098 2401 1167 2455 ad
1211 2415 1338 2456 suas
1379 2399 1542 2454 mittit
1595 2401 1646 2452 in
1681 2398 1924 2463 Arnobii,
1956 2407 2047 2452 aut

444 2500 688 2557 Woweri
732 2499 784 2553 in
831 2497 972 2552 hunc
1007 2493 1222 2550 Minucii
1253 2491 1421 2548 nostri
1447 2492 1646 2546 librum
1697 2489 2042 2544 animadver-

424 2594 646 2650 .sioues.
677 2591 881 2647 Omnes
935 2601 1100 2660 porro
1129 2586 1246 2640 illas
1289 2583 1679 2640 Eltnenhorstii
1720 2592 1876 2637 notas
1903 2581 2043 2637 Gro-

447 2686 638 2742 novius
683 2682 844 2738 solito
896 2694 1049 2736 more
1093 2693 1194 2733 suo
1233 2675 1550 2738 contemnit,
1586 2689 1881 2744 verumque
1913 2673 2042 2728 illud

441 2795 564 2838 esse
593 2783 892 2839 asseverat,
940 2771 1086 2844 quod
1125 2771 1193 2826 de
1218 2770 1282 2824 iis
1311 2785 1341 2824 a
1369 2767 1643 2839 Scaligero
1669 2775 1826 2822 antea
1870 2766 2043 2822 fuerat

440 2880 842 2947 pronuntiatum
870 2865 1147 2940 (Scaliger.
1186 2863 1355 2934 Epist.
1397 2861 1507 2917 260
1551 2871 1596 2916 et
1647 2860 1805 2930 261).

505 2967 640 3038 Quae
677 2975 807 3020 vero
845 2962 914 3016 ab
951 2957 1185 3014 Heraldo
1216 2954 1468 3027 profecta
1497 2960 1655 3020 sunt,
1690 2954 1742 3007 in
1775 2952 2044 3022 plerisque

439 3062 547 3119 illis
595 3060 664 3116 de
710 3053 1033 3121 emendato,
1087 3047 1441 3118 manuscripti
1497 3047 1628 3117 regii
1684 3045 2042 3109 auctoritate,

440 3152 678 3209 auctoris
726 3146 895 3205 nostri
949 3154 1140 3210 textu,
1187 3142 1269 3197 vel
1320 3141 1388 3196 de
1438 3155 1505 3195 eo
1553 3138 1880 3208 conjecturis
1932 3135 2045 3192 suis

2153 1928 2326 1984 aliena
2357 1930 2464 1984 sint
2486 1971 2500 1996 ,
2529 1945 2650 2000 qua:
2682 1929 2748 1984 ad
2778 1929 2992 1984 Minucii
3023 1928 3094 1985 de
3124 1929 3393 1999 lapidibus
3423 1929 3675 2000 effigiatis
3705 1937 3759 1982 et

2152 2027 2329 2079 unctis
2369 2039 2674 2081 sermonem
2720 2025 3098 2097 explicandum
3141 2025 3354 2093 retulit,
3396 2023 3464 2080 de
3504 2023 3664 2078 idolis
3705 2023 3756 2076 in

2155 2117 2406 2174 Meccano
2435 2119 2732 2174 Turcarunt
2763 2120 2964 2191 templo
2991 2119 3339 2175 constitutis?
3365 2115 3505 2186 Quid
3533 2131 3664 2172 vero
3689 2115 3756 2169 ad

2152 2209 2364 2267 Minucii
2396 2212 2728 2282 propositum
2759 2213 3010 2267 conducit
3047 2212 3257 2282 longior
3294 2209 3504 2266 Ouzelii
3547 2208 3753 2279 disqui-

2151 2305 2278 2358 sitio
2302 2303 2368 2359 de
2397 2319 2559 2374 opera
2593 2322 2619 2356 a
2651 2305 2908 2359 Romanis
2941 2306 2991 2358 in
3018 2305 3260 2359 delubris
3287 2303 3605 2360 dedicandis
3626 2342 3640 2366 ,
3671 2301 3754 2356 vel

2149 2400 2218 2454 ab
2245 2399 2362 2452 aliis
2390 2399 2709 2469 quibusdam
2754 2401 2804 2453 in
2844 2398 3200 2454 observandis
3235 2397 3471 2469 auguriis
3509 2397 3631 2450 data
3652 2437 3665 2458 ,
3692 2409 3754 2448 ae

2149 2493 2217 2548 de
2257 2494 2432 2562 primo
2471 2494 2815 2561 auguriorum
2861 2493 3177 2559 inventore,
3206 2491 3357 2547 etde
3398 2489 3610 2545 delubri
3639 2498 3751 2558 ety-

2149 2588 2418 2659 mologia?
2447 2586 2514 2644 Ut
2538 2587 2664 2658 quid
2695 2589 2855 2641 etiam
2885 2586 2974 2641 ille
2994 2629 3009 2651 ,
3057 2585 3237 2640 oblata
3279 2585 3379 2638 sibi
3426 2583 3496 2637 de
3531 2581 3751 2636 deorum

2148 2691 2353 2737 tantum
2395 2681 2658 2736 natalibus
2687 2680 2900 2736 dicendi
2929 2681 3215 2734 occasione
3240 2721 3255 2745 ,
3287 2677 3355 2731 ad
3386 2675 3753 2748 explauandos

2151 2776 2424 2831 hominum
2468 2786 2573 2831 tam
2607 2777 2944 2847 principum,
2979 2790 3139 2845 quam
3183 2772 3510 2844 privatorum
3536 2813 3550 2836 ,
3593 2779 3754 2839 atque

2147 2870 2308 2923 etiam
2349 2869 2561 2924 urbium
2603 2868 2809 2923 natales
2848 2867 3000 2929 dies,
3041 2869 3329 2936 variosque
3366 2879 3554 2919 eorum
3605 2861 3751 2916 cele-

2149 2961 2474 3016 brandorum
2507 2964 2640 3017 ritus
2665 3003 2678 3026 ,
2716 2975 2972 3032 perquam
3005 2961 3315 3031 longissime
3343 2956 3623 3014 excurrit?
3647 2954 3754 3009 Nec

2150 3057 2390 3112 minores
2431 3064 2556 3112 sunt
2597 3056 2737 3110 illius
2763 3055 3131 3126 digressiones
3158 3054 3227 3108 de
3257 3051 3507 3108 Mercurii
3533 3051 3754 3105 nomine

2149 3161 2204 3204 et
2229 3149 2458 3215 officiis,
2491 3149 2582 3205 tibi
2612 3167 2639 3202 a
2680 3149 2909 3204 Minucio
2947 3149 3261 3219 simpliciter
3297 3147 3494 3202 dicitur
3534 3144 3754 3215 pedibus

440 3241 767 3314 corrigendo
809 3240 1071 3309 disputat.
1118 3234 1173 3290 In
1222 3234 1343 3289 aliis
1388 3247 1518 3288 vero
1562 3247 1661 3286 nos
1710 3232 1801 3286 ille
1846 3230 1928 3286 vel
1977 3227 2045 3283 ad

2158 3243 2310 3298 alatis
2340 3243 2618 3313 depictus:
2659 3243 2726 3296 de
2767 3242 3192 3304 sternutatione,
3239 3240 3328 3296 ubi
3369 3237 3610 3295 Socratis
3647 3234 3756 3290 dar-

444 3353 572 3394 suas
602 3333 826 3391 remittit
852 3342 1008 3386 notas
1037 3331 1090 3384 in
1123 3326 1344 3382 Arnobii
1380 3325 1576 3391 libros,
1609 3325 1697 3379 vel
1726 3323 2046 3379 Tertulliani

447 3427 886 3500 Apologeticum,
930 3422 1084 3491 cujus
1115 3428 1294 3474 tamen
1334 3417 1424 3472 vix
1465 3417 1570 3472 ulla
1615 3416 1764 3471 ullibi
1794 3417 1926 3471 citat
1951 3429 2045 3470 cao

444 3524 573 3595 pita.
605 3521 664 3576 lu
704 3518 919 3576 caeteris
956 3515 1168 3571 tandem
1209 3514 1352 3569 notis
1390 3512 1686 3568 sententias
1729 3511 1940 3567 Minucii
1981 3527 2049 3568 ex

445 3615 565 3672 aliis
592 3612 948 3684 scriptoribus
997 3609 1320 3665 confirmare
1355 3617 1602 3663 conatur.
1644 3607 1752 3663 Sed
1795 3607 1902 3662 illa:
1942 3606 2048 3677 pri-

444 3727 586 3768 mam
617 3711 774 3777 hujus
800 3708 916 3762 libri
945 3714 1174 3777 partem,
1202 3703 1455 3758 nimirum
1478 3701 1678 3758 Catcilii
1709 3717 2045 3768 sermonem,

444 3815 500 3860 et
521 3803 662 3858 illius
687 3803 738 3856 in
761 3800 1094 3856 Christianos
1121 3796 1416 3851 calumnias
1443 3795 1610 3866 magis
1632 3805 1892 3865 spectant.
1917 3795 2052 3850 Pau-

447 3895 677 3951 cissimae
709 3903 885 3948 autem
927 3889 1192 3962 ejusmodi
1233 3898 1358 3944 sunt
1399 3889 1452 3944 in
1493 3888 1701 3944 Oetavii
1746 3889 2052 3957 responsio-

449 4006 599 4056 nem,
635 3989 771 4046 etin
806 3987 1035 4057 rejectos
1074 3991 1238 4056 atque
1278 3984 1576 4054 exagitatos
1613 3983 1683 4038 ab
1722 3981 1815 4037 illo
1857 3982 2052 4053 impios

449 4084 789 4139 ethnicorum
824 4084 982 4135 ritus.

521 4173 852 4243 Quibusdam
895 4183 1075 4228 autem
1112 4171 1519 4228 observationes
1562 4170 1776 4243 Rigaltii
1818 4171 1872 4225 in
1910 4169 2053 4226 hunc

447 4266 643 4322 librum
671 4265 897 4322 erudita:
923 4279 1021 4320 nec
1050 4279 1236 4334 parum
1262 4265 1490 4319 curiosis
1517 4266 1783 4319 videntur.
1813 4263 1880 4319 Ut
1907 4264 2051 4318 enim

449 4360 586 4415 alios
629 4360 976 4422 omittamus,
1029 4356 1283 4412 Ouzelius
1331 4355 1384 4410 in
1429 4370 1523 4410 sua
1569 4355 1633 4409 ad
1683 4371 1806 4410 eum
1856 4355 2050 4409 librum

451 4455 764 4525 praefatione
809 4454 1003 4507 fatetur
1035 4452 1195 4505 multa
1228 4451 1278 4504 in
1311 4451 1390 4504 eis
1419 4449 1672 4519 przeclara
1702 4449 1969 4515 inveniri,
1997 4455 2054 4505 et

450 4551 574 4622 plus
603 4550 814 4606 caneris
842 4546 1093 4603 omnibus
1121 4546 1188 4600 ab
1215 4545 1307 4600 illo
1334 4544 1637 4601 restltutam
1668 4544 1878 4599 Octavio
1903 4547 2049 4600 sani-

2154 3342 2393 3395 monium
2429 3348 2919 3402 commemoratur;
2961 3347 3121 3408 atque
3162 3349 3216 3389 ut
3254 3336 3357 3388 alia
3406 3333 3542 3388 bene
3591 3329 3755 3385 multa

2153 3433 2656 3504 praetermittamus,
2706 3431 2774 3487 de
2823 3447 2956 3487 cane
3002 3431 3228 3501 aliisque
3274 3427 3592 3483 animalibus
3638 3438 3757 3495 qua:

2153 3524 2396 3598 Egyptii
2429 3526 2716 3590 colebant,
2748 3539 2977 3595 quorum
3019 3523 3280 3578 Minucius
3317 3521 3518 3576 nullam
3558 3519 3758 3574 fecerat

2153 3621 2501 3676 mentionem.
2535 3618 2640 3674 Sed
2685 3621 2800 3674 haec
2831 3619 3058 3673 fortasse
3087 3615 3408 3689 quibusdam
3438 3614 3758 3669 videbuntur

2155 3713 2365 3769 facilius
2387 3711 2739 3769 condonanda
2764 3711 3128 3776 adolescenti,
3157 3711 3242 3780 qui
3267 3724 3390 3764 cum
3416 3722 3608 3763 vanam
3636 3720 3757 3761 eru-

2155 3807 2412 3862 ditionem
2442 3822 2592 3861 suam
2624 3815 2900 3861 ostentare
2931 3806 3121 3871 vellet,
3154 3805 3559 3860 observationes
3599 3816 3752 3864 suas,

2162 3918 2180 3952 ι
2205 3903 2367 3971 ρνσειο
2387 3942 2399 3965 ,
2429 3924 2448 3952 ι
2481 3909 2536 3954 ut
2565 3901 2678 3970 ipse
2705 3900 2812 3965 ait,
2847 3917 2867 3950 ε
2890 3909 3138 3954 currente
3165 3919 3182 3950 ι
3215 3898 3421 3963 editas,
3456 3913 3560 3952 non
3593 3896 3760 3966 potuit.

2156 3995 2331 4050 facere
2361 3994 2651 4050 breviores.
2684 3992 2791 4049 Sed
2821 3993 3022 4047 nullam
3053 3999 3231 4047 tamen
3257 3990 3568 4047 Gronovius
3594 3989 3642 4044 ei
3668 4002 3760 4043 ve-

2157 4090 2298 4144 niam
2327 4089 2456 4144 dare
2482 4089 2670 4161 pctuit.
2703 4088 2835 4143 Nam
2866 4087 3015 4141 illum
3047 4086 3280 4157 appellat
3306 4085 3481 4140 virum
3510 4084 3680 4138 ferum
3706 4092 3759 4137 ct

2158 4183 2426 4248 ferreum,
2457 4197 2520 4237 ac
2550 4190 3031 4236 commentatorem
3063 4180 3318 4249 impium,
3344 4177 3436 4249 qui
3468 4174 3606 4232 falso
3630 4190 3759 4229 ven-

2157 4277 2289 4332 ditat
2330 4275 2827 4330 animadversiones
2865 4274 2967 4328 sibi
3009 4273 3172 4328 fuisse
3209 4291 3228 4322 t
3259 4271 3427 4342 praeit)
3455 4279 3706 4326 currente
3735 4285 3753 4317 ι

2158 4376 2330 4423 natas.
2366 4368 2667 4423 Scelestum
2701 4369 3007 4432 enimvero,
3041 4365 3206 4436 inquit
3242 4364 3367 4430 ille,
3397 4370 3530 4419 sunt
3557 4371 3757 4430 mep-

2159 4465 2424 4529 taculum,
2474 4481 2579 4534 quo
2627 4480 2720 4520 sua
2761 4463 3001 4518 condidit
3040 4461 3213 4529 furta,
3256 4474 3376 4530 qua:
3415 4459 3547 4514 diris
3588 4458 3760 4526 potius

2157 4558 2520 4625 debebantur,
2574 4560 2675 4613 nisi
2731 4558 2907 4629 aliqua
2948 4574 3012 4613 ex
3059 4557 3140 4610 sui
3189 4555 3469 4626 ipsiusmet
3501 4550 3759 4609 Gronovii

450 4651 636 4699 tatem.
670 4641 958 4712 Rigaltium
993 4643 1169 4694 tamen
1201 4651 1485 4708 propterea
1515 4639 1718 4710 arguit,
1753 4641 1892 4708 quod
1923 4654 2047 4694 eon-

2158 4665 2306 4724 patre
2327 4697 2340 4718 ,
2374 4653 2698 4719 Boxhornio,
2739 4653 2926 4706 Vossio
2955 4663 3008 4706 et
3041 4651 3152 4705 Elia
3181 4648 3414 4704 Schevio
3443 4646 3755 4716 accepisset.

446 4735 674 4805 jecturis
701 4735 815 4790 suis
841 4733 1063 4787 nimium
1097 4731 1403 4801 indulgeat,
1434 4743 1632 4801 easque
1672 4731 1886 4787 Minucii
1928 4747 2052 4788 ver-

453 4830 534 4886 bis
565 4826 1016 4889 intermiscendo,
1050 4826 1199 4879 illum
1246 4840 1307 4879 ea
1349 4825 1658 4896 loquentem
1704 4825 1890 4892 faciat,
1936 4842 2054 4895 quae

457 4929 508 4982 in
539 4937 770 4983 mentem
799 4925 898 4996 ipsi
926 4939 1033 4979 non
1058 4931 1337 4977 venerant.
1371 4921 1645 4978 Gronovio
1671 4931 1846 4977 autem
1875 4923 1918 4976 si
1943 4935 2057 4977 cre-

453 5020 584 5087 das,
627 5018 742 5075 ha'c
781 5017 994 5074 Minucii
1026 5015 1221 5071 Felicis
1259 5013 1548 5082 diSliUlallO
1589 5015 1914 5082 merebatur,
1951 5034 1969 5066 ι
2000 5025 2059 5069 ιιι

455 5117 771 5188 procederet
800 5114 1134 5171 reverentius
1154 5155 1167 5179 ,
1200 5123 1251 5166 et
1283 5112 1457 5167 acrius
1489 5113 1721 5182 expolita
1748 5127 1810 5166 ac
1834 5112 2057 5167 meliore

455 5211 511 5267 in
537 5211 739 5267 lumine
770 5214 970 5280 pOsita,
998 5229 1016 5261 ι
1054 5224 1210 5280 quam
1244 5207 1296 5261 in
1329 5207 1415 5262 illa
1449 5206 1657 5277 Rigaltii
1690 5205 1944 5261 editione.

533 5306 603 5362 At
629 5311 775 5361 certe
814 5305 1058 5375 quisquis
1109 5304 1263 5373 hujus
1305 5303 1709 5358 observationes
1753 5301 1968 5372 legerit,
2014 5301 2060 5355 is

459 5397 748 5453 manilesto
778 5397 1073 5466 comperiet
1094 5439 1106 5461 ,
1141 5397 1193 5450 in
1226 5395 1329 5450 illis
1360 5393 1630 5450 emendati
1673 5405 1848 5449 textus
1889 5393 2056 5448 ratio-

458 5506 583 5547 nem
641 5489 929 5560 aliquando
957 5489 1134 5545 afferri
1157 5531 1170 5552 ,
1203 5490 1376 5560 aliqua
1409 5489 1720 5544 obscuriora
1769 5490 1930 5545 verba
1968 5506 2059 5545 ex-

457 5586 666 5656 planari
690 5627 705 5650 ,
739 5599 800 5638 ac
832 5585 979 5652 plura
1004 5584 1221 5638 Minucii
1254 5585 1367 5639 loca
1399 5583 1625 5638 aliorum
1655 5593 1932 5638 auctorum
1967 5585 2056 5639 fir-

457 5679 591 5732 mari
626 5679 959 5732 auctoritate.
1003 5677 1118 5731 Non
1152 5679 1327 5732 minus
1358 5686 1536 5732 tamen
1578 5677 1723 5732 clare
1771 5677 2056 5747 perspiciet

453 5771 644 5828 herum
685 5787 827 5840 smpe
870 5787 969 5826 nec
1012 5772 1211 5838 libros,
1259 5789 1354 5827 nec
1399 5774 1658 5828 librorum
1703 5774 1912 5840 capita,
1957 5771 2052 5827 sed

445 5869 623 5926 solum
675 5879 874 5921 nomen
915 5865 1088 5920 citari.
1134 5861 1295 5921 Multa
1339 5881 1552 5939 quoque
1588 5866 1959 5941 deprehendet
1989 5867 2057 5924 ab

1813 6037 1842 6059 /

2155 4747 2259 4802 Sed
2289 4749 2407 4817 quis
2439 4761 2542 4800 non
2578 4745 2830 4800 fatebitur
2858 4746 3199 4816 graviorem,
3230 4753 3282 4797 et
3315 4741 3419 4796 viri
3453 4738 3622 4808 magis
3661 4737 3760 4791 feri

2157 4856 2219 4895 ac
2249 4838 2436 4904 ferrei,
2471 4855 2629 4908 quam
2660 4839 2799 4908 a'qtti
2827 4838 3018 4907 jutlicis
3051 4837 3190 4891 hzrnc
3216 4851 3334 4891 esse
3362 4847 3666 4890 censuram.

2229 4934 2492 4988 Cellarius
2532 4948 2660 4990 vero
2697 4934 2795 4988 tria
2836 4933 2887 4988 in
2932 4934 3044 4987 suis
3085 4933 3226 4985 notis
3251 4945 3312 4986 se
3343 4929 3655 4999 priestitisse
3689 4927 3762 4980 si-

2157 5027 2396 5099 gniﬁcat.
2440 5027 2622 5082 Primo
2656 5027 2919 5082 redditam
2953 5036 3128 5081 textus
3153 5041 3181 5078 a
3211 5041 3271 5080 se
3295 5021 3566 5079 emendati
3600 5021 3763 5074 ratio.

2161 5139 2303 5176 nem.
2339 5122 2591 5177 Scotindo
2620 5121 2874 5177 historias
2904 5130 2957 5176 et
2987 5119 3191 5174 fabulas
3211 5161 3225 5184 ,
3257 5119 3300 5172 si
3330 5131 3450 5186 qua:
3479 5113 3762 5168 obscurio-

2159 5231 2246 5271 res
2276 5225 2425 5280 sunt,
2458 5214 2714 5269 illustrari
2738 5257 2751 5280 ,
2795 5229 2855 5268 ac
2887 5213 3101 5268 tandem
3130 5213 3290 5267 latina
3319 5209 3530 5264 Minucii
3558 5207 3723 5262 verba
3744 5247 3759 5272 ,

2158 5311 2201 5364 si
2244 5309 2459 5380 quando
2500 5309 2679 5363 minus
2721 5307 2914 5362 usitata
2961 5317 3052 5361 aut
3092 5306 3392 5361 difficiliora
3436 5311 3759 5366 occurrant,

2159 5402 2353 5457 clarius
2393 5401 2687 5456 enucleari.
2729 5399 2797 5454 At
2833 5400 2887 5453 in
2931 5399 3011 5453 his
3047 5397 3634 5461 auimadversionibus,
3669 5403 3764 5449 aut

2160 5497 2308 5567 plura
2347 5494 2416 5549 ab
2455 5495 2576 5548 aliis
2611 5493 2753 5548 dicta
2794 5493 3021 5562 repetit,
3064 5502 3154 5546 attt
3197 5492 3358 5544 multa
3403 5489 3557 5542 tacita
3590 5488 3760 5541 relin-

2157 5591 2307 5661 quit,
2333 5605 2454 5661 quae
2476 5587 2608 5642 nihil
2631 5590 2842 5644 crete-ris
2862 5587 3042 5642 minus
3066 5585 3402 5655 expositione
3429 5582 3756 5653 indigebant.

2229 5683 2492 5738 Pro-terea
2520 5681 2749 5737 Jacohus
2770 5680 3073 5737 Gronovius
3096 5679 3230 5734 hanc
3253 5678 3492 5732 omnium
3512 5717 3525 5742 ,
3554 5677 3621 5729 de
3641 5675 3762 5745 qui-

2157 5775 2254 5829 bus
2285 5775 2543 5830 hactenus
2571 5776 2808 5846 egimus,
2841 5783 3090 5828 notarum
3121 5769 3764 5832 animadversionumquo

2157 5867 2532 5924 collectionem
2566 5869 2698 5924 nihil
2730 5867 2876 5923 aliud
2905 5879 3026 5924 esse
3053 5867 3277 5931 asserit,
3309 5862 3412 5919 nisi
3445 5855 3760 5922 imt'scsmlt
