4058 6316
443 301 555 361 397

451 522 600 568 textu
623 511 1007 582 digressiones.
1036 511 1106 565 At
1130 519 1279 566 certe
1303 511 1550 580 quamvis
1575 513 1802 568 fateatur
1824 512 2053 568 absurda

449 606 538 660 illa
577 615 633 660 et
667 604 840 660 inutili
879 603 1402 659 animadversionum
1435 603 1644 658 luxurie
1671 602 1919 659 eumdem
1953 603 2052 658 Mi-

449 699 594 755 nucii
622 706 825 754 textum
854 697 1075 752 omnino
1107 703 1432 766 praepostere
1461 695 1615 751 obrui
1645 711 1710 750 ac
1739 696 2011 766 submergi
2035 737 2050 762 ,

450 792 606 862 plura
655 802 830 847 tamen
879 791 934 846 in
973 792 1052 846 eis
1098 790 1298 846 omissa
1339 790 1502 845 fuisse
1538 789 1818 860 deplorat,
1861 791 2055 860 quibus

448 885 775 954 Salmasius,
820 885 1203 952 Brummerus,
1252 884 1561 950 Ernestius,
1609 899 1673 940 ac
1716 886 2053 955 potissimum

447 974 721 1032 Johannes
748 975 986 1031 Pricaeus
1014 976 1204 1032 alienis
1236 977 1290 1030 in
1328 975 1493 1043 locis,
1535 977 1762 1032 obscura
1800 977 2048 1049 qutndam

447 1067 683 1123 auctoris
726 1067 898 1124 nostri
927 1067 1046 1124 loca
1086 1067 1378 1123 emendare
1420 1083 1515 1124 aut
1549 1069 1836 1125 enucleare
1877 1079 2052 1125 tenta-

449 1171 668 1220 verunt.

516 1256 878 1325 Quamobrem
910 1257 954 1312 is
983 1257 1098 1328 ipse
1124 1257 1460 1324 Gronovius,
1493 1258 1547 1313 in
1589 1273 1686 1314 sua
1729 1257 1887 1329 hujus
1929 1258 2052 1314 libri

445 1354 688 1410 omnium
717 1353 904 1409 ultima
931 1352 1202 1420 editione,
1232 1354 1601 1424 superioribus
1641 1353 1746 1409 illis
1787 1355 2050 1409 observa-

447 1447 685 1504 tionibus
704 1489 720 1513 ,
748 1449 794 1504 si
820 1448 1078 1519 quasdam
1107 1447 1312 1503 Ouzelii
1341 1449 1652 1518 exceperis,
1683 1447 1778 1502 has
1803 1446 2050 1503 Salmasii

445 1541 814 1614 aliorumque,
843 1552 899 1598 et
927 1557 1056 1598 suas
1081 1542 1301 1612 adjecit.
1332 1540 1531 1597 Verum
1563 1542 1614 1596 in
1646 1540 1889 1607 easdem,
1918 1557 2052 1612 quas

445 1637 501 1693 in
529 1637 649 1693 aliis
678 1647 822 1693 tanta
841 1637 1168 1694 confidentia
1193 1636 1536 1702 condemnat,
1563 1636 1933 1692 aberrationes
1961 1636 2055 1690 im-

444 1732 740 1802 prudenter
756 1735 976 1788 omnino
990 1732 1266 1788 dilabitur.
1284 1731 1642 1801 Lougioribus
1660 1733 1860 1788 etenim
1883 1731 2052 1801 ipsius

444 1824 800 1895 aliorumque,
831 1841 964 1895 quas
991 1827 1358 1896 transcripsit,
1387 1827 1845 1894 annotationibus,
1875 1835 2053 1881 textus
2082 1820 2131 1880 B

446 1917 666 1974 Minucii
709 1919 868 1991 longe
914 1921 1082 1990 magis
1133 1935 1292 1990 quam
1341 1919 1395 1974 in
1443 1919 1812 1990 superioribus
1862 1919 2056 1974 editio-

446 2012 608 2068 nibus
633 2013 790 2083 plane
819 2013 1098 2084 mergitur.
1127 2012 1320 2068 Plures
1349 2012 1614 2083 siquidem
1647 2012 1829 2068 videre
1859 2020 1942 2068 est
1967 2027 2061 2084 pa-

448 2107 622 2178 ginas,
644 2109 696 2162 in
718 2108 913 2180 quibus
933 2106 1139 2163 nullum
1162 2116 1340 2163 exstat
1357 2106 1568 2162 Minucii
1589 2107 1842 2172 verbum;
1864 2107 1915 2160 in
1938 2107 2058 2161 aliis

447 2215 582 2257 vero
600 2217 705 2257 una
728 2211 932 2258 tantum
952 2245 968 2270 ,
991 2210 1084 2257 aut
1107 2201 1228 2256 duae
1253 2201 1337 2256 vel
1361 2211 1470 2257 tres
1486 2243 1502 2269 ,
1531 2201 1582 2256 in
1605 2201 1818 2258 caneris
1844 2201 2058 2270 paucis-

449 2295 601 2350 sima:
623 2297 790 2366 ipsius
812 2307 988 2352 textus
1013 2297 1186 2350 lineae.
1211 2294 1341 2364 Quis
1364 2295 1522 2365 igitur
1544 2294 1861 2349 difﬁtebitur
1883 2294 2057 2364 ipsum

451 2387 726 2444 Ouzelium
747 2431 764 2458 ,
791 2390 944 2461 cujus
966 2399 1120 2445 notas
1141 2389 1444 2445 Gronovius
1471 2397 1619 2442 tanto
1642 2387 1938 2458 despicatui
1959 2387 2060 2443 du-

452 2482 656 2538 cendas
681 2483 993 2549 arbitratur,
1018 2484 1174 2554 longe
1195 2481 1359 2538 fuisse
1383 2480 1782 2550 prudentiorem
1805 2525 1820 2549 ,
1844 2483 1936 2553 qui
1962 2498 2059 2538 sua

452 2575 512 2632 in
536 2576 771 2632 editione
799 2585 968 2632 totum
992 2577 1368 2648 integrumque
1387 2576 1602 2632 Minucii
1628 2585 1834 2632 textum
1862 2591 2061 2647 reprae-

452 2679 631 2726 sentat
649 2712 664 2737 ,
693 2685 989 2744 omnesque
1013 2685 1138 2727 suas
1161 2669 1660 2726 animadversiones
1684 2669 1752 2724 ad
1779 2670 1922 2726 illius
1946 2671 2061 2728 cal-

457 2776 578 2818 cem
610 2763 798 2832 rejecit
821 2763 845 2817 ?

527 2855 723 2923 Quanti
763 2863 944 2910 autem
983 2854 1272 2920 momenti,
1316 2863 1371 2910 et
1406 2862 1608 2925 quanto
1646 2854 1859 2910 caeteris
1899 2869 2065 2924 pnes-

458 2949 722 3004 tantiores
750 2948 860 3003 sint
887 2948 1131 3019 ejusdem
1152 2947 1407 3004 Gronovii
1439 2959 1612 3012 notae,
1635 2948 1678 3004 si
1707 2947 1847 3004 scire
1875 2963 2061 3012 aveas.

459 3040 515 3096 id
556 3040 650 3098 tibi
687 3041 1005 3112 quibusdam
1047 3042 1310 3113 exemplis
1339 3039 1774 3111 patefaciendum
1804 3052 1907 3098 est.
1942 3041 2062 3097 Pri-

459 3151 608 3192 mum
635 3135 817 3207 itaque
844 3145 1066 3192 annotat
1091 3135 1174 3192 his
1198 3135 1410 3191 Minucii
1434 3137 1642 3192 verbis:
1676 3155 1695 3189 ι
1721 3136 1773 3189 In
1800 3135 2066 3206 praeterita

1811 301 2284 369 DISSERTATIO.

447 419 682 484 molem,
712 417 1001 474 colluviem
1025 415 1292 473 inﬁnitam
1313 458 1329 484 ,
1356 425 1518 490 atque
1543 418 1760 476 insanas
1783 434 1813 475 a
1840 419 2053 476 Minucii
2079 421 2133 481 A
2159 424 2431 486 Gronovio
2450 473 2464 497 ,
2513 433 2565 489 id
2618 435 2798 491 animo
2850 442 3220 513 percepisset?

3648 338 3756 399 398

3267 445 3510 522 Denique
3557 453 3753 512 Jauum

2157 521 2590 592 Brouxhusium,
2640 531 2732 598 qui
2779 543 2904 590 ante
2946 550 3134 593 vocem
3186 559 3205 593 t
3235 521 3487 601 horarum
3523 567 3542 601 ι
3591 552 3752 608 scribi

2157 617 2324 711 voluit
2354 636 2374 670 ι
2396 634 2687 690 paucarum
2706 664 2722 692 ,
2754 645 2773 672 ι
2804 627 3003 685 acriter
3027 634 3280 705 castigat,
3313 638 3568 711 additque
3597 659 3657 700 se
3683 648 3751 703 ab

2157 708 2250 764 illo
2278 712 2424 766 omni
2466 715 2866 774 mendaciorum
2907 724 3403 801 calumniarumque
3431 708 3630 804 genere
3660 753 3751 795 ve-

2157 813 2360 860 xatum.
2404 807 2617 866 Siccine
2658 827 2788 884 ergo
2829 817 2877 871 ei
2922 819 3127 888 potius,
3162 839 3319 893 quant
3351 827 3504 895 aliis,
3537 831 3614 886 fas
3655 833 3754 889 fuit

2157 897 2298 952 notis
2338 898 2669 972 longioribus
2707 922 2816 962 non
2853 911 3026 967 solum
3057 915 3262 986 digredi
3295 920 3362 974 ab
3389 926 3626 980 auctoris
3666 927 3748 983 sui

2156 993 2433 1061 proposito
2454 1035 2468 1058 ,
2499 996 2592 1050 sed
2627 999 2858 1067 privatas
2889 1018 3102 1075 quoque
3132 1007 3355 1079 injurias
3385 1014 3607 1070 ulcisci?

2228 1082 2335 1139 Sed
2382 1085 2642 1156 agedum,
2683 1092 2803 1161 quis
2843 1093 2894 1147 in
2937 1094 3097 1166 hujus
3133 1099 3251 1156 libri
3282 1103 3608 1163 editionibtts
3631 1112 3751 1166 ani-

2157 1175 2588 1273 madversionem
2629 1184 2862 1254 aliquam
2905 1191 3124 1257 protulit
3161 1208 3224 1248 ea
3265 1194 3595 1267 longiorem,
3631 1218 3752 1273 quae

2154 1269 2223 1325 ab
2265 1269 2357 1326 illo
2403 1274 2602 1344 scripta
2646 1287 2729 1333 est
2770 1279 2822 1334 in
2865 1280 2980 1337 haec
3021 1299 3188 1354 pauca
3227 1287 3439 1346 Minucii
3470 1291 3537 1348 de
3571 1269 3753 1352 Dianae

2155 1365 2448 1424 simulacro
2489 1370 2684 1426 verba:
2733 1391 2752 1424 ‹
2778 1373 3022 1432 Mammis
3051 1380 3262 1448 multis,
3306 1394 3360 1438 ct
3400 1386 3632 1442 verubus
3659 1404 3753 1444 ex-

2155 1463 2397 1517 structa?
2420 1462 2526 1519 Sex
2551 1466 2694 1520 enim
2720 1467 2861 1523 illius
2887 1469 3007 1524 libri
3036 1481 3090 1525 et
3113 1475 3340 1544 amplius
3367 1476 3479 1534 haac
3506 1491 3632 1536 nota
3661 1497 3755 1551 pa-

2153 1555 2306 1623 ginas
2345 1555 2556 1625 implet,
2601 1568 2654 1614 et
2693 1560 2898 1633 integra
2930 1560 3000 1617 ibi
3031 1564 3290 1622 llolstenii
3319 1570 3577 1640 Epistula,
3612 1573 3753 1631 haud

2155 1651 2323 1706 semel
2367 1651 2542 1720 edita,
2594 1656 2987 1711 transcribitur.
3037 1657 3229 1716 Nonne
3270 1675 3478 1732 poterat
3515 1683 3668 1735 eam,
3709 1671 3755 1725 si

2156 1760 2378 1801 necesse
2405 1756 2581 1814 esset,
2613 1758 2706 1802 aut
2735 1749 2786 1803 in
2820 1750 2936 1805 libri
2966 1752 3170 1808 calcem
3203 1757 3499 1814 amandare
3519 1801 3534 1826 ,
3564 1771 3656 1817 aut
3685 1778 3754 1820 ex

2158 1836 2248 1892 illa
2288 1839 2739 1909 quemadmodum
2777 1858 2842 1898 ex
2875 1842 3149 1912 Wowcri,
3178 1847 3560 1907 Elmenhorstii
3583 1896 3595 1918 ,
3623 1854 3756 1910 alio-

2159 1948 2386 2002 rumque
2416 1935 2912 2001 observationibus,
2956 1940 3199 2010 qutedant
3236 1942 3476 2000 delibare
3497 1988 3510 2009 ,
3541 1963 3661 2018 quae
3686 1949 3753 2004 ad

2159 2027 2396 2082 auCtoris
2422 2029 2591 2084 nostri
2618 2032 3027 2102 explicationem
3057 2037 3224 2108 magis
3251 2038 3643 2097 conducebant.

2233 2117 2433 2174 Verum
2478 2129 2534 2176 et
2573 2137 2672 2177 nos
2712 2123 2812 2194 ipsi
2857 2125 3126 2197 longiores
3170 2129 3351 2199 utique
3393 2146 3664 2203 essemus,
3711 2137 3755 2192 si

2159 2210 2290 2266 alias
2316 2211 2572 2268 Gronovii
2603 2214 2684 2270 his
2711 2217 2915 2272 similes
2947 2230 3100 2274 notas
3129 2221 3439 2293 singillatim
3472 2240 3756 2283 recensere

2161 2302 2458 2370 vellemus,
2499 2313 2659 2375 atque
2700 2308 2818 2362 illas
2859 2310 2910 2363 iu
2951 2311 3166 2380 primis,
3206 2315 3401 2386 quibus
3442 2320 3758 2375 recentioris

2161 2395 2438 2463 cujusdam
2467 2399 2745 2469 scriptoris
2778 2403 3079 2457 testimonia
3110 2406 3300 2476 gallico
3330 2407 3583 2467 idiomate
3627 2413 3759 2467 scri-

2165 2499 2251 2560 pta
2285 2491 2587 2560 interserit,
2628 2505 2789 2564 atque
2827 2496 3028 2552 Ouzelli
3071 2497 3211 2554 furta
3257 2510 3310 2556 et
3353 2506 3760 2576 compilationes

2163 2585 2362 2654 passim
2392 2585 2587 2657 ubique
2616 2587 2832 2642 indicat.
2863 2590 3024 2658 Quasi
3054 2607 3200 2658 vero,
3236 2593 3318 2649 his
3349 2600 3758 2667 prastermissis,

2165 2685 2342 2732 textus
2370 2677 2585 2733 Minucii
2618 2679 2841 2752 intelligi
2874 2697 2977 2737 non
3011 2686 3282 2753 patuerit?

2237 2769 2419 2841 Neque
2443 2783 2618 2827 tamen
2646 2773 2680 2826 ii
2705 2787 2913 2841 sumus,
2938 2774 3028 2847 qui
3055 2778 3281 2834 aliorum
3307 2782 3545 2838 omnium
3565 2826 3580 2850 ,
3605 2785 3762 2841 sicuti

2167 2861 2500 2927 Gronovius,
2531 2874 2685 2920 notas
2722 2875 2778 2922 et
2814 2868 3307 2927 animadversiones
3352 2873 3765 2945 adspernemur,

2167 2967 2258 3012 aut
2288 2971 2507 3027 prorsus
2542 2958 2906 3030 explodendas
2943 2977 3065 3017 esse
3097 2977 3431 3021 censeamus.
3466 2967 3766 3024 Fatendum

2169 3049 2312 3103 enim
2343 3059 2426 3104 est
2454 3049 2657 3106 variam
2686 3052 2739 3106 in
2769 3053 2849 3108 eis
2877 3067 2996 3108 cum
3028 3054 3307 3125 ipsiusmet
3333 3056 3586 3116 Gronovii
3607 3105 3621 3130 ,
3652 3071 3766 3119 tum

2169 3142 2396 3197 aliorum
2437 3144 2796 3200 eruditionem
2840 3145 3131 3203 identidem
3172 3150 3543 3222 deprehendi,
3593 3156 3766 3229 iiSquc

460 3229 640 3285 redire
661 3271 676 3294 ,
709 3248 730 3282 ι
765 3228 1198 3285 efficacissimam
1231 3229 1476 3285 exhiberi
1503 3245 1646 3285 verte
1681 3229 2064 3301 jucunditatis,
2094 3223 2140 3286 C
2172 3235 2426 3307 explicari
2457 3237 2741 3294 nonnullos
2764 3237 2977 3294 Minucii
3002 3241 3345 3300 obscuriores
3372 3245 3622 3316 loquendi
3651 3223 3767 3305 ino-

462 3322 748 3393 praeteritis
797 3321 1008 3393 gaudiis
1061 3330 1366 3392 perceptae,
1422 3321 1863 3393 descriptionem.
1913 3321 2066 3390 Quod

462 3416 681 3488 quidem
711 3416 801 3472 ille
831 3417 991 3472 Tullii
1016 3425 1070 3472 et
1103 3416 1413 3487 Vespasiani
1443 3418 1738 3487 exemplis,
1783 3417 1914 3472 nihil
1956 3431 2070 3471 ma-

463 3512 578 3584 gis,
607 3527 766 3583 quam
794 3513 897 3568 alia
923 3514 1227 3579 innumera,
1257 3511 1322 3566 ad
1352 3511 1685 3582 propositum
1713 3511 2030 3566 facientibus
2050 3552 2065 3579 ,

464 3606 696 3677 probare
746 3615 994 3662 conatur.
1049 3605 1203 3661 Tunc
1253 3605 1510 3660 continuo
1563 3604 1642 3658 sic
1691 3605 2067 3674 prosequitur:

474 3719 493 3752 ι
522 3699 679 3757 Certe
707 3699 850 3770 quod
882 3700 971 3756 hic
996 3699 1170 3764 oculi,
1202 3700 1253 3754 in
1285 3699 1406 3754 aliis
1446 3707 1627 3768 potest
1663 3698 1881 3752 efficere
1917 3700 2067 3768 cogi-

469 3795 635 3860 tatio;
665 3794 829 3850 immo
857 3810 924 3850 ne
949 3794 1142 3860 vivam,
1169 3793 1213 3848 si
1238 3807 1344 3847 non
1362 3793 1478 3846 haec
1500 3790 1726 3846 felicitas
1748 3806 1836 3846 me
1860 3806 1954 3860 per
1977 3805 2072 3844 au—

469 3902 571 3944 nos
615 3902 762 3944 meos
803 3889 1120 3951 comitetur;
1169 3895 1228 3941 ut
1271 3895 1326 3942 et
1373 3885 1666 3940 domestica
1713 3901 1799 3940 me
1842 3883 2072 3939 felicitas

469 3982 797 4048 consoletur,
852 3991 909 4037 et
960 3980 1320 4052 Cantabrigize
1371 3979 1543 4034 vivam
1585 3994 1705 4035 cum
1729 3978 1815 4035 ιο.
1846 3980 2074 4035 Pearso—

471 4077 585 4142 nio,
612 4076 840 4156 Lutetiae
863 4091 986 4132 cum
1009 4075 1179 4131 Henr.
1201 4073 1422 4130 Valesio
1438 4116 1451 4140 ,
1476 4073 1767 4128 Florentiae
1793 4087 1913 4128 cum
1941 4072 2068 4127 Ant.

469 4168 898 4240 Magliabequio,
925 4167 1057 4224 viris
1086 4167 1154 4223 ab
1183 4166 1350 4222 ommi
1380 4165 1637 4221 doctrinae
1677 4164 1832 4220 laude
1873 4165 2071 4220 beatis-

471 4261 625 4319 simis
665 4262 720 4320 in
756 4271 1040 4318 :eternum.
1072 4280 1091 4313 ι
1131 4260 1326 4330 Papze,
1369 4273 1528 4330 quam
1575 4257 1868 4328 praeclara,
1914 4271 2075 4326 quam

474 4354 720 4422 erudita,
763 4370 922 4424 quam
954 4353 1256 4408 necessaria
1286 4361 1402 4406 erat
1429 4351 1545 4407 haec
1574 4351 1911 4406 observatio!
1945 4349 2076 4417 Quis

472 4467 752 4522 umquam,
780 4466 843 4506 ea
869 4449 1247 4520 praetermissa,
1280 4447 1568 4502 Minucium
1597 4447 1740 4502 clare
1767 4446 1988 4501 omnino
2015 4454 2077 4501 et

473 4545 760 4614 perspicue
786 4545 1093 4615 loquentem
1125 4542 1311 4598 audire
1340 4542 1650 4612 potuisset?

2169 3329 2269 3385 dos
2287 3371 2302 3396 ,
2329 3346 2390 3386 ac
2414 3331 2574 3386 verba
2605 3333 2848 3402 qutcdam
2878 3349 2909 3386 a
2941 3333 3160 3390 librario
3195 3335 3336 3393 foede
3361 3351 3634 3411 corrupta.
3659 3341 3767 3398 Sed

2172 3423 2274 3478 alia
2305 3423 2479 3479 adhuc
2505 3437 2824 3496 supersunt,
2856 3444 2976 3498 qua:
3018 3430 3282 3486 medicam
3324 3449 3540 3490 manum
3579 3446 3771 3506 postu-

2172 3519 2314 3588 lant,
2339 3529 2395 3575 et
2419 3537 2538 3592 qua:
2568 3523 2924 3592 explicatione
2945 3539 3103 3594 egere
3128 3541 3288 3582 nemo
3312 3544 3444 3585 sane
3472 3533 3766 3601 negaverit.

2171 3612 2318 3669 Nova
2362 3630 2491 3685 ergo
2530 3614 2689 3686 hujus
2727 3617 2847 3672 libri
2892 3617 3056 3672 editio
3085 3622 3296 3677 CiBlCI'iS
3328 3625 3493 3695 magis
3519 3636 3770 3682 accurata

2173 3715 2226 3760 et
2265 3706 2528 3776 perfecta,
2571 3707 2640 3762 ab
2676 3709 2857 3779 aliquo
2898 3710 3108 3766 erudito
3160 3713 3480 3788 sinceroque
3533 3720 3772 3776 veritatis

2172 3808 2445 3867 amatore,
2491 3814 2590 3856 nec
2631 3802 2869 3872 partibus
2916 3803 3028 3860 suis
3057 3804 3278 3862 nimium
3308 3808 3574 3880 studenti,
3607 3811 3768 3868 ador—

2174 3892 2290 3947 nari
2320 3893 2502 3963 procul
2529 3893 2693 3950 dubio
2722 3903 2918 3964 potest.

2781 4067 3079 4112 ARTICULUS
3108 4070 3165 4110 ν.

2248 4180 2328 4236 De
2362 4184 2616 4253 corruptis
2641 4194 2728 4239 aut
2757 4189 3100 4258 corruptionis
3129 4195 3374 4263 suspectis
3401 4195 3701 4267 quibusdam

2727 4279 2881 4350 hujus
2909 4282 3025 4336 libri
3053 4283 3198 4338 locis.

2249 4438 2382 4493 Cum
2405 4454 2544 4495 unus
2563 4447 2770 4495 tantum
2799 4440 2954 4497 nobis
2981 4445 3216 4512 supersit
3244 4445 3403 4517 hujus
3434 4449 3553 4506 libri
3583 4467 3769 4510 manu-

2177 4532 2408 4602 scriptus
2435 4532 2609 4589 codex
2639 4535 2850 4605 regius,
2890 4551 2997 4590 non
3035 4537 3228 4592 mirum
3267 4556 3429 4608 sane,
3483 4546 3527 4600 si
3569 4546 3621 4600 iu
3667 4563 3766 4602 au-

549 4637 652 4694 Ubi
691 4654 820 4694 vero
860 4637 1110 4693 amemus
1147 4636 1284 4691 dim
1328 4655 1348 4688 ί
1377 4635 1600 4690 nebulas
1640 4649 1855 4706 semper
1893 4633 2073 4690 adole-
2099 4627 2155 4688 Ι)
2179 4625 2342 4680 ctoris
2369 4635 2513 4680 textu
2540 4625 2683 4680 varia
2706 4637 2988 4682 occurrant
3015 4628 3244 4698 imperiti
3270 4640 3319 4685 et
3349 4633 3511 4690 latine
3535 4638 3774 4694 nescien-

473 4745 650 4797 scere,
677 4750 696 4783 ι
746 4728 817 4786 ibi
843 4729 989 4800 plura
1018 4728 1088 4785 de
1111 4729 1300 4798 graecis
1324 4727 1626 4783 nominibus
1650 4737 1844 4799 mea»
1871 4737 1924 4784 et
1949 4736 2077 4800 νέφος

478 4821 603 4880 ideo
631 4824 903 4894 congerit,
935 4839 1041 4879 non
1073 4832 1131 4877 ut
1167 4822 1408 4878 auctoris
1437 4822 1519 4877 sui
1562 4830 1771 4878 textum
1808 4821 2076 4891 explicet,

476 4918 575 4975 sed
604 4930 661 4974 ut
687 4919 981 4985 Priczeum,
1013 4927 1067 4972 et
1096 4915 1359 4973 Gallicum
1391 4914 1550 4986 hujus
1578 4915 1696 4970 libri
1729 4915 2077 4986 interpretem

480 5013 796 5085 redarguztt.

550 5105 655 5162 Sed
701 5106 911 5176 longius
945 5103 1121 5164 adhuc
1161 5115 1346 5176 postea
1386 5113 1661 5176 evagatur,
1703 5103 1794 5160 ubi
1829 5103 2080 5161 Caecilius

479 5197 803 5254 Christianis
845 5198 1044 5266 obiecit
1081 5199 1285 5253 nullum
1332 5214 1404 5254 ex
1446 5197 1634 5253 inferis
1675 5197 1758 5252 vel
1802 5196 2081 5252 Protesilai

481 5299 631 5347 sorte
676 5305 983 5357 remeasse,
1031 5309 1050 5343 ι
1079 5291 1334 5346 horarum
1382 5290 1575 5346 saltem
1624 5289 1888 5360 permisso
1933 5302 2082 5343 com-

481 5395 684 5442 meatu.
711 5401 730 5437 ι
765 5384 1001 5440 Primum
1046 5384 1189 5440 enim
1237 5399 1335 5452 nos
1371 5382 1461 5438 ille
1507 5383 1762 5438 admonet
1805 5379 1933 5435 nihil
1981 5380 2084 5435 hac

482 5477 648 5534 latina
677 5476 1045 5534 enuntiatione
1073 5492 1195 5532 esse
1222 5486 1313 5531 aut
1343 5477 1617 5532 venustius
1640 5516 1657 5543 ,
1689 5484 1780 5528 aut
1808 5473 1950 5544 quod
1982 5473 2084 5543 ipsi

481 5570 655 5639 magis
696 5569 975 5638 placuerit.
1019 5568 1226 5624 Deinde
1264 5584 1393 5624 vero
1433 5567 1551 5624 fuse
1595 5567 1810 5636 lateque
1849 5564 2038 5634 probat
2061 5604 2078 5630 ,

485 5660 592 5722 hoc
628 5660 746 5716 solo
774 5671 831 5718 et
858 5660 1086 5732 eleganti
1125 5661 1362 5732 genitivo
1398 5677 1417 5712 ι
1449 5661 1701 5715 horarum
1735 5677 1754 5710 ι
1789 5655 2083 5727 significari

484 5752 732 5823 exiguam
757 5752 1014 5823 temporis
1041 5761 1280 5822 partem,
1303 5768 1422 5824 qute
1444 5768 1551 5808 non
1579 5751 1718 5806 ultra
1749 5765 1912 5806 unum
1937 5748 2084 5806 diem

487 5847 830 5913 processerit.
865 5846 996 5916 Quis
1027 5863 1314 5919 umquam,
1347 5846 1542 5903 amabo
1574 5854 1626 5902 te
1651 5886 1666 5915 ,
1700 5845 1799 5902 nisi
1832 5853 2085 5902 monente

2180 4718 2246 4771 tis
2275 4717 2473 4773 librarii
2513 4729 2722 4783 errata,
2766 4735 2886 4790 quae
2927 4729 3005 4776 tot
3045 4722 3373 4779 scholiorum
3417 4737 3772 4804 netarumque

2181 4811 2414 4868 editores
2454 4813 2543 4867 vel
2584 4814 2778 4870 intacta
2824 4815 3161 4884 praeteriere,
3202 4819 3286 4874 vel
3323 4822 3644 4892 conjecturis
3679 4839 3773 4885 aut

2183 4922 2368 4978 parum
2396 4907 2558 4962 certis
2587 4916 2678 4962 aut
2708 4907 2856 4963 falsis
2884 4907 3173 4965 emendare
3203 4913 3380 4966 conati
3409 4924 3554 4971 sunt.
3588 4917 3664 4974 De
3692 4920 3773 4975 his

2182 5000 2362 5071 itaque
2386 4999 2519 5055 locis
2538 5001 2804 5070 corruptis
2828 5010 2919 5056 aut
2939 5004 3300 5072 corruptionis
3325 5011 3609 5077 suspectis,
3639 5028 3774 5082 prac-

2186 5103 2265 5148 ter
2291 5107 2386 5161 ea,
2415 5108 2535 5164 qua:
2562 5091 2788 5149 inferius
2807 5135 2820 5158 ,
2855 5094 2943 5149 ubi
2975 5096 3186 5150 occasio
3217 5102 3568 5166 opportunior
3596 5119 3653 5160 sc
3679 5105 3773 5162 de-

2184 5184 2361 5248 derit,
2395 5184 2660 5248 dicentur,
2693 5184 2779 5240 hic
2806 5185 3005 5254 aliquid
3037 5189 3419 5257 promendum,
3451 5202 3504 5248 et
3533 5195 3734 5252 medica
3755 5239 3770 5266 ,

2183 5279 2229 5333 si
2263 5277 2375 5332 fieri
2409 5277 2611 5347 possit,
2643 5291 2834 5332 manus
2861 5277 2940 5331 eis
2967 5276 3291 5333 adhibenda.

2256 5371 2493 5426 Primum
2553 5370 2712 5441 igitur
2765 5370 3137 5439 suspiCabatur
3191 5371 3486 5442 Meursius,
3543 5378 3595 5432 itt
3670 5380 3774 5437 hoc

2184 5467 2389 5522 Octavii
2429 5467 2579 5529 loco,
2612 5465 2700 5518 ubi
2737 5463 2998 5519 Minucius
3023 5464 3193 5520 dixit:
3231 5486 3249 5519 ί
3277 5466 3410 5523 Cum
3441 5470 3678 5527 diluculo
3709 5476 3777 5530 ad

2185 5575 2333 5615 mare
2378 5557 2788 5624 inambulando,
2835 5567 2940 5614 etc.
2975 5577 2993 5610 ι
3046 5557 3241 5615 Caecilii
3290 5563 3518 5620 aliorum
3567 5571 3780 5625 comitis

2187 5669 2380 5709 nomen
2411 5651 2691 5707 omissum.
2735 5650 2840 5706 Sed
2873 5667 3179 5722 perperam.
3209 5653 3340 5708 Nam
3375 5671 3497 5712 mox
3529 5674 3648 5713 eum
3679 5660 3778 5714 Mi-

2185 5747 2374 5802 nucius
2413 5745 2629 5799 nomine
2667 5757 2767 5798 suo
2793 5744 3060 5813 appellat;
3104 5755 3157 5798 et
3195 5747 3355 5816 paulo
3387 5759 3503 5818 post
3529 5749 3782 5806 Octavius

2185 5841 2332 5898 illum
2365 5847 2520 5894 vocat
2553 5857 2572 5890 ι
2604 5837 2874 5892 hominem
2910 5837 3061 5893 domi
3094 5838 3329 5911 forisque
3358 5860 3375 5894 ι
3412 5842 3624 5899 Minucii
3659 5863 3677 5899 ‹
3707 5845 3785 5902 la-
