4058 6316
307 291 417 351 599

305 500 463 556 facile
486 496 682 554 Caecilii
714 510 908 551 nomen
940 494 1007 549 ab
1033 493 1284 549 omnibus
1313 505 1472 562 posse
1498 492 1757 562 suppleri.

379 590 695 647 Observavit
723 587 987 659 Rigaltius
1012 585 1299 643 Minucium
1318 628 1333 652 ,
1360 584 1430 641 de
1457 585 1710 641 ﬂuctibus
1740 586 1904 644 maris

305 682 691 746 disserentem,
719 679 952 735 dixisse:
985 699 1003 731 ο
1029 678 1232 750 Crispis
1262 678 1562 750 torosisque
1591 678 1787 734 ibidem
1814 695 1903 736 er-

300 775 519 832 roribus
543 772 815 830 delectati.
844 791 863 825 ι
891 772 1092 829 Verum
1126 772 1178 826 in
1211 771 1575 842 manuscripto
1605 772 1792 842 codice
1816 788 1904 830 re-

298 869 389 939 gio
418 868 591 939 prima
618 867 812 939 prioris
841 866 1076 923 nominis
1117 866 1299 938 crispis
1341 865 1518 921 littera
1548 864 1588 921 C
1608 908 1623 933 ,
1655 876 1900 924 correcta

296 961 435 1026 fuit,
467 970 521 1017 et
558 961 659 1016 alia
702 975 822 1031 qua:
864 959 1006 1015 hanc
1043 959 1415 1030 prteeedebat,
1454 959 1628 1018 deleta
1659 960 1894 1031 videtur,

297 1051 746 1125 quemadmodum
773 1060 829 1107 et
852 1051 937 1107 illa
962 1067 1083 1122 qua:
1107 1052 1161 1107 in
1186 1066 1319 1108 voce
1346 1053 1527 1107 torosis
1555 1052 1730 1109 media
1758 1061 1893 1111 erat.

297 1145 658 1214 Quamobrem
700 1143 915 1215 quidam
947 1145 1017 1200 ibi
1044 1144 1325 1215 legendum
1351 1154 1602 1215 putarunt
1636 1147 1897 1212 tortuosis;

293 1239 386 1292 alii
430 1238 566 1293 bene
601 1253 629 1289 a
674 1237 893 1292 librario
933 1247 1237 1294 correctum
1281 1239 1487 1294 torosis.
1519 1239 1650 1306 Quae
1677 1239 1894 1311 quidem

290 1330 452 1386 lectio
483 1330 739 1401 probatur
770 1330 1016 1403 Rigaltio.
1053 1330 1185 1387 Nam
1216 1348 1458 1388 venarum
1478 1375 1491 1398 ,
1523 1333 1723 1404 inquit,
1757 1345 1895 1392 toros

291 1424 474 1480 medici
524 1424 729 1493 dixere,
778 1434 824 1479 et
862 1425 1110 1496 jubarum
1153 1436 1292 1483 toros
1336 1438 1517 1501 poetae.
1568 1428 1675 1485 Sed
1721 1431 1892 1502 magis

289 1516 358 1570 ad
402 1516 617 1573 Minucii
660 1518 997 1589 propositum
1040 1519 1207 1577 citare
1248 1528 1456 1592 poterat
1499 1521 1644 1578 hunc
1683 1522 1891 1595 Virgilii

287 1621 537 1664 versum:

381 1722 716 1797 librarumque
749 1733 900 1789 toros,
928 1731 983 1777 et
1006 1734 1143 1791 prata
1165 1729 1389 1780 recentia
1424 1730 1547 1781 rivis

379 1786 661 1838 Incolimus.
884 1786 893 1789 ⁷
1010 1786 1023 1791 “

847 1851 1043 1917 (Virgil.
1069 1852 1105 1902 ι.
1127 1852 1192 1905 VI
1219 1851 1415 1905 JEneid.
1448 1870 1495 1905 v.
1517 1855 1668 1921 67L)

285 1974 478 2031 Postea
505 1990 631 2033 vero
653 1976 705 2032 in
728 1977 913 2034 codice
938 1980 1086 2050 regio
1108 1979 1366 2051 legimus:
1396 2000 1416 2033 ε
1437 1981 1669 2039 Facilius
1691 1983 1742 2039 in
1765 1998 1888 2041 con-

290 2067 664 2125 tubernalibus
689 2068 1000 2141 disputare,
1043 2087 1203 2143 quam
1233 2088 1521 2131 conserere
1562 2077 1882 2146 sapientium

284 2159 449 2216 modo
482 2160 533 2216 in
566 2161 711 2229 istis,
744 2172 846 2219 etc.
874 2182 893 2215 ι
921 2164 1050 2232 Qua:
1077 2166 1294 2236 quidem
1324 2166 1614 2238 depravata
1644 2169 1885 2241 pluribus

284 2266 568 2326 apparent.
600 2257 959 2326 Quamobrem
990 2260 1156 2333 aliqui
1183 2262 1384 2332 opinati
1415 2271 1543 2319 sunt
1575 2264 1880 2336 legendum,

288 2366 492 2420 squam
519 2366 808 2409 conserere
833 2354 1062 2425 sapienti
1095 2372 1345 2412 manum:
1374 2376 1393 2411 ι
1415 2358 1503 2413 alii
1530 2374 1659 2415 vero
1681 2378 1700 2411 ι
1720 2375 1882 2431 quam

278 2457 570 2501 conserere
591 2447 915 2518 sapientium
945 2448 1139 2517 modo,
1167 2470 1186 2504 ο
1216 2451 1268 2507 id
1295 2460 1413 2518 est,
1445 2453 1586 2510 sicut
1611 2457 1883 2525 sapientes

276 2538 419 2593 inter
444 2554 504 2593 se
529 2539 763 2611 colloqui
791 2550 845 2597 et
870 2541 1150 2614 disputare
1177 2544 1372 2601 solent.
1400 2545 1470 2602 At
1493 2548 1618 2619 quia
1643 2547 1745 2606 hoc
1772 2564 1884 2606 ver-

280 2629 409 2686 bum
447 2650 467 2683 ‹
492 2645 813 2703 conserere,
840 2653 860 2688 ›
892 2634 1066 2691 solum
1090 2677 1107 2705 ,
1135 2651 1199 2692 ac
1224 2637 1340 2694 sine
1369 2638 1550 2695 addito
1579 2640 1758 2712 aliquo
1784 2657 1882 2698 no-

276 2725 459 2793 mine,
503 2735 629 2795 puta
669 2742 914 2794 manum,
958 2744 1220 2799 pugnam,
1260 2730 1476 2796 bellum,
1517 2743 1609 2787 aut
1646 2733 1772 2804 quid
1809 2733 1881 2789 si-

278 2818 444 2881 ‘mile.
476 2819 562 2873 vix
606 2835 859 2892 umquam
899 2837 929 2876 a
969 2822 1126 2880 bouis
1165 2824 1518 2895 scriptoribus
1556 2826 1877 2897 adhibetur,

286 2910 417 2965 nihil
464 2912 647 2982 procul
687 2912 849 2968 dubio
890 2914 1059 2983 certi,
1108 2914 1226 2972 sine
1270 2916 1490 2974 alterius
1530 2920 1881 2993 manuscripti

284 3004 487 3062 codicis
517 3006 715 3061 auxilio
743 3006 952 3063 deﬁniri
987 3018 1183 3079 potest.

344 3097 513 3152 Paulo
540 3108 660 3168 post
684 3098 930 3157 Caecilius
954 3117 983 3157 a
1012 3101 1243 3159 Minucio
1269 3105 1433 3176 petit,
1464 3116 1522 3163 ut
1547 3108 1600 3163 in
1628 3123 1725 3166 sua
1752 3124 1876 3167 cum

1594 282 1681 340 DE
1718 281 1975 344 MINUCll
2011 282 2308 345 OCTAVIO
3047 354 3060 363 ,
3163 354 3251 362 ---Α

306 408 407 464 teri
458 402 832 460 inhaerentem.
866 418 885 454 ι
921 401 990 457 At
1030 398 1156 457 inde
1195 397 1329 454 satis
1369 395 1542 470 liquet
1580 398 1747 468 priori
1786 399 1908 456 loco
1933 398 1988 460 A
2010 401 2285 458 subaudiri
2314 400 2514 460 debent
2536 401 2652 459 hmo
2676 400 2784 460 duo
2807 401 3005 470 verba,
3039 420 3059 456 α
3080 416 3175 460 sua
3202 404 3455 470 materia,
3484 423 3503 458 δ
3531 415 3613 462 at-

3505 289 3618 350 ιοο

2011 508 2119 564 que
2140 511 2210 550 ex
2235 496 2319 552 bis
2338 495 2606 567 suppleri,
2626 512 2747 568 qua:
2767 496 2855 552 illa
2878 497 2956 554 sic
2979 498 3334 554 antecedunt:
3360 515 3379 549 ι
3399 494 3611 555 Ctelum

2009 583 2135 640 licet
2159 586 2499 657 suspenderit
2521 602 2618 643 sua
2645 589 2868 646 materia
2887 633 2901 657 ,
2931 589 3056 646 licet
3083 600 3282 646 terram
3310 589 3613 647 fundaverit

2008 678 2277 748 pondere:
2304 697 2324 731 ι
2358 679 2409 736 id
2441 691 2555 750 est,
2589 681 2786 738 ctelum
2824 681 3048 739 materia
3087 697 3188 739 sua
3228 682 3603 753 susltenderit,

2006 779 2063 825 et
2091 778 2291 827 terram
2322 787 2416 830 sua
2446 789 2658 847 quoque
2686 776 2909 832 materia
2926 818 2942 846 ,
2970 791 3092 849 qua:
3117 791 3299 833 crassa
3326 786 3382 834 et
3408 776 3613 849 ponde-

2004 874 2129 918 rosa
2157 873 2276 932 est,
2310 864 2549 935 pondere
2577 864 2903 924 fundaverit.

2073 953 2523 1028 Corruptissimus
2550 975 2678 1017 vero
2707 970 2790 1017 est
2818 961 2907 1018 hic
2935 962 3114 1029 locus,
3149 962 3203 1019 in
3234 962 3608 1035 manuscripto

2002 1051 2150 1123 regio
2175 1053 2361 1110 codice
2391 1055 2461 1110 ita
2490 1054 2823 1128 descriptus:
2858 1076 2877 1110 ι
2903 1058 2974 1115 At
3003 1058 3166 1115 etiam
3207 1059 3376 1131 κρῖαηὶ
3411 1068 3607 1130 φιαωᾶ

2001 1153 2098 1197 urat
2115 1188 2129 1213 ,
2156 1161 2276 1215 quae
2301 1157 2549 1218 portenta
2569 1151 2920 1222 conﬁngunt?
2939 1170 2959 1205 ι
2983 1151 3124 1220 Quid
3143 1151 3286 1207 enim
3310 1151 3427 1209 lucc
3444 1152 3608 1210 verba

1999 1236 2301 1304 significent
2317 1279 2333 1305 ,
2356 1238 2502 1297 dictu
2527 1240 2927 1300 difficillimum.
2952 1244 3216 1315 Rigaltius
3237 1253 3416 1302 autem
3437 1261 3500 1303 ea
3526 1246 3608 1304 sic

1998 1327 2264 1386 reddidit:
2290 1350 2309 1384 ι
2332 1330 2404 1387 At
2423 1334 2586 1390 etiam
2608 1334 2901 1393 Christiani
2924 1353 3027 1409 qua
3048 1337 3103 1393 in
3127 1347 3234 1394 tam
3257 1348 3461 1407 nostra,
3483 1354 3607 1412 quze

1996 1431 2243 1493 portenta
2270 1426 2617 1499 conﬁngunt?
2644 1449 2662 1483 ι
2683 1445 2856 1503 eaque
2882 1431 2951 1487 ab
2980 1433 3097 1503 ipso
3124 1433 3204 1489 sic
3231 1433 3600 1504 explicantur:

2004 1531 2023 1564 ι
2046 1513 2339 1573 Christiani
2370 1534 2476 1590 qua
2506 1529 2633 1577 sunt
2662 1523 2718 1577 in
2747 1522 2911 1580 urbes
2945 1523 3144 1593 Italiaa,
3186 1525 3239 1580 in
3274 1525 3453 1597 populi
3491 1524 3604 1582 Ro-

1996 1609 2139 1664 mani
2167 1613 2498 1682 provincias,
2530 1615 2582 1670 in
2614 1624 2720 1671 tam
2750 1627 2931 1673 nostra
2957 1617 3172 1685 diffusi,
3201 1635 3322 1691 qua:
3350 1628 3598 1690 portenta

1993 1703 2343 1774 conﬁngunt?
2368 1725 2389 1759 ι
2421 1706 2618 1764 Verum
2648 1709 2788 1767 hanc
2814 1711 3099 1769 lectionem
3138 1721 3195 1769 et
3231 1712 3598 1784 conjecturam

1917 1805 1969 1865 Β
1995 1808 2154 1850 nemo
2181 1809 2396 1854 secutus
2419 1808 2520 1856 est.
2562 1801 2924 1870 Quamobrem
2961 1805 3053 1861 alii
3088 1821 3279 1863 omnes
3319 1807 3599 1866 emendari

1990 1888 2308 1947 voluerunt:
2335 1910 2354 1945 ι
2377 1893 2635 1963 ρυωηωη
2664 1907 2906 1955 monstra
2924 1940 2939 1966 ,
2971 1915 3093 1971 qua:
3122 1911 3367 1971 portenta
3393 1900 3599 1958 conﬁn-

1990 1981 2161 2051 gunt?
2184 2000 2205 2034 ι
2231 1981 2302 2038 Ει
2342 1983 2457 2042 lucc
2495 1988 2713 2058 quidem
2751 1991 3122 2062 superioribus
3161 2001 3217 2050 et
3254 1993 3597 2067 subsequen-

1994 2072 2139 2130 tibus
2169 2075 2338 2148 magis
2369 2081 2696 2137 conveniunt
2724 2083 2921 2140 verbis.
2953 2084 3059 2141 Sed
3089 2084 3218 2158 quid
3248 2085 3476 2144 deﬁnire
3502 2103 3599 2145 au-

1990 2167 2150 2234 deas,
2181 2170 2270 2225 ubi
2296 2172 2484 2229 unicus
2504 2183 2589 2231 est
2610 2178 3006 2250 manuscriptus
3024 2179 3195 2239 codex
3213 2222 3231 2249 ,
3262 2180 3415 2253 isque
3441 2180 3600 2254 plane

1989 2270 2309 2334 corruptus,
2343 2267 2446 2322 nisi
2472 2269 2637 2325 alium
2666 2271 2947 2329 meliorem
2977 2274 3288 2331 inveneris?

2062 2356 2164 2413 Ubi
2205 2373 2332 2415 vero
2374 2359 2639 2420 Minucius
2672 2380 2744 2420 ex
2779 2369 3044 2424 creaturis
3086 2367 3252 2425 Deum
3293 2379 3598 2430 creatorem

1987 2452 2222 2509 existere
2247 2455 2507 2525 ostendit,
2537 2458 2605 2515 ibi
2636 2458 2805 2516 dixit:
2835 2479 2854 2512 ι
2886 2461 3134 2534 Hyberna
3162 2464 3373 2520 olivitas
3400 2481 3594 2524 neces-

1986 2546 2149 2603 saria.
2179 2565 2198 2599 »
2226 2547 2331 2603 Sed
2362 2564 2621 2620 quorsum
2653 2552 2768 2609 hmo
2796 2553 2862 2610 ad
2889 2555 3104 2613 Minucii
3142 2557 3444 2617 inStitutum
3465 2602 3481 2629 ,
3511 2562 3597 2618 in-

1984 2638 2100 2709 quit
2141 2639 2443 2713 Rigaltius?
2480 2644 2763 2719 Plerisque
2805 2650 2950 2707 enim
2995 2652 3047 2707 in
3090 2654 3399 2725 regionibus
3438 2656 3594 2714 oliva:

1985 2746 2092 2788 non
2135 2737 2479 2805 proveniunt.
2533 2740 2757 2809 Melius,
2802 2745 2976 2815 pergit
3020 2745 3148 2814 ille,
3199 2749 3363 2806 scribi
3407 2749 3596 2809 debuit

1989 2841 2010 2875 ι
2033 2823 2272 2897 ltyberna
2300 2829 2501 2902 uligo,»
2525 2848 2629 2903 qua
2659 2832 2855 2892 humus
2884 2836 3098 2907 hyeme,
3123 2840 3267 2895 velut
3292 2841 3436 2897 olivo
3463 2858 3588 2913 per-

1982 2915 2135 2987 fusa,
2167 2923 2412 2991 quiescit.
2457 2926 2529 2981 At
2569 2928 2702 2984 satis
2741 2929 2831 2986 ille
2871 2946 2979 2988 non
3021 2934 3401 2993 animadvertit
3438 2937 3586 3009 quod

1981 3012 2121 3083 apud
2148 3013 2499 3075 Columellam
2545 3020 2801 3094 legimus:
2839 3043 2858 3078 (
2886 3025 3060 3083 Media
3097 3039 3182 3085 est
3220 3030 3433 3086 olivitas
3475 3032 3588 3102 ple-

1979 3120 2206 3178 rumque
2234 3109 2444 3167 initium
2476 3116 2679 3171 mensis
2709 3116 3048 3187 Decembris;
3078 3137 3201 3177 nam
3229 3135 3285 3180 et
3322 3133 3449 3180 ante
3485 3124 3591 3183 hoc

274 3189 497 3246 Octavio
524 3189 888 3261 disputatione
915 3193 1105 3250 libram
1136 3204 1315 3253 teneat
1340 3199 1631 3269 aequissimi
1654 3202 1871 3273 judicis.
1904 3208 1949 3273 C
1983 3206 2198 3272 tempus
2235 3205 2490 3262 acerbum
2522 3208 2699 3265 oleum
2728 3211 3016 3269 conﬁcitur
3073 3214 3313 3288 (Colum.
3345 3217 3435 3273 lib.
3475 3233 3584 3287 stt,

275 3303 295 3336 ι
318 3283 395 3339 Ac
422 3283 549 3338 milii
580 3286 731 3355 quasi
756 3283 996 3356 ignarus,
1020 3307 1040 3340 ι
1064 3286 1133 3343 ita
1162 3303 1286 3345 eum
1312 3290 1635 3362 alloquitur:
1668 3313 1688 3348 ι
1708 3298 1874 3368 partis

268 3378 549 3450 utriusque
576 3379 851 3436 considas.
882 3401 901 3434 ι
939 3381 1136 3437 Verum
1165 3383 1419 3441 Ouzelius
1443 3394 1632 3442 contra
1672 3387 1874 3445 codicis

266 3470 402 3541 regii
448 3469 607 3526 ﬁdem
649 3471 755 3537 ibi,
796 3471 933 3528 sicut
980 3473 1032 3528 in
1075 3473 1365 3532 Oxoniensi
1403 3476 1676 3547 editione,
1705 3479 1876 3535 corri-

265 3562 504 3634 gendum
534 3572 753 3620 ccnset:
790 3584 809 3618 ε
833 3564 1056 3621 Mihi....
1086 3567 1361 3637 conﬁdas;
1387 3589 1406 3623 »
1438 3572 1871 3643 quandoquidem

265 3656 637 3728 grammaticis
666 3657 813 3713 dictu
844 3658 1154 3716 inusitatum
1182 3671 1295 3718 est:
1333 3681 1352 3716 ι
1377 3662 1547 3720 Judex
1581 3666 1711 3721 mihi
1742 3682 1873 3723 con-

266 3749 424 3806 ﬁdas.
454 3770 473 3803 ›
502 3752 571 3806 At
599 3766 781 3809 nonne
807 3752 951 3823 apud
982 3753 1262 3826 Virgilium
1290 3772 1436 3828 saepe
1465 3758 1657 3831 legitur
1685 3761 1830 3817 arvis
1851 3803 1867 3828 ,

269 3845 506 3913 mensis,
553 3847 802 3902 transtris
842 3848 1164 3906 considere?
1203 3848 1313 3906 Cur
1350 3866 1479 3923 ergo
1521 3851 1602 3909 fas
1639 3853 1871 3913 Minucio

262 3955 369 3996 non
413 3939 511 3994 fuit
551 3940 824 3997 scribere:
869 3961 888 3993 ι
917 3941 1087 3999 Judex
1131 3943 1262 4000 mihi
1301 3946 1584 4013 considas;
1613 3967 1632 4001 ι
1674 3964 1797 4005 cum
1837 3965 1869 4006 a

262 4030 529 4089 Cicerone
573 4034 734 4089 etiam
775 4034 1003 4106 aliisque
1042 4037 1376 4106 politissimis
1404 4042 1759 4113 scriptoribus
1784 4043 1866 4101 di-

260 4133 406 4180 ctum
440 4126 630 4190 fuerit,
665 4145 683 4178 ι
709 4126 834 4183 Mihi
865 4129 1066 4187 assidet
1089 4171 1104 4196 ,
1138 4131 1257 4188 ,ιονί
1287 4134 1506 4192 assidet.
1537 4156 1556 4190 ι

335 4218 491 4289 Quod
521 4219 738 4290 insuper
768 4219 819 4276 in
851 4225 1219 4294 manuscripto
1242 4227 1430 4284 codice
1458 4230 1715 4302 scriptum
1744 4240 1863 4294 est:

272 4328 290 4361 ι
324 4310 453 4378 Quae
476 4324 635 4379 supra
662 4326 792 4378 nos,
819 4312 958 4368 coelo
984 4328 1274 4385 suspensa,
1306 4319 1512 4375 sublata
1541 4331 1697 4391 sunt,
1728 4343 1747 4376 ι
1777 4341 1863 4381 er-

262 4402 403 4459 roris
426 4412 737 4473 suspectum
760 4404 1080 4475 quibusdam
1105 4408 1335 4465 videtur.
1364 4412 1469 4469 Pro
1487 4414 1685 4469 sublata
1705 4417 1864 4487 igitur

258 4495 654 4553 restituendum
681 4505 867 4567 putant
890 4499 1213 4567 sublimata;
1240 4504 1379 4574 quod
1407 4505 1623 4576 quidem
1650 4516 1708 4564 ut
1731 4524 1861 4566 con-

1980 3310 2099 3367 cap.
2127 3296 2218 3353 50.
2242 3299 2355 3354 init.
2388 3318 2508 3374 pag.
2532 3301 2717 3374 484).»
2742 3305 2999 3374 Quamvis
3023 3318 3203 3365 autem
3237 3309 3288 3366 id
3317 3310 3587 3382 aliquibus

1983 3396 2190 3447 tantum
2220 3392 2272 3447 in
2301 3396 2614 3465 regionibus
2632 3401 2937 3473 contingat,
2962 3401 3080 3458 hmo
3106 3403 3454 3461 nihilominus
3476 3405 3582 3464 Co-

1977 3481 2212 3541 lumella:
2242 3488 2406 3543 verba
2435 3487 2503 3544 ad
2533 3494 2771 3550 auctoris
2803 3496 2971 3551 nostri
3014 3498 3343 3568 probandam
3386 3499 3583 3558 lectio-

1975 3589 2097 3632 nem
2141 3578 2298 3648 plane
2335 3581 2693 3643 sufﬁciebant.
2735 3588 2791 3644 Si
2831 3590 2977 3645 enim
3017 3591 3232 3649 olivitas
3268 3604 3351 3651 est
3391 3611 3584 3654 mense

1974 3672 2257 3730 Decembri
2279 3717 2293 3743 ,
2328 3692 2511 3735 nonne
2537 3679 2778 3754 ltyberna
2815 3684 2920 3741 dici
2964 3689 3168 3758 potuit?
3198 3690 3282 3746 Ad
3312 3691 3425 3749 lucc
3452 3706 3582 3749 vero

1973 3764 2164 3825 Cicero
2201 3784 2270 3825 ex
2307 3771 2505 3829 vitibus
2542 3786 2597 3830 et
2633 3778 2878 3847 olivetis,
2923 3796 3044 3852 qua:
3085 3799 3190 3840 non
3229 3784 3283 3842 iu
3324 3786 3581 3845 omnibus

1976 3868 2137 3917 terra:
2167 3864 2407 3934 partibus
2431 3880 2716 3939 crescunt,
2744 3872 2937 3930 eodem
2965 3876 3122 3946 plane
3140 3918 3155 3943 ,
3182 3893 3292 3950 quo
3319 3880 3578 3940 Minucius

1971 3954 2134 4047 modo
2162 3969 2565 4029 argumentatur
2597 3962 2739 4037 (Cic.
2773 3966 2861 4020 tib.
2918 3982 2957 4024 ll
3010 3970 3076 4025 de
3102 3968 3231 4027 Nat.
3264 3972 3418 4030 Deor.
3452 3992 3573 4047 pag.

1968 4046 2094 4116 2'58,
2128 4050 2226 4109 lin.
2258 4053 2326 4109 16
2344 4054 2419 4128 ).»
2448 4055 2517 4112 At
2543 4056 2850 4118 Gronovius
2875 4062 3135 4120 ariolatur
3159 4065 3227 4123 ab
3255 4066 3448 4125 eodem
3481 4046 3579 4124 Mi-

1970 4144 2130 4199 nucio
2155 4146 2414 4218 scriptum
2442 4147 2608 4206 fuisse
2634 4151 2847 4223 [tyberni
2864 4196 2880 4222 ,
2911 4154 2964 4212 id
2994 4165 3077 4213 est
3104 4156 3314 4231 byemis
3342 4160 3575 4225 olivitas;

1968 4234 2061 4290 sed
2115 4236 2251 4293 futili
2298 4254 2518 4310 prorsus
2558 4258 2837 4316 vanaque,
2881 4262 2946 4304 ac
2986 4258 3176 4307 contra
3221 4250 3574 4325 manuscripti

1965 4326 2169 4384 codicis
2201 4329 2359 4386 fidem
2388 4333 2729 4404 conjectura.

2038 4418 2170 4475 Post
2187 4421 2300 4477 haec
2322 4421 2374 4478 in
2391 4423 2551 4480 editis
2565 4426 2794 4499 legimus
2812 4429 2928 4489 haec
2948 4432 3154 4493 Octavii
3176 4438 3340 4496 verba
3359 4459 3372 4498 :
3398 4443 3573 4502 «Aves

1965 4509 2082 4567 sine
2106 4513 2430 4583 patrimonio
2455 4519 2641 4575 vivunt
2658 4562 2675 4588 ,
2702 4530 2758 4579 et
2783 4523 2835 4579 iu
2857 4524 2999 4583 diem
3024 4542 3189 4598 pecua
3213 4545 3562 4604 pascuntur.»

263 4591 443 4647 firmet
472 4590 734 4663 Rigaltius
755 4632 770 4657 ,
803 4592 933 4647 citat
960 4592 1077 4649 haec
1106 4594 1230 4651 libri
1262 4597 1539 4669 cujusdam
1566 4640 1582 4665 ,
1616 4616 1858 4674 praepos-
1884 4610 1940 4671 1)
1965 4602 2036 4660 At
2063 4605 2114 4660 in
2143 4606 2332 4665 codice
2359 4611 2509 4683 regio
2538 4615 2797 4684 scriptum
2825 4628 2910 4674 est
2942 4637 2963 4672 ι
2987 4590 3185 4691 pascua
3213 4590 3559 4696 pascuntur.»

257 4691 378 4740 tere
406 4684 693 4740 Ambrosio
721 4683 1008 4755 adscripti,
1043 4687 1204 4742 verba
1222 4730 1236 4753 ,
1271 4707 1289 4740 ι
1315 4690 1558 4758 Qualiter
1583 4703 1730 4750 esset
1759 4695 1861 4753 hoc

256 4778 454 4833 etclam
483 4791 665 4844 omne,
693 4777 833 4847 quod
861 4778 1168 4846 cernimus,
1198 4780 1364 4836 ardua
1390 4783 1721 4844 sublimitate
1743 4803 1862 4846 sus-

254 4881 481 4938 pensum
503 4867 652 4941 (Lib.
677 4869 741 4923 de
757 4868 1035 4925 Salomone
1055 4872 1361 4944 αρρεηιι.).ι
1392 4874 1498 4930 Sed
1522 4878 1713 4947 potiori
1735 4877 1859 4951 jure

256 4975 361 5030 pro
389 4961 739 5032 manuscripti
770 4962 901 5034 regii
945 4963 1176 5019 lectione
1206 4981 1492 5036 possumus
1521 4986 1705 5028 verum
1747 4973 1861 5030 lau-

251 5054 385 5110 dare
414 5052 761 5122 Ciceronem,
791 5056 882 5126 qui
909 5069 1097 5112 contra
1124 5056 1341 5114 Rullum
1371 5076 1466 5131 pro
1493 5062 1611 5133 lege
1634 5067 1856 5136 Agraria

250 5145 417 5202 dixit:
452 5165 472 5198 ι
496 5146 723 5203 Romam
760 5148 813 5202 in
850 5150 1122 5205 montibus
1157 5151 1386 5222 positam
1427 5166 1482 5212 et
1521 5160 1854 5219 convallibus

255 5240 551 5298 cmnaculis
571 5241 834 5296 sublatam
857 5252 1018 5315 atque
1042 5260 1357 5316 suspensam
1385 5248 1403 5321 (
1436 5248 1600 5306 Cicer.
1626 5250 1775 5309 Orat.
1793 5253 1846 5323 2,

247 5349 343 5403 pro
370 5332 479 5405 lege
503 5332 688 5404 Agrar.
720 5350 838 5405 pag.
871 5335 978 5392 509
998 5335 1075 5409 ).ι

313 5426 374 5481 ln
420 5425 692 5482 nonnullis
737 5426 1066 5487 editiouibus
1111 5431 1231 5489 haec
1280 5435 1444 5491 verba
1493 5436 1672 5509 legere
1718 5450 1841 5499 est:

248 5538 268 5571 ι
299 5518 450 5576 Licet
492 5528 690 5581 terram
733 5519 1073 5579 fundaverint
1112 5527 1368 5597 pondera.
1397 5549 1417 5583 ι
1444 5529 1500 5586 In
1528 5531 1648 5587 aliis
1673 5549 1836 5592 vero:

245 5629 267 5663 ι
292 5610 443 5666 Licet
481 5620 681 5667 terram
720 5612 1025 5671 fundaverit
1066 5618 1293 5688 pondus.
1324 5640 1344 5673 ι
1376 5621 1482 5679 Sed
1522 5625 1684 5681 meris
1710 5642 1842 5684 con-

231 5700 459 5771 iecturis
488 5700 761 5758 immutari
784 5718 889 5759 non
912 5706 1097 5762 debuit
1126 5710 1241 5766 haec
1260 5713 1463 5771 codicis
1485 5718 1837 5790 manuscripti

234 5793 437 5858 lectio:
469 5810 489 5850 ι
510 5792 662 5855 Licet
692 5802 893 5862 terram
923 5796 1228 5863 fundaverit
1257 5807 1519 5885 pondere.
1543 5829 1564 5865 ι
1597 5810 1731 5871 Nam
1760 5812 1836 5872 ibi

1964 4696 2095 4765 Quae
2123 4709 2270 4758 certe
2299 4705 2535 4760 auctoris
2564 4704 2726 4764 lectio
2760 4723 2868 4765 non
2898 4710 3088 4770 debuit
3124 4724 3271 4773 tanta
3306 4718 3565 4776 facilitate

1961 4794 2252 4853 immutari.
2288 4798 2490 4856 Pascua
2519 4801 2665 4857 enim
2691 4813 2817 4860 sunt
2844 4805 2958 4861 loca
2978 4848 2993 4871 ,
3024 4806 3079 4863 in
3108 4808 3304 4879 quibus
3330 4812 3569 4882 pecudes

1961 4899 2272 4959 pascuntur.
2321 4892 2431 4948 Cur
2479 4908 2608 4967 ergo
2657 4895 2727 4951 ab
2775 4896 2998 4954 Octavio
3046 4899 3154 4957 dici
3197 4917 3305 4958 non
3356 4905 3562 4974 potuit,

1965 4998 1985 5033 ε
2013 4995 2207 5052 pascua
2237 4992 2565 5054 pascuntur,
2593 5006 2614 5041 ο
2648 4988 3100 5060 quemadmodum
3132 5007 3163 5048 a
3198 4992 3455 5067 Virgilio:

2149 5096 2426 5149 Pascuntur
2442 5113 2564 5171 vero
2575 5101 2818 5171 _syl_vas_et
2835 5116 3024 5171 summa
3032 5103 3219 5171 Lycaei.

2491 5162 2698 5228 (Virgil.
2728 5164 2811 5216 lib.
2838 5181 2891 5217 ut
2914 5162 3098 5234 Georg:
3119 5184 3168 5222 v.
3189 5171 3301 5221 3H.
3325 5172 3346 5235 )

2026 5264 2158 5321 Tam
2183 5266 2450 5324 obscurus
2475 5268 2654 5328 adhuc
2691 5288 2851 5346 quam
2885 5273 3210 5347 depravatus
3240 5285 3324 5332 est
3359 5276 3445 5333 hic
3484 5279 3561 5333 lo-

1951 5370 2081 5424 cus,
2113 5373 2273 5429 quem
2305 5361 2703 5430 manuscriptus
2728 5363 2900 5421 codex
2931 5365 3013 5421 sic
3038 5364 3288 5422 exhibet:
3324 5383 3344 5418 ι
3371 5365 3426 5422 ιη
3456 5368 3559 5424 hoc

1943 5446 2080 5504 adeo
2119 5448 2337 5519 quidam
2379 5452 2621 5523 itnperiis
2667 5470 2732 5512 ac
2761 5455 3218 5513 dominationibus
3246 5458 3552 5530 eriguntur,

1942 5549 2000 5594 ut
2024 5540 2296 5613 ingenium
2320 5559 2510 5602 eorum
2533 5547 2760 5618 perdita:
2782 5550 2979 5606 mentis
3007 5550 3239 5607 licentiae
3269 5553 3558 5621 potestatis

1941 5634 2111 5694 libere
2138 5640 2525 5699 nundinentur.
2556 5664 2577 5697 ›
2606 5643 2733 5701 Haec
2758 5655 2938 5703 autem
2961 5660 3085 5702 cum
3114 5644 3278 5700 ullum
3310 5644 3400 5702 vix
3425 5661 3555 5703 sen-

1940 5743 2060 5785 sum
2093 5730 2297 5792 habere
2323 5734 2657 5805 viderentur,
2692 5738 2772 5794 sic
2801 5739 2853 5794 in
2886 5737 3047 5795 editis
3070 5736 3354 5795 emendata
3385 5747 3548 5794 sunt:

1946 5839 1966 5877 ε
1992 5822 2051 5880 1η
2102 5824 2207 5884 hoc
2251 5828 2389 5888 adeo
2434 5830 2654 5906 quidam
2699 5831 2942 5908 imperiis
2982 5848 3046 5890 ac
3090 5831 3552 5891 dominationibus

3556 5993 3600 6014 θ
