4058 6316
469 288 572 348 401
1844 277 2315 338 DISSERTATIO.
3673 297 3781 355 ‘02

470 406 770 476 erigttnfur,
803 412 861 460 ut
890 403 1160 476 ingenium
1199 417 1386 461 eorum
1419 404 1639 476 perditre
1666 410 1874 460 mentes
1903 402 2070 458 licen-
2099 399 2155 460 Α
2179 406 2353 464 tetur;
2387 412 2449 454 ea
2494 405 2698 455 tantum
2743 414 2864 471 quae
2912 401 2979 457 ad
3023 403 3167 461 illam
3218 408 3518 479 faciebant,
3567 419 3782 473 caeteris

470 501 542 556 tia
574 498 854 570 potestatis
882 498 1050 554 libere
1093 499 1474 554 nundinentur.
1501 517 1520 550 ›
1553 497 1815 568 Rigaltius
1853 503 2067 562 autem,
2181 491 2590 561 praetermissis,
2634 494 2839 562 putavit
2878 509 2997 551 esse
3038 501 3325 558 narranda.
3375 505 3612 579 Denique
3641 509 3782 565 Ter.

476 610 497 644 c
532 591 754 662 perdita:
803 603 1041 659 mentes,
1065 611 1084 645 ›
1119 592 1260 648 idem
1309 590 1613 662 significare
1660 595 1878 655 censet,
1911 596 2072 657 atque
2180 584 2437 641 tullianus
2475 586 2638 641 simili
2677 585 3042 646 ChriStianum
3073 592 3213 650 inter
3239 605 3293 651 et
3321 600 3648 673 proselytum
3678 603 3777 658 Ju-

473 684 914 751 calumniatores,
942 683 1278 750 adulatores,
1303 692 1357 739 et
1379 681 1679 754 hujusmodi
1701 681 1832 736 alias
1856 679 2070 752 generis
2174 677 2351 733 dueum
2395 679 2760 750 disputatione
2801 690 2970 738 totum
3015 685 3158 742 diem
3203 688 3268 742 ad
3298 706 3578 762 vesperam
3607 710 3778 766 usque

467 776 685 833 humani
732 786 927 847 pestes.
972 775 1084 832 Nec
1130 776 1283 847 plura
1337 775 1551 847 quidem
1581 775 1669 830 ille
1696 773 1766 830 ibi
1796 774 2064 830 observat.
2175 769 2504 840 insumptum
2553 770 2718 827 fuisse
2762 773 2845 829 his
2890 776 3075 844 primis
3119 779 3240 835 libri
3267 783 3347 838 sui
3392 784 3654 843 adversus
3679 788 3777 844 Ju-

465 871 680 928 Minucii
712 890 872 943 porro
896 874 1056 930 verba
1074 915 1090 940 ,
1118 875 1196 930 sic
1221 884 1460 930 correcta
1480 917 1494 942 ,
1521 873 1663 930 hunc
1686 873 1922 930 efﬁciunt
1943 887 2051 927 sen-

2172 863 2320 919 dzeos
2349 865 2530 920 verbis
2556 876 2743 936 aperte
2771 868 3049 925 declarat:
3076 891 3096 923 ί
3125 872 3376 931 Proxime
3407 880 3632 946 accidit,
3665 882 3778 937 dis-

465 979 619 1022 sum:
652 965 978 1022 Adulatores
998 1009 1013 1034 ,
1048 966 1132 1022 vel
1163 966 1576 1022 calumniatores
1610 966 1882 1038 ingenium
1911 965 2051 1036 prin-

2175 957 2384 1027 putatio
2415 957 2596 1012 habita
2623 969 2705 1013 est
2728 958 3040 1017 Christiano
3069 972 3122 1018 et
3151 967 3422 1038 proselyto
3445 969 3652 1028 Judteo.
3681 975 3776 1028 Al-

462 1059 643 1129 cipum
692 1068 748 1114 ει
796 1074 1015 1131 νθειιηι,
1061 1059 1276 1114 licentia
1319 1058 1629 1130 ροιρειοιῖε,
1673 1074 1831 1129 quam
1873 1059 1924 1112 in
1969 1072 2064 1113 eos
2171 1048 2338 1103 ternis
2365 1048 2571 1104 vicibus
2601 1052 2941 1107 contentioso
2971 1053 3097 1110 fune
3128 1065 3352 1128 uterque
3380 1060 3521 1116 diem
3553 1064 3603 1119 in
3647 1081 3772 1120 ves-

463 1150 698 1218 habent,
728 1153 895 1209 libere
920 1153 1302 1208 nundinantur.
1334 1153 1438 1209 Alii
1465 1168 1592 1208 vero
1618 1151 1901 1223 legendum
1933 1152 2051 1205 mal-

2169 1155 2353 1211 peram
2387 1150 2666 1198 traxerunt
2719 1142 2979 1212 (Tertull.
3014 1145 3100 1201 lib.
3136 1149 3334 1205 advers.
3364 1150 3607 1222 Iudaeos,
3651 1174 3767 1227 cap.

462 1243 604 1302 lem;
641 1263 660 1297 α
693 1244 760 1302 Ut
790 1246 1058 1316 ingenium
1091 1260 1279 1302 εοιιυηι
1312 1246 1533 1317 ρει-ἀξίω
1562 1246 1756 1302 mentis
1786 1245 2058 1301 licentiam
2165 1233 2200 1288 2
2227 1232 2270 1306 ).
2303 1252 2322 1285 ι
2354 1234 2520 1289 Nemo
2550 1245 2727 1291 tamen
2761 1237 2884 1293 inde
2914 1251 3003 1294 aut
3033 1251 3218 1298 contra
3252 1244 3409 1314 lllljllS
3440 1257 3620 1304 textus
3658 1250 3770 1304 Sill-

459 1339 746 1410 potestatis
793 1338 962 1395 libere
1001 1339 1354 1395 nundinetur:
1385 1358 1403 1392 )
1436 1339 1487 1395 id
1518 1350 1631 1407 est,
1668 1341 1786 1394 ideo
1812 1339 2058 1396 evehun-

460 1439 581 1500 tur,
615 1441 670 1486 ut
714 1433 984 1503 ingenium
1032 1433 1254 1504 perditae
1292 1448 1477 1489 eorum
1509 1434 1704 1490 mentis
1733 1433 2059 1489 nundinetur

459 1523 743 1595 potestatis
785 1523 966 1580 libera:
1009 1525 1301 1582 licentiam.
1344 1525 1646 1582 Gronovius
1685 1526 1927 1594 tandem,
1968 1543 2056 1582 re-

458 1615 622 1672 tentis
647 1616 866 1672 vocibus
892 1635 911 1669 (
935 1618 1148 1674 licentia
1168 1661 1183 1686 ,
1210 1630 1262 1675 et
1289 1619 1472 1675 libera:
1500 1621 1778 1690 potestatis
1796 1663 1809 1688 ,
1840 1643 1858 1675 ›
1887 1631 2053 1677 totum

457 1708 602 1766 hunc
646 1711 819 1766 locum
865 1713 942 1767 sic
982 1712 1244 1784 explicat:
1295 1713 1694 1770 Dominationes
1733 1724 1789 1771 ct
1833 1717 2054 1787 imperia

456 1803 823 1862 nundinantur
851 1821 1038 1862 eorum
1070 1807 1339 1878 ingenium
1371 1807 1594 1878 perdita:
1625 1807 1818 1863 mentis
1838 1849 1853 1876 ,
1884 1808 2050 1864 liceu-
2084 1807 2130 1869 B

457 1897 531 1954 tia
583 1897 770 1955 libera:
818 1900 1118 1970 potestatis.
1171 1900 1278 1957 Sed
1329 1902 1449 1971 quis
1500 1917 1811 1958 asseverare
1863 1903 2055 1959 audeat

455 1999 605 2048 tanta
656 1992 1040 2064 perspicuitate
1083 2003 1136 2049 et
1186 1994 1451 2065 elegantia
1503 1995 1698 2067 ubique
1746 1996 2052 2066 loquentem

459 2084 782 2154 Minucium,
832 2087 883 2143 in
927 2098 1127 2143 tantam
1173 2090 1481 2159 prolapsum
1513 2104 1632 2144 esse
1661 2091 1926 2147 sermonis
1954 2091 2052 2146 ob-

456 2180 804 2235 scuritatem?
831 2179 1010 2237 Satius
1041 2181 1200 2252 igitur
1229 2191 1312 2236 est
1349 2181 1416 2236 ad
1464 2181 1604 2238 hunc
1645 2183 1817 2238 locum
1856 2200 2053 2239 sanan-

456 2271 586 2330 dum
630 2273 872 2330 melioris
912 2285 1053 2330 nota:
1092 2276 1294 2332 codicis
1333 2291 1489 2346 opem
1536 2286 1848 2348 expectare,
1894 2294 2053 2350 quam

456 2371 609 2426 vanis
640 2370 954 2443 levibusque
982 2371 1258 2444 indulgere
1286 2372 1628 2442 conjecturis.

526 2461 663 2517 Tum
691 2462 884 2518 deinde
907 2464 1244 2519 continenter
1268 2463 1550 2520 Octavius:
1581 2483 1600 2517 ‹
1628 2464 1842 2536 Absque
1869 2465 2052 2520 notitia

453 2556 583 2623 Dei,
635 2559 826 2630 inquit,
870 2575 989 2631 quas
1035 2568 1212 2631 potest
1253 2575 1375 2616 esse
1419 2561 1590 2617 solida
1635 2561 1897 2631 felicitas,
1933 2577 2054 2620 cum

453 2663 604 2704 mors
634 2651 704 2705 sit
734 2652 944 2707 somnio
973 2652 1205 2708 similis?
1237 2655 1537 2723 Antequam
1573 2663 1818 2710 tcncatur
1838 2698 1852 2720 ,
1885 2655 2053 2712 elabi-

452 2749 559 2796 tur.
586 2760 604 2793 ι
635 2741 989 2813 Suspicantur
1015 2745 1230 2815 quidam
1263 2745 1333 2801 ibi
1368 2759 1552 2801 vocem
1573 2790 1586 2813 ,
1619 2764 1777 2814 mors,
1810 2763 1931 2804 esse
1960 2765 2053 2804 su-

452 2848 866 2906 pervacaneam.
897 2837 997 2892 Alii
1025 2853 1124 2908 pro
1151 2853 1211 2892 ea
1238 2853 1432 2894 nomen
1461 2857 1541 2895 res
1567 2841 1816 2897 substitui
1847 2842 2051 2897 volunt.

451 2926 523 2983 At
551 2927 842 2998 prudenter
871 2930 1002 2985 nihil
1034 2931 1085 2985 in
1115 2939 1266 2986 textu
1297 2942 1579 2988 mutatum.
1604 2933 1746 2990 Satis
1772 2935 1914 2990 enim
1945 2935 2056 3005 pla-

453 3033 552 3073 nus
600 3034 663 3075 ac
708 3022 1019 3091 perspicuus
1065 3032 1148 3078 est
1199 3024 1283 3079 hic
1329 3026 1565 3081 auctoris
1609 3028 1778 3081 nostri
1823 3043 2053 3084 sensus:

449 3110 670 3182 Absque
715 3113 804 3167 Dei
852 3115 1038 3169 notitia
1070 3131 1176 3170 non
1211 3126 1387 3186 potest
1414 3133 1535 3173 esse
1574 3119 1743 3174 solida
1790 3118 2050 3186 felicitas,

2167 1325 2474 1394 ceritatem,
2506 1338 2598 1382 aut
2639 1338 2828 1384 contra
2869 1330 3244 1400 disputationis
3285 1340 3563 1394 veritatem
3611 1356 3770 1410 argu-

2162 1419 2392 1475 mentari
2437 1435 2687 1491 umquam
2729 1437 2892 1477 ausus
2931 1432 3032 1480 est.
3076 1425 3132 1480 Si
3172 1443 3289 1497 quae
3327 1445 3485 1499 porro
3515 1431 3618 1486 alia
3660 1433 3769 1486 sint

2163 1509 2451 1581 depravata
2480 1511 2694 1568 Minucii
2722 1515 2885 1570 verba
2905 1558 2920 1583 ,
2964 1525 3055 1570 aut
3087 1520 3443 1589 corruptionis
3474 1535 3720 1594 suspecta
3749 1567 3764 1592 ,

2161 1603 2230 1663 de
2258 1605 2323 1660 iis
2350 1604 2436 1661 ubi
2463 1606 2674 1662 occasio
2701 1621 2761 1663 se
2790 1606 3010 1676 offeret,
3037 1609 3174 1666 infra
3203 1612 3618 1684 disputabimus.

2757 1761 3050 1802 ARTICULUS
3091 1765 3166 1803 Vl.

2162 1863 2299 1931 Quid
2337 1862 2598 1918 Minucius
2636 1880 2696 1919 ex
2723 1864 2838 1920 aliis
2867 1867 3196 1938 scriptoribus
3226 1867 3494 1937 Cicerone,
3526 1871 3723 1926 Seneca
3747 1915 3762 1940 ,

2227 1955 2577 2023 Tertulliauo,
2609 1974 2671 2011 ac
2696 1958 2916 2013 vicissim
2941 1976 3003 2014 ea:
3034 1961 3129 2016 hoc
3158 1963 3386 2032 ejusdem
3426 1963 3647 2020 Minucii
3688 1965 3741 2019 liv

2231 2047 2320 2102 bro
2350 2045 2639 2118 Cyprianus
2669 2049 2858 2120 aliique
2885 2050 3234 2107 delibaverint.

2230 2181 2696 2251 Quemadmodum
2731 2183 2880 2252 plura
2915 2184 2966 2238 in
3000 2185 3101 2241 hoc
3132 2186 3345 2244 Minucii
3376 2189 3512 2244 libro
3543 2205 3608 2246 cx
3642 2190 3763 2246 aliis

2164 2275 2547 2343 scriptoribus,
2591 2283 2716 2346 puta
2755 2276 3044 2342 Cicerone,
3080 2278 3316 2346 Seneca,
3350 2291 3406 2336 et
3431 2281 3762 2338 Tertulliano

2157 2368 2422 2436 delibata;
2457 2369 2526 2424 ita
2557 2369 2716 2423 etiam
2749 2370 2914 2426 multa
2941 2386 3007 2426 ex
3041 2371 3130 2426 illo
3167 2387 3197 2426 a
3239 2373 3509 2444 Cypriane
3539 2376 3758 2430 totidem

2156 2463 2365 2528 verbis,
2400 2463 2452 2516 in
2480 2476 2632 2517 suum
2677 2463 2974 2533 praesertim
3025 2463 3088 2518 de
3117 2464 3387 2520 Idolorum
3424 2466 3658 2521 Vanilafe
3686 2469 3758 2522 li-

2158 2556 2348 2622 brum,
2384 2555 2641 2609 translata
2673 2554 3169 2611 animadvertimus.
3217 2556 3481 2614 Nonnulla
3520 2575 3651 2616 vero
3691 2576 3759 2614 cx

2158 2649 2265 2706 illis
2306 2665 2446 2705 nunc
2490 2649 2816 2720 seligemus;
2857 2659 3050 2705 caetera
3097 2665 3166 2704 ne
3215 2651 3402 2707 eadem
3443 2662 3758 2722 repetantur

2157 2741 2270 2798 suis
2297 2741 2446 2808 locis,
2480 2742 2567 2796 ubi
2593 2755 2713 2812 quae
2737 2741 2996 2797 Minucius
3019 2741 3202 2809 docet,
3227 2743 3548 2800 excutienda
3575 2756 3756 2815 erunt,

2157 2834 2494 2893 commodius
2524 2835 2870 2891 reservaturi.

2231 2931 2468 2985 Primum
2498 2931 2676 3000 itaque
2705 2929 2966 2985 Minucius
2996 2945 3158 2985 unum
3190 2932 3357 2987 Deum
3392 2947 3576 2988 revera
3608 2934 3754 2988 exis-

2160 3032 2272 3079 tere
2313 3022 2413 3078 hoc
2443 3022 2630 3093 probat
2667 3034 3014 3092 argumento:
3049 3043 3067 3075 ‹
3095 3024 3230 3090 Quid
3273 3034 3452 3094 potest
3489 3041 3608 3081 esse
3647 3034 3754 3080 tam

2159 3129 2402 3188 apertum
2425 3159 2439 3186 ,
2477 3126 2582 3171 tam
2613 3116 2918 3172 confessum
2938 3157 2952 3182 ,
2988 3128 3200 3188 tamque
3229 3119 3601 3189 perspicuum,
3633 3135 3754 3174 cum

451 3204 548 3260 sed
595 3205 735 3260 tluxa
781 3215 982 3261 tantum
1028 3217 1084 3264 et
1125 3224 1288 3276 vana;
1321 3209 1754 3282 quandoquidem
1785 3211 1899 3268 hzec
1930 3213 2048 3268 feli-
2077 3208 2122 3271 C
2155 3212 2340 3266 oculos
2380 3210 2433 3264 in
2477 3210 2674 3264 caelum
2713 3211 3056 3280 suSpexeris,
3091 3219 3145 3265 et
3173 3225 3292 3280 quae
3321 3220 3444 3266 sunt
3474 3212 3610 3266 infra
3639 3211 3747 3266 circ

449 3297 585 3353 citas
627 3314 771 3354 mors
811 3311 918 3367 est,
965 3318 1122 3373 quam
1160 3306 1403 3371 somnio,
1443 3307 1556 3362 sive
1594 3320 1785 3362 somno
1815 3308 2046 3364 similem

447 3394 589 3465 apud
633 3393 1042 3465 Xenophontem
1085 3397 1259 3468 Cyrus
1299 3399 1542 3456 dicebat:
1582 3405 1818 3472 ἰηύτερον
1857 3412 1944 3470 μὲν
1984 3416 2049 3474 τῷ

447 3493 721 3560 ἀνθρωπίνῳ
748 3495 937 3562 θανάτῳ
968 3495 1095 3547 οῦδὲν
1123 3501 1247 3550 ἐστιν
1276 3498 1418 3548 ὕπνου
1475 3492 1756 3566 (Xenoplt.
1814 3495 1903 3549 lll).
1957 3511 2049 3551 Vill

447 3580 515 3636 de
541 3580 782 3653 Expedit.
813 3581 934 3655 Cyr.
965 3601 1087 3658 pag.
1117 3585 1224 3640 257
1245 3588 1286 3658 ).

521 3676 812 3748 Suspectus
853 3677 1068 3735 tandem
1110 3680 1430 3751 quibusdam
1474 3681 1716 3737 fortassis
1761 3681 1864 3738 erit
1907 3696 2048 3738 unus

447 3784 516 3825 ex
546 3770 628 3825 his
651 3771 862 3828 duobus
891 3771 1054 3838 locis,
1081 3789 1308 3844 quorum
1340 3774 1486 3846 prior
1508 3774 1631 3830 libri
1663 3774 1818 3830 initio
1842 3776 1920 3831 sic
1947 3774 2047 3830 ha-

447 3861 638 3920 betur:
694 3882 714 3916 ‹
751 3863 933 3937 Itaque
977 3880 1098 3921 cum
1149 3865 1384 3922 diluculo
1437 3865 1817 3922 inambulando
1867 3866 2050 3921 littore

450 3969 832 4027 pergeremus,
856 3966 996 4013 etc.)
1024 3957 1230 4026 Quibus
1259 3958 1440 4014 verbis
1469 3957 1731 4012 Minucius
1759 3957 2046 4026 significat,

448 4062 510 4104 se
531 4063 744 4108 summo
761 4067 917 4108 mane
936 4067 1058 4108 cum
1077 4052 1285 4108 duobus
1306 4053 1466 4108 sociis
1487 4054 1598 4108 suis
1617 4052 1684 4108 ad
1707 4068 1855 4108 mare
1873 4053 2049 4108 inam-

450 4142 687 4200 bulando
720 4147 1056 4218 perrexisse,
1085 4161 1146 4202 ac
1177 4156 1296 4218 post
1335 4161 1440 4202 non
1481 4147 1694 4218 longam
1731 4146 2046 4202 deambula-

452 4237 650 4293 tionem
670 4281 684 4307 ,
714 4253 903 4296 omnes
933 4239 998 4295 ad
1029 4239 1405 4312 disputandum
1436 4241 1488 4296 in
1520 4240 1709 4296 eodem
1738 4241 2050 4296 consedisse

451 4329 593 4386 loco.
625 4331 776 4388 Alter
803 4348 932 4388 vero
961 4333 1109 4389 locus
1130 4375 1145 4402 ,
1174 4334 1262 4405 qui
1305 4333 1430 4388 huic
1472 4349 1773 4405 repugnare
1813 4333 2045 4402 videtur,

451 4423 506 4478 in
537 4423 657 4479 libri
687 4423 792 4480 fine
821 4427 900 4482 sic
928 4426 1182 4482 habetur:
1213 4446 1231 4479 ε
1261 4426 1433 4481 Etiam
1474 4441 1617 4482 nunc
1655 4439 1832 4483 tamen
1871 4427 2047 4499 aliqua

449 4519 836 4576 consubsidunt
861 4564 873 4577 .
895 4563 907 4575 .
931 4562 944 4574 .
969 4563 981 4576 .
1005 4563 1016 4577 .
1039 4521 1107 4576 de
1136 4521 1330 4592 quibus
1358 4521 1623 4589 crastino;
1658 4520 1800 4592 quod
1826 4521 1936 4592 jam
1967 4523 2048 4577 sol

2152 3319 2320 3375 caque
2351 3301 2688 3368 lustraveris,
2720 3318 2878 3373 quam
2927 3317 3046 3357 esse
3089 3302 3305 3374 aliquod
3347 3319 3543 3359 numen
3586 3318 3752 3375 prms-

2154 3396 2466 3451 lentissimae
2520 3394 2753 3461 mentis,
2810 3411 2915 3466 quo
2965 3396 3140 3450 omnis
3191 3406 3380 3452 natura
3434 3397 3745 3467 inspiretur,

2152 3497 2448 3556 moveatur,
2490 3488 2683 3555 alatur,
2725 3490 3136 3560 gubernetur?»
3161 3490 3355 3548 Cicero
3391 3501 3569 3547 autem
3611 3492 3752 3548 idem

2152 3594 2527 3658 argumentum
2573 3583 2763 3640 eodem
2808 3585 2967 3655 plane
3013 3585 3202 3650 modo,
3250 3585 3345 3640 sed
3386 3584 3629 3651 brevius,
3676 3587 3756 3642 sic

2152 3687 2334 3748 urget:
2365 3696 2383 3730 ι
2411 3676 2549 3744 Quid
2579 3685 2754 3747 potest
2793 3691 2915 3732 esse
2959 3686 3063 3730 tam
3108 3687 3352 3748 apertum
3385 3687 3599 3749 tamque
3630 3693 3752 3748 per-

2151 3770 2394 3840 spicuum
2415 3811 2429 3835 ,
2461 3783 2584 3823 cum
2613 3769 2807 3825 coelum
2837 3768 3212 3838 suspeximus,
3245 3771 3589 3841 caelestiaque
3618 3786 3750 3826 con-

2154 3864 2394 3936 templati
2423 3878 2638 3931 sumus,
2669 3878 2829 3934 quam
2856 3878 2978 3918 esse
3005 3863 3220 3934 aliquod
3254 3878 3452 3918 numen
3494 3873 3753 3932 praestau-

2155 3957 2376 4013 tissimae
2415 3957 2640 4022 mentis,
2703 3971 2810 4026 quo
2869 3955 2984 4010 haec
3045 3962 3303 4026 reguntur
3333 3953 3539 4028 (Cicer.
3583 3955 3672 4009 lib.
3715 3971 3752 4010 tt

2151 4049 2215 4106 de
2241 4049 2365 4104 Nat.
2389 4049 2546 4103 Deor.
2572 4049 2683 4103 init.
2733 4065 2851 4119 pag.
2896 4047 3025 4115 (214,
3051 4047 3144 4103 lin.
3170 4048 3298 4119 10)?
3328 4066 3348 4098 ι
3375 4046 3609 4104 Videsne
3638 4047 3754 4118 ple-

2152 4159 2319 4215 raque
2349 4143 2536 4198 eadem
2563 4140 2840 4198 Ciceronis
2865 4141 3062 4210 verba,
3095 4158 3215 4213 qua:
3257 4142 3326 4199 ab
3368 4142 3599 4200 Minucio
3638 4158 3754 4197 am-

2151 4238 2383 4310 plificata
2409 4237 2577 4293 sunt?

2223 4331 2356 4386 Tum
2379 4329 2572 4386 deinde
2593 4329 2884 4386 Minucius:
2915 4347 2934 4380 ι
2961 4329 3335 4401 Relinquenda
3364 4346 3494 4388 vero
3520 4331 3751 4387 astrolo-

2149 4428 2230 4498 gis
2261 4426 2519 4497 prolixior
2545 4425 2613 4480 de
2643 4424 2909 4480 sideribus
2938 4424 3233 4481 oratio.....
3253 4440 3373 4496 qua:
3400 4425 3607 4496 singula
3640 4441 3748 4480 non

2149 4518 2314 4574 modo
2353 4527 2412 4574 ut
2451 4525 2783 4586 crearentur,
2829 4516 3054 4586 flerent,
3088 4517 3523 4589 disponerentur,
3552 4519 3750 4574 summi

449 4618 665 4672 occasui
693 4616 913 4672 declivis
940 4626 1042 4672 cst.
1067 4637 1086 4669 ι
1112 4614 1380 4688 Numquid
1404 4619 1544 4671 enim
1562 4657 1576 4680 ,
1603 4615 1806 4686 inquiet
1830 4615 2045 4686 aliquis,
2073 4612 2127 4673 D
2154 4612 2375 4668 artificis
2401 4622 2455 4668 et
2483 4613 2733 4682 perfectae
2764 4613 2990 4668 rationis
3030 4624 3324 4684 eguerunt;
3356 4629 3544 4670 verum
3587 4615 3750 4669 etiam

447 4705 651 4762 Caecilii
678 4706 994 4779 Octaviique
1018 4705 1332 4770 ambulatio.
1361 4721 1426 4763 ac
1454 4706 1767 4778 disputatio,
1798 4722 1916 4777 quae
1944 4706 2046 4762 hoc

449 4813 617 4870 parvo
642 4799 855 4855 Minucii
885 4799 1022 4855 libro
1048 4801 1375 4868 continetur,
1402 4814 1498 4871 per
1525 4809 1689 4854 t0tam
1716 4798 2048 4855 duraverunt

449 4892 629 4948 diem?
655 4891 921 4964 Numquid
953 4903 1145 4964 praeter
1173 4893 1312 4948 hanc
1339 4894 1756 4965 disputationem
1776 4935 1789 4959 ,
1823 4903 1879 4950 et
1905 4893 2047 4950 haud

449 4985 664 5056 longam
692 4986 1215 5052 deambulationem,
1259 4985 1391 5041 nihil
1434 4986 1578 5042 aliud
1623 4986 1883 5043 Minucius
1923 5002 2045 5043 cum

449 5081 612 5135 sociis
635 5081 774 5151 egit,
802 5096 1096 5152 omnesque
1123 5080 1320 5152 pariter
1347 5089 1509 5135 totam
1546 5079 1685 5136 diem
1727 5090 1820 5136 aut
1859 5081 2046 5135 ambu-

450 5173 655 5237 lantes,
707 5184 798 5229 aut
849 5174 1212 5245 disputantes,
1264 5183 1422 5246 atque
1466 5175 1722 5247 impransi
1776 5183 1829 5231 et
1873 5174 2045 5245 jejuni

451 5268 794 5338 transegere?
854 5268 1086 5327 Delenda
1139 5269 1352 5340 itaque,
1403 5269 1656 5335 forsitan,
1707 5267 1890 5322 ultima
1943 5267 2045 5323 loci

451 5359 614 5433 hujus
641 5362 951 5438 posterioris
980 5361 1143 5417 verba
1167 5405 1180 5427 ,
1217 5361 1302 5417 vel
1335 5361 1385 5416 in
1418 5361 1623 5432 priore,
1655 5377 1757 5417 vox
1797 5361 2042 5416 diluculo.

523 5443 628 5511 Sed
671 5454 772 5510 hoc
809 5453 1020 5509 dicendi
1057 5469 1228 5525 genus
1266 5453 1331 5508 ad
1370 5453 1539 5522 juris,
1569 5461 1629 5507 ut
1657 5453 1835 5517 aiunt,
1867 5454 2047 5523 apices

453 5564 562 5606 non
590 5563 810 5620 prorsus
833 5549 1203 5623 accipiendum
1231 5559 1331 5604 est.
1360 5547 1618 5602 Minucius
1644 5546 1906 5616 siquidem
1941 5561 2047 5602 non

453 5644 634 5710 omnia
663 5644 864 5714 scripto
895 5639 1149 5709 tradidit,
1180 5659 1299 5714 qua:
1331 5658 1395 5697 eo
1424 5641 1510 5696 die
1538 5641 1605 5695 ab
1637 5642 1750 5709 ipso
1781 5640 2050 5710 sociisque

454 5715 565 5811 suis
595 5747 710 5792 acta
740 5746 885 5793 sunt.
924 5738 988 5792 Et
1019 5753 1177 5803 vero,
1201 5733 1328 5792 cum
1361 5736 1448 5790 ille
1477 5735 1615 5788 hanc
1637 5733 2052 5804 disputationem

451 5826 590 5897 alio,
623 5843 781 5900 quam
814 5811 993 5886 habita
1025 5837 1140 5895 est,
1177 5837 1415 5902 tempore
1443 5841 1503 5883 se
1532 5825 1918 5898 conscripsisse
1945 5835 2052 5884 tes-

2147 4705 2366 4773 sentiri,
2400 4703 2660 4776 perspici,
2693 4703 2914 4776 intelligi
2949 4705 3066 4760 sine
3095 4720 3300 4762 summa
3331 4707 3547 4762 solertia
3577 4717 3632 4762 et
3659 4722 3751 4759 ra-

2148 4799 2294 4854 tione
2319 4813 2424 4852 non
2454 4806 2696 4868 possunt.
2725 4815 2744 4849 ι
2779 4797 2987 4852 Tullius
3017 4812 3176 4854 vero:
3219 4816 3238 4849 ι
3270 4797 3395 4855 Haec
3421 4798 3596 4852 omnis
3627 4797 3752 4853 dcso

2148 4892 2342 4963 criptio
2370 4891 2604 4948 siderum
2626 4932 2639 4947 .
2663 4929 2677 4946 .
2698 4931 2711 4945 .
2732 4935 2744 4946 .
2772 4892 2874 4948 alia
2901 4909 3020 4963 qua:
3041 4905 3229 4949 natura
3251 4936 3265 4961 ,
3296 4895 3491 4950 mentis
3517 4909 3710 4966 expers
3732 4938 3748 4961 ,

2153 4989 2266 5043 limo
2295 4985 2511 5043 efficere
2541 4985 2742 5056 potuit,
2775 5002 2894 5058 quae
2921 5002 3026 5043 non
3076 4988 3234 5042 modo
3276 4998 3333 5043 ut
3379 4987 3609 5054 ﬁerent,
3658 5005 3750 5043 ra-

2150 5081 2293 5136 tione
2317 5089 2607 5152 eguerunt,
2641 5079 2735 5135 sed
2763 5079 2988 5150 intelligi
3017 5080 3192 5150 qualia
3219 5081 3361 5150 sint,
3395 5082 3512 5136 sine
3539 5096 3750 5137 summa

2150 5175 2358 5230 ratione
2410 5187 2516 5227 non
2570 5181 2796 5244 possunt
2873 5170 3024 5243 (Cic.
3069 5173 3247 5228 eodem
3311 5173 3401 5229 lib.
3449 5190 3568 5245 pag.
3619 5173 3749 5238 931,

2149 5267 2242 5322 liu.
2277 5265 2405 5339 41)?
2429 5285 2448 5318 ι

2222 5359 2455 5414 Rursum
2514 5359 2812 5415 Minucius:
2855 5379 2875 5412 ι
2907 5359 3114 5429 Quidve
3160 5361 3510 5416 animantium
3566 5361 3756 5431 loquar

2150 5451 2410 5508 adversus
2448 5467 2568 5507 sese
2609 5452 2829 5507 tutelam
2869 5449 3291 5508 multiformem?
3335 5452 3467 5506 alias
3494 5463 3751 5507 iarnxatas

2152 5547 2434 5611 cornibus,
2469 5546 2601 5600 alias
2630 5546 2880 5600 dentibus
2907 5557 3118 5616 septas,
3155 5556 3208 5600 et
3238 5545 3484 5600 fundatas
3515 5545 3749 5615 ungulis,

2153 5649 2208 5696 et
2232 5641 2462 5710 Spicatas
2491 5640 2724 5707 aculeis,
2755 5648 2846 5694 aut
2875 5640 3066 5710 pedum
3098 5639 3373 5695 celeritate
3399 5639 3595 5693 liberas
3617 5680 3630 5702 ,
3662 5646 3756 5691 aut

2154 5732 2390 5788 elatione
2429 5731 2742 5803 spinarum?
2767 5752 2784 5784 ι
2823 5731 3155 5803 Εχνιὶοειιίιιε
3195 5731 3415 5787 Cicero:
3453 5747 3471 5780 ι
3505 5729 3622 5785 Jam
3661 5728 3755 5781 illa

2157 5825 2465 5892 cernimus,
2511 5834 2567 5881 ut
2609 5835 2795 5883 contra
2843 5834 3043 5884 metum
3089 5833 3141 5882 et
3187 5822 3335 5892 vim,
3366 5823 3478 5878 suis
3503 5836 3562 5878 sc
3593 5818 3759 5875 armis
