3980 6302
394 278 506 340 ωδ

394 409 623 463 qumque
668 391 945 453 defendat.
993 389 1260 448 Cornibus
1308 389 1482 457 tauri,
1536 389 1655 460 apri
1702 390 1992 458 dentibus,

396 502 579 544 morsu
607 487 794 543 leones
813 527 828 549 .
858 486 979 541 alia
1002 484 1124 552 iuga
1150 498 1242 550 se,
1273 482 1397 539 alias
1423 483 1784 553 occultatione
1814 493 1997 540 tutan-

400 590 489 637 tur
518 578 667 651 (Cic.
699 579 826 637 ibid.
860 596 981 649 pag.
1010 577 1149 643 255,
1178 577 1273 633 lin.
1303 575 1433 646 39).
1462 595 1487 631 ι

470 673 736 730 Praeterea
770 672 1029 728 Minucius
1057 669 1346 735 aliquando
1369 670 1738 727 contractione
1781 670 1831 726 id
1873 670 1998 727 bre-

1679 273 1768 330 DE
1807 267 2065 331 MlﬂUCﬂ
2100 270 2402 331 OCTAVIO

3578 280 3671 343 illi

2096 406 2203 462 que
2223 393 2471 463 explorat
2492 401 2549 450 et
2584 395 2857 453 examinat
2884 413 2899 451 :
2929 396 3203 470 ingenium
3241 398 3561 471 singulorum
3587 416 3671 472 pe-

2096 483 2280 541 riculis
2303 486 2577 557 pensitat:
2602 502 2775 564 usque
2811 489 2883 545 ad
2924 500 3223 547 extremam
3251 500 3473 547 mortem
3515 493 3674 548 scisci-

2097 586 2260 644 tatnr,
2292 578 2425 635 nihil
2450 578 2552 635 sibi
2581 595 2738 649 posse
2782 582 2962 655 perire
3011 598 3256 638 securus.
3297 602 3317 637 ι
3359 582 3476 638 iam
3512 598 3674 655 quaso

2098 670 2249 733 audi.
2292 671 2552 728 Senecam
2589 689 2604 728 :
2652 690 2673 725 ι
2713 672 2821 729 Hos
2878 675 3059 745 itaque
3124 675 3265 731 Deus
3311 688 3445 744 quos
3508 675 3677 746 probat

399 771 517 827 vius
546 770 701 838 facit,
728 769 870 840 quod
897 771 1086 825 Cicero
1113 769 1323 839 longius
1352 767 1706 839 produxerat.
1734 767 1825 824 Sic
1848 767 1993 824 enim
2022 805 2076 866 Α
2098 777 2236 834 quos
2314 772 2479 831 amat,
2540 764 2775 833 indurat,
2832 767 3196 836 recognoscit,
3264 775 3511 825 exercet:
3590 780 3675 824 eos

400 863 528 919 ille:
561 882 580 915 ι
610 862 827 935 Ᾱῐεγριί
872 863 1170 918 siccitatem
1217 871 1478 931 temperat
1517 860 1702 928 Nilus,
1731 862 1860 915 colit
1888 861 1995 916 Eu-

400 957 623 1027 phrates
668 956 1101 1025 MesOpotamiam
1125 994 1139 1017 ,
1191 953 1352 1009 ludus
1398 962 1452 1008 et
1498 968 1679 1009 serere
1723 952 1995 1009 Orientem

2100 865 2281 911 autem
2326 856 2524 927 quibus
2576 857 2855 927 indulgere
2906 858 3142 927 videtur,
3207 858 3402 929 quibus
3459 871 3677 929 parcere,

2102 949 2290 1003 molle5
2311 950 2554 1007 venturis
2581 951 2738 1006 malis
2776 959 2977 1007 servat.
3010 952 3219 1009 Erratis
3255 952 3423 1017 enim,
3453 952 3497 1006 si
3541 968 3680 1021 quem

402 1049 595 1104 dicitur
621 1059 673 1103 ct
699 1049 890 1117 rigare.
916 1066 937 1099 ι
969 1048 1163 1103 Fusius
1191 1057 1373 1103 autem
1402 1046 1622 1103 Cicero:
1661 1067 1680 1099 ι
1705 1047 1998 1120 Egyptum
2096 1042 2351 1113 iudicatis
2378 1053 2679 1114 exceptum.
2719 1045 2907 1103 Veniet
2931 1046 3000 1103 ad
3049 1046 3200 1105 illum
3246 1046 3338 1103 diu
3382 1045 3583 1103 felicem
3602 1061 3684 1103 sua

402 1141 551 1196 Nilus
582 1142 799 1212 irrigat,
829 1152 883 1197 et
909 1155 1032 1197 cum
1064 1149 1177 1196 tota
1208 1151 1397 1197 aestate
1422 1140 1667 1196 obrutam
1700 1142 2001 1213 oppletam—

402 1252 508 1307 que
538 1235 801 1303 tenuerit,
835 1242 945 1288 tum
980 1233 1214 1299 recedit,
1260 1233 1606 1305 mollitosque
1635 1244 1690 1290 et
1714 1219 2005 1289 oblimatos

403 1343 559 1398 agros
586 1329 652 1382 ad
682 1327 975 1383 serendum
1003 1326 1274 1397 relinquit.
1304 1327 1742 1399 Mesopotamiam
1772 1325 2001 1383 fertilem

404 1420 571 1477 elticit
620 1419 956 1489 Euphrates,
1008 1421 1061 1474 in
1101 1436 1260 1491 quem
1308 1421 1595 1490 quintannis
1634 1422 1787 1492 quasi
1834 1435 2005 1476 novos

406 1529 565 1584 agros
594 1513 821 1569 invehit.
852 1514 1017 1568 Indus
1042 1528 1200 1576 vero,
1231 1513 1319 1582 qui
1351 1523 1433 1567 est
1457 1514 1696 1568 omnium
1725 1514 2003 1569 fluminum

406 1605 672 1659 maximus
694 1646 709 1669 ,
742 1619 847 1658 non
876 1618 1012 1674 aqua
1041 1603 1215 1658 solum
1240 1619 1397 1674 agros
1426 1602 1665 1659 lmtiﬁcat
1688 1614 1743 1659 et
1775 1604 2003 1676 mitigat,

405 1696 503 1752 sed
533 1710 628 1751 eos
658 1696 820 1751 etiam
853 1698 1122 1762 conserit;
1153 1711 1402 1766 magnam
1432 1697 1574 1751 enim
1606 1697 1711 1751 vim
1743 1702 2008 1753 seminum

409 1804 591 1845 secum
625 1787 881 1844 frumenti
912 1799 966 1844 et
996 1788 1252 1844 similium
1281 1788 1477 1844 dicitur
1507 1789 1795 1861 deportare
1849 1790 1868 1863 (
1895 1789 2008 1844 Cic.

410 1880 536 1937 ibid.
572 1898 690 1953 pag.
717 1884 848 1948 2'54,
876 1882 967 1937 lin.
999 1882 1071 1938 20
1156 1901 1175 1933 ι

484 1974 620 2029 Tum
669 1977 1009 2030 continenter
1054 1976 1346 2031 Minucius:
1387 1994 1407 2028 ι
1435 1975 1589 2044 Quod
1641 1977 1687 2032 si
1737 1976 2011 2049 ingressus

412 2070 648 2140 aliquam
689 2068 944 2135 domum,
988 2071 1168 2126 omnia
1208 2072 1451 2141 exculta,
1503 2072 1791 2144 diSposita,
1824 2082 2010 2129 ornata

412 2161 673 2228 vidisses,
722 2165 905 2234 utique
946 2178 1180 2235 praeesse
1224 2165 1271 2219 ei
1318 2165 1570 2221 crederes
1613 2165 1928 2234 dominum,
1960 2174 2017 2223 et

412 2254 521 2309 illis
568 2254 725 2311 bonis
769 2256 932 2311 rebus
976 2255 1149 2312 multo
1188 2271 1311 2315 esse
1354 2257 1669 2325 meliorem;
1713 2260 1783 2313 ita
1823 2259 1874 2314 in
1914 2258 2018 2317 hac

414 2348 601 2403 mundi
650 2348 843 2415 domo,
896 2364 1017 2405 cum
1072 2350 1271 2406 caelum
1324 2360 1636 2421 terramque
1686 2354 2013 2423 perspicias,

2103 1138 2297 1207 portio.
2321 1138 2578 1211 Quisquis
2619 1139 2830 1197 videtur
2877 1141 3136 1199 dimissus
3176 1156 3318 1207 esse,
3375 1141 3569 1198 dilatus
3613 1151 3683 1199 est

2105 1230 2308 1301 (Senes.
2336 1232 2460 1288 ibid.
2493 1249 2610 1307 cap.
2640 1234 2697 1301 4,
2728 1251 2853 1305 pag.
2881 1234 3037 1306 408).
3076 1255 3094 1288 ι

2173 1325 2340 1380 Addit
2365 1324 2663 1385 Octavius:
2712 1346 2732 1380 ι
2765 1326 2953 1400 Itaque
2982 1335 3039 1385 ut
3094 1344 3291 1385 aurum
3338 1330 3571 1402 ignibus,
3621 1330 3688 1388 sic

2105 1433 2207 1474 nos
2233 1419 2635 1476 discriminibus
2658 1421 2952 1491 arguimur.
2990 1441 3011 1476 ο
3045 1421 3116 1478 Et
3151 1421 3359 1479 Seneca
3388 1432 3507 1494 post
3542 1424 3685 1479 citata

2106 1527 2137 1566 a
2170 1513 2326 1568 nobis
2354 1512 2471 1582 ejus
2509 1514 2673 1570 verba
2705 1533 2718 1570 :
2758 1534 2778 1569 ι
2814 1515 2958 1586 ignis
3006 1531 3195 1571 aurum
3238 1517 3453 1588 probat,
3494 1517 3687 1575 miseria

2108 1604 2277 1661 fortes
2302 1606 2445 1660 viros
2472 1605 2681 1675 (Senec.
2713 1608 2838 1663 ibid.
2868 1624 2988 1678 cap.
3021 1610 3076 1674 5,
3106 1625 3227 1681 pag.
3261 1608 3412 1682 59l).
3447 1628 3468 1662 ι

2181 1696 2319 1765 Quid
2351 1697 2542 1767 plura?
2568 1698 2916 1770 Prosequitur
2944 1700 3222 1763 Octavius.
3245 1711 3300 1756 et
3344 1702 3422 1756 ait
3454 1720 3468 1757 :
3501 1718 3522 1754 ι
3545 1700 3695 1770 Quam

2110 1789 2397 1860 pulchrum
2440 1792 2804 1860 spectaculum
2868 1792 3001 1859 Deo,
3047 1808 3170 1849 cum
3212 1791 3554 1849 Christianus
3589 1809 3695 1851 cum

2112 1882 2298 1939 dolore
2324 1886 2687 1954 congreditur,
2720 1901 2843 1941 cum
2878 1884 3137 1942 adversus
3161 1885 3340 1943 minas
3364 1895 3424 1943 et
3464 1887 3696 1957 supplicia

2113 1986 2170 2035 et
2200 1986 2464 2033 tormenta
2505 1978 2893 2047 componitur?
2930 1997 2949 2032 ι
2986 1979 3143 2035 Prius
3185 1979 3396 2037 Seneca
3436 1979 3618 2036 eodem
3651 1979 3698 2035 ia

2114 2072 2253 2128 libro
2281 2071 2490 2129 dixerat
2519 2091 2532 2127 :
2573 2091 2593 2125 σ
2631 2073 2774 2130 Ecce
2797 2073 3164 2145 spectaculum
3185 2072 3433 2145 dignum,
3466 2073 3532 2130 ad
3567 2071 3694 2144 quod

2117 2165 2368 2235 respiciat
2394 2164 2632 2221 intentus
2657 2164 2811 2236 operi
2837 2181 2938 2222 suo
2977 2166 3137 2222 Deus.
3183 2166 3325 2222 Ecce
3356 2180 3457 2237 par
3505 2167 3608 2221 Deo
3630 2163 3701 2220 di-

2117 2273 2303 2329 gnum,
2335 2259 2417 2314 vir
2443 2257 2599 2316 fortis
2625 2273 2749 2314 cum
2777 2259 2918 2315 mala
2959 2260 3169 2315 fortuna
3198 2260 3537 2330 compositus
3583 2257 3603 2331 (
3620 2257 3704 2315 Se:

2120 2367 2230 2405 nec.
2264 2350 2387 2405 ibid.
2443 2367 2560 2421 cap.
2603 2349 2661 2416 Ξ,
2714 2368 2772 2421 p.
2823 2350 2978 2421 492).
3016 2371 3037 2406 ι
3084 2350 3322 2409 Videsne
3373 2367 3533 2423 quam
3581 2359 3706 2415 recte

412 2441 840 2512 providentiam,
868 2444 1111 2501 ordinem
1131 2488 1146 2511 ,
1181 2445 1352 2516 legem
1373 2487 1389 2511 ,
1421 2446 1583 2502 crede
1608 2462 1729 2503 esse
1754 2449 2018 2504 universi-
2047 2420 2095 2482 Β
2125 2446 2393 2503 Minucius
2413 2463 2499 2509 ea.
2522 2464 2642 2518 quae
2662 2448 3007 2517 Seneca,‘vir
3034 2447 3175 2504 inter
3209 2445 3464 2504 ethnicos
3503 2446 3707 2515 optimus

415 2535 540 2590 tatis
566 2535 843 2590 dominum
869 2546 1288 2607 parentemque,
1318 2539 1452 2608 ipsis
1479 2538 1747 2595 sideribus
1776 2550 1831 2596 et
1857 2541 2019 2599 totius

415 2628 603 2683 mundi
649 2629 892 2699 partibus
928 2630 1312 2700 pulchriorem.
1341 2649 1361 2681 ι
1389 2631 1679 2687 Praeivcrat
1718 2632 1802 2687 his
1842 2633 2020 2693 verbis

416 2723 641 2779 Cicero:
666 2742 685 2775 ι
709 2722 777 2779 Ut
801 2724 847 2778 si
876 2724 1027 2793 quis,
1053 2724 1103 2778 in
1133 2724 1351 2779 domum
1378 2726 1643 2795 aliquam,
1671 2736 1763 2781 aut
1791 2727 1842 2781 in
1868 2743 2022 2799 gym-

418 2817 663 2885 nasium,
695 2828 788 2873 aut
815 2819 866 2873 in
896 2817 1070 2873 forum
1113 2820 1349 2885 venerit,
1395 2835 1521 2876 cum
1562 2820 1740 2877 videat
1778 2825 2018 2881 omnium

417 2926 603 2968 rerum
643 2913 943 2979 rationem,
987 2912 1237 2979 modum,
1281 2912 1653 2983 disciplinam,
1702 2931 1808 2971 non
1852 2917 2023 2986 possit

421 3019 485 3061 ca
510 3004 632 3061 sine
655 3021 820 3069 causa
845 3004 965 3062 ﬁeri
987 3005 1255 3076 judicare,
1281 3006 1381 3063 sed
1409 3022 1530 3065 esse
1555 3008 1792 3079 aliquem
1820 3008 2019 3067 intelli-

419 3113 541 3174 gat,
570 3104 659 3173 qui
688 3102 906 3172 praesit,
932 3111 989 3158 et
1010 3102 1095 3157 cui
1126 3113 1403 3173 pareatur;
1434 3102 1604 3158 multo
1631 3104 1800 3174 magis
1825 3106 1877 3159 in
1907 3113 2024 3159 tan-

421 3196 494 3250 tis
523 3195 788 3260 motibus,
813 3196 1084 3266 tantisqne
1111 3194 1571 3250 vicissitudinibus
1598 3204 1703 3250 uim
1732 3195 2023 3253 multarum

421 3306 641 3357 rerum,
689 3300 851 3361 atque
892 3299 1160 3346 tantarum
1208 3288 1518 3351 ordinibus,
1566 3288 1620 3344 in
1657 3289 1850 3359 quibus
1892 3288 2025 3345 nihil

424 3398 679 3456 umquam
719 3385 979 3439 immensa
1028 3393 1081 3438 et
1126 3381 1330 3438 inﬁnita
1372 3391 1613 3438 vetustas
1654 3382 1874 3438 mentita
1920 3383 2024 3448 sit,

426 3487 629 3533 statuat
670 3491 896 3535 necesse
938 3488 1022 3532 est
1060 3477 1128 3533 ab
1167 3477 1341 3547 aliqua
1382 3487 1567 3532 mente
1605 3488 1784 3533 tantos
1821 3488 2027 3535 natum

430 3578 610 3624 motus
635 3568 921 3639 gubernari
950 3565 1146 3638 (Cicer.
1177 3568 1301 3623 ibid.
1328 3586 1450 3640 pag.
1476 3569 1603 3636 alii,
1634 3570 1728 3625 lin.
1759 3571 1792 3625 5
1815 3568 1832 3641 )
1857 3611 1871 3625 .
1889 3591 1910 3623 ι

501 3661 581 3716 Ex
609 3661 812 3717 Seneca
842 3662 1007 3717 etiam
1031 3661 1198 3719 multa
1224 3661 1519 3718 Minucium
1543 3664 1879 3733 decerpsisse
1907 3678 2029 3733 pro-

426 3753 554 3808 batu
582 3753 737 3810 facile
764 3762 869 3811 est.
897 3753 1169 3811 Caecilium
1195 3756 1395 3813 etenim
1421 3754 1625 3811 inducit
1652 3755 1987 3813 Christianos
2008 3796 2024 3821 ,

427 3847 516 3916 qui
562 3855 775 3902 mortua
817 3847 1095 3904 hominum
1141 3861 1370 3915 corpora
1414 3845 1559 3917 rogis
1603 3847 1833 3903 cremari
1876 3848 2031 3904 nole-

428 3938 587 4004 bant,
630 3939 709 4001 sic
738 3939 1129 4010 exagitantem:
1171 3958 1190 3990 σ
1219 3938 1383 4006 Quasi
1417 3954 1515 3995 nec
1560 3938 1806 4005 intersit,
1850 3949 2028 3996 utrum
2057 3968 2102 4032 ρ

428 4029 559 4084 ferae
581 4031 866 4100 diripiant,
896 4048 966 4088 an
995 4033 1159 4093 maria
1192 4042 1546 4101 consumant,
1575 4048 1641 4091 an
1671 4034 1865 4091 humus
1895 4049 2031 4091 con-

431 4130 606 4189 tegat,
648 4138 715 4176 an
749 4120 967 4177 ﬂamma
1003 4124 1286 4183 subducat.
1318 4144 1338 4178 ι
1364 4125 1568 4181 Seneca
1615 4141 1741 4183 vero
1786 4125 2028 4183 dixerat:

434 4229 453 4262 ι
478 4210 572 4266 Ille
596 4214 809 4266 divinus
833 4214 1044 4271 animus
1065 4231 1381 4286 egressurus
1409 4218 1713 4281 hominem,
1744 4234 1851 4288 quo
1879 4234 2031 4275 rece-

430 4306 702 4372 ptaculum
752 4322 909 4361 suum
956 4306 1286 4374 conferatur,
1330 4310 1468 4379 ignis
1511 4309 1641 4363 illud
1687 4319 1915 4374 exurat,
1962 4325 2029 4365 an

427 4394 560 4451 {erm
589 4396 925 4466 diSIrahant,
955 4414 1021 4453 an
1054 4409 1193 4456 terra
1223 4408 1506 4471 contegat,
1542 4416 1648 4457 non
1679 4402 1851 4472 magis
1874 4402 1941 4455 ad
1972 4417 2034 4458 se
2073 4406 2076 4410 ’

425 4489 634 4561 iudicat
664 4494 967 4563 pertinere,
1005 4508 1166 4563 quam
1205 4492 1471 4548 secundas
1514 4493 1583 4550 ad
1617 4494 1819 4552 editum
1858 4494 2035 4552 infan-

431 4594 536 4641 tem
570 4584 592 4660 (
615 4587 797 4641 Senec.
829 4584 1001 4652 Epist.
1034 4588 1138 4653 92,
1170 4604 1289 4660 pag.
1321 4588 1421 4645 581
1448 4587 1490 4660 ).
1521 4608 1539 4641 ι

499 4678 752 4734 Octavius
780 4689 960 4734 autem
982 4678 1049 4734 ad
1081 4678 1345 4750 objectam
1384 4680 1702 4738 Christianis
1748 4694 2034 4755 pauperta-

431 4783 539 4830 tem
600 4772 939 4843 reSpondet:
987 4791 1006 4824 ‹
1042 4770 1213 4826 Nemo
1258 4782 1363 4827 tam
1420 4789 1623 4846 pauper
1667 4790 1790 4831 esse
1835 4786 2031 4846 potest,

434 4881 595 4935 quam
614 4879 772 4921 natus
794 4876 896 4921 est.
934 4885 955 4918 ι
985 4865 1158 4921 Simili
1179 4864 1338 4937 plane
1362 4865 1522 4920 modo
1539 4868 1776 4923 Seneca:
1816 4888 1835 4921 ‹
1862 4868 2034 4925 Nemo

436 4966 541 5012 tam
559 4972 761 5029 pauper
789 4959 938 5026 vivit,
969 4974 1131 5030 quam
1160 4971 1316 5013 natus
1355 4966 1438 5014 est
1493 4958 1710 5030 (Senes.
1741 4962 1827 5015 lib.
1863 4961 2034 5028 Quare

432 5050 553 5105 viris
575 5049 740 5117 bonis,
760 5058 889 5120 etc.,
914 5067 1003 5106 seu
1046 5050 1110 5106 de
1138 5049 1434 5107 President.
1460 5069 1575 5122 cap.
1606 5053 1660 5119 6,
1685 5071 1804 5126 pag.
1830 5054 1981 5126 504).
2008 5075 2028 5111 r

501 5142 648 5199 Idem
678 5142 933 5200 Octavius
984 5145 1143 5216 paulo
1172 5154 1292 5215 post.
1326 5162 1338 5197 :
1378 5163 1397 5197 t
1434 5144 1586 5214 Quod
1636 5149 1882 5218 corporis
1929 5150 2032 5203 liu-

429 5251 589 5293 mana
613 5236 739 5291 vitia
767 5239 1049 5306 sentimus,
1076 5253 1179 5294 non
1215 5248 1299 5295 est
1324 5254 1503 5311 paena,
1533 5241 1627 5297 sed
1659 5240 1915 5296 militia...
1944 5256 2036 5297 ca-

424 5330 639 5386 lamitas
660 5331 858 5403 saepius
882 5332 1164 5401 disciplina
1196 5334 1409 5389 virtutis
1430 5344 1534 5390 est.
1572 5355 1590 5388 ι
1616 5334 1826 5391 Seneca
1855 5351 1983 5390 vero
2018 5353 2032 5389 :

432 5445 452 5480 ι
488 5422 755 5483 Verberat
779 5441 879 5482 nos
903 5435 960 5483 et
980 5427 1182 5483 lacerat
1212 5427 1448 5484 fortuna.
1483 5430 1781 5497 Patiamur,
1819 5445 1926 5486 non
1955 5438 2040 5487 est

423 5516 656 5580 saevitia,
684 5527 961 5574 certamen
988 5529 1089 5574 est.
1131 5538 1151 5571 ι
1185 5519 1254 5576 Et
1297 5522 1456 5592 paulo
1502 5530 1627 5578 ante
1659 5521 1778 5578 haec
1826 5524 1985 5578 verba
2018 5541 2032 5577 :

428 5626 449 5659 ι
469 5606 760 5664 Calamitas
798 5609 1012 5666 virtutis
1037 5611 1250 5668 occasio
1293 5583 1375 5668 est
1431 5612 1639 5685 (Senes.
1677 5613 1803 5668 ibid.
1836 5629 1954 5685 cap.
1977 5613 2033 5683 4,
2062 5583 2117 5647 D

528 5739 541 5753 .
570 5699 735 5756 409).
768 5718 790 5752 ι

528 5739 541 5753 .
570 5700 675 5756 l£09
721 5741 735 5755 .
768 5718 790 5752 ι

415 5714 655 5863 Ραὲθτείι
678 5700 934 5851 Octavius
962 5810 974 5849 :
1006 5812 1026 5846 ‹
1064 5793 1271 5851 Deus...
1303 5796 1355 5851 in
1382 5796 1623 5856 aiversis
1651 5813 1984 5871 unumquem
2005 5829 2029 5843 -

2121 2552 2177 2597 et
2196 2539 2610 2597 honestissimus
2627 2541 2937 2611 scripserat,
2975 2551 3161 2597 contra
3186 2540 3450 2610 ipsosmet
3469 2537 3704 2602 ethnicos,

2122 2644 2179 2690 et
2227 2634 2293 2688 ad
2360 2634 2613 2690 tuendam
2657 2635 3085 2692 Christianorum
3134 2634 3460 2699 doctrinam,
3524 2629 3703 2704 gentilli

2124 2725 2282 2797 longe
2310 2729 2655 2795 sanctiorem,
2685 2728 3015 2785 traduxerit?

2197 2820 2281 2876 Ab
2307 2820 2537 2877 ethnicis
2564 2822 2919 2891 scriptoribus
2951 2820 3019 2877 ad
3049 2820 3384 2877 Christianos
3414 2820 3460 2877 si
3493 2826 3708 2874 transea-

2126 2926 2269 2980 mus,
2309 2913 2461 2983 plura
2505 2928 2719 2983 quoque
2757 2911 3270 2977 animadvertemus,
3313 2928 3438 2980 qua:
3483 2909 3712 2966 Minucius

2126 3020 2192 3061 ex
2220 3004 2538 3061 Tertulliani
2567 3005 2738 3070 libris,
2773 3019 2840 3061 ac
2880 3005 3222 3076 potissimum
3251 3019 3316 3058 ex
3360 3003 3506 3058 illius
3538 3000 3710 3070 Apolo-

2126 3096 2303 3166 getico
2340 3096 2630 3167 decerpsit.
2670 3097 2752 3152 Ad
2785 3096 2835 3151 id
2875 3107 3053 3151 autem
3082 3094 3448 3166 probandum,
3494 3090 3711 3162 quaadam

2128 3197 2334 3245 tantum
2365 3205 2430 3245 ex
2462 3190 2528 3247 iis
2553 3188 2795 3259 proferre
2824 3205 2965 3244 nunc
2991 3187 3245 3247 sul‘iieiet.
3294 3187 3372 3244 De
3413 3187 3523 3244 Deo
3562 3186 3714 3255 itaque

2131 3282 2246 3338 haec
2270 3282 2528 3339 Octavius
2548 3282 2718 3339 dixit:
2745 3281 3008 3338 Universa
3032 3296 3388 3351 quaecumque
3414 3286 3556 3344 sunt,
3577 3277 3716 3332 verbo

2125 3377 2297 3447 jubet,
2352 3379 2561 3434 ratione
2616 3376 2910 3446 dispensat,
2965 3377 3163 3432 virtute
3213 3382 3619 3432 consummat.»
3657 3371 3715 3425 De

2130 3487 2198 3530 eo
2225 3473 2385 3528 etiam
2430 3472 2797 3529 Tertullianus
2826 3489 2841 3529 :
2878 3490 2898 3526 ι
2933 3470 3091 3538 Quod
3142 3472 3396 3536 colimus,
3423 3469 3563 3532 Deus
3601 3478 3718 3529 unus

2132 3575 2236 3628 εει,
2267 3564 2359 3634 qui
2388 3572 2554 3618 totam
2598 3564 2797 3618 molem
2844 3564 3093 3619 istam....
3150 3562 3341 3626 verbo,
3401 3577 3510 3628 quo
3559 3557 3716 3628 iussit;

2134 3657 2362 3723 ratione,
2391 3673 2495 3725 qua
2521 3656 2838 3726 dispensat;
2870 3657 3095 3721 virtute,
3127 3670 3229 3726 qua
3259 3656 3455 3724 potuit,
3478 3654 3546 3721 de
3579 3649 3716 3711 nihilo

2133 3752 2400 3823 expressit
2423 3750 2664 3823 (Tertull.
2701 3750 2965 3821 Apolaget.
2999 3767 3114 3820 cap.
3149 3749 3235 3813 i7,
3279 3747 3478 3819 p.18).
3509 3766 3527 3799 ι

2211 3848 2440 3905 Rursum
2487 3846 2556 3901 de
2595 3845 2786 3905 eodem
2837 3844 2950 3901 Deo
2996 3843 3289 3899 Octavius:
3326 3861 3346 3901 ς
3383 3840 3548 3910 Quid,
3596 3834 3711 3906 quod

2135 3940 2377 3997 omnium
2411 3938 2480 3994 de
2522 3939 2626 3997 iato
2674 3937 2848 3995 habeo
2897 3934 3265 4003 consensum?
3306 3934 3488 3991 Audio
3536 3930 3717 3998 vulgus,

2136 4047 2259 4089 cum
2303 4031 2371 4087 ad
2417 4031 2616 4086 caelum
2665 4045 2854 4089 manus
2903 4029 3149 4095 tendunt,
3211 4026 3342 4093 nihil
3387 4024 3536 4093 aliud
3585 4034 3717 4092 quam

2141 4124 2312 4179 Deum
2337 4123 2559 4178 dicunt:
2585 4132 2658 4185 et,
2692 4122 2834 4177 [lens
2870 4136 3096 4192 magnus
3121 4129 3239 4185 est;
3289 4126 3366 4184 et,
3402 4117 3543 4185 Deus
3590 4123 3719 4179 verus

2136 4229 2240 4285 est;
2259 4228 2332 4286 et,
2356 4219 2413 4274 Si
2438 4218 2577 4272 Deus
2597 4216 2823 4272 dederit.
2849 4215 3004 4285 Vulgi
3022 4214 3124 4270 iste
3144 4212 3404 4269 naturalis
3427 4225 3598 4267 sermo
3634 4216 3717 4268 est.

2142 4330 2209 4373 an
2250 4312 2537 4369 Christiani
2577 4310 2881 4366 conﬁtentis
2925 4308 3139 4365 oratio?
3169 4328 3189 4361 ι
3222 4306 3487 4363 Similiter
3537 4298 3720 4361 Tertul-

2136 4407 2310 4463 lianns
2340 4423 2353 4460 :
2383 4423 2402 4457 ι
2436 4406 2743 4459 Anima..."
2768 4403 2932 4457 Deum
2961 4401 3205 4455 nominat
3232 4399 3335 4454 hoc
3364 4398 3484 4453 solo
3511 4393 3716 4451 notitiae,

2136 4500 2261 4570 quia
2291 4500 2509 4570 proprio
2544 4498 2634 4551 Dei
2669 4497 2779 4553 veri
2809 4514 2824 4552 :
2892 4495 3036 4551 Deus
3068 4507 3312 4565 magnus,
3347 4492 3489 4548 Deus
3539 4489 3717 4545 bonus;

2138 4602 2213 4662 et,
2265 4591 2407 4663 quod
2459 4591 2597 4647 Deus
2645 4588 2901 4647 dederit:
2943 4589 3183 4651 omnium
3209 4602 3312 4642 vox
3356 4594 3462 4642 est.
3508 4581 3717 4645 iudicem

2137 4701 2352 4758 quoque
2380 4693 2711 4743 contestatur
2738 4683 2886 4738 illum
2915 4698 2930 4735 :
2973 4682 3116 4737 Deus
3145 4680 3324 4745 videt;
3354 4689 3411 4733 et
3452 4679 3558 4733 Deo
3592 4687 3720 4739 cont-

2140 4778 2447 4844 mendo;et
2472 4778 2613 4834 Deus
2645 4775 2774 4830 mihi
2806 4775 3014 4831 reddet.
3055 4773 3100 4829 0
3148 4771 3516 4829 testimonium
3562 4768 3723 4825 anima:

2140 4873 2458 4931 naturaliter
2504 4870 2842 4927 christianac!
2899 4869 3135 4939 [lenique
3225 4870 3577 4937 pronuntians
3630 4861 3722 4915 hac

2143 4981 2251 5021 non
2300 4963 2369 5020 ad
2407 4962 2758 5033 Capitolium,
2794 4959 2888 5015 sed
2920 4959 2986 5014 ad
3026 4959 3225 5017 coelum
3258 4960 3478 5031 respicit
3509 4948 3721 5029 (Tertull.

2140 5055 2299 5129 ibid).
2340 5077 2359 5109 ι
2396 5055 2595 5111 Eadem
2628 5054 2720 5109 ille
2758 5053 2854 5109 sed
2885 5052 3102 5111 brevius
3128 5051 3265 5107 dixit
3301 5050 3511 5107 duobus
3549 5042 3719 5101 aliisin

2145 5152 2296 5209 libris
2346 5149 2528 5224 (Idem
2550 5149 2641 5203 lib.
2685 5148 2749 5203 de
2798 5146 3078 5202 Testimon.
3134 5150 3320 5201 anima
3365 5161 3482 5214 cap.
3535 5140 3585 5204 2.
3624 5150 3719 5210 pag-

2145 5246 2237 5313 81,
2279 5254 2326 5299 et
2355 5242 2472 5298 libr.
2550 5243 2613 5297 de
2675 5240 2888 5296 Resurr.
2935 5256 3083 5297 curn.
3124 5256 3271 5319 capt
3306 5240 3362 5305 ὅ,
3415 5254 3535 5309 pag.
3586 5227 3717 5301 581).

2147 5339 2215 5394 At
2240 5336 2530 5391 Minucium
2561 5334 2627 5390 ad
2661 5334 2796 5398 haec,
2837 5349 2956 5403 qua:
2994 5332 3297 5401 retulimus,
3339 5329 3575 5407 ejusdem
3611 5322 3721 5379 Ter-

2150 5428 2366 5485 tulliani
2394 5428 2559 5484 verba
2589 5427 2915 5498 respexisse,
2950 5424 3079 5480 nulli
3110 5423 3333 5479 dubium
3357 5437 3474 5478 esse
3497 5417 3661 5475 debet.

2219 5521 2409 5578 Nonne
2453 5522 2616 5576 etiam
2664 5520 2731 5574 ad
2775 5518 2880 5574 alia
2914 5517 3031 5589 ejus
3070 5516 3237 5573 verba
3285 5513 3613 5581 collineabat,
3651 5501 3719 5561 ubi

2146 5615 2264 5673 haec
2301 5615 2597 5687 gentilibus
2639 5613 2763 5684 jure
2817 5612 3013 5667 merito
3050 5611 3249 5682 obiecit
3279 5629 3295 5665 :
3349 5630 3369 5664 ι
3402 5608 3499 5666 Ubi
3528 5602 3720 5674 magis:

2146 5706 2537 5773 Sacerdotibus,
2566 5720 2727 5776 quam
2757 5704 2899 5762 inter
2926 5718 3049 5759 aras
3072 5712 3129 5760 et
3155 5703 3401 5768 delubra,
3441 5697 3718 5755 conducun-

2146 5810 2235 5861 tur
2261 5813 2468 5874 stupra,
2523 5806 2827 5857 tractantur
2859 5796 3150 5863 lenocinia,
3183 5794 3440 5854 adulteria
3482 5789 3713 5853 ωθάῑιθη·
