3980 6302
293 210 400 270 403

1657 208 2127 270 DISSERTATIO.

3489 215 3600 277 406

294 336 399 386 tur.
421 327 778 400 Frequentius
797 327 1028 399 denique
1046 327 1100 383 in
1125 326 1440 384 aedituorum
1468 325 1883 399 ochulishqnam
1910 325 1966 388 Δ
1989 327 2305 398 quibusdam
2364 329 2573 400 punctis
2634 338 2833 399 notata,
2891 331 3167 390 brevitatis
3233 332 3373 389 haud
3436 332 3599 391 dubie

294 424 348 480 in
400 425 530 495 ipsis
581 423 945 493 lupanaribus,
1003 422 1233 492 ﬂagrans
1282 421 1449 478 libido
1506 421 1884 492 defungitur.»

292 517 423 574 Nam
449 518 805 573 Tertullianus
828 518 991 573 simili
1022 516 1178 587 plane
1226 516 1385 571 modo
1425 514 1612 571 iisdem
1660 513 1890 570 ethnicis

295 611 442 679 prius
466 610 778 680 objecerat:
809 626 827 662 ι
860 609 1215 666 Conscientiae
1238 608 1478 663 omnium
1505 615 1890 677 recognoscent

290 703 346 759 in
377 703 592 773 ternplis
641 703 902 759 adulteria
942 703 1214 772 componi,
1273 702 1413 758 inter
1461 714 1584 757 aras
1622 699 1886 757 lenocinia

294 798 535 860 tractari,
554 797 606 852 in
638 797 769 868 ipsis
798 798 1113 868 plerumque
1134 796 1451 852 tedituorum
1474 804 1528 851 et
1550 794 1885 851 sacerdotum

290 890 673 958 tabernaculis,
703 892 803 947 sub
832 891 1019 947 iisdem
1065 891 1231 955 vittis,
1281 900 1337 946 et
1364 889 1625 961 apicibus,
1674 901 1727 944 et
1758 903 1877 960 pur-

288 987 461 1057 puris,
510 985 664 1042 thure
713 985 990 1056 ﬂagrante,
1038 985 1312 1042 libidinem
1348 984 1576 1056 expungi
1624 982 1883 1058 (Tertull.

285 1077 557 1150 Apologet.
588 1094 702 1149 cap.
739 1079 830 1145 15,
876 1095 929 1147 p.
956 1076 1071 1151 16).
1102 1096 1122 1129 ι

362 1171 442 1227 De
470 1170 821 1242 gladiatorum
863 1181 1123 1242 prtcterea
1168 1170 1372 1227 crudeli
1404 1184 1626 1239 prorsus
1675 1169 1885 1225 feritate

286 1263 409 1320 haec
436 1273 560 1320 sunt
597 1263 802 1321 Octavii
825 1264 1031 1321 verba:
1081 1263 1196 1320 Non
1251 1264 1538 1320 dissimiles
1585 1272 1640 1319 et
1684 1263 1774 1334 qui
1816 1262 1884 1319 de

281 1373 453 1414 arena
486 1358 625 1413 feras
655 1357 937 1423 devorant,
967 1358 1127 1413 illitas
1154 1368 1212 1413 ct
1260 1358 1483 1413 infectas
1531 1371 1744 1424 cruore,
1800 1355 1884 1412 vel

283 1451 550 1507 membris
578 1450 816 1507 hominis
853 1462 905 1506 et
944 1452 1151 1507 viscere
1193 1452 1482 1522 saginatas.
1520 1471 1539 1503 ι
1571 1450 1648 1505 De
1695 1449 1883 1505 iisdem

278 1544 649 1601 Tertullianus
679 1563 693 1601 :
729 1564 748 1598 t
789 1545 867 1600 illi
896 1546 985 1617 qui
1010 1545 1080 1601 de
1110 1561 1273 1601 arena
1296 1545 1483 1601 ferinis
1509 1545 1748 1601 obsoniis
1774 1559 1885 1601 οω-

276 1648 435 1704 nant,
488 1639 579 1710 qui
628 1638 697 1694 tle
729 1652 879 1709 apro,
924 1639 1013 1708 qui
1056 1637 1125 1693 de
1152 1653 1315 1694 cervo
1355 1647 1564 1709 petunt.
1610 1638 1752 1707 Aper
1793 1636 1884 1693 ille

1995 433 2156 475 causa
2189 422 2551 490 prmtermisit.

2065 513 2328 571 Minucius
2358 534 2373 571 :
2411 535 2431 570 ι
2460 516 2571 572 Nec
2596 533 2791 574 nomen
2812 520 2923 575 Deo
2943 535 3188 592 quaeras:
3221 521 3367 576 Deus
3400 536 3594 578 nomen

1990 616 2093 663 est.
2122 608 2235 664 Illic
2258 609 2535 665 vocabulis
2559 626 2693 680 opus
2714 621 2818 679 est,
2837 627 2957 669 cum
2982 629 3077 685 per
3103 614 3339 680 singulos
3364 615 3596 686 propriis

1991 700 2408 771 appellationum
2461 702 2760 771 insignibus
2805 705 3088 761 multitudo
3133 705 3428 761 dirimenda
3485 715 3591 762 est.

1990 792 2101 848 Deo
2125 795 2215 865 qui
2239 796 2382 851 solus
2408 805 2510 861 est,
2542 796 2633 852 Dei
2654 798 2974 853 vocabulum
3000 808 3168 855 totum
3215 808 3388 854 est....
3414 798 3591 856 Audio

1990 887 2271 957 vulgus....
2308 889 2391 956 Et,
2429 889 2581 963 Deus;
2604 906 2825 962 magnus
2874 902 2990 959 est;
3021 904 3095 959 et,
3129 895 3269 949 Deus
3297 908 3454 947 verus
3475 900 3593 959 est;

1988 988 2063 1046 et,
2091 979 2145 1036 Si
2173 981 2312 1038 Deus
2343 982 2586 1048 dederit;
2619 985 2760 1057 vulgi
2782 986 2882 1042 iste
2921 987 3179 1042 naturalis
3209 1001 3389 1043 sermo
3418 994 3517 1040 est.
3562 1006 3582 1039 ι

1985 1076 2285 1149 Cyprianus
2315 1096 2327 1132 :
2365 1098 2384 1133 t
2420 1078 2530 1137 Nec
2558 1095 2756 1138 nomen
2787 1082 2880 1137 Dei
2928 1097 3174 1150 quaaras;
3211 1082 3354 1137 Dens
3394 1097 3591 1137 nomen

1988 1178 2070 1224 est
2094 1171 2189 1225 illi.
2222 1170 2331 1228 Illic
2356 1172 2631 1230 vocabulis
2656 1189 2792 1244 opus
2808 1183 2911 1241 est,
2947 1175 3035 1230 ubi
3073 1175 3305 1245 propriis
3341 1173 3590 1243 appella-

1990 1263 2190 1319 tionum
2218 1265 2516 1335 insignibus
2556 1266 2842 1322 multitudo
2871 1266 3171 1322 dirimenda
3202 1277 3305 1322 est.
3349 1265 3461 1320 Deo
3499 1266 3590 1336 qui

1987 1355 2133 1409 solus
2163 1365 2265 1421 est,
2298 1356 2437 1411 Deus
2481 1356 2801 1411 vocabulum
2856 1365 3023 1411 totum
3080 1367 3254 1413 est....
3284 1356 3489 1429 Vulgus
3538 1357 3591 1412 in

1987 1449 2168 1504 multis
2200 1450 2363 1505 Deum
2394 1451 2711 1507 naturaliter
2732 1450 3089 1507 confitetur...
3127 1451 3238 1506 Dici
3275 1450 3586 1521 frequenter

1984 1541 2233 1597 audimus
2259 1560 2274 1599 :
2300 1542 2346 1599 Ο
2364 1543 2532 1599 Deus!
2557 1554 2631 1610 et,
2652 1544 2793 1600 Deus
2811 1544 2981 1610 videt;
3006 1553 3079 1610 et,
3104 1543 3213 1599 Deo
3234 1544 3575 1610 commendo;

1983 1646 2055 1703 et,
2086 1638 2224 1693 Deus
2256 1638 2384 1693 mihi
2436 1638 2658 1704 reddet;
2691 1647 2764 1706 et,
2816 1638 2969 1708 Quod
3017 1637 3128 1692 vult
3174 1637 3348 1703 Dens;
3400 1645 3475 1705 et,
3522 1637 3579 1695 Si

272 1749 443 1804 quem
480 1732 798 1796 cruentavit,
827 1730 1168 1787 colluctando
1192 1730 1433 1786 detersit.
1464 1729 1667 1787 Cervus
1696 1730 1786 1786 ille
1812 1730 1866 1784 in
1894 1727 1945 1789 B
1976 1730 2114 1786 Deus
2134 1730 2397 1787 dederit.»
2429 1731 2608 1805 (ϐεινγ.
2650 1731 2778 1787 ibid.
2836 1749 2953 1804 pag.
3004 1729 3121 1803 15.)
3175 1730 3413 1787 Videsne
3456 1745 3592 1801 quo.

270 1825 590 1897 gladiatoris
628 1824 891 1896 sanguine
940 1823 1127 1894 jacuit.
1180 1823 1420 1894 Ipsorum
1453 1837 1697 1878 ursorum
1743 1821 1881 1878 alvei

270 1925 626 1988 appetuntur,
648 1916 978 1972 cruditantes
1004 1915 1184 1971 adhuc
1207 1916 1257 1970 in
1290 1915 1585 1971 visceribus
1611 1913 1878 1969 humanis.

267 2010 539 2092 Ructatur
588 2025 751 2082 porro
797 2011 865 2066 ab
920 2010 1136 2066 homine
1187 2025 1314 2066 caro
1367 2018 1513 2082 pasta
1562 2010 1630 2065 de
1667 2009 1880 2066 homine

268 2103 520 2178 (Tertull.
549 2104 818 2176 Apologet.
846 2121 964 2174 cap.
992 2104 1047 2161 9.
1072 2121 1191 2176 pag.
1224 2102 1337 2175 10).
1370 2123 1390 2157 ι

338 2197 419 2253 Ad
442 2199 560 2254 haec
574 2214 705 2253 vero
725 2196 1009 2253 Octavius:
1033 2215 1053 2248 t
1075 2197 1180 2253 Nec
1208 2195 1438 2258 factiosi.
1460 2196 1651 2268 inquit,
1670 2210 1876 2265 sumus,

260 2292 318 2348 si
347 2304 540 2347 omnes
569 2307 732 2346 unum
776 2291 975 2345 bonum
1026 2290 1285 2360 sapimus,
1335 2289 1525 2345 eadem
1574 2289 1880 2359 congregati

261 2384 481 2456 quiete,
531 2399 633 2454 qua
679 2383 894 2455 singuli.
929 2401 949 2435 ι
1004 2382 1369 2440 Tertullianus
1415 2390 1642 2438 autem:
1698 2400 1718 2435 t
1756 2381 1881 2438 Htec

260 2478 438 2534 coitio
482 2476 1078 2532 Christianorum....si
1126 2475 1247 2547 quis
1296 2476 1363 2531 de
1418 2490 1482 2531 ea
1535 2475 1780 2546 queritur
1812 2490 1881 2532 eo

262 2571 453 2639 titulo,
473 2587 584 2643 quo
605 2570 673 2627 de
699 2569 1020 2626 factionibus
1045 2571 1263 2642 querela
1305 2579 1386 2626 est
1415 2587 1429 2625 :
1468 2571 1519 2626 in
1550 2571 1705 2641 cujus
1754 2584 1877 2641 per-

259 2667 467 2722 niciem
483 2666 766 2739 aliquando
792 2665 1141 2722 convenimus
1155 2670 1179 2719 ’ί
1200 2665 1313 2721 Hoc
1327 2680 1512 2721 sumus
1537 2664 1865 2736 congregati,

258 2759 420 2833 quod
435 2768 491 2817 et
504 2760 751 2832 dispersi,
774 2758 876 2815 hoc
892 2760 1119 2814 universi
1136 2758 1275 2828 quod
1295 2768 1347 2814 et
1369 2758 1580 2829 singuli,
1604 2758 1875 2813 neminem

262 2854 556 2919 laedentes,
617 2853 887 2908 neminem
938 2852 1319 2908 contristantes
1368 2849 1605 2922 (Tertull.
1654 2848 1875 2921 Apolog.

258 2960 388 3015 cap.
416 2945 506 3012 39,
525 2962 579 3016 p.
603 2942 717 3019 36).
749 2963 768 2998 ι

346 3039 593 3109 Denique
616 3048 673 3093 ut
698 3038 802 3094 alia
825 3038 965 3095 bene
994 3036 1181 3105 multa,
1219 3036 1440 3092 inferius
1475 3035 1709 3105 citanda,
1737 3052 1879 3094 nunc

1986 1824 2148 1879 modo
2178 1824 2319 1881 inter
2344 1826 2558 1882 Minucii
2576 1826 2737 1882 verba
2765 1824 3067 1899 Cyprianus
3091 1839 3187 1880 sua
3217 1824 3589 1896 interjecerit?

1983 1917 2244 1975 Minucius
2274 1919 2492 1991 insuper
2519 1920 2587 1977 de
2641 1929 2977 1975 mortuorum
3022 1919 3301 1974 hominum
3344 1918 3593 1990 imagini.

1983 2010 2084 2065 bus
2107 2010 2224 2067 hate
2250 2011 2444 2067 litteris
2471 2013 2855 2069 mandaverat:
2893 2035 2909 2066 ι
2951 2012 3115 2089 sacra
3139 2011 3277 2067 facta
3303 2020 3590 2083 sunt,qu:e

1982 2101 2196 2159 fuerant
2222 2114 2498 2174 assumpta
2553 2106 2763 2162 solatia.
2807 2125 2826 2159 ι
2883 2106 2955 2160 ire
3008 2104 3198 2159 iisdem
3250 2102 3587 2176 Cyprianus:

1988 2213 2006 2246 ι
2054 2197 2217 2252 Facta
2258 2207 2385 2252 sunt
2419 2213 2593 2263 sacra,
2644 2214 2763 2269 quae
2813 2198 2999 2268 primis
3042 2195 3257 2253 fuerant
3311 2206 3588 2268 assumpta

1984 2289 2172 2344 solatia
2201 2287 2383 2361 (Cypr.
2404 2290 2531 2345 ibid.
2565 2306 2688 2362 pag.
2713 2288 2827 2362 11).
2860 2310 2880 2344 ι

2051 2380 2344 2436 Minucius:
2379 2398 2400 2433 ‹
2426 2381 2727 2437 Alexander
2762 2381 2853 2437 ille
2881 2396 3103 2452 magnus
3147 2380 3368 2436 Macedo
3392 2380 3591 2452 insigni

1980 2472 2252 2528 volumine
2295 2472 2361 2527 ad
2407 2480 2631 2529 matrem
2674 2472 2906 2542 scripsit,
2956 2481 3098 2528 metu
3143 2487 3255 2528 suae
3306 2473 3587 2542 potestatis

1980 2568 2248 2637 proditum
2290 2567 2390 2623 sibi
2419 2567 2488 2623 de
2528 2567 2629 2623 diis
2672 2565 2978 2621 hominibus
3005 2582 3036 2620 a
3086 2565 3367 2622 sacerdote
3404 2558 3588 2622 secre-

1980 2669 2113 2714 tum.
2151 2677 2170 2711 ι
2206 2659 2548 2731 Cyprianus:
2604 2678 2623 2711 ι
2664 2659 2969 2715 Alexander
2997 2657 3218 2729 Magnus
3261 2658 3456 2730 insigni
3481 2673 3582 2713 vo-

1979 2753 2185 2809 lumine
2212 2752 2278 2807 ad
2302 2760 2527 2808 matrem
2559 2767 2711 2807 suam
2741 2750 2949 2818 scribit,
2978 2761 3123 2807 metu
3154 2752 3432 2821 potestatis
3459 2766 3585 2823 pro-

1979 2845 2149 2901 ditum
2180 2845 2280 2900 sibi
2310 2844 2380 2901 de
2407 2845 2512 2901 diis
2557 2845 2861 2901 hominibus
2907 2860 2938 2900 a
2984 2846 3263 2901 sacerdote
3315 2855 3585 2902 secretum

1982 2937 2165 3011 (Cypr.
2196 2938 2324 2992 ibid.
2355 2955 2480 3010 pag.
2516 2938 2633 3011 i2).
2671 2958 2691 2992 ι

2051 3030 2310 3085 Minucius
2334 3047 2347 3084 :
2382 3028 2665 3087 tCastores
2694 3031 2917 3086 alternis
2943 3031 3267 3100 moriuntur,
3296 3041 3354 3087 ut
3375 3032 3580 3101 vivant,

263 3132 440 3187 missa
493 3130 769 3195 faciamus,
822 3131 952 3186 dicit
1005 3129 1257 3186 Octavius
1287 3145 1304 3184 :
1349 3148 1369 3183 t
1399 3130 1559 3194 Vicit,
1594 3130 1682 3202 qui
1729 3131 1872 3202 quod
1901 3127 1945 3189 C
1979 3121 2319 3191 Esculapius
2345 3131 2402 3177 ut
2430 3123 2484 3177 in
2527 3121 2687 3179 deum
2722 3132 2927 3195 surgat,
2957 3122 3287 3179 fulminatur.
3326 3123 3588 3182 Hercules

264 3223 573 3290 contendit,
602 3222 851 3278 obtinuit.
882 3243 902 3279 ι
934 3223 1298 3279 Tertullianns
1324 3233 1502 3279 autem
1529 3241 1543 3278 :
1582 3242 1601 3274 ε
1632 3221 1869 3280 Victoria

266 3326 379 3377 est.
414 3332 512 3385 pro
550 3332 657 3388 quo
687 3317 1001 3381 certaveris,
1047 3316 1293 3373 obtinere
1347 3314 1599 3388 (Tertull.
1642 3316 1860 3389 Apolog.

262 3427 394 3482 cap.
423 3410 515 3477 50,
548 3427 666 3482 pag.
695 3410 809 3481 44).
849 3430 868 3462 ι

341 3503 467 3559 Jum
507 3518 635 3559 vero
663 3502 729 3558 ad
761 3518 824 3558 ea
864 3504 1136 3559 veniamus
1176 3518 1297 3574 quae
1334 3502 1634 3575 Cyprianus
1672 3517 1738 3557 ex
1769 3501 1869 3558 Mi-

266 3596 438 3651 nucio
480 3605 665 3651 nostro
717 3596 1092 3666 transcripsit:
1145 3614 1167 3647 ι
1198 3596 1422 3663 Quando
1473 3612 1743 3667 umquam,
1797 3595 1874 3652 ait

264 3697 466 3743 auctor
496 3696 710 3748 noster.
741 3688 889 3759 regni
914 3689 1146 3744 societas
1166 3698 1256 3742 aut
1278 3704 1401 3743 cum
1434 3688 1540 3744 fide
1567 3688 1755 3759 cmpit,
1780 3696 1873 3742 aut

266 3783 398 3837 sine
426 3797 619 3837 cruore
650 3781 939 3837 discessit?
967 3799 987 3834 ι
1020 3781 1264 3838 Totidem
1304 3782 1484 3837 verbis
1523 3783 1820 3853 Cyprianus
1854 3798 1868 3836 :

266 3873 508 3941 Quando
533 3890 780 3944 umquam
814 3874 964 3944 regni
994 3874 1244 3943 societas,
1268 3884 1359 3929 aut
1383 3891 1505 3929 cum
1542 3872 1649 3929 fide
1686 3874 1869 3942 cepit,

264 3976 367 4022 aut
414 3968 530 4022 sine
554 3981 745 4022 cruore
792 3966 952 4022 desiit
985 3965 1252 4038 (Cypriau.
1278 3966 1366 4022 lib.
1385 3966 1448 4020 de
1470 3967 1669 4021 ldolor.
1702 3966 1870 4020 Vanit.

267 4076 400 4130 pug.
461 4060 609 4130 ii)?
650 4078 668 4112 ι
724 4059 877 4117 Unde
951 4057 1172 4115 forsitan
1233 4060 1454 4131 colligas
1522 4060 1573 4114 in
1657 4058 1875 4115 Minucii

268 4157 426 4206 testu
466 4149 736 4216 similiter,
784 4166 879 4222 pro
908 4151 1156 4217 discessit,
1204 4151 1488 4223 legendum
1527 4152 1697 4221 desiit,
1729 4151 1874 4223 quod

271 4242 447 4299 verbo
477 4244 627 4312 capit
657 4243 851 4299 melius
879 4245 1191 4316 Opponitur.

346 4336 611 4393 Minucius
640 4358 654 4393 :
687 4356 707 4389 t
737 4337 848 4394 Rex
877 4354 1011 4395 unus
1027 4339 1238 4410 apibus,
1260 4338 1368 4394 dux
1385 4339 1583 4395 nnnsin
1599 4340 1870 4411 gregibus,

270 4432 327 4488 in
358 4431 620 4488 armentis
669 4440 847 4487 rector
868 4447 1027 4486 unus.
1062 4450 1082 4485 ι
1136 4433 1436 4504 Cyprianus
1467 4449 1480 4485 ε
1527 4451 1547 4485 t
1577 4432 1691 4487 Rex
1734 4447 1874 4489 unus

1973 3223 2032 3269 ut
2081 3213 2353 3271 hominem
2402 3224 2580 3281 exuat,
2627 3215 2816 3271 (Eleis
2859 3215 3071 3287 ignibus
3118 3226 3513 3274 concrematur.
3555 3236 3577 3272 ι

1970 3305 2272 3380 Cyprianus
2294 3308 2482 3364 iisdem
2502 3308 2676 3365 adhuc
2695 3308 2908 3367 verbis:
2947 3329 2967 3361 t
3001 3309 3191 3365 Castor
3214 3319 3267 3365 el
3288 3308 3476 3366 Pollux
3507 3311 3590 3366 al-

1971 3404 2140 3459 ternis
2160 3405 2480 3468 moriuntur,
2515 3416 2572 3459 ttt
2600 3406 2812 3470 vivant;
2844 3405 3186 3476 Esculapius
3234 3414 3292 3461 ut
3325 3407 3378 3462 in
3423 3407 3586 3463 deum

1968 3505 2173 3568 surgat,
2234 3495 2578 3563 fulminatur;
2634 3496 2892 3554 Hercules
2942 3505 3001 3561 ut
3067 3497 3340 3553 hominem
3399 3506 3583 3567 exuat,

1971 3587 2155 3645 (Eteis
2203 3589 2414 3661 ignibus
2450 3599 2823 3646 concrematur
2868 3588 3050 3664 (Cypr.
3081 3590 3207 3645 ibid.
3250 3608 3370 3664 pag.
3401 3591 3516 3662 11).
3557 3610 3579 3644 ι

2046 3682 2310 3738 Minucius
2340 3701 2352 3737 :
2389 3702 2409 3736 ι
2451 3684 2643 3753 Apollo
2672 3683 2883 3741 Admeti
2935 3699 3098 3755 pecus
3127 3683 3318 3755 pascit.
3351 3683 3583 3741 Laome-

1972 3774 2123 3830 donti
2153 3790 2336 3830 muros
2361 3775 2641 3846 Neptunus
2664 3775 2916 3841 instituit,
2941 3789 3042 3830 nec
3068 3773 3373 3830 mercedem
3402 3776 3583 3844 operis

1973 3869 2157 3926 infelix
2181 3879 2416 3926 structor
2433 3872 2694 3940 accepit.»
2723 3869 3025 3942 Cyprianus
3058 3885 3071 3922 :
3108 3887 3129 3920 ι
3156 3868 3349 3938 Apollo
3366 3866 3589 3925 Admeti

1976 3982 2137 4038 pecus
2188 3968 2352 4037 pavit.
2387 3966 2737 4022 Laomedonti
2786 3980 2973 4022 muros
3016 3963 3298 4035 Neptunus
3338 3963 3588 4029 instituit,

1974 4077 2075 4119 nec
2102 4061 2405 4119 mercedem
2444 4063 2626 4133 operis
2663 4060 2847 4117 infelix
2882 4068 3118 4116 structor
3144 4057 3352 4130 accepit
3384 4056 3586 4128 (Cypr.

1976 4157 2159 4227 ibid.).
2195 4176 2215 4210 ι

2046 4249 2305 4306 Minucius
2328 4258 2512 4321 postea
2533 4249 2603 4307 de
2629 4249 2864 4307 Saturno
2889 4255 2945 4305 et
2968 4247 3107 4304 lano
3133 4247 3249 4304 hate
3282 4254 3589 4303 memorat:

1982 4364 2003 4398 ι
2039 4344 2229 4400 Docuit
2260 4344 2468 4400 litteras
2494 4343 2826 4414 imprimere,
2857 4355 3110 4397 nummos
3143 4341 3451 4413 signare...
3481 4338 3584 4394 Ita-

1976 4452 2099 4507 que»
2130 4436 2390 4493 latebram
2421 4437 2601 4492 vocari
2630 4435 2820 4491 maluit
2862 4434 3239 4490 Latium....et
3281 4431 3588 4490 Ianiculum

269 4534 365 4579 est
388 4526 604 4593 apibus,
635 4534 688 4580 et
713 4525 821 4580 dux
850 4541 985 4579 unus
1014 4526 1067 4580 in
1107 4526 1374 4598 gregibus,
1428 4534 1482 4581 et
1530 4525 1581 4579 in
1617 4526 1874 4582 armentis
1898 4528 1952 4589 D
1976 4528 2165 4586 Janus.
2205 4548 2225 4582 ι
2254 4529 2591 4601 Cyprianus:
2636 4547 2657 4581 α
2689 4527 2819 4585 lude
2867 4527 3076 4583 Latium
3105 4526 3174 4583 de
3216 4527 3425 4583 latebra
3473 4524 3593 4596 ejus

274 4626 459 4671 rector
487 4632 622 4671 unus
644 4616 827 4689 (Cypr.
856 4617 1030 4688 ibid.).
1062 4637 1081 4670 ι

355 4707 617 4765 Minucius
652 4727 663 4762 :
704 4728 723 4761 ε
761 4710 861 4776 Qui
894 4710 1139 4764 universa
1161 4726 1509 4781 quacumque
1530 4719 1673 4779 sunt,
1713 4711 1878 4767 verbo

269 4803 452 4873 jubet,
515 4804 723 4859 ratione
755 4802 1050 4872 dispensat,
1119 4803 1314 4859 virtute
1359 4812 1718 4869 consummat,
1796 4803 1881 4859 hic

277 4912 384 4953 nec
407 4896 575 4952 videri
604 4904 799 4968 potest,
828 4897 944 4952 visu
965 4896 1161 4951 clarior
1189 4905 1303 4960 est;
1352 4913 1451 4953 nec
1475 4896 1879 4968 comprehendi,

278 5001 426 5045 tactu
453 4993 633 5061 purior
651 5001 767 5059 est;
799 5008 898 5048 nec
925 4990 1200 5057 mstimari,
1233 4992 1479 5047 sensibus
1504 4992 1676 5063 major
1701 5002 1879 5049 est....

279 5098 335 5142 et
358 5086 479 5143 ideo
507 5087 584 5142 sic
603 5103 724 5142 eum
754 5087 914 5158 digne
933 5087 1280 5149 aestimamus.
1303 5085 1428 5140 dum
1451 5087 1877 5143 inaestimabilem

280 5179 535 5234 dicimus.
562 5197 581 5231 ι
598 5178 894 5251 Cyprianus
907 5194 1065 5235 vero:
1102 5197 1120 5229 t
1145 5178 1242 5245 Qui
1267 5178 1511 5233 universa
1534 5193 1883 5248 quacumque

283 5280 431 5331 sunt,
462 5271 628 5326 verbo
650 5271 823 5341 jubet,
847 5271 1053 5326 ratione
1080 5269 1376 5340 dispensat,
1408 5270 1604 5325 virtute
1627 5286 1881 5326 consum-

285 5373 418 5428 "tat;
448 5363 537 5419 hic
562 5380 660 5419 nec
687 5364 850 5420 videri
880 5373 1074 5437 potest,
1105 5364 1221 5419 visu
1254 5364 1452 5420 clarior
1471 5373 1585 5431 est;
1607 5380 1706 5421 nec
1734 5381 1885 5420 com-

286 5457 574 5527 prehendi.
605 5468 745 5513 lactu
774 5458 958 5528 purior
986 5467 1095 5523 est;
1125 5472 1225 5514 nec
1255 5458 1531 5525 aestimari,
1573 5474 1730 5514 sensu
1770 5476 1885 5514 ma-

283 5547 373 5615 jor
397 5558 479 5602 est
503 5566 518 5603 :
542 5559 595 5604 et
623 5550 744 5605 ideo
769 5551 847 5605 sic
876 5566 995 5603 eum
1024 5549 1180 5620 digne
1202 5550 1550 5617 aestimamus,
1570 5551 1696 5606 dum
1728 5553 1887 5607 innes-

294 5639 588 5697 timabilem
630 5643 856 5697 dicimus
889 5639 1070 5713 (Cypr.
1108 5643 1205 5698 loc.
1240 5641 1379 5716 cit.).
1431 5642 1511 5698 lbi
1552 5654 1727 5700 autem
1780 5645 1887 5717 Cy-

1980 4639 2176 4679 nomen
2204 4623 2432 4694 accepit.
2471 4622 2570 4679 llic
2622 4619 2832 4678 litteras
2875 4620 3207 4691 imprimere,
3238 4618 3327 4675 hic
3376 4618 3594 4688 signare

1980 4732 2229 4772 nummos
2269 4717 2322 4770 in
2358 4714 2507 4770 Italia
2547 4715 2750 4786 primus
2786 4714 3084 4770 instituit...
3120 4714 3195 4768 De
3221 4713 3396 4783 cujus,
3441 4709 3589 4779 Jani,

1982 4810 2200 4866 nomine
2219 4808 2520 4865 laniculum
2550 4808 2752 4864 dictum
2776 4818 2860 4864 est
2901 4807 3081 4881 (Cypr.
3112 4806 3287 4878 ibid).
3320 4824 3340 4858 ι

2051 4901 2310 4958 Minucius
2340 4919 2355 4956 :
2390 4920 2409 4954 t
2443 4900 2671 4956 Antrum
2701 4900 2855 4957 lovis
2896 4900 3106 4965 visitur,
3150 4907 3206 4954 et
3249 4894 3596 4969 sepulchrum

1981 4994 2101 5064 ejus
2130 4992 2456 5048 ostenditur.
2497 5012 2516 5046 ι
2545 4992 2844 5064 Cyprianus
2874 4992 2989 5047 haec
3014 4990 3238 5047 totidem
3268 4988 3429 5061 plane
3468 5004 3592 5045 ver—

1986 5087 2071 5143 bis
2097 5087 2278 5143 retulit
2307 5105 2321 5142 :
2353 5105 2373 5139 t
2404 5090 2631 5143 Antrum
2648 5087 2798 5142 Jovis
2827 5088 2880 5142 in
2910 5085 3070 5141 Creta
3093 5086 3307 5151 visitur,
3329 5095 3385 5142 et
3411 5084 3596 5155 sepul-

1976 5180 2169 5235 chrum
2196 5180 2313 5250 ejus
2340 5180 2644 5236 ostenditur
2676 5179 2856 5253 (lfgpr.
2890 5178 3067 5252 ibid.).
3117 5198 3159 5232 »θ

2058 5274 2320 5330 Minucius
2354 5292 2368 5326 :
2404 5293 2424 5327 ι
2458 5273 2746 5343 Pejerante
2800 5273 3029 5329 Proculo
3071 5274 3213 5329 Deus
3242 5273 3527 5330 Romulus.
3567 5289 3589 5326 ι

1987 5366 2294 5439 Cyprianus
2323 5382 2495 5422 vero:
2553 5384 2574 5420 ι
2611 5367 2705 5422 Est
2730 5366 3016 5435 Romulus,
3056 5367 3335 5439 pejerante
3364 5366 3599 5425 Proculo

1990 5462 2125 5518 deus
2166 5464 2336 5518 factus
2363 5461 2544 5536 (Cypr.
2568 5461 2692 5516 ibid.
2727 5477 2848 5532 pag.
2878 5461 2996 5531 19).
3040 5481 3059 5515 ι

2063 5556 2324 5611 Minucius
2351 5556 2419 5611 de
2444 5555 2546 5610 diis
2574 5572 2587 5608 :
2623 5572 2643 5604 t
2679 5555 2787 5610 Cur
2815 5556 2858 5609 si
2888 5556 2998 5611 nati
3019 5564 3165 5623 sunt,
3194 5571 3300 5611 non
3329 5555 3602 5625 hodieque

1991 5663 2305 5715 nascuntur,
2335 5650 2435 5705 nisi
2468 5649 2605 5705 forte
2628 5648 2737 5719 jam
2764 5649 2972 5722 Jupiter
2995 5650 3191 5718 senuit,
3225 5659 3280 5707 et
3313 5661 3498 5722 partus
3545 5649 3601 5704 in

294 5734 514 5804 prianus
562 5735 804 5807 qutcdam
846 5735 1053 5791 Minucii
1102 5737 1280 5805 verba,
1336 5751 1367 5791 a
1396 5735 1550 5793 nobis
1575 5740 1792 5807 omissa,
1835 5749 1891 5795 et
1991 5743 2206 5807 lunone
2230 5739 2447 5798 defecit.
2492 5760 2511 5792 ο
2545 5740 2620 5797 De
2659 5741 2849 5799 iisdem
2888 5743 3233 5815 Cyprianus:
3282 5761 3301 5795 t
3344 5743 3601 5800 Sinuttm
