3980 6302
383 183 492 242 40⁸1
1679 176 1769 232 DE
1809 172 2068 233 MlNUCll
2102 173 2403 232 OCTAVIO
3592 175 3690 233 £08

383 295 676 368 aliquando
706 294 778 352 dii
811 296 920 352 nati
951 302 1097 362 sunt,
1121 310 1219 351 cur
1240 309 1346 351 non
1374 292 1641 364 hodieque
1666 302 1983 359 nascuntur,
2014 293 2067 353 A
2092 300 2150 348 ut
2193 290 2496 371 ad_cu|tum
2548 290 2629 347 sui
2678 298 2894 361 cogant,
2943 299 3004 347 ut
3049 290 3238 347 nidore
3284 289 3558 360 altarium,
3613 295 3692 350 vel

389 391 491 446 nisi
517 389 653 446 forte
678 389 889 461 Jupiter
904 390 1100 456 senuit,
1124 398 1214 444 aut
1242 399 1425 461 partus
1468 389 1523 444 in
1561 388 1773 446 Junone
1800 387 1996 445 defecit
2099 385 2288 442 hostiis
2319 384 2583 456 pecudum
2618 385 2869 457 saginati,
2906 385 3152 442 remissis
3188 401 3308 458 qure
3361 387 3693 442 constrinxeo

393 481 579 555 (Cypr.
609 481 787 554 ibid.).
828 502 848 535 ι
2099 490 2245 546 rant,
2262 494 2483 536 curasse
2513 479 2811 535 videantur.
2848 498 2869 532 ι
2898 479 3198 553 Cyprianus
3229 498 3244 535 :
3276 498 3297 532 ι
3338 481 3401 536 lli
3433 497 3561 553 ergo
3591 482 3697 550 spi-

389 587 405 646 ξ
462 574 725 630 Minucius
758 592 772 629 :
817 593 836 628 ι
898 575 1261 630 Romanorum
1300 574 1432 629 deos
1479 574 1795 630 vernaculos
1842 575 1996 631 novi-
2102 575 2236 631 ritus
2270 574 2369 630 sub
2405 574 2594 629 statuis
2626 581 2788 644 atque
2815 573 3135 645 imaginibus
3163 573 3492 630 consecratis
3520 575 3701 630 delite-

392 686 535 728 mus.
560 670 842 736 Romulus,
873 670 1051 736 Picus,
1074 670 1343 735 Tiberius,
1368 676 1424 723 et
1449 668 1677 736 Consus,
1715 679 1766 723 et
1794 668 1999 724 Pilum-
2102 676 2281 733 scunt,
2309 667 2360 721 hi
2377 665 2560 722 afflatu
2584 682 2681 721 suo
2706 676 2886 723 vatum
2910 676 3125 737 pectora
3146 666 3433 737 inspirant,
3460 675 3700 722 extorum

392 777 519 829 nus,
564 778 627 818 ac
660 762 948 818 Pitumnus
981 761 1077 817 dii.
1111 758 1416 817 Cloacinam
1449 761 1634 817 Tatius
1674 770 1728 817 et
1773 761 1998 826 invenit,
2106 762 2269 818 fibras
2293 760 2551 821 animant,
2576 760 2753 815 avium
2796 760 3004 815 volatus
3033 759 3355 829 gubernant,
3403 767 3582 814 sortes
3622 773 3705 813 re-

393 864 450 911 et
478 854 662 910 coluit.
695 854 952 909 Pavorem
987 853 1269 919 Hostilius,
1299 862 1459 925 atque
1507 852 1777 909 Pallorem
1812 871 1825 908 :
1876 870 2001 911 mox
2105 862 2258 925 gunt,
2291 854 2506 909 oracula
2534 851 2793 914 efficiunt,
2819 852 2951 909 falsa
2982 853 3129 909 veris
3156 867 3374 922 semper
3409 851 3703 908 involvunt.

395 964 429 1003 a
466 948 650 1004 nescio
689 963 796 1018 quo
837 946 1022 1002 Febris
1070 946 1315 1002 dedicata
1354 956 1531 1002 est....
1574 962 1706 1002 sane
1755 957 1811 1003 ct
1862 946 2003 1003 Acca

396 1041 671 1107 Larentia,
697 1050 751 1097 et
781 1040 941 1097 Flora
997 1040 1335 1097 meretrices.
1375 1059 1394 1092 ι
1454 1040 1754 1112 Cyprianus
1785 1059 1798 1095 :
1845 1060 1863 1093 ι
1901 1042 2006 1098 Ro-

398 1150 681 1191 manorum
709 1133 843 1190 deos
881 1135 1204 1190 vernaculos
1233 1134 1498 1189 novimus.
1537 1135 1632 1190 Est
1669 1134 2003 1192 Rou'iulns...

395 1228 578 1295 Picus,
611 1237 667 1282 et
687 1227 955 1293 Tiberius,
1005 1236 1059 1281 et
1087 1226 1368 1280 Pilumnus
1407 1235 1461 1281 et
1505 1223 1809 1281 Consus....
1843 1225 2006 1281 Deam

398 1336 613 1392 quoque
638 1319 949 1376 Cloacinam
976 1319 1159 1374 Tatius
1201 1328 1256 1374 et
1290 1319 1515 1387 invenit,
1564 1330 1619 1375 et
1661 1319 1824 1374 coluit
1854 1336 1867 1372 :
1913 1318 2010 1373 Pa-

400 1430 588 1470 vorem
617 1413 874 1470 llostilius
912 1421 1073 1483 atque
1106 1412 1370 1467 Pallorem
1402 1430 1416 1466 :
1451 1427 1577 1468 mox
1615 1427 1645 1466 a
1684 1413 1866 1468 ucscio
1904 1426 2012 1482 quo

402 1505 597 1561 Febris
635 1506 881 1562 dedicata
910 1523 924 1559 :
953 1516 1007 1561 et
1037 1508 1175 1560 Acca
1198 1516 1251 1561 et
1274 1504 1435 1561 Flora
1456 1508 1776 1563 meretrices
1806 1505 2008 1578 (Cypr.

399 1598 527 1654 ibid.
560 1617 685 1672 pag.
720 1600 839 1669 12).
875 1621 895 1653 ι

2108 948 2241 1004 Nam
2267 956 2323 1003 et
2353 946 2610 1003 falluntur
2634 955 2689 1002 ct
2719 946 2910 1001 fallunt
2943 964 2957 1002 :
2995 947 3157 1002 vitam
3210 946 3448 1011 turbant,
3496 960 3708 1001 somnos

2110 1040 2430 1111 inquietant.
2464 1039 2768 1111 lrrepentes
2794 1039 2955 1095 etiam
3010 1039 3062 1094 in
3108 1038 3430 1109 corporibus
3487 1040 3707 1105 occulte,

2109 1145 2321 1192 mentes
2353 1144 2576 1199 terrent,
2606 1135 2845 1191 membra
2874 1134 3391 1204 distorquent....ut
3413 1131 3481 1188 ad
3514 1135 3709 1187 cultum

2111 1227 2193 1282 sui
2224 1239 2439 1298 cogant,
2470 1235 2524 1281 ut
2556 1226 2741 1282 nidore
2767 1225 3015 1281 altarium
3045 1235 3101 1280 et
3133 1225 3277 1295 rogis
3301 1238 3561 1295 peciirum
3584 1223 3714 1294 sagi-

2113 1321 2245 1382 nati,
2272 1320 2513 1375 remissis
2547 1336 2668 1392 qua:
2694 1321 3149 1384 constrinxerant,
3177 1333 3403 1376 curasse
3437 1317 3715 1376 videantur

2108 1410 2298 1486 (Cypr.
2330 1411 2454 1465 ibid.
2485 1428 2607 1484 pag.
2640 1411 2750 1483 M).
2792 1431 2812 1465 ι

2183 1503 2445 1558 Minucius
2472 1519 2684 1559 rursum
2712 1503 2781 1559 de
2803 1503 2992 1558 iisdem
3029 1502 3367 1560 daemonibus
3393 1520 3411 1559 :
3443 1523 3465 1556 ί
3517 1504 3607 1561 Sic
3635 1519 3716 1562 0c-

2116 1606 2315 1667 cupant
2340 1599 2570 1660 animos.
2602 1606 2664 1653 ut
2684 1608 2811 1654 ante
2829 1613 2928 1655 nos
2954 1598 3214 1670 incipiant
3241 1598 3495 1656 homines
3517 1600 3714 1667 odisse,

475 1693 785 1750 Minucius:
824 1713 843 1746 ι
891 1694 1030 1751 Mars
1050 1695 1334 1762 Thracius,
1359 1697 1445 1752 vel
1488 1695 1697 1766 Jupiter
1741 1696 2008 1765 Creticus,
2039 1695 2088 1756 B
2115 1704 2275 1761 quam
2323 1705 2521 1754 nosse;
2574 1705 2645 1746 ne
2692 1690 2938 1761 cognitos
2981 1700 3075 1745 aut
3120 1691 3314 1746 imitari
3358 1692 3591 1762 possint,
3641 1702 3724 1745 aut

406 1788 493 1846 vel
516 1788 654 1845 Juno
705 1804 847 1846 nunc
884 1790 1100 1862 Argiva,
1151 1806 1295 1845 nunc
1354 1790 1556 1857 Samia,
1627 1806 1768 1845 nunc
1827 1791 2014 1857 Pinna,

404 1896 550 1938 nunc
603 1881 772 1936 Diana
820 1882 1046 1938 Taurica
1092 1883 1175 1937 vel
1225 1889 1398 1937 mater
1426 1881 1590 1948 Idma,
1635 1883 1719 1939 vel
1765 1882 2015 1956 Egyptia,

411 1974 499 2030 illa
533 1990 638 2029 non
670 1975 1023 2039 nuniina,sed
1075 1984 1342 2046 portenta.
1378 1994 1398 2028 ι
1433 1975 1736 2047 Cyprianus
1766 1994 1779 2030 :
1824 1995 1843 2028 ι
1879 1976 2018 2033 Mars

406 2066 674 2124 Thracius
695 2067 971 2137 etJupiter
997 2067 1261 2134 Creticus,
1292 2078 1346 2122 ct
1373 2067 1516 2123 Juno
1563 2067 1650 2125 vel
1692 2069 1893 2140 Argiva
1934 2070 2020 2127 vel

408 2161 591 2218 Samia
623 2161 706 2216 vel
734 2160 901 2217 Poena
926 2170 981 2218 et
1009 2162 1175 2216 Diana
1225 2160 1475 2230 Taurica,
1532 2171 1587 2218 et
1633 2163 1800 2218 Deum
1853 2163 2023 2219 Mater

405 2254 549 2311 Idaea
591 2265 647 2310 et
686 2254 939 2327 Egyptia
968 2264 1237 2327 portenta,
1271 2269 1377 2311 non
1407 2255 1626 2310 numina
1660 2255 1845 2329 (Cypr.
1882 2256 2010 2311 ibid.

411 2363 533 2417 pag.
570 2347 637 2402 l3
652 2348 696 2418 ).
735 2366 755 2398 ι

483 2439 746 2495 Minucius
771 2456 785 2493 :
821 2458 840 2490 ‹
870 2439 1011 2496 Ante
1037 2454 1153 2508 eos,
1184 2441 1296 2496 Deo
1324 2440 1694 2512 dispensante,
1722 2440 1812 2496 diu
1862 2456 2025 2513 regna

404 2541 694 2590 tenuerunt
722 2535 951 2607 Assyrii,
982 2533 1142 2602 Medi,
1175 2544 1231 2590 et
1283 2536 1485 2601 Persae,
1531 2534 1705 2592 ϐιωθί
1756 2535 1919 2592 etiam
1970 2546 2027 2592 et

410 2627 674 2700 Egyptii.
706 2647 726 2681 ι
771 2628 1117 2700 Cyprianus:
1172 2648 1191 2681 ‹
1230 2629 1518 2701 Imperium
1564 2638 1690 2686 ante
1734 2640 2026 2688 tenuerunt

412 2731 471 2777 et
499 2721 729 2793 Assyrii,
755 2732 808 2778 et
837 2722 995 2790 Medi,
1015 2735 1070 2778 et
1093 2722 1309 2789 Perszc;
1337 2733 1393 2780 et
1421 2723 1641 2781 Graecos
1664 2735 1719 2781 et
1743 2724 2027 2798 Egyptios

415 2829 673 2886 regnasse
703 2816 1054 2886 cognovimus
1098 2814 1280 2889 (Cypr.
1320 2817 1500 2887 ibid.).
1539 2836 1558 2869 ι

486 2907 778 2962 Minucius:
817 2927 837 2960 ε
872 2908 1010 2975 Quid
1035 2908 1309 2979 Regulus?
1326 2909 1513 2965 Nonne
1530 2910 1752 2982 auguria
1768 2912 2022 2979 servavit,

411 3011 469 3059 et
505 3014 697 3073 captus
727 3002 844 3058 est?
891 3001 1169 3060 Mancinus
1215 3002 1532 3073 religionem
1576 3004 1765 3069 tenuit,
1815 3014 1871 3060 et
1914 3006 2016 3059 sub

2122 1782 2380 1839 damnare
2422 1797 2529 1839 non
2560 1783 2785 1853 possint.
2828 1804 2847 1835 ι
2896 1783 3196 1856 Cyprianus
3230 1800 3448 1857 quoque
3475 1801 3493 1840 :
3522 1804 3541 1834 ι
3598 1784 3719 1841 lline

2126 1877 2316 1949 vulgus
2344 1877 2395 1932 iu
2424 1877 2605 1933 odium
2636 1877 2809 1933 nostri
2844 1878 3076 1934 nominis
3110 1889 3330 1950 cogunt,
3363 1889 3420 1934 ut
3454 1894 3557 1933 nos
3587 1879 3722 1932 odis-

2130 1984 2192 2026 se
2223 1970 2482 2040 incipiant
2536 1971 2780 2027 homines
2816 1980 3104 2041 antequam
3146 1986 3346 2036 nosse;
3392 1988 3461 2026 nc
3487 1972 3724 2041 cognitos

2124 2077 2217 2125 aut
2242 2068 2442 2123 imitari
2469 2068 2711 2141 possint,
2757 2077 2852 2123 aut
2897 2066 3159 2125 damnare
3189 2083 3299 2123 non
3356 2068 3573 2138 possint
3616 2066 3726 2139 (Cy-

2127 2166 2297 2237 prian.
2334 2164 2511 2236 ibid.).
2547 2184 2565 2217 ι

2199 2257 2461 2313 Minucius
2488 2273 2508 2312 :
2550 2275 2572 2310 ι
2601 2256 2886 2329 Templum
2928 2255 3074 2327 quod
3117 2255 3203 2323 ei,
3247 2254 3382 2324 Deo,
3428 2263 3724 2323 exstrnam,

2128 2365 2255 2407 cum
2286 2359 2431 2406 totus
2473 2350 2560 2406 hic
2589 2350 2843 2417 tmmdus,
2895 2350 3016 2420 ejus
3053 2364 3220 2420 opera
3256 2347 3576 2415 fabricatus,
3615 2362 3725 2402 eum

2126 2458 2321 2515 capere
2341 2459 2445 2500 non
2466 2445 2664 2515 possit;
2689 2454 2884 2500 etcqu
2906 2442 3068 2498 homo
3087 2442 3247 2498 latius
3270 2455 3529 2497 maneam
3545 2483 3562 2506 ,
3600 2441 3725 2494 intra

2134 2553 2294 2592 unam
2321 2538 2602 2594 aediculam
2624 2538 2734 2594 vim
2763 2546 2924 2593 tantae
2947 2537 3244 2608 majestatis
3269 2534 3582 2591 includam?
3608 2534 3727 2588 Non.

2132 2646 2202 2687 ne
2225 2632 2418 2686 melius
2454 2632 2506 2686 in
2540 2642 2723 2687 nostra
2760 2630 3090 2687 dedicandus
3115 2640 3194 2686 est
3228 2639 3431 2697 mente,
3468 2632 3524 2683 iu
3554 2637 3725 2683 nostro

2138 2724 2248 2779 into
2294 2723 2700 2781 consecrandus
2741 2731 2828 2779 est
2871 2732 3109 2795 pectore.
3156 2741 3176 2774 ι
3223 2720 3531 2794 Cyprianus
3575 2735 3724 2776 vero:

2140 2835 2160 2870 ι
2195 2817 2348 2885 Quod
2373 2818 2629 2888 templum
2657 2818 2859 2874 habere
2890 2818 3059 2888 poesit
3083 2817 3246 2882 Deus,
3276 2816 3435 2886 cujus
3468 2816 3721 2886 templum

2137 2920 2284 2970 totus
2315 2923 2397 2968 est
2425 2912 2691 2968 mundus?
2720 2910 2935 2967 Etcum
2966 2910 3128 2965 homo
3148 2911 3306 2966 latius
3335 2920 3575 2978 maneat,
3606 2911 3727 2962 intra

2138 3022 2298 3062 unam
2333 3005 2615 3061 tediculam
2659 3005 2765 3060 vim
2795 3013 2956 3061 tanta:
2995 3002 3292 3074 majestatis
3332 3001 3646 3057 includam?
3678 2999 3728 3054 lu

409 3093 600 3166 jugum
638 3097 837 3151 missus
857 3106 939 3151 est
959 3137 975 3162 ,
1009 3107 1064 3151 et
1113 3095 1350 3153 deditus.
1386 3096 1568 3153 Pullos
1608 3098 1803 3155 edaces
1846 3099 2032 3156 habuit
2058 3098 2103 3161 C
2137 3108 2318 3156 nostra
2346 3097 2675 3155 dedicandus
2701 3107 2785 3153 est
2815 3106 3017 3163 mente,
3048 3097 3100 3151 in
3124 3106 3312 3151 nostro
3340 3091 3728 3151 consecrandus

416 3197 474 3246 et
502 3189 700 3245 Paulus
739 3190 880 3261 apud
914 3188 1170 3258 Cannas;
1215 3199 1394 3247 tamen
1421 3207 1545 3246 cum
1590 3192 1794 3263 majore
1847 3193 2026 3264 reipu-

418 3281 578 3338 blica:
627 3292 783 3354 parte
821 3293 1122 3356 prostratus
1149 3295 1251 3341 est.
1309 3283 1470 3341 Caius
1522 3284 1743 3353 Caesar,
1782 3302 1852 3343 ne
1902 3297 2027 3343 ante

421 3375 668 3430 brumam
717 3376 769 3431 in
815 3376 1052 3433 Africam
1101 3378 1310 3449 navigia
1356 3381 1761 3448 transmitteret,
1790 3381 2028 3452 auguriis

422 3475 480 3522 et
507 3468 760 3537 auspiciis
789 3470 1166 3539 renitentibus,
1203 3472 1431 3542 sprevit,
1459 3488 1525 3528 eo
1550 3472 1757 3529 facilius
1792 3485 1847 3530 et
1875 3476 2028 3530 navi-

422 3562 569 3632 gavit
590 3570 647 3617 et
675 3562 820 3618 vicit.
857 3584 877 3617 ›
907 3562 1206 3636 Cyprianus
1237 3582 1253 3621 :
1287 3585 1307 3619 ι
1347 3566 1581 3637 Regulus
1626 3569 1861 3639 auspicia
1908 3584 2027 3625 ser-

423 3654 571 3709 vavit
609 3664 665 3710 et
702 3665 893 3728 captus
940 3668 1045 3714 est.
1092 3657 1369 3714 Mancinus
1405 3660 1718 3731 religionem
1770 3663 1941 3718 tenuit
1977 3672 2033 3718 et

423 3749 528 3806 sub
551 3750 739 3822 jugutn
768 3754 961 3807 missus
993 3762 1114 3809 est:
1146 3763 1203 3810 et
1236 3754 1409 3825 pullos
1453 3755 1647 3812 edaces
1686 3756 1885 3814 Paulus
1932 3760 2029 3813 ha-

422 3841 561 3909 buit,
593 3853 647 3900 et
676 3844 817 3915 apud
852 3843 1065 3901 Cannas
1092 3854 1268 3903 tamen
1307 3862 1479 3904 caesus
1505 3859 1607 3906 est.
1647 3847 1709 3905 C.
1734 3848 1937 3920 Caesar,
1966 3867 2034 3908 ne

426 3944 552 3991 ante
584 3936 827 3991 brumam
857 3938 908 3992 in
933 3937 1172 3994 Africam
1220 3941 1427 4010 navigia
1475 3943 1884 4010 transmitteret,
1932 3959 2034 3999 au-

429 4028 600 4097 guriis
621 4038 676 4084 et
701 4031 959 4101 auspiciis
988 4032 1368 4101 renitentibus,
1401 4037 1625 4106 sprevit,
1652 4046 1706 4092 et
1730 4052 1797 4093 eo
1826 4036 2034 4095 facilius

426 4120 701 4190 navigavit
726 4131 781 4177 et
810 4124 936 4178 vicit
965 4123 1148 4197 (Cypr.
1189 4127 1364 4200 ibid.).
1402 4149 1420 4183 ι

500 4212 768 4271 Minucius
807 4215 875 4273 de
921 4217 1300 4277 (ltcmonibus:
1350 4242 1370 4275 ι
1408 4222 1638 4292 Spiritus
1686 4223 1941 4281 insinceri
1984 4234 2039 4281 et

432 4306 549 4376 vagi
576 4323 603 4358 a
626 4308 833 4363 crelesti
863 4310 1063 4380 vigore,
1094 4314 1324 4368 terrenis
1346 4314 1553 4370 labibus
1574 4324 1629 4370 et
1657 4316 2038 4384 cupiditatibus

430 4395 932 4469 degravati....Nou
964 4404 1212 4460 desinunt
1238 4407 1430 4476 perditi
1450 4406 1558 4476 jam
1590 4407 1839 4479 perdere,
1870 4419 1926 4466 et
1944 4409 2039 4465 de-

2129 3203 2212 3250 est
2262 3200 2481 3264 pectore
2512 3189 2694 3263 (Cypr.
2727 3189 2854 3245 ibid.
2886 3206 3007 3261 pag.
3039 3189 3150 3259 15).
3189 3208 3209 3241 ι

2202 3286 2324 3342 Alia
2366 3285 2543 3342 adhuc
2583 3286 2634 3339 iu
2677 3284 2781 3340 hoc
2818 3284 3032 3340 Minucii
3064 3283 3203 3339 libro
3245 3291 3571 3349 occurrunt,
3623 3297 3729 3352 qua:

2131 3380 2347 3452 quidem
2384 3381 2467 3434 bis
2492 3379 2710 3446 similia,
2755 3394 2875 3451 quae
2917 3379 3218 3451 Cyprianus
3250 3379 3333 3435 vel
3363 3379 3419 3434 in
3448 3379 3610 3445 libro,
3631 3377 3729 3447 jam

2132 3490 2163 3527 a
2205 3475 2360 3529 nobis
2397 3473 2595 3544 saepius
2620 3474 2808 3541 citato,
2841 3474 2923 3529 vel
2953 3475 3007 3528 in
3034 3474 3147 3529 suis
3181 3471 3250 3527 ad
3289 3472 3552 3527 Domuum
3579 3483 3621 3527 et
3641 3469 3729 3524 De-

2138 3568 2441 3622 melriaimm
2476 3566 2647 3633 libris,
2699 3574 2755 3622 et
2796 3566 2923 3621 alibi
2963 3566 3199 3636 scripsit,
3241 3581 3362 3636 qua:
3409 3580 3557 3621 nunc
3603 3574 3728 3619 tran-

2138 3660 2379 3717 scribere
2407 3660 2615 3732 longius
2664 3659 2818 3716 foret.
2871 3657 3231 3727 Quamobrem
3256 3658 3368 3726 illa,
3400 3658 3493 3714 ubi
3522 3658 3592 3713 ad
3618 3673 3729 3713 cou-

2136 3753 2454 3810 ﬁrmandam
2497 3754 2732 3811 auctoris
2767 3754 2938 3810 nostri
2979 3755 3305 3811 sententiam
3334 3768 3472 3826 opus
3500 3754 3626 3821 erit,
3656 3753 3728 3808 iu-

2137 3836 2307 3905 ferius
2340 3848 2697 3921 proferemus.

2209 3945 2280 3997 At
2328 3942 2522 3997 mirum
2560 3941 2700 3998 haud
2728 3941 2889 3998 dubie
2933 3941 3201 3998 videbitur
3237 3939 3587 4014 Cyprianum,
3636 3949 3726 3996 tam

2139 4032 2401 4089 disertum
2433 4033 2810 4102 eruditumque
2834 4035 3036 4101 virum,
3067 4042 3146 4090 tot
3182 4036 3341 4090 unius
3369 4034 3560 4102 libelli,
3591 4050 3621 4089 a
3647 4033 3727 4089 lli-

2139 4128 2298 4184 nucio
2328 4128 2635 4198 compositi,
2684 4128 2797 4185 loca
2824 4128 2894 4184 de
2933 4128 3099 4184 verbo
3141 4128 3499 4199 exscripsisse
3525 4128 3591 4184 ad
3620 4142 3725 4183 vero

2147 4222 2294 4278 bum.
2350 4222 2572 4278 Plurimi
2611 4223 2787 4292 itaque
2829 4237 2985 4277 suum
3030 4224 3084 4277 in
3120 4223 3359 4278 animum
3401 4223 3555 4279 facile
3585 4224 3723 4277 indu-

2140 4323 2267 4370 cent
2309 4315 2593 4370 Minucium
2611 4331 2677 4371 ex
2705 4314 2977 4387 Cypriano
3003 4314 3200 4386 potius,
3232 4330 3397 4385 quam
3416 4313 3724 4388 Cyprianum

2141 4421 2206 4463 ex
2230 4407 2460 4464 Minucio
2480 4423 2576 4463 sua
2600 4418 3058 4478 csse,mutuatum.
3081 4406 3185 4463 Sed
3202 4406 3251 4463 si
3269 4408 3530 4465 Minucius
3553 4409 3724 4463 librum

429 4496 638 4562 pravati
687 4510 928 4552 errorem
980 4498 1256 4568 pravitatis
1300 4499 1607 4558 infundere.
1648 4522 1668 4556 ι
1735 4502 2040 4575 Cyprianus
2065 4501 2118 4562 D
2144 4515 2300 4556 suum
2329 4501 2401 4556 uti
2429 4500 2536 4569 jam
2571 4499 2923 4566 ostendimus,
2954 4500 3102 4570 prior
3127 4498 3316 4567 edidit,
3347 4516 3453 4555 non
3486 4501 3572 4556 ille
3598 4507 3726 4554 certe

429 4583 597 4641 simili
624 4589 787 4645 modo
817 4606 833 4646 :
864 4591 1099 4662 Spiritus
1120 4593 1377 4650 insinceri
1424 4604 1481 4650 et
1519 4598 1659 4669 vagi,
1703 4598 1791 4668 qui
1826 4608 2037 4669 postea-

435 4701 598 4761 quam
628 4684 859 4741 terrenis
883 4684 1030 4741 vitiis
1058 4687 1295 4743 immersi
1317 4698 1464 4755 sunt,
1494 4699 1547 4746 et
1567 4707 1595 4744 a
1628 4692 1811 4764 vigore
1835 4692 2043 4748 caelesti

433 4793 655 4839 terreno
683 4781 933 4852 contagio
982 4784 1500 4851 recesserunténon
1553 4784 1803 4841 desinunt
1850 4788 2045 4858 perditi

433 4874 687 4946 perdere,
732 4883 788 4930 et
846 4873 1118 4944 depravati
1158 4888 1396 4931 errorem
1448 4877 1723 4947 pravitatis
1767 4878 2049 4937 infundere

431 4964 635 5039 (Cypr.
669 4965 853 5041 ibid.).
892 4986 912 5020 ι

505 5060 769 5117 Minucius
806 5061 875 5117 de
917 5062 1107 5119 iisdem
1168 5062 1388 5119 adhuc:
1437 5083 1454 5117 ι
1488 5064 1580 5120 lsti
1633 5065 1793 5137 igitur
1849 5066 2047 5138 impuri

434 5154 752 5226 spiritus....
770 5153 872 5209 sub
893 5155 1084 5212 statuis
1113 5164 1168 5214 et
1189 5157 1510 5228 imaginibus
1525 5160 1824 5215 consecrati
1851 5159 2045 5216 delite-

432 5258 618 5317 scunt,
659 5258 717 5307 et
756 5249 941 5307 afflatu
988 5267 1153 5308 suo...
1184 5252 1518 5323 inSpirantur
1558 5254 1861 5309 vatibus....
1893 5254 2046 5310 Non-

435 5357 732 5414 numquam
790 5352 1037 5399 extorum
1088 5345 1249 5401 tibras
1290 5345 1553 5413 animant,
1607 5346 1787 5400 avium
1832 5346 2045 5403 volatus

436 5437 759 5510 gubernant,
786 5448 962 5493 sortes
1000 5447 1213 5513 regunt,
1243 5439 1460 5495 oracula
1487 5438 1729 5494 efficiunt
1749 5437 1898 5495 falsis
1920 5440 2042 5511 plu-

431 5532 586 5590 ribus
612 5530 867 5588 involuta.
912 5529 1045 5587 Nam
1089 5539 1144 5588 et
1182 5530 1436 5588 falluntur
1463 5541 1516 5588 et
1562 5532 1848 5589 fallunt....
1879 5532 2045 5589 vitam

436 5625 680 5691 turbant,
708 5639 928 5681 somnos
959 5623 1276 5694 inquietant,
1302 5625 1605 5696 irrepentes
1619 5624 1780 5682 etiam
1802 5626 2047 5697 corpori-

430 5717 535 5782 bus
563 5716 866 5779 occulte....
898 5724 1104 5778 terrent
1137 5726 1366 5785 mentes,
1401 5718 1643 5776 membra
1673 5718 2047 5793 distorquent;

2147 4608 2211 4649 ex
2264 4594 2552 4665 Cypriano,
2576 4592 2670 4647 sed
2695 4589 2990 4665 Cyprianus
3046 4607 3114 4648 ex
3169 4591 3261 4647 illo
3309 4608 3406 4648 sua
3431 4591 3723 4661 desumpsit.

2147 4686 2285 4756 Quid
2334 4702 2486 4754 vero,
2511 4686 2653 4757 quod
2681 4700 2780 4741 nec
2804 4685 2970 4741 intimi
3014 4700 3114 4742 nec
3140 4686 3352 4741 obscuri
3397 4687 3495 4741 fuit
3515 4683 3724 4740 nominis

2149 4780 2408 4837 Minucius
2431 4792 2641 4849 noster;
2688 4781 2886 4853 quippe
2925 4795 3086 4853 quem
3117 4779 3425 4836 Lactantius
3448 4779 3723 4836 eruditione

2149 4872 2292 4929 haud
2313 4873 2570 4930 mediocri
2591 4872 2892 4944 prmditum,
2910 4882 2963 4928 et
2977 4874 3262 4943 insignem,
3290 4873 3363 4927 uti
3388 4888 3542 4942 supra
3556 4871 3721 4925 obser-

2149 4976 2330 5024 vatum
2362 4976 2463 5035 est,
2495 4966 2821 5024 causidicum
2865 4967 3118 5038 appellat,
3165 4975 3327 5037 atque
3350 4982 3417 5021 ex
3449 4966 3560 5035 ejus
3598 4964 3719 5018 libro

2149 5062 2539 5135 plurahaurire
2558 5078 2666 5119 non
2680 5061 2959 5119 dubitavit.
2990 5060 3187 5132 Quidni
3207 5076 3335 5133 ergo
3346 5070 3402 5118 et
3416 5056 3719 5133 Cyprianus?
