4058 6316
321 311 435 369 tot)
504 292 509 296 ’

957 423 1187 483 CAPUT
1221 421 1305 480 Ill.

326 609 489 654 Νι)νὲ
540 608 591 648 IN
642 603 841 647 IINUCII
879 602 1081 644 FELICIS
1136 599 1330 642 LIBRUII
1390 592 1833 646 “aerumnas;
1867 591 1933 633 AC

403 703 564 743 1³81110
593 698 979 742 EXPENDUNTUR
1014 694 1355 745 ARGUIENTA,
1391 682 1576 742 QUIBUS
1611 689 1756 730 DEUII
1783 684 1932 728 EXIS-

327 820 341 851 ε
404 796 548 837 reue
576 792 827 836 uerutus
854 791 1053 843 unum,
1081 791 1150 830 nr
1178 786 1383 828 rnonar
1413 781 1696 827 θεῖοι-Αγιυᾶ

864 924 1154 968 Λιιτιίςυιυε
1184 921 1396 963 PRIMUS.

339 1052 480 1120 Quid
512 1060 557 1107 et
585 1048 839 1122 quomodo
874 1049 929 1103 in
957 1046 1037 1101 his
1065 1045 1197 1100 notis
1225 1052 1423 1114 agetur,
1465 1056 1525 1096 ac
1567 1039 1731 1110 primo
1763 1036 1931 1109 inqui-

412 1148 545 1201 ritur
602 1155 772 1199 utrum
843 1139 1120 1198 Christiani
1166 1137 1228 1193 ab
1260 1136 1356 1192 hac
1413 1133 1752 1207 disputatione
1810 1132 1932 1204 reji-

328 1292 338 1307 ,
402 1238 597 1296 ciendi.

403 1396 572 1461 Nihil,
605 1404 663 1451 ut
693 1397 804 1467 jam
844 1393 1095 1461 diximus,
1140 1400 1252 1447 toto
1282 1389 1384 1449 hoc
1423 1388 1639 1447 Minucii
1673 1388 1725 1444 in
1767 1385 1928 1455 libro,

327 1495 376 1548 si
399 1493 702 1563 prologum,
737 1500 790 1546 et
819 1490 1111 1561 epilogum,
1139 1497 1299 1559 atque
1329 1487 1569 1559 ejusdem
1597 1482 1811 1541 Minucii
1839 1481 1928 1552 ju-

327 1585 533 1641 dicium
563 1584 859 1654 exceperis,
907 1581 1049 1637 aliud
1089 1580 1343 1648 occurrit,
1385 1579 1487 1635 nisi
1544 1577 1739 1634 Cmcilii
1768 1576 1931 1632 Octa-

328 1680 516 1750 viique
559 1677 881 1749 disputatio;
911 1692 1013 1749 qua
1044 1676 1134 1731 ille
1163 1675 1522 1743 ethnicorum,
1556 1673 1646 1729 hic
1664 1671 1929 1730 Christia-

326 1789 524 1830 norum
553 1772 867 1843 religionem
890 1771 1143 1829 omnibus
1164 1770 1363 1843 ingenii
1391 1770 1470 1826 sui
1500 1770 1701 1826 viribus
1733 1784 1929 1841 propu-

1725 293 2198 357 DlSSERTA’l‘lO.
2240 293 2251 349 l

1958 423 2013 485 Α
2037 409 2478 485 imperitioribus,
2525 417 2582 467 et
2617 409 2931 467 mulieribus
2959 423 3120 467 sexus
3148 406 3233 466 sui
3279 406 3534 465 facilitate
3557 405 3635 463 la-

3528 286 3633 347 410

2037 508 2321 573 bentibus,
2372 508 2581 580 plebem
2617 498 2852 578 profante
2894 505 3282 579 conjurationis
3322 503 3630 568 instituunt,

2036 602 2328 660 aetandem
2378 601 2666 668 latebrosa,
2716 601 2908 673 inquit,
2958 608 3012 658 et
3061 599 3334 673 lucifugax
3378 598 3526 655 natio
3578 591 3633 654 in

2035 696 2309 770 publicum
2343 706 2509 764 muta,
2550 696 2603 751 in
2632 694 2842 766 angulis
2880 695 3113 767 garrula.
3150 714 3170 748 ι

2106 809 2289 881 Neque
2340 823 2500 879 porro
2568 806 2812 865 Caecilius
2870 809 3017 865 solus
3083 807 3222 865 hanc
3279 803 3632 873 Christianis,

2034 903 2276 960 ultimam
2326 903 2600 960 hominum
2650 904 2917 972 omnium,
2971 902 3301 969 rusticitate,
3357 912 3414 959 et
3460 903 3632 972 impe-

2032 1002 2153 1057 ritia
2186 1009 2601 1071 postremorum,
2652 998 3013 1056 conditionem
3058 996 3423 1071 exprobravit.
3500 995 3632 1052 Nam

2043 1092 2232 1151 Celsus
2298 1103 2354 1151 et
2422 1094 2649 1166 ipsemet
2696 1093 2945 1150 ethnicus
3007 1091 3148 1164 apud
3218 1092 3507 1163 Origenem
3579 1089 3635 1145 in

2035 1208 2164 1258 eos,
2216 1191 2484 1263 tamquam
2537 1189 2824 1247 vilissimos
2870 1188 3220 1261 omniumque
3265 1186 3509 1251 infimos,
3554 1181 3637 1240 ιιι-

2036 1287 2221 1358 hilqne
2269 1286 2371 1341 nisi
2433 1301 2614 1343 coram
2674 1286 2888 1356 pueris,
2962 1284 3296 1341 mulierculis
3362 1290 3417 1339 et
3477 1277 3637 1337 fatuis

2033 1382 2230 1438 docere
2292 1380 2493 1449 aliquid
2556 1379 2843 1449 audentes,
2897 1380 2976 1436 sic
3047 1379 3318 1435 invehitur
3374 1394 3388 1432 :
3445 1371 3637 1449 ὁρῶμεν

2033 1479 2092 1539 δὴ
2142 1483 2232 1531 τιοῦ
2289 1479 2373 1530 καὶ
2434 1483 2542 1538 τοὺς
2593 1482 2639 1532 εν
2691 1480 2799 1541 ταῖς
2850 1481 3049 1549 ἀγοραῖς
3104 1479 3462 1550 ἓπιρῥητότιιτσι
3524 1479 3635 1529 ἐπι-

2032 1573 2351 1639 δεικνυμὲνους
2370 1610 2384 1634 ,
2414 1581 2496 1625 καὶ
2523 1576 2821 1642 ἀγείροντας,
2847 1574 2913 1632 εἰς
2939 1580 3024 1639 μὲν
3058 1579 3290 1643 φρονίμων
3317 1572 3493 1640 ἀνδρῶν
3521 1568 3637 1621 σύλα

2034 1671 2164 1734 λογον
2199 1668 2280 1720 οὒκ
2305 1668 2363 1717 ἄν
2389 1687 2505 1720 ποτε
2535 1664 2874 1736 παρελθόντας,
2914 1662 3011 1719 οὔδ’
3045 1669 3091 1719 ἐν
3124 1666 3305 1725 rubi-ot;
3346 1667 3414 1717 τὰ
3461 1667 3641 1716 icurae

2033 1764 2486 1824 κατατολμτξσαντας
2527 1760 2832 1811 ὶπιδεικνΰειν
2855 1769 2869 1785 ⁸
2901 1761 3009 1809 Ms
3048 1754 3090 1808 δ’
3118 1754 3174 1807 ἃν
3202 1759 3345 1825 ὁρῶσι
3383 1755 3634 1824 μειράκια,

327 1881 503 1940 gnare
527 1882 590 1922 ac
614 1867 748 1922 tueri
773 1867 1136 1922 connituntnr.
1161 1866 1264 1922 Sed
1294 1864 1570 1936 utriusque
1590 1873 1924 1936 argumenta,

2037 1850 2111 1902 καὶ
2165 1853 2431 1920 οἰκοτρίϐων
2480 1856 2639 1917 ὄχλον,
2672 1851 2756 1901 καὶ
2794 1851 3006 1911 ἀνοήτων
3054 1851 3309 1918 ἀνθρώπων
3334 1852 3519 1914 ὅμιλον,
3561 1851 3636 1899 ὺ-

327 1976 395 2017 ac
422 1959 761 2032 potis'simmn
778 1958 981 2016 Octavii
1003 1959 1068 2014 ad
1087 1959 1295 2031 iniquas
1313 1956 1508 2014 Cmcilii
1526 1957 1928 2014 criminationes

326 2067 613 2123 responsa,
659 2053 818 2123 longo
847 2066 1159 2109 sermonum
1201 2050 1486 2107 intervallo
1534 2066 1563 2105 a
1604 2064 1663 2106 se
1701 2049 1928 2107 invicem

324 2155 595 2219 separata,
637 2146 855 2202 lectoris
908 2156 1141 2202 mentem
1188 2147 1259 2202 ita
1307 2145 1619 2217 perturbare
1670 2152 1927 2216 possunt;

323 2248 386 2294 ut
427 2239 640 2294 illorum
669 2238 774 2293 vim
798 2248 852 2294 et
882 2238 1109 2309 pondus,
1141 2239 1243 2294 nisi
1276 2238 1470 2294 iterum
1500 2238 1803 2310 iterumque
1832 2252 1927 2294 ea-

323 2330 453 2387 dem
484 2331 623 2402 legat
649 2342 706 2388 et
748 2331 969 2404 relegat,
1014 2331 1100 2386 vix
1130 2331 1301 2403 possit
1324 2330 1648 2402 perspicere.
1698 2330 1781 2387 Ad
1809 2329 1927 2387 haec

321 2439 477 2492 vero,
513 2424 663 2496 plura
694 2426 747 2481 in
778 2424 860 2482 eis
880 2425 1107 2481 strictim
1133 2424 1547 2496 summatimque
1567 2424 1928 2495 attinguntur,

322 2532 447 2590 qua:
481 2519 688 2574 tametsi
718 2518 928 2574 Minucii
959 2528 1199 2591 tempore
1236 2527 1418 2574 essent
1454 2518 1596 2574 clara
1632 2527 1685 2575 et
1715 2518 1928 2591 perspi~

322 2625 449 2678 cna,
500 2611 683 2666 multis
720 2610 830 2680 jam
857 2611 1086 2668 obscura
1124 2619 1267 2677 sunt,
1312 2619 1474 2683 atque
1501 2610 1701 2668 idcirco
1730 2611 1931 2669 debent

321 2720 355 2760 a
379 2706 534 2761 nobis
565 2705 842 2775 explicari.

395 2797 755 2867 Quamobrem
800 2798 898 2854 tria
930 2799 1129 2855 nostris
1170 2798 1222 2855 in
1264 2799 1730 2856 observationibus
1756 2813 1923 2871 pnes-

322 2890 487 2946 tanda
509 2905 628 2946 esse
645 2892 951 2948 censuimus
999 2892 1176 2948 Primo
1207 2891 1422 2964 quidem
1459 2891 1733 2961 quodlibet
1759 2892 1928 2948 Caeci-

324 2983 383 3039 lii
411 2993 809 3055 argumentum,
853 2997 906 3042 et
937 2986 1142 3043 Octavii
1180 2984 1247 3043 ad
1288 2985 1414 3041 illud
1448 2986 1826 3057 responsiones
1863 3000 1927 3043 ac

322 3078 742 3154 confutationcs,
787 3094 816 3132 a
842 3093 902 3135 se
933 3077 1160 3134 invicem
1197 3079 1491 3147 sejunctas,
1533 3079 1693 3135 simul
1721 3088 1927 3135 etcen-

2028 1949 2182 1999 ratiidd.
2230 1949 2513 2011 ὡθουμὲνοῦς
2572 1966 2642 2006 τε,
2709 1945 2791 1998 καὶ
2861 1947 3324 2008 καλλωπιζομὲνιυς.
3376 1956 3396 1989 ι
3449 1935 3641 1993 Cerni-

2031 2052 2152 2093 mus
2225 2045 2372 2093 certe
2439 2045 2495 2092 et
2560 2036 3012 2092 circumforaneos
3086 2034 3220 2089 istos
3291 2030 3639 2088 circulatores

2031 2139 2304 2186 ostentare
2366 2130 2464 2185 ista
2531 2130 2688 2201 vulgo
2744 2127 3126 2198 jactatissima,
3182 2140 3290 2180 non
3329 2122 3468 2195 apud
3530 2136 3639 2179 cte-
3710 2186 3723 2197 ‘

2030 2231 2119 2279 tus
2148 2221 2427 2278 hominum
2475 2220 2844 2293 prudentium,
2885 2218 3028 2291 quod
3060 2217 3111 2274 id
3151 2231 3489 2289 nequaquam
3539 2231 3639 2270 au-

2032 2314 2230 2382 deant,
2306 2313 2401 2370 sed
2472 2313 2795 2384 ubicumque
2869 2309 3380 2373 animadverterint,
3450 2307 3639 2363 adole-

2031 2415 2280 2463 scentum
2336 2405 2800 2472 mediastinorum,
2855 2412 2910 2461 et
2967 2403 3231 2459 fatuorum
3299 2398 3513 2457 turbam
3574 2406 3641 2455 et)

2031 2516 2091 2558 se
2129 2501 2395 2572 ingerere,
2435 2501 2619 2572 ibique
2666 2515 2726 2556 se
2767 2497 3068 2555 venditare.
3110 2517 3130 2550 ι
3167 2496 3235 2551 Ει
3274 2496 3433 2567 paulo
3472 2504 3626 2565 post:

2028 2589 2224 2666 ὁρῶμεν
2249 2598 2333 2648 καὶ
2371 2600 2499 2652 κατᾶ
2526 2598 2612 2657 τὰς
2644 2596 2767 2654 ἰδίας
2797 2598 2951 2656 alma;
2976 2599 3259 2663 ἕριουργοὺς,
3302 2600 3383 2645 καὶ
3411 2591 3639 2646 σκυτοτό-

2030 2711 2170 2758 μους,
2196 2692 2280 2742 καὶ
2297 2692 2502 2759 κναφεῖς.
2520 2698 2600 2742 καὶ
2613 2696 2718 2745 τοὺς
2732 2690 3174 2747 ἀπαιδευτοτᾶντοὺς
3186 2708 3235 2739 τε
3254 2707 3315 2739 χιι.
3336 2685 3612 2756 ὶᾶγρθικθτά
3629 2706 3643 2719 ο

2028 2807 2153 2846 τους,
2183 2791 2386 2838 issent”
2406 2792 2491 2850 μὲν
2512 2793 2602 2839 τῶν
2630 2789 2967 2854 πρεσϐυτέρων,
2997 2782 3081 2834 καὶ
3106 2784 3457 2851 φρονιμωτέρων
3479 2780 3646 2830 διαση-

2029 2892 2122 2944 τῶν
2147 2880 2274 2931 abdis
2297 2880 2575 2947 φθὲγιεσθαι
2596 2883 2867 2943 τολμῶντας
2887 2886 2902 2903 ⁸
2927 2876 3119 2929 ἐπειδὰν
3141 2876 3190 2926 δὲ
3219 2889 3309 2928 τῶν
3335 2874 3517 2927 παίδων
3545 2873 3645 2939 ἰδίᾳ

2030 2974 2288 3029 λάϐωνται.
2320 2971 2404 3023 καὶ
2432 2979 2662 3036 you/scen
2702 2983 2840 3023 τινῶν
2882 2974 2962 3021 σὺν
3000 2969 3164 3026 utin-07¢
3186 2968 3243 3019 ἂν
3266 2970 3494 3027 ἁκονζτων,
3520 2968 3642 3017 Octb-

2026 3062 2161 3130 μηδ’
2192 3068 2317 3119 ἄττα
2343 3063 2620 3127 διεξιόντας,
2652 3069 2711 3124 ὼς
2754 3064 2808 3115 αὖ
2856 3070 2952 3131 χρὴ
2982 3066 3226 3131 προσέχειν
3266 3068 3333 3127 τῷ
3375 3057 3523 3126 πατρὶ
3554 3059 3638 3107 καὶ

320 3170 552 3243 iunctim
594 3151 954 3242 proponemus
985 3172 1535 3243 examinahimusque.
1569 3171 1817 3229 Secundo
1838 3186 1927 3227 os-

2037 3159 2125 3216 τοῖς
2151 3156 2479 3221 διδασκάλοις,
2527 3163 2657 3225 apio:
2690 3155 2740 3206 δὲ
2776 3157 3044 3208 πείθεσθαι.
3080 3169 3100 3203 t
3135 3149 3332 3205 Videre
3361 3148 3484 3203 licet
3511 3146 3644 3202 lani-

327 3241 601 3318 tendimus
628 3241 752 3333 quid
784 3263 834 3317 in
884 3263 959 3317 eis
991 3262 1227 3330 firmum,
1259 3272 1350 3319 aut
1386 3241 1698 3329 invalidum,
1744 3278 1932 3319 verum
1958 3249 2004 3314 C
2039 3248 2198 3311 “COS.
2256 3258 2490 3311 ειιιονεε.
2530 3246 2763 3302 ΐυΙΙοιιθε
2794 3246 2847 3303 in
2893 3244 3007 3299 θυῖε
3055 3242 3288 3308 ﬁdibus.
3340 3250 3398 3298 θι
3420 3241 3641 3296 ῖΙΙίιθιἮο

324 3365 427 3412 aut
463 3356 653 3411 falsum
683 3359 773 3411 sit.
831 3357 1014 3413 Tertio
1056 3374 1176 3429 quae
1207 3358 1444 3417 strictius
1470 3370 1524 3415 et
1551 3360 1934 3431 compressius,

325 3449 413 3505 vel
442 3450 724 3506 obscurius
751 3450 888 3505 dicta
919 3461 1065 3517 sunt,
1113 3451 1402 3521 eXplanare
1417 3452 1752 3508 conabimur.

403 3543 592 3598 Priore
618 3551 797 3599 autem
827 3553 1014 3598 contra
1045 3543 1381 3600 Christianos
1409 3555 1727 3618 argumento
1763 3543 1934 3601 Caeci-

324 3638 432 3696 lius
477 3640 754 3697 contendit
800 3656 895 3697 eos
942 3640 1008 3696 ad
1052 3641 1191 3696 hanc
1234 3640 1301 3696 de
1358 3641 1461 3697 diis
1507 3642 1934 3711 disputationem

326 3734 479 3791 nullo
525 3749 744 3804 prorsus
777 3733 938 3789 modo
973 3733 1334 3791 admittendos
1367 3749 1505 3802 esse,
1560 3743 1614 3791 et
1642 3751 1672 3790 a
1722 3736 1937 3792 nemine

326 3826 647 3882 audiendos.
702 3825 864 3884 Suam
895 3843 1025 3883 vero
1064 3828 1582 3897 argumentationem
1620 3827 1742 3884 duci
1778 3842 1937 3899 posse

335 3920 633 3976 arbitratur
653 3935 718 3975 ex
749 3919 948 3991 duplici
976 3920 1292 3977 earumdem
1350 3919 1776 3977 Christianorum
1803 3936 1934 3976 con-

332 4014 564 4081 ditione,
615 4031 839 4086 quarum
879 4015 1045 4071 altera
1095 4015 1224 4088 ipsis
1264 4014 1571 4085 peculiaris,
1612 4013 1780 4070 altera
1813 4028 1933 4071 cum

327 4108 547 4162 caeteris
574 4106 883 4164 hominibus
932 4107 1233 4163 communis
1263 4116 1398 4162 erat.
1429 4106 1535 4161 Eos
1562 4106 1708 4162 enim
1758 4122 1821 4163 ex
1855 4107 1935 4162 ul-

328 4201 463 4255 tima
494 4199 666 4271 plebis
713 4201 841 4257 faece
890 4199 1151 4256 collectos
1199 4200 1356 4267 dicit,
1403 4200 1595 4256 artium
1635 4198 1934 4257 liberalium

321 4291 541 4364 penitus
565 4303 832 4362 expertes,
860 4292 1165 4349 illitteratus
1194 4290 1440 4348 indoctos
1494 4292 1674 4362 plane,
1716 4306 1780 4348 ac
1808 4291 1937 4349 idio-

326 4392 432 4451 tas,
466 4393 627 4456 atque
657 4384 857 4441 idcirco
905 4385 1127 4440 omnino
1156 4384 1405 4456 indignos
1436 4384 1528 4456 qui
1560 4402 1579 4436 ι
1616 4383 1682 4439 de
1724 4398 1934 4440 summa

325 4492 533 4543 rerum,
564 4493 626 4533 ac
653 4479 933 4548 majestate
967 4498 987 4531 ι
1022 4477 1073 4533 id
1103 4486 1208 4545 est,
1244 4478 1312 4534 de
1339 4477 1472 4546 Deo,
1514 4486 1690 4533 utrum
1717 4478 1930 4543 existat,

326 4585 392 4626 ac
419 4571 541 4643 quis
569 4571 812 4641 qualisve
850 4572 938 4637 sit,
976 4570 1313 4643 dlSpntantes
1356 4586 1419 4626 ac
1444 4570 1797 4628 decernentes
1835 4587 1931 4627 au-

2046 3342 2311 3398 tissimum
2334 3356 2600 3413 quemque
2615 3347 2672 3396 et
2695 3338 3107 3396 rusticissimmu
3135 3352 3317 3394 coram
3342 3335 3644 3392 senioribus

2039 3445 2096 3491 et
2133 3433 2569 3506 prudentioribus
2594 3430 3068 3505 patribusl‘amilias
3097 3430 3231 3486 nihil
3261 3429 3462 3485 audere
3514 3442 3643 3502 pro-

2041 3529 2206 3602 loqui.
2260 3529 2356 3586 Ubi
2385 3543 2514 3584 vero
2539 3542 2762 3585 seorsun
2790 3527 2929 3583 nacti
2963 3526 3159 3582 fuerint
3200 3538 3397 3596 pueros
3429 3537 3638 3590 eorum,

2039 3632 2097 3681 et
2146 3623 2495 3679 mulierculas
2546 3621 2846 3693 imperitas,
2899 3621 3034 3676 mira
3075 3619 3320 3691 quaedam
3348 3618 3637 3681 disserere,

2039 3734 2147 3775 non
2191 3732 2314 3773 esse
2354 3714 2653 3773 audiendos
2702 3722 2957 3788 parentes
3000 3725 3063 3766 ac
3111 3723 3492 3783 prmceptores,
3547 3707 3642 3765 sed

2039 3811 2138 3867 sibi
2171 3808 2499 3866 credendum
2530 3806 2768 3882 (Origen.
2801 3807 2891 3864 lib.
2921 3823 3000 3877 ιιι,
3041 3814 3221 3863 contra
3251 3802 3480 3873 Celsum,
3516 3819 3641 3877 pag.

2040 3902 2164 3965 ιιι.
2197 3902 2323 3967 tu,
2356 3902 2408 3957 in
2434 3901 2515 3973 ιο)
2552 3941 2567 3957 .

2110 3994 2445 4068 Quapropter
2488 3994 2780 4066 Gregorius
2827 3992 3194 4050 Nazianzenus
3238 3990 3311 4045 ita
3365 3988 3640 4046 Iulianum

2038 4089 2353 4159 Apostatam
2406 4088 2787 4157 imperatorem
2838 4086 3026 4142 irridet
3060 4104 3075 4143 :
3111 4102 3130 4137 ι
3161 4084 3257 4140 Ha:
3285 4091 3508 4151 nostras,
3541 4081 3644 4137 hoc

2038 4190 2153 4250 est,
2203 4180 2566 4237 Gallilzeorum
2623 4179 2707 4235 lue
2732 4188 3164 4250 contemptorum
3213 4188 3266 4233 et
3312 4176 3641 4247 abjectorum

2046 4272 2327 4329 hominum
2358 4274 2715 4330 narrationes.
2763 4272 2891 4328 Haec
2919 4285 3038 4331 nos.
3086 4270 3176 4341 qui
3207 4267 3480 4324 Christum
3507 4265 3641 4323 ado-

2037 4383 2238 4423 ramus.
2270 4367 2396 4423 llaec
2421 4367 2768 4439 piscatorum,
2794 4373 2849 4421 et
2877 4373 2938 4420 ut
2961 4362 3243 4436 ipsiaiunt,
3276 4360 3641 4431 imperitorum

2038 4461 2306 4532 discipuli.
2340 4460 2469 4516 Haec
2494 4475 2616 4527 nos,
2649 4459 2738 4530 qui
2768 4474 2889 4515 cum
2917 4455 3112 4513 vetulis
3135 4454 3387 4510 sedemus
3417 4464 3465 4508 et
3503 4452 3644 4523 psal-

2053 4556 2234 4612 limus.
2284 4554 2414 4611 llaec
2457 4569 2557 4609 nos
2579 4553 2747 4624 longis
2763 4551 2982 4624 jejuuiis
3027 4549 3255 4606 confecti
3294 4556 3349 4604 et
3391 4544 3644 4602 semiani—

333 4639 572 4719 diantur.
589 4639 731 4733 Quid
760 4679 909 4732 vero,
932 4639 1079 4736 quod
1101 4680 1205 4720 non
1231 4663 1389 4719 modo
1417 4664 1691 4736 indignum
1719 4674 1819 4733 est,
1846 4665 1931 4721 sed

2047 4664 2184 4705 mes.
2210 4648 2334 4703 Haec
2356 4663 2475 4716 nos,
2493 4646 2582 4719 qui
2608 4645 2807 4701 frustra
2840 4644 3141 4715 vigilamus.
3171 4650 3332 4711 atque
3357 4639 3409 4695 in
3434 4646 3645 4693 noctur-

327 4757 514 4823 etiam,
551 4769 611 4813 ut
645 4758 759 4829 ipse
775 4757 844 4812 ait
883 4775 902 4809 ι
940 4757 1319 4829 indignandum
1360 4776 1380 4811 ι
1426 4756 1796 4828 hujuscemodi
1834 4758 1933 4814 ho-

328 4852 487 4907 nines
527 4867 595 4908 eo
621 4851 906 4908 devenisse
936 4851 1199 4917 audaciae,
1241 4862 1297 4906 ut
1324 4852 1456 4908 certi
1493 4852 1691 4923 aliquid
1720 4852 1788 4908 de
1818 4853 1932 4908 Deo

327 4945 683 5012 constituant,
716 4943 785 5001 de
822 4959 930 5016 quo
979 4943 1422 5014 philosophorum
1468 4942 1767 4999 doctissimi
1798 4943 1934 5000 nihil

330 5036 597 5093 hactenus
643 5045 882 5093 statuere
920 5038 1038 5093 ausi
1064 5035 1329 5094 fuissent?
1358 5036 1524 5094 Visne
1561 5037 1793 5109 ipsamet
1838 5038 1934 5094 tibi

332 5130 565 5201 proferri
598 5128 797 5186 Caecilii
822 5131 1027 5186 verba?
1077 5130 1219 5186 Ecce
1251 5129 1366 5186 haec
1392 5131 1506 5200 ipsa
1537 5139 1699 5198 sunt;
1744 5149 1763 5183 ι
1794 5131 1936 5187 Iudi-

328 5222 604 5295 gnandum
669 5222 918 5279 erunibus
960 5221 1510 5294 indolescendumque
1559 5231 1672 5290 est,
1736 5224 1936 5281 audere

328 5316 696 5389 quosdamet
737 5316 838 5371 hoc
875 5315 1173 5371 studiormn
1216 5315 1398 5383 rudes,
1428 5314 1721 5371 litterarum
1751 5316 1934 5387 prola-

328 5426 453 5473 nos,
484 5417 736 5480 expertes
763 5409 955 5465 artium
987 5410 1149 5466 etiam
1193 5407 1555 5474 sordidarum,
1596 5419 1803 5465 eertum
1832 5410 1934 5469 ali-

329 5503 460 5574 quid
490 5502 561 5558 de
598 5517 807 5559 summa
838 5518 1044 5571 rerum,
1088 5516 1151 5558 ac
1196 5501 1476 5573 majestate
1521 5502 1834 5581 decernere,
1864 5503 1932 5561 de

329 5617 435 5672 qua
470 5608 547 5655 tot
574 5598 823 5669 omnibus
850 5600 1065 5656 smculis
1093 5611 1360 5655 sectarum
1387 5600 1735 5671 plurimarum
1764 5616 1932 5673 usque

328 5694 508 5750 adhuc
536 5694 652 5765 ipsa
681 5693 1016 5764 philosophia
1048 5693 1330 5775 deliberat.
1370 5714 1389 5748 ι
1440 5695 1646 5751 Rursus
1686 5712 1816 5752 vero
1852 5713 1936 5753 ur-

329 5800 422 5865 get
460 5788 799 5849 Christianos
824 5786 992 5859 fuisse
1025 5806 1046 5856 ι
1095 5786 1343 5863 homines
1373 5788 1664 5860 deplorata:
1685 5832 1699 5856 ,
1734 5790 1932 5857 illicita:

450 5883 758 5955 desperatae
786 5882 1058 5954 factionis,
1111 5884 1203 5961 qui
1228 5883 1296 5943 de
1318 5884 1503 5947 ultima
1531 5885 1660 5944 faece
1688 5886 1931 5945 collectis

2033 4742 2118 4796 nis
2139 4740 2459 4796 stationibus
2486 4753 2769 4809 nugamur,
2797 4745 2853 4792 et
2884 4747 3065 4792 tamen
3102 4750 3198 4788 vos
3226 4730 3639 4804 prosternimus.

2040 4834 2144 4892 Ubi
2171 4845 2292 4891 sunt
2319 4833 2693 4906 grammatici?
2733 4832 2832 4889 Ubi
2860 4830 3189 4888 consiliarii?
3226 4828 3379 4884 Libet
3404 4825 3549 4881 enim
3577 4824 3645 4880 ab

2035 4927 2375 4983 indoctorum
2410 4927 2730 4983 nostratium
2768 4926 3019 4998 quodam,
3051 4934 3106 4979 ut
3136 4921 3350 4995 quidem
3384 4920 3535 4976 vobis
3559 4919 3641 4973 vi-

2036 5020 2214 5086 detur,
2272 5020 2657 5091 triumphalem
2705 5018 2963 5092 hymnum
3018 5015 3251 5072 mutuari
3301 5033 3320 5067 ι
3384 5010 3642 5085 (Cregor.

2041 5114 2300 5171 Nazianz.
2334 5112 2483 5169 Orat.
2516 5113 2570 5185 4,
2603 5115 2656 5168 in
2683 5112 2889 5167 Julian.
2922 5127 3044 5183 pag.
3073 5106 3182 5164 298
3211 5116 3256 5162 et
3286 5104 3414 5178 seq.)

2110 5230 2494 5288 Verumtamen
2569 5229 2800 5302 ipsemet
2860 5226 3107 5283 Julianus
3170 5222 3312 5296 apud
3383 5220 3640 5296 Cyrillum

2038 5326 2461 5384 Alexandrinum
2509 5325 2697 5380 isthacc
2753 5338 2863 5381 non
2907 5333 3014 5378 tam
3073 5335 3187 5377 sua:
3249 5319 3423 5376 aetatis
3478 5332 3640 5389 quam

2037 5422 2195 5493 primi
2236 5421 2494 5478 Ecclesia:
2538 5419 2723 5477 saacnli
2765 5416 3084 5473 Christianis
3128 5414 3257 5470 vitio
3303 5412 3458 5468 vertit
3494 5429 3508 5466 :
3545 5437 3641 5481 μη-

2034 5517 2084 5569 δὲ
2115 5524 2322 5578 ἤλπισαν
2363 5518 2430 5577 εἰς
2456 5520 2595 5569 τοῦτο
2645 5517 2901 5583 ἀφίξεσθαι(
2922 5532 3039 5564 arere
3079 5512 3315 5575 δυνάμεως
3350 5511 3491 5575 ὓμᾶς·
3536 5508 3645 5569 ἦγέ·

2032 5631 2132 5663 arma
2159 5614 2249 5679 γὰρ
2275 5612 2317 5662 εἰ
2348 5613 2632 5678 aspernatam;
2670 5611 3021 5671 ἐξαπατήσαντι
3063 5602 3147 5657 καὶ
3193 5603 3401 5664 δοῦλους,
3433 5599 3514 5652 καὶ
3560 5598 3644 5649 διὰ

2029 5706 2204 5757 τούτων
2232 5707 2319 5761 τὰς
2339 5704 2586 5772 γυναῖκας,
2619 5703 2789 5769 ἄνδράς
2815 5721 2863 5752 τε
2889 5702 3016 5757 areu;
3036 5693 3296 5766 Κορνήλιος
3319 5696 3400 5746 nati
3425 5697 3636 5760 Σξρσμσς,

2032 5797 2093 5849 ὧν
2122 5795 2189 5856 εἷς
2216 5800 2296 5859 ἂν
2330 5808 2470 5867 ρανῇ·
2504 5807 2595 5851 τῶν
2622 5799 2889 5855 τηνικαῦτα
2930 5797 3275 5862 γνωριζομένων
3316 5791 3637 5855 imp-niam“,

2028 5892 2107 5947 ini
2139 5895 2359 5960 ἰἰϐεριου
2384 5893 2471 5960 γὰρ
2503 5897 2611 5953 ἤτοι
2635 5884 2881 5947 Κλαυδίου
2904 5890 3062 5945 ταῦτα
3088 5889 3281 5954 ἓγένετο,
3314 5880 3422 5951 περὶ
3451 5882 3635 5934 πάντων
