3972 6310
531 270 635 335 Ill

1809 272 1899 331 DE
1935 272 2190 337 MlNUCll
2227 279 2527 340 OCTAVIO
3678 293 3761 359 ιιι

534 397 611 447 ὅτι
652 392 885 461 ψεύδομαι
911 398 1126 457 νομίζετε
1174 405 1194 439 ι
1231 384 1416 459 Neque
1457 396 1760 457 sperarunt,
1794 387 1985 461 inquit,
2033 408 2130 449 vos

2236 406 2538 466 repertores
2565 398 2615 451 in
2645 396 2931 455 memorias
2971 398 3237 469 exierunt,
3275 401 3565 477 priusquam
3589 410 3758 473 solertia

535 499 602 541 eo
629 483 909 554 potestatis
932 490 1187 538 venturos
1217 495 1489 551 umquam.
1519 480 1664 537 Satis
1690 482 1834 538 enim
1860 482 2133 542 habebant

536 576 660 648 ipsi,
690 577 734 632 si
763 576 1006 642 ancillas,
1052 584 1145 630 aut
1188 590 1373 630 servos
1421 574 1753 643 deciperent,
1802 585 1856 632 et
1888 594 1983 649 per
2032 583 2132 635 hos

538 686 739 727 uxores
766 680 820 726 et
840 671 1002 734 viros,
1034 670 1221 741 quales
1246 669 1524 725 Cornelius
1548 680 1602 726 et
1628 671 1870 742 Sergius,
1900 688 2129 745 quorum

538 781 682 823 unus
726 767 769 821 si
831 766 1066 821 illustres
1118 767 1255 821 inter
1297 765 1441 823 viros
1505 765 1624 835 ejus
1664 767 1834 821 relatis
1876 779 2134 839 appareat

540 857 710 929 (atqui
732 857 930 915 Tiberii
958 858 1039 913 vel
1061 856 1264 913 Claudii
1283 858 1612 927 temporibus
1641 858 1755 914 hate
1780 857 2042 932 fuerunt),
2064 861 2134 918 de

545 951 795 1007 omnibus
844 966 933 1006 me
972 950 1188 1006 mentiri
1220 960 1456 1020 putatote
1507 950 1691 1023 (Cyril.
1732 952 1880 1009 Alex.
1930 955 2018 1009 lib.
2054 971 2130 1023 vr,

540 1053 716 1099 contra
741 1040 943 1099 Julian.
969 1060 1090 1115 pag.
1123 1042 1277 1114 206).
1317 1062 1337 1097 ι
1388 1042 1634 1099 Czecilius
1658 1059 1789 1100 vero
1814 1060 2135 1106 asseverare

539 1152 647 1192 non
676 1147 888 1201 veretur
913 1136 1249 1195 Christianos
1278 1153 1372 1195 sua
1399 1137 1575 1194 adhuc
1603 1148 1761 1197 aetate
1788 1137 1953 1198 fuisse
1989 1142 2135 1200 vilis-

538 1231 688 1287 simae
717 1231 886 1300 plebis
908 1231 1209 1289 illitteratus
1238 1230 1590 1300 indoctusque
1610 1211 1876 1289 homines.

609 1326 770 1398 Atqui
800 1326 1092 1383 absurdum
1111 1335 1215 1393 est,
1234 1326 1310 1381 ait
1331 1326 1438 1391 ille,
1466 1334 1559 1383 aut
1580 1326 1626 1382 si
1651 1328 1842 1395 mavis,
1862 1327 2136 1400 indignan-

537 1418 663 1475 dum
698 1419 818 1481 illos
846 1419 912 1474 de
943 1419 1053 1474 Deo
1076 1418 1276 1488 aliquid
1315 1417 1455 1474 haud
1483 1419 1794 1493 dubitanter
1820 1421 2128 1491 decernere,

537 1512 605 1568 de
651 1528 759 1585 quo
808 1512 1109 1584 philosophi
1159 1513 1535 1584 quamplurimi
1588 1513 1764 1570 adhuc
1814 1514 2129 1572 deliberant.

536 1603 720 1676 Neque
741 1605 943 1661 dixeris
984 1605 1036 1659 id
1062 1621 1089 1658 a
1120 1603 1336 1662 Caecilio
1360 1606 1429 1661 de
1470 1614 1545 1662 tot
1584 1604 1920 1681 philosophis
1968 1607 2135 1677 gratis

537 1700 848 1759 conlietum.
904 1699 1036 1759 Nam
1077 1698 1269 1759 Cicero
1316 1718 1425 1758 non
1455 1701 1615 1757 modo
1659 1702 1835 1758 varias
1877 1718 1941 1761 ac
1977 1702 2135 1761 valde

2235 492 2432 547 mentis
2456 501 2703 560 parerent
2725 492 2959 548 nominis
2976 493 3294 562 claritatem,
3324 496 3522 555 habitos
3545 516 3649 559 esse
3669 506 3758 575 ple.

2234 584 2407 651 beios,
2441 585 2706 653 indoctos,
2735 586 3067 643 seminudos.
3120 588 3191 644 At
3228 605 3354 645 vero
3376 591 3758 656 divites‘laculta-

2236 677 2379 732 tibus
2400 680 2515 734 suis
2538 679 2785 750 illigatos,
2817 682 2985 752 magis
3007 696 3194 737 aurum
3220 686 3486 754 suspicere
3503 703 3758 765 consuesse,

2236 786 2393 839 quam
2421 772 2638 827 malum.
2680 772 2956 829 Nostrates
2984 790 3246 846 pauperes
3268 786 3324 831 et
3348 790 3762 843 commentosesse

2237 865 2596 933 prudentiam,
2628 873 2679 921 et
2713 865 2994 923 tradidisse
3029 869 3240 925 caeteris
3264 869 3602 940 disciplinam.
3644 874 3761 934 Unde

2236 967 2457 1028 apparet
2492 958 2759 1029 ingenium
2804 976 2910 1015 non
2952 962 3065 1015 dari
3108 963 3466 1030 facultatibus,
3509 982 3596 1022 nec
3627 970 3764 1026 studio

2237 1052 2433 1121 parari,
2486 1051 2579 1107 sed
2613 1069 2732 1107 cum
2785 1054 2896 1123 ipsa
2944 1055 3139 1109 mentis
3190 1056 3504 1114 formatione
3546 1063 3760 1130 generari.

2236 1145 2375 1199 Nihil
2417 1147 2594 1214 itaque
2640 1146 3016 1216 indignandum
3048 1148 3129 1204 vel
3165 1149 3471 1219 dolendum,
3509 1151 3549 1207 si
3575 1152 3765 1224 quicum.

2237 1254 2341 1309 que
2381 1238 2450 1295 de
2478 1239 2672 1297 divinis
2720 1252 2943 1310 qtucral,
2987 1243 3201 1307 sentiat,
3238 1243 3501 1313 proferat;
3538 1261 3644 1300 cum
3686 1262 3763 1302 non

2237 1332 2559 1403 diSputantis
2594 1339 2905 1400 auctoritas,
2952 1336 3046 1390 sed
3097 1336 3470 1407 diSputationis
3515 1339 3659 1411 ipsius
3694 1355 3763 1396 re-

2237 1427 2371 1483 ritas
2415 1429 2719 1498 requiratur
2745 1446 2757 1483 :
2798 1439 2959 1500 atque
2983 1430 3144 1485 etiam
3171 1445 3278 1501 quo
3305 1431 3588 1502 imperitior
3611 1438 3765 1499 sermo,

2238 1519 2341 1575 hoc
2379 1519 2638 1576 illustrior
2663 1529 2785 1586 est;
2828 1522 3080 1586 quoniam
3127 1538 3236 1581 non
3276 1521 3483 1577 fucatur
3528 1539 3692 1595 pompa
3711 1525 3767 1579 la-

2238 1612 2446 1669 cundia:
2485 1622 2539 1669 et
2583 1614 2784 1686 gratia,
2836 1614 2962 1685 sed,
3019 1624 3075 1673 ut
3111 1625 3223 1685 est,
3280 1616 3411 1671 recti
3450 1616 3614 1689 regula
3648 1619 3769 1673 susti-

2238 1716 2413 1763 netur.
2453 1726 2473 1760 ι

540 1793 907 1865 discrepantes
948 1797 1142 1855 asserit
1170 1795 1336 1857 fuisse
1379 1796 1811 1855 doc'issimomm
1852 1796 2131 1867 horumce,
2164 1803 2211 1865 Β
2316 1779 2485 1835 Simili
2515 1779 2669 1849 plane
2709 1778 3114 1852 modoCyrillus
3158 1780 3549 1836 Alexandrinus
3568 1781 3771 1837 adversus

539 1896 599 1941 ut
627 1888 741 1957 ipse
769 1888 1027 1960 loquitur,
1076 1888 1352 1951 hominum
1378 1890 1447 1949 de
1483 1891 1593 1951 Deo
1618 1895 1915 1967 sententias
1944 1912 1957 1947 :
2002 1892 2131 1962 Sed,

512 1996 565 2032 .ι
599 1980 687 2052 qui
718 1979 881 2047 deos,
934 1982 1122 2055 inquit,
1152 1996 1273 2039 esse
1298 1983 1566 2048 dixerant,
1615 1993 1760 2042 tanta
1804 1995 1930 2042 sunt
1955 1985 2007 2041 in
2044 2002 2138 2043 va-

536 2073 726 2137 rietate
762 2088 826 2131 ac
852 2074 1189 2139 dissensione
1227 2077 1541 2141 constituti;
1593 2087 1650 2135 ut
1699 2092 1885 2136 eorum
1931 2080 2134 2139 moles-

540 2174 652 2220 tum
697 2165 768 2221 sit
818 2181 1175 2227 annumerare
1222 2169 1536 2235 sententias.
1579 2189 1598 2225 ι
1652 2170 1719 2229 Ει
1770 2171 1932 2244 paulo
1968 2181 2132 2244 post:

544 2277 563 2312 ι
597 2258 844 2317 Profecto
897 2275 991 2317 eos
1041 2261 1206 2331 ipsos,
1252 2261 1341 2331 qui
1387 2276 1448 2318 se
1495 2261 1693 2333 aliquid
1747 2262 1950 2320 habere
1993 2265 2137 2325 arbi-

540 2362 767 2421 trantur,
811 2354 1128 2413 addubitare
1170 2365 1328 2428 coget
1374 2357 1805 2417 doetiSsimorum
1854 2356 2131 2419 hominum

535 2447 606 2502 de
650 2448 877 2504 maxima
932 2464 993 2505 re
1049 2458 1191 2507 tanta
1232 2448 1496 2511 dubitatio
1551 2449 1677 2523 (Cic.
1712 2449 1801 2509 lib.
1828 2466 1866 2509 ιι
1906 2451 1969 2506 de
2023 2449 2136 2505 Na-

534 2550 636 2597 tur.
663 2541 816 2597 Deor.
842 2560 963 2616 pag.
997 2544 1125 2613 195,
1152 2541 1311 2618 197).
1340 2563 1359 2599 ι

606 2632 807 2693 Verum
830 2632 1102 2701 Octavius,
1140 2650 1234 2695 seu
1268 2636 1442 2707 potius
1470 2633 1671 2689 Octavii
1712 2635 1928 2691 nomine
1956 2636 2131 2692 Minu-

535 2725 673 2789 cius,
718 2725 857 2783 hanc
897 2726 1095 2787 Caecilii
1121 2728 1459 2803 aliorumque
1482 2727 1820 2784 ethnicorum
1848 2743 2134 2799 argumen-

537 2820 922 2895 mentationem
950 2821 1149 2891 duplici
1170 2823 1376 2883 ratione
1402 2823 1576 2883 diluit.
1610 2822 1959 2894 funditusque
1983 2840 2134 2880 ever-

537 2910 619 2965 tit.
689 2911 924 2971 Primum
949 2913 1092 2991 enim
1134 2912 1350 2991 ,Ca-cilio
1393 2915 1560 2986 gratis
1603 2915 1728 2983 dat,
1782 2927 1839 2972 et
1887 2917 2133 2973 concedit

534 3002 869 3071 Christianos
892 3021 1098 3074 omnes,
1134 3009 1206 3065 uti
1240 3008 1327 3071 ille
1366 3008 1500 3074 falso
1529 3016 1704 3073 tamen
1750 3009 2128 3077 centendebat,

536 3098 702 3155 fuisse
729 3115 1014 3171 pauperes,
1039 3102 1365 3169 illitteratus,
1399 3111 1453 3159 et
1479 3102 1773 3173 imperitos.
1831 3103 1936 3161 Sed
1967 3118 2130 3175 argu-

535 3199 794 3259 mentum,
826 3191 950 3248 inde
974 3193 1042 3248 ab
1062 3208 1128 3251 eo
1148 3193 1509 3264 desumptttm,
1542 3195 1755 3266 penitus
1785 3194 2055 3250 imbecille
2077 3204 2132 3250 et
2157 3206 2203 3267 ρ

537 3283 805 3341 inlirtnum
835 3299 956 3341 esse
999 3285 1274 3356 multiplici
1306 3286 1513 3347 ratione
1554 3286 1913 3342 demonstrat.
1963 3286 2133 3353 Quili-

535 3375 627 3435 bet
649 3377 922 3435 enimvero
953 3377 1197 3443 homines
1230 3380 1465 3448 cujusvis
1501 3379 1693 3444 tetatis,
1738 3394 1917 3443 sexus,
1963 3387 2017 3433 et
2050 3377 2132 3434 di-

536 3471 778 3538 gnitatis,
812 3473 1125 3543 naturaliter
1151 3487 1345 3551 sensus
1386 3483 1440 3528 et
1469 3473 1693 3527 rationis
1726 3488 1950 3541 capaces
1980 3482 2128 3541 sunt,

536 3563 709 3633 iisque
733 3564 990 3634 sapientia
1023 3580 1127 3621 non
1158 3575 1384 3631 temere,
1417 3568 1509 3619 sed
1540 3582 1570 3620 a
1602 3575 1789 3619 natura
1813 3566 2090 3627 inseritur.

611 3655 811 3723 Deinde
840 3656 1055 3726 ipsimet
1089 3657 1317 3727 gentiles
1356 3655 1682 3727 pltil0$0phi,
1728 3666 1887 3726 atque
1934 3657 2022 3710 alii
2055 3672 2133 3711 ar-

538 3748 670 3809 tium
700 3750 1023 3815 inventores,
1070 3749 1242 3815 initio,
1276 3750 1470 3820 plebeii
1508 3748 1733 3816 indocti,
1764 3765 1827 3805 ac
1863 3748 2129 3809 seminudi

537 3841 764 3897 fuerant.
798 3844 935 3911 Quin
954 3844 1120 3900 immo
1142 3856 1429 3910 nostrates,
1458 3845 1630 3916 inquit
1656 3845 1927 3923 Octavius.
1952 3860 2133 3915 quam-

537 3938 729 3991 tumvis
749 3952 1030 4011 pauperes,
1055 3940 1342 3995 continenti
1368 3948 1493 3995 sunt
1514 3940 1875 4009 prudentiam,
1905 3955 2132 4011 eamque

531 4030 652 4084 aliis
675 4042 858 4103 postea
903 4031 1251 4087 tradiderunt.
1312 4031 1585 4104 Ingenium
1619 4047 1750 4103 ergo
1777 4048 1875 4087 nec
1911 4031 2133 4089 faculta-

535 4122 675 4176 tibus
718 4130 769 4177 et
807 4122 1005 4181 divitiis
1032 4126 1220 4191 datur,
1282 4140 1383 4185 nec
1441 4137 1657 4194 paratur
1682 4125 1861 4179 studio
1890 4136 1944 4180 et
1972 4126 2125 4180 labo-

537 4229 623 4274 re.
662 4213 758 4271 scd
814 4214 1013 4273 homini
1049 4232 1170 4273 eum
1224 4218 1335 4288 ipsa
1380 4233 1474 4272 sua
1530 4229 1709 4277 mente
1757 4217 2128 4291 ingeneratum

535 4314 638 4360 est.
1120 4292 1123 4295 i

610 4396 848 4466 Denique
894 4399 943 4453 in
995 4399 1469 4470 disceptationibus
1516 4408 1571 4455 et
1611 4399 1993 4453 controversiis
2023 4415 2130 4456 non

536 4498 643 4545 tam
684 4490 1002 4560 disputantis
1030 4494 1320 4548 auctoritas
1362 4493 1637 4564 quaeritur,
1676 4508 1833 4562 quam
1864 4494 2129 4549 rationum

532 4594 824 4647 momenta,
853 4594 907 4640 et
935 4588 1145 4641 veritas.
1192 4586 1341 4654 Quod
1368 4587 1606 4657 quidem,
1642 4593 1699 4638 ut
1728 4585 1776 4639 id
1799 4587 1972 4642 obiter
1994 4587 2132 4641 dica-
2154 4606 2209 4673 Ι)

534 4691 670 4743 mus,
718 4677 800 4730 his
824 4693 852 4730 a
884 4678 1141 4753 Cicerone
1170 4681 1427 4734 asseritnr
1460 4680 1640 4734 verbis
1673 4697 1686 4734 :
1724 4696 1743 4729 ι
1798 4676 1914 4734 Νοιι
1959 4682 2127 4745 enim,

533 4780 638 4825 tam
654 4773 987 4843 auctoritatis
1018 4772 1110 4844 (ali
1132 4788 1174 4825 IS
1199 4775 1468 4844 auctores)
1499 4776 1549 4828 in
1580 4774 1920 4846 disputando,
1944 4791 2128 4851 quam,

532 4863 754 4917 rationis
813 4877 1082 4919 momenta
1133 4866 1419 4939 qnterenda
1465 4878 1588 4923 sunt
1644 4868 1785 4942 (Cic.
1843 4868 1933 4924 lib.
1999 4886 2013 4923 ι
2070 4869 2135 4924 de

533 4953 727 5009 Natur.
762 4954 917 5013 θεον.
959 4966 1073 5027 post
1102 4959 1218 5013 init.
1246 4977 1367 5032 pag.
1409 4960 1575 5030 197).
1609 4980 1627 5014 ι
1674 4962 2010 5032 Quapropter
2038 4963 2129 5034 qui

531 5046 599 5101 de
632 5048 746 5103 Deo
772 5052 1037 5122 rebn~que
1070 5052 1263 5109 divinis
1290 5053 1546 5122 diSputat,
1579 5057 1622 5110 is
1648 5072 1713 5110 eo
1742 5056 2011 5112 efﬁcacius
2040 5073 2132 5112 vc-

532 5142 745 5196 ritatem
767 5158 796 5197 a
823 5160 881 5198 se
907 5146 1224 5215 prapugnari
1252 5148 1502 5202 omnibus
1544 5147 1846 5217 persuadet,
1885 5165 1991 5219 quo
2014 5164 2131 5203 ina-

530 5234 613 5304 gis
643 5236 758 5303 ejus
781 5250 959 5291 sermo
987 5238 1279 5307 impolitus,
1324 5241 1608 5311 minusque
1635 5257 1783 5296 tante
1810 5242 2131 5311 eloquentia:

531 5343 724 5398 pompa
756 5328 963 5385 fucatus
992 5341 1094 5385 est.
1136 5332 1241 5388 Sed
1274 5344 1485 5403 praestat
1511 5333 1785 5388 Octaviqu
1815 5336 1926 5388 suis
1952 5335 2133 5389 verbis

530 5433 716 5478 contra
754 5422 1025 5479 Caecilium
1056 5426 1413 5498 disputantem
1441 5427 1665 5483 audire:
1718 5446 1737 5480 ι
1775 5428 1978 5491 Sciant,
2030 5429 2125 5496 ait,

530 5534 719 5573 omnes
743 5519 987 5576 homines
1013 5522 1129 5576 sine
1152 5524 1362 5578 delectu
1395 5524 1586 5581 anatis.
1611 5538 1797 5584 sexus,
1830 5520 2126 5592 dignitatis,

528 5612 754 5669 rationis
778 5624 831 5668 et
869 5630 1063 5670 sensus
1092 5632 1317 5686 capaces
1347 5627 1399 5671 et
1427 5616 1631 5671 habiles
1670 5626 2001 5687 procreatos,
2032 5632 2130 5671 nec

535 5711 763 5762 toman
794 5718 1001 5775 nactos,
1048 5710 1140 5765 sed
1174 5721 1358 5765 natura
1401 5709 1589 5765 insitos
1629 5725 1751 5765 esse
1790 5710 2126 5779 sapientiam.

528 5801 664 5866 Quin
715 5801 858 5872 ipsos
903 5802 1063 5857 etiam
1096 5799 1462 5874 philosophos,
1515 5801 1599 5860 vel
1621 5803 1664 5857 si
1692 5800 1784 5873 qui
1810 5799 1902 5856 alii
1931 5802 2127 5881 artium

2238 1870 2507 1926 Iulianum
2547 1871 2734 1928 eadem
2763 1872 3103 1944 objicientem
3133 1883 3566 1944 argumentatur:
3609 1893 3626 1926 t
3656 1872 3772 1941 Quod

2238 1981 2368 2021 vero
2412 1966 2737 2022 mulierculae
2781 1967 3127 2035 crediderint,
3174 1984 3239 2023 ac
3283 1970 3484 2037 famuli,
3526 1979 3575 2026 et
3606 1969 3772 2025 obscuri
3810 2008 3813 2011 ς

2239 2059 2483 2114 nonnulli
2515 2060 2758 2117 homines
2786 2061 2956 2114 vocati
2990 2060 3207 2125 fuerint,
3258 2061 3382 2117 inde
3406 2060 3682 2118 Servatoris
3701 2061 3773 2117 cle-

2238 2155 2491 2206 mentiam
2538 2153 2823 2225 vituperat.
2879 2154 2983 2209 Sed
3012 2154 3266 2225 numquid
3314 2154 3483 2209 satius
3510 2163 3587 2210 est
3621 2154 3773 2210 sentire

2238 2248 2531 2315 hominem,
2596 2249 2647 2303 in
2680 2260 2936 2319 quantum
2970 2261 3125 2304 natus
3160 2261 3241 2305 est
3283 2252 3465 2318 homo,
3510 2249 3641 2305 nullo
3658 2258 3773 2320 pacto

2238 2341 2437 2396 homini
2485 2342 2827 2408 antecellerc,
2878 2343 2972 2398 sed
3009 2359 3167 2398 unam
3201 2360 3296 2414 per
3335 2359 3523 2399 omnes
3564 2345 3771 2398 rationem

2237 2434 2547 2490 substantia!
2587 2435 2896 2505 procedere.
2957 2436 3103 2492 Unus
3131 2432 3327 2508 quippe
3356 2439 3587 2492 omnium
3616 2437 3774 2507 ingres-

2237 2542 2327 2581 sus
2374 2528 2426 2581 in
2482 2528 2763 2595 mundum,
2805 2539 2859 2584 et
2895 2531 3115 2601 aequalis
3155 2546 3431 2601 egressus,
3476 2543 3528 2587 ut
3569 2531 3771 2601 scriptum

2235 2629 2337 2674 est.
2360 2660 2374 2676 .
2396 2663 2405 2675 .
2429 2659 2442 2673 .
2461 2662 2475 2675 .
2527 2620 2641 2677 Una
2669 2623 2883 2692 quidem
2911 2625 3158 2680 omnibus
3180 2625 3488 2681 hominibus
3515 2636 3590 2681 est
3609 2637 3772 2680 natura.

2238 2711 2327 2766 illa
2358 2721 2535 2768 autem
2567 2715 2644 2769 sic
2669 2723 2976 2784 comparata
3007 2726 3110 2786 est,
3141 2728 3196 2771 ut
3223 2717 3290 2773 ad
3331 2718 3543 2789 quidvis
3571 2718 3702 2773 laude
3721 2715 3776 2771 di-

2234 2820 2396 2875 gnum
2427 2806 2495 2860 sit
2523 2806 2736 2863 idenea.
2787 2808 3011 2884 Sapiens
3040 2809 3183 2865 enim
3211 2820 3312 2875 est,
3343 2821 3401 2867 et
3420 2825 3681 2866 secernere
3704 2825 3774 2882 po-

2238 2909 2342 2954 test
2388 2919 2416 2954 a
2464 2901 2819 2957 deterioribus
2870 2904 3116 2958 meliora.
3171 2904 3315 2960 Nihil
3383 2921 3511 2976 ergo
3556 2903 3773 2977 prohibet,

2234 2995 2521 3064 quominus
2547 2996 2741 3051 inlimm
2771 2998 2931 3053 sortis
2961 2997 3124 3053 homo
3157 3002 3226 3054 sit
3250 3002 3487 3071 sapiens,
3517 3012 3567 3056 et
3589 3000 3666 3072 qui
3686 2999 3775 3053 des-

2234 3091 2423 3145 titutus
2449 3101 2531 3146 est
2558 3093 2820 3163 pecuniis,
2845 3093 3106 3163 justitiam
3142 3094 3307 3159 colat,
3339 3104 3397 3150 et
3423 3095 3512 3166 qui
3540 3093 3695 3149 servili
3719 3099 3777 3146 est

2236 3183 2563 3251 conditione,
2591 3200 2775 3254 :rquus
2798 3196 2850 3240 et
2878 3185 3137 3242 honestus
3168 3187 3434 3242 videatur.
3453 3230 3467 3242 .
3491 3227 3505 3241 .
3526 3231 3539 3242 .
3570 3183 3775 3257 Equidem

2236 3275 2462 3331 dixerim
2493 3292 2613 3348 ego,
2644 3277 2814 3332 virum
2853 3278 3091 3350 inopem,
3123 3279 3167 3334 si
3209 3288 3415 3335 rectum
3444 3281 3777 3345 honestumque

2234 3371 2447 3425 vivendi
2494 3387 2661 3442 genus
2686 3374 3002 3444 susceperit,
3034 3375 3166 3429 citra
3195 3377 3645 3444 comparationem
3678 3386 3779 3444 pne-

2233 3473 2377 3519 Stare
2414 3462 2565 3519 diviti
2595 3481 2776 3529 avaro,
2810 3478 2864 3521 et
2914 3482 3128 3522 servum
3179 3468 3479 3539 sapientein
3510 3469 3631 3524 hero
3671 3465 3778 3519 inst-

2238 3573 2400 3613 no....
2434 3557 2632 3615 Videre
2657 3569 2837 3615 autem
2875 3562 2997 3616 licet
3021 3577 3135 3629 eos,
3168 3564 3256 3632 qni
3280 3563 3441 3619 laude
3465 3562 3660 3617 virtutis
3675 3554 3777 3626 apud

2235 3652 2452 3707 Grzeeos
2477 3656 2710 3709 maxime
2739 3657 3101 3725 przestitcrnnt
3143 3660 3378 3726 c:rteris,
3424 3658 3645 3713 artiﬁces
3668 3655 3779 3711 initio

2234 3744 2399 3800 fuisse
2428 3748 2844 3823 popularemque
2874 3760 2925 3803 et
2977 3749 3250 3805 sordidam
3297 3762 3473 3807 artem
3505 3749 3776 3807 exi-reuiw‘.

2235 3853 2392 3907 Qttalll
2422 3854 2451 3892 a
2484 3842 2791 3908 parentibus
2814 3842 3168 3911 accepissent,
3222 3859 3327 3897 non
3360 3845 3479 3899 sine
3506 3854 3667 3899 tamen
3706 3839 3777 3891 atl-

2235 3931 2518 3987 miratione
2554 3933 2849 4002 sapientia}.
2910 3934 3500 4005 Multospra-termino.
3547 3935 3620 3990 Ad
3649 3924 3777 4003 ipsum

2235 4029 2393 4079 venio
2436 4025 2737 4093 Socratem,
2767 4026 3115 4097 Sephronisci
3148 4030 3335 4096 lilium,
3389 4032 3483 4099 qui
3517 4040 3669 4101 matre
3691 4026 3782 4078 olis-

2238 4117 2422 4172 tetrice
2447 4119 2681 4188 genitus,
2717 4129 2864 4189 patre
2889 4129 3066 4174 autem
3098 4123 3379 4188 statuario,
3418 4137 3633 4192 eamque
3650 4128 3779 4173 artem

2236 4209 2477 4278 apprime
2519 4209 2723 4277 callnit,
2758 4225 2933 4279 neque
2964 4211 3013 4266 id
3046 4212 3145 4267 sibi
3186 4212 3442 4269 dedecori
3469 4228 3587 4269 esse
3625 4206 3782 4281 putavit

2239 4300 2433 4372 ((Iyril.
2489 4301 2636 4357 Alex.
2691 4303 2781 4357 lib.
2848 4319 2898 4358 γι
2978 4315 3154 4358 contra
3201 4303 3408 4359 Julian.
3455 4321 3571 4378 pag.
3612 4301 3776 4367 2οη.»

2234 4394 2422 4451 Graeca
2448 4394 2632 4468 Cyrilli
2670 4398 2850 4461 verba,
2902 4398 3024 4467 quia
3054 4399 3264 4469 longius
3291 4413 3441 4456 esset
3484 4399 3571 4455 hic
3602 4395 3780 4456 referre.

2236 4490 2287 4542 iu
2321 4489 2437 4560 ejus
2467 4488 2601 4544 libro
2633 4490 2810 4559 legere
2835 4492 3051 4560 poteris,
3083 4492 3169 4547 ubi
3201 4492 3329 4547 illttd
3356 4504 3414 4548 et
3436 4492 3724 4548 auctoritate
3745 4494 3781 4540 et

2240 4583 2421 4636 verbis
2464 4581 2768 4654 Porphyrii,
2820 4599 2885 4638 ex
2921 4585 3078 4638 tertio
3119 4582 3363 4640 Historia
3404 4583 3782 4655 Philosophorum

2235 4672 2372 4728 libro
2403 4691 2429 4725 a
2464 4688 2522 4729 se
2555 4675 2909 4745 transcriptis,
2953 4675 3373 4732 luculentissime
3403 4679 3689 4746 probatum,
3716 4670 3781 4724 TI-

2236 4768 2352 4820 ηκνί
2397 4768 2703 4823 testimonio
2727 4771 3029 4826 conlirntat.
3087 4768 3181 4824 His
3207 4769 3327 4825 addi
3361 4779 3536 4839 potest
3562 4767 3778 4827 Laertius

2234 4863 2323 4931 qui
2364 4863 2414 4915 in
2464 4861 2701 4918 Socratis
2736 4862 2853 4918 Vita
2903 4863 3177 4918 Platonem
3227 4864 3374 4931 citat,
3415 4866 3505 4935 qui
3558 4858 3781 4918 ilIumSo-

2237 4956 2522 5025 pbronisco
2550 4966 2699 5026 patre
2744 4956 3025 5024 lapidario,
3069 4957 3222 5025 cujus
3267 4970 3438 5012 artem
3473 4968 3642 5027 postea
3661 4965 3780 5009 exer-

2236 5049 2365 5113 cuit,
2412 5058 2467 5103 et
2506 5060 2675 5104 matre
2708 5048 3020 5103 Phtenarcta
3053 5050 3342 5105 obstetriee
3381 5061 3563 5105 natum
3590 5046 3780 5103 tradidit.

2236 5140 2448 5211 (Laert.
2505 5143 2595 5196 lib.
2678 5158 2754 5207 ιι,
2808 5142 2835 5214 ς
2898 5142 3028 5215 18).
3102 5144 3159 5197 Ei
3223 5154 3401 5198 autem
3472 5142 3779 5213 suﬂragantul'

2238 5234 2481 5291 Valerius
2522 5235 2801 5299 Maximus.
2848 5237 3061 5304 Suidas,
3104 5237 3294 5293 Timon
3336 5254 3363 5292 a
3412 5239 3565 5294 nobis
3606 5229 3784 5290 articulo

2238 5333 2482 5401 sequenti
2525 5332 2842 5401 laudandus,
2886 5343 2941 5388 et
2993 5333 3083 5388 alii
3127 5332 3343 5405 (ναῖεν.
3388 5332 3603 5389 Μαωὶιιι.
3628 5329 3702 5386 lib.
3724 5338 3781 5387 ut,

2236 5441 2352 5492 cap.
2390 5424 2423 5479 4
2446 5425 2487 5495 ).

2308 5519 2445 5587 Quid
2479 5534 2636 5583 vero,
2666 5518 2806 5587 quod
2853 5517 3085 5591 Cyrillus
3132 5521 3368 5589 ibidem,
3411 5519 3585 5575 adhuc
3624 5511 3777 5570 eodem

2237 5611 2536 5684 Porphyrio
2577 5621 2741 5677 teste,
2777 5615 3113 5668 demonstrat
3140 5615 3410 5668 Platonem
3442 5607 3688 5683 palaestris
3716 5602 3783 5657 diu

2238 5707 2465 5774 primum
2492 5708 2841 5761 exercitatum
2863 5748 2877 5771 ,
2895 5722 2959 5762 ex
2992 5706 3259 5762 athleticis
3288 5706 3570 5763 sudoribus
3589 5747 3602 5771 ,
3631 5699 3717 5763 Vel.
3741 5701 3783 5747 ιιι

2236 5798 2453 5869 quidatn
2482 5798 2666 5867 aiunt,
2708 5814 2774 5855 ex
2804 5798 3039 5857 lsthmiis
3067 5809 3121 5857 et
3153 5801 3386 5870 Pytltiis,
3437 5800 3523 5856 vel
3562 5798 3668 5851 aliis
3690 5802 3780 5846 cer-
