  <div class='ocr_page' id='page_1' title='image "/cluster/home/n/w/nwhite01/storage/ocr_20150623/3/hvd.32044015471212/256.png"; bbox 0 0 3972 6310; ppageno 0'>
   <div class='ocr_carea' id='block_1_1' title="bbox 178 273 289 336">
    <p class='ocr_par' dir='ltr' id='par_1_1' title="bbox 178 273 289 336">
     <span class='ocr_line' id='line_1_1' title="bbox 178 273 289 336; baseline -0.009 0"><span class='ocrx_word' id='word_1_1' title='bbox 178 273 289 336; x_wconf 65' lang='grc'><strong>41⁸5</strong></span> 
     </span>
    </p>
   </div>
   <div class='ocr_carea' id='block_1_2' title="bbox 1606 265 2073 331">
    <p class='ocr_par' dir='ltr' id='par_1_2' title="bbox 1606 265 2073 331">
     <span class='ocr_line' id='line_1_2' title="bbox 1606 265 2073 331; baseline -0.006 0"><span class='ocrx_word' id='word_1_2' title='bbox 1606 265 2073 331; x_wconf 76' lang='lat' dir='ltr'><strong>DISSERTATIO.</strong></span> 
     </span>
    </p>
   </div>
   <div class='ocr_carea' id='block_1_3' title="bbox 3365 274 3474 349">
    <p class='ocr_par' dir='ltr' id='par_1_3' title="bbox 3365 274 3474 349">
     <span class='ocr_line' id='line_1_3' title="bbox 3365 274 3474 349; baseline -0.037 -6"><span class='ocrx_word' id='word_1_3' title='bbox 3365 274 3474 349; x_wconf 62' lang='lat' dir='ltr'><strong>ut</strong></span> 
     </span>
    </p>
   </div>
   <div class='ocr_carea' id='block_1_4' title="bbox 178 386 3475 465">
    <p class='ocr_par' dir='ltr' id='par_1_4' title="bbox 178 386 3475 465">
     <span class='ocr_line' id='line_1_4' title="bbox 178 386 3475 465; baseline 0.003 -17"><span class='ocrx_word' id='word_1_4' title='bbox 178 391 476 448; x_wconf 87' lang='lat' dir='ltr'><strong>tamiuibus</strong></span> <span class='ocrx_word' id='word_1_5' title='bbox 502 388 570 447; x_wconf 84' lang='lat' dir='ltr'><strong>ad</strong></span> <span class='ocrx_word' id='word_1_6' title='bbox 601 388 993 464; x_wconf 64' lang='lat' dir='ltr'><strong>philosophiam</strong></span> <span class='ocrx_word' id='word_1_7' title='bbox 1025 390 1338 449; x_wconf 75' lang='lat' dir='ltr'><strong>transirisse</strong></span> <span class='ocrx_word' id='word_1_8' title='bbox 1374 386 1578 463; x_wconf 73' lang='lat' dir='ltr'><strong>(Cyria.</strong></span> <span class='ocrx_word' id='word_1_9' title='bbox 1616 388 1767 445; x_wconf 71' lang='lat' dir='ltr'><strong>Alex.</strong></span> <span class='ocrx_word' id='word_1_10' title='bbox 1797 390 1851 455; x_wconf 76' lang='grc' dir='ltr'><strong>Α</strong></span> <span class='ocrx_word' id='word_1_11' title='bbox 1876 390 2029 449; x_wconf 81' lang='lat' dir='ltr'><strong>sione</strong></span> <span class='ocrx_word' id='word_1_12' title='bbox 2057 389 2156 449; x_wconf 88' lang='lat' dir='ltr'><strong>sibi</strong></span> <span class='ocrx_word' id='word_1_13' title='bbox 2186 390 2443 450; x_wconf 83' lang='lat' dir='ltr'><strong>utendum</strong></span> <span class='ocrx_word' id='word_1_14' title='bbox 2479 393 2907 465; x_wconf 77' lang='lat' dir='ltr'><strong>existimavisse;</strong></span> <span class='ocrx_word' id='word_1_15' title='bbox 2952 406 3013 458; x_wconf 91' lang='lat' dir='ltr'><strong>ut</strong></span> <span class='ocrx_word' id='word_1_16' title='bbox 3055 412 3118 459; x_wconf 89' lang='lat' dir='ltr'><strong>ea</strong></span> <span class='ocrx_word' id='word_1_17' title='bbox 3153 397 3374 459; x_wconf 81' lang='lat' dir='ltr'><strong>lenitate</strong></span> <span class='ocrx_word' id='word_1_18' title='bbox 3410 414 3475 456; x_wconf 91' lang='lat' dir='ltr'><strong>ac</strong></span> 
     </span>
    </p>
   </div>
   <div class='ocr_carea' id='block_1_5' title="bbox 176 481 1162 557">
    <p class='ocr_par' dir='ltr' id='par_1_5' title="bbox 176 481 1162 557">
     <span class='ocr_line' id='line_1_5' title="bbox 176 481 1162 557; baseline -0.001 -17"><span class='ocrx_word' id='word_1_19' title='bbox 176 483 297 541; x_wconf 75' lang='lat' dir='ltr'><strong>libr.</strong></span> <span class='ocrx_word' id='word_1_20' title='bbox 330 501 384 540; x_wconf 84' lang='lat' dir='ltr'><strong>vt</strong></span> <span class='ocrx_word' id='word_1_21' title='bbox 406 483 605 541; x_wconf 74' lang='lat' dir='ltr'><strong>advers.</strong></span> <span class='ocrx_word' id='word_1_22' title='bbox 633 481 839 541; x_wconf 75' lang='lat' dir='ltr'><strong>Julian.</strong></span> <span class='ocrx_word' id='word_1_23' title='bbox 872 483 1162 557; x_wconf 73' lang='lat' dir='ltr'><strong>pag.208).</strong></span> 
     </span>
    </p>
   </div>
   <div class='ocr_carea' id='block_1_6' title="bbox 250 574 1774 649">
    <p class='ocr_par' dir='ltr' id='par_1_6' title="bbox 250 574 1774 649">
     <span class='ocr_line' id='line_1_6' title="bbox 250 574 1774 649; baseline -0.001 -15"><span class='ocrx_word' id='word_1_24' title='bbox 250 579 418 634; x_wconf 80' lang='lat' dir='ltr'><strong>Addit</strong></span> <span class='ocrx_word' id='word_1_25' title='bbox 443 576 706 649; x_wconf 74' lang='lat' dir='ltr'><strong>prmterea</strong></span> <span class='ocrx_word' id='word_1_26' title='bbox 736 577 831 632; x_wconf 89' lang='lat' dir='ltr'><strong>ille</strong></span> <span class='ocrx_word' id='word_1_27' title='bbox 857 577 1150 634; x_wconf 77' lang='lat' dir='ltr'><strong>Zalmoxim</strong></span> <span class='ocrx_word' id='word_1_28' title='bbox 1178 576 1439 634; x_wconf 78' lang='lat' dir='ltr'><strong>Thracem</strong></span> <span class='ocrx_word' id='word_1_29' title='bbox 1484 574 1651 632; x_wconf 70' lang='lat' dir='ltr'><strong>fuisse</strong></span> <span class='ocrx_word' id='word_1_30' title='bbox 1670 574 1774 648; x_wconf 83' lang='lat' dir='ltr'><strong>Py-</strong></span> 
     </span>
    </p>
   </div>
   <div class='ocr_carea' id='block_1_7' title="bbox 176 666 1772 744">
    <p class='ocr_par' dir='ltr' id='par_1_7' title="bbox 176 666 1772 744">
     <span class='ocr_line' id='line_1_7' title="bbox 176 666 1772 744; baseline -0.004 -16"><span class='ocrx_word' id='word_1_31' title='bbox 176 673 421 744; x_wconf 72' lang='lat' dir='ltr'><strong>thagora:</strong></span> <span class='ocrx_word' id='word_1_32' title='bbox 446 687 661 729; x_wconf 76' lang='lat' dir='ltr'><strong>servum</strong></span> <span class='ocrx_word' id='word_1_33' title='bbox 680 713 694 737; x_wconf 92' lang='lat'><strong>_.</strong></span> <span class='ocrx_word' id='word_1_34' title='bbox 732 681 788 729; x_wconf 85' lang='lat' dir='ltr'><strong>et</strong></span> <span class='ocrx_word' id='word_1_35' title='bbox 816 672 960 729; x_wconf 90' lang='lat' dir='ltr'><strong>illum</strong></span> <span class='ocrx_word' id='word_1_36' title='bbox 992 671 1184 729; x_wconf 83' lang='lat' dir='ltr'><strong>multas</strong></span> <span class='ocrx_word' id='word_1_37' title='bbox 1212 671 1482 732; x_wconf 85' lang='lat' dir='ltr'><strong>mulieres.</strong></span> <span class='ocrx_word' id='word_1_38' title='bbox 1511 666 1772 740; x_wconf 87' lang='lat' dir='ltr'><strong>quemad-</strong></span> 
     </span>
    </p>
   </div>
   <div class='ocr_carea' id='block_1_8' title="bbox 174 761 1775 835">
    <p class='ocr_par' dir='ltr' id='par_1_8' title="bbox 174 761 1775 835">
     <span class='ocr_line' id='line_1_8' title="bbox 174 761 1775 835; baseline -0.006 -10"><span class='ocrx_word' id='word_1_39' title='bbox 174 766 398 825; x_wconf 81' lang='lat' dir='ltr'><strong>modum</strong></span> <span class='ocrx_word' id='word_1_40' title='bbox 465 765 620 821; x_wconf 87' lang='lat' dir='ltr'><strong>Plato</strong></span> <span class='ocrx_word' id='word_1_41' title='bbox 673 764 1012 831; x_wconf 67' lang='lat' dir='ltr'><strong>Marcellam,</strong></span> <span class='ocrx_word' id='word_1_42' title='bbox 1085 763 1471 835; x_wconf 84' lang='lat' dir='ltr'><strong>philosophicis</strong></span> <span class='ocrx_word' id='word_1_43' title='bbox 1517 761 1775 819; x_wconf 83' lang='lat' dir='ltr'><strong>imbuisse</strong></span> 
     </span>
    </p>
   </div>
   <div class='ocr_carea' id='block_1_9' title="bbox 174 853 1775 927">
    <p class='ocr_par' dir='ltr' id='par_1_9' title="bbox 174 853 1775 927">
     <span class='ocr_line' id='line_1_9' title="bbox 174 853 1775 927; baseline -0.002 -12"><span class='ocrx_word' id='word_1_44' title='bbox 174 858 497 927; x_wconf 81' lang='lat' dir='ltr'><strong>disciplinis.</strong></span> <span class='ocrx_word' id='word_1_45' title='bbox 558 856 673 913; x_wconf 85' lang='lat' dir='ltr'><strong>lluc</strong></span> <span class='ocrx_word' id='word_1_46' title='bbox 717 872 879 927; x_wconf 80' lang='lat' dir='ltr'><strong>porro</strong></span> <span class='ocrx_word' id='word_1_47' title='bbox 925 857 1162 921; x_wconf 82' lang='lat' dir='ltr'><strong>accedit,</strong></span> <span class='ocrx_word' id='word_1_48' title='bbox 1208 857 1349 926; x_wconf 86' lang='lat' dir='ltr'><strong>quod</strong></span> <span class='ocrx_word' id='word_1_49' title='bbox 1395 872 1492 912; x_wconf 86' lang='lat' dir='ltr'><strong>nos</strong></span> <span class='ocrx_word' id='word_1_50' title='bbox 1535 855 1660 911; x_wconf 84' lang='lat' dir='ltr'><strong>alibi</strong></span> <span class='ocrx_word' id='word_1_51' title='bbox 1705 853 1775 911; x_wconf 88' lang='lat' dir='ltr'><strong>de</strong></span> 
     </span>
    </p>
   </div>
   <div class='ocr_carea' id='block_1_10' title="bbox 172 947 1776 1021">
    <p class='ocr_par' dir='ltr' id='par_1_10' title="bbox 172 947 1776 1021">
     <span class='ocr_line' id='line_1_10' title="bbox 172 947 1776 1021; baseline -0.004 -13"><span class='ocrx_word' id='word_1_52' title='bbox 172 950 494 1008; x_wconf 81' lang='lat' dir='ltr'><strong>mulieribus</strong></span> <span class='ocrx_word' id='word_1_53' title='bbox 516 949 872 1021; x_wconf 85' lang='lat' dir='ltr'><strong>philos0phis,</strong></span> <span class='ocrx_word' id='word_1_54' title='bbox 908 950 1233 1021; x_wconf 87' lang='lat' dir='ltr'><strong>pictricihus,</strong></span> <span class='ocrx_word' id='word_1_55' title='bbox 1267 960 1322 1006; x_wconf 89' lang='lat' dir='ltr'><strong>et</strong></span> <span class='ocrx_word' id='word_1_56' title='bbox 1349 948 1568 1020; x_wconf 87' lang='lat' dir='ltr'><strong>poetriis</strong></span> <span class='ocrx_word' id='word_1_57' title='bbox 1591 947 1776 1018; x_wconf 83' lang='lat' dir='ltr'><strong>dispu-</strong></span> 
     </span>
    </p>
   </div>
   <div class='ocr_carea' id='block_1_11' title="bbox 173 1043 1771 1120">
    <p class='ocr_par' dir='ltr' id='par_1_11' title="bbox 173 1043 1771 1120">
     <span class='ocr_line' id='line_1_11' title="bbox 173 1043 1771 1120; baseline -0.002 -18"><span class='ocrx_word' id='word_1_58' title='bbox 173 1045 603 1115; x_wconf 74' lang='lat' dir='ltr'><strong>tavimus(Toat.</strong></span> <span class='ocrx_word' id='word_1_59' title='bbox 636 1063 672 1104; x_wconf 91' lang='grc' dir='ltr'>ι.</span> <span class='ocrx_word' id='word_1_60' title='bbox 719 1046 968 1120; x_wconf 69' lang='lat' dir='ltr'><strong>Apparet.</strong></span> <span class='ocrx_word' id='word_1_61' title='bbox 1011 1048 1096 1105; x_wconf 83' lang='lat' dir='ltr'><strong>lib.</strong></span> <span class='ocrx_word' id='word_1_62' title='bbox 1130 1063 1209 1111; x_wconf 88' lang='grc' dir='ltr'>ιιι,</span> <span class='ocrx_word' id='word_1_63' title='bbox 1233 1048 1434 1105; x_wconf 79' lang='lat' dir='ltr'><strong>dissert.</strong></span> <span class='ocrx_word' id='word_1_64' title='bbox 1464 1062 1523 1112; x_wconf 87' lang='grc' dir='ltr'>ιι,</span> <span class='ocrx_word' id='word_1_65' title='bbox 1543 1062 1658 1115; x_wconf 78' lang='lat' dir='ltr'><strong>cap.</strong></span> <span class='ocrx_word' id='word_1_66' title='bbox 1681 1043 1771 1112; x_wconf 82' lang='grc'>18,</span> 
     </span>
    </p>
   </div>
   <div class='ocr_carea' id='block_1_12' title="bbox 171 1138 1770 1212">
    <p class='ocr_par' dir='ltr' id='par_1_12' title="bbox 171 1138 1770 1212">
     <span class='ocr_line' id='line_1_12' title="bbox 171 1138 1770 1212; baseline -0.001 -18"><span class='ocrx_word' id='word_1_67' title='bbox 171 1148 255 1194; x_wconf 82' lang='lat' dir='ltr'><strong>art</strong></span> <span class='ocrx_word' id='word_1_68' title='bbox 279 1140 335 1202; x_wconf 66' lang='grc'>1.</span> <span class='ocrx_word' id='word_1_69' title='bbox 365 1156 485 1211; x_wconf 83' lang='lat' dir='ltr'><strong>pag.</strong></span> <span class='ocrx_word' id='word_1_70' title='bbox 518 1140 680 1204; x_wconf 72' lang='lat'><strong>“55;</strong></span> <span class='ocrx_word' id='word_1_71' title='bbox 711 1150 756 1196; x_wconf 86' lang='lat' dir='ltr'><strong>et</strong></span> <span class='ocrx_word' id='word_1_72' title='bbox 774 1157 891 1211; x_wconf 68' lang='lat' dir='ltr'><strong>cap.</strong></span> <span class='ocrx_word' id='word_1_73' title='bbox 923 1139 1014 1205; x_wconf 62' lang='lat' dir='ltr'><strong>ﬁt,</strong></span> <span class='ocrx_word' id='word_1_74' title='bbox 1038 1150 1139 1195; x_wconf 85' lang='lat' dir='ltr'><strong>art.</strong></span> <span class='ocrx_word' id='word_1_75' title='bbox 1168 1142 1233 1207; x_wconf 70' lang='grc' dir='ltr'>ὃ,</span> <span class='ocrx_word' id='word_1_76' title='bbox 1262 1156 1383 1212; x_wconf 82' lang='lat' dir='ltr'><strong>pag.</strong></span> <span class='ocrx_word' id='word_1_77' title='bbox 1412 1138 1505 1206; x_wconf 71' lang='grc'><strong>25,</strong></span> <span class='ocrx_word' id='word_1_78' title='bbox 1537 1149 1585 1197; x_wconf 81' lang='lat' dir='ltr'><strong>et</strong></span> <span class='ocrx_word' id='word_1_79' title='bbox 1614 1144 1770 1208; x_wconf 53' lang='grc' dir='ltr'><strong>ηιμ).</strong></span> 
     </span>
    </p>
   </div>
   <div class='ocr_carea' id='block_1_13' title="bbox 251 1231 1774 1303">
    <p class='ocr_par' dir='ltr' id='par_1_13' title="bbox 251 1231 1774 1303">
     <span class='ocr_line' id='line_1_13' title="bbox 251 1231 1774 1303; baseline 0.001 -15"><span class='ocrx_word' id='word_1_80' title='bbox 251 1231 493 1303; x_wconf 78' lang='lat' dir='ltr'><strong>Denique</strong></span> <span class='ocrx_word' id='word_1_81' title='bbox 514 1232 559 1287; x_wconf 89' lang='lat' dir='ltr'><strong>si</strong></span> <span class='ocrx_word' id='word_1_82' title='bbox 588 1232 847 1290; x_wconf 76' lang='lat' dir='ltr'><strong>Minucius</strong></span> <span class='ocrx_word' id='word_1_83' title='bbox 879 1232 982 1290; x_wconf 89' lang='lat' dir='ltr'><strong>hoc</strong></span> <span class='ocrx_word' id='word_1_84' title='bbox 1016 1234 1264 1298; x_wconf 82' lang='lat' dir='ltr'><strong>nomine,</strong></span> <span class='ocrx_word' id='word_1_85' title='bbox 1294 1231 1595 1300; x_wconf 82' lang='lat' dir='ltr'><strong>Nostrates,</strong></span> <span class='ocrx_word' id='word_1_86' title='bbox 1626 1232 1774 1289; x_wconf 83' lang='lat' dir='ltr'><strong>desi-</strong></span> 
     </span>
    </p>
   </div>
   <div class='ocr_carea' id='block_1_14' title="bbox 169 1326 1778 1399">
    <p class='ocr_par' dir='ltr' id='par_1_14' title="bbox 169 1326 1778 1399">
     <span class='ocr_line' id='line_1_14' title="bbox 169 1326 1778 1399; baseline 0.003 -20"><span class='ocrx_word' id='word_1_87' title='bbox 169 1326 427 1396; x_wconf 82' lang='lat' dir='ltr'><strong>gnaverit</strong></span> <span class='ocrx_word' id='word_1_88' title='bbox 453 1326 709 1385; x_wconf 70' lang='lat' dir='ltr'><strong>Helimos</strong></span> <span class='ocrx_word' id='word_1_89' title='bbox 730 1372 744 1397; x_wconf 93' lang='lat'><strong>,</strong></span> <span class='ocrx_word' id='word_1_90' title='bbox 797 1328 890 1399; x_wconf 88' lang='lat' dir='ltr'><strong>qui</strong></span> <span class='ocrx_word' id='word_1_91' title='bbox 935 1327 1167 1385; x_wconf 87' lang='lat' dir='ltr'><strong>ethnicis</strong></span> <span class='ocrx_word' id='word_1_92' title='bbox 1195 1339 1340 1383; x_wconf 89' lang='lat' dir='ltr'><strong>artes</strong></span> <span class='ocrx_word' id='word_1_93' title='bbox 1369 1338 1425 1384; x_wconf 83' lang='lat' dir='ltr'><strong>et</strong></span> <span class='ocrx_word' id='word_1_94' title='bbox 1462 1326 1778 1398; x_wconf 85' lang='lat' dir='ltr'><strong>disciplinas</strong></span> 
     </span>
    </p>
   </div>
   <div class='ocr_carea' id='block_1_15' title="bbox 173 1416 1771 1490">
    <p class='ocr_par' dir='ltr' id='par_1_15' title="bbox 173 1416 1771 1490">
     <span class='ocr_line' id='line_1_15' title="bbox 173 1416 1771 1490; baseline 0.002 -18"><span class='ocrx_word' id='word_1_95' title='bbox 173 1416 532 1486; x_wconf 86' lang='lat' dir='ltr'><strong>tradiderint,</strong></span> <span class='ocrx_word' id='word_1_96' title='bbox 576 1417 631 1477; x_wconf 88' lang='lat' dir='ltr'><strong>id</strong></span> <span class='ocrx_word' id='word_1_97' title='bbox 659 1434 689 1479; x_wconf 89' lang='lat' dir='ltr'><strong>a</strong></span> <span class='ocrx_word' id='word_1_98' title='bbox 721 1418 877 1477; x_wconf 88' lang='lat' dir='ltr'><strong>nobis</strong></span> <span class='ocrx_word' id='word_1_99' title='bbox 896 1418 1006 1489; x_wconf 79' lang='lat' dir='ltr'><strong>jam</strong></span> <span class='ocrx_word' id='word_1_100' title='bbox 1053 1419 1336 1490; x_wconf 84' lang='lat' dir='ltr'><strong>probatum</strong></span> <span class='ocrx_word' id='word_1_101' title='bbox 1392 1430 1477 1475; x_wconf 83' lang='lat' dir='ltr'><strong>est</strong></span> <span class='ocrx_word' id='word_1_102' title='bbox 1531 1429 1661 1477; x_wconf 89' lang='lat' dir='ltr'><strong>tom.</strong></span> <span class='ocrx_word' id='word_1_103' title='bbox 1718 1434 1771 1484; x_wconf 89' lang='grc' dir='ltr'>ι,</span> 
     </span>
    </p>
   </div>
   <div class='ocr_carea' id='block_1_16' title="bbox 170 1510 1770 1584">
    <p class='ocr_par' dir='ltr' id='par_1_16' title="bbox 170 1510 1770 1584">
     <span class='ocr_line' id='line_1_16' title="bbox 170 1510 1770 1584; baseline 0.001 -17"><span class='ocrx_word' id='word_1_104' title='bbox 170 1512 440 1583; x_wconf 80' lang='lat' dir='ltr'><strong>Apparat.</strong></span> <span class='ocrx_word' id='word_1_105' title='bbox 468 1511 563 1569; x_wconf 85' lang='lat' dir='ltr'><strong>lib.</strong></span> <span class='ocrx_word' id='word_1_106' title='bbox 619 1527 690 1581; x_wconf 89' lang='grc' dir='ltr'>ιι,</span> <span class='ocrx_word' id='word_1_107' title='bbox 726 1512 1117 1583; x_wconf 86' lang='lat' dir='ltr'><strong>dissertatione</strong></span> <span class='ocrx_word' id='word_1_108' title='bbox 1139 1511 1210 1579; x_wconf 73' lang='lat'><strong>2,</strong></span> <span class='ocrx_word' id='word_1_109' title='bbox 1234 1528 1346 1584; x_wconf 87' lang='lat' dir='ltr'><strong>cap.</strong></span> <span class='ocrx_word' id='word_1_110' title='bbox 1387 1513 1418 1567; x_wconf 89' lang='lat'><strong>7</strong></span> <span class='ocrx_word' id='word_1_111' title='bbox 1440 1553 1452 1576; x_wconf 93' lang='lat'><strong>,</strong></span> <span class='ocrx_word' id='word_1_112' title='bbox 1488 1510 1536 1584; x_wconf 63' lang='grc' dir='ltr'><strong>ᾗ.</strong></span> <span class='ocrx_word' id='word_1_113' title='bbox 1562 1511 1619 1567; x_wconf 68' lang='lat'><strong>9.</strong></span> <span class='ocrx_word' id='word_1_114' title='bbox 1648 1527 1770 1583; x_wconf 89' lang='lat' dir='ltr'><strong>pag.</strong></span> 
     </span>
    </p>
   </div>
   <div class='ocr_carea' id='block_1_17' title="bbox 170 1603 1776 1676">
    <p class='ocr_par' dir='ltr' id='par_1_17' title="bbox 170 1603 1776 1676">
     <span class='ocr_line' id='line_1_17' title="bbox 170 1603 1776 1676; baseline 0.001 -17"><span class='ocrx_word' id='word_1_115' title='bbox 170 1603 302 1669; x_wconf 76' lang='lat'><strong>387,</strong></span> <span class='ocrx_word' id='word_1_116' title='bbox 335 1619 400 1663; x_wconf 77' lang='lat' dir='ltr'><strong>ex</strong></span> <span class='ocrx_word' id='word_1_117' title='bbox 426 1603 641 1660; x_wconf 70' lang='lat' dir='ltr'><strong>iustine</strong></span> <span class='ocrx_word' id='word_1_118' title='bbox 669 1614 943 1676; x_wconf 85' lang='lat' dir='ltr'><strong>martyre,</strong></span> <span class='ocrx_word' id='word_1_119' title='bbox 996 1614 1053 1660; x_wconf 92' lang='lat' dir='ltr'><strong>et</strong></span> <span class='ocrx_word' id='word_1_120' title='bbox 1103 1620 1169 1662; x_wconf 81' lang='lat' dir='ltr'><strong>ex</strong></span> <span class='ocrx_word' id='word_1_121' title='bbox 1223 1605 1498 1663; x_wconf 84' lang='lat' dir='ltr'><strong>Clemente</strong></span> <span class='ocrx_word' id='word_1_122' title='bbox 1547 1604 1776 1662; x_wconf 80' lang='lat' dir='ltr'><strong>Alexan-</strong></span> 
     </span>
    </p>
   </div>
   <div class='ocr_carea' id='block_1_18' title="bbox 169 1696 1773 1768">
    <p class='ocr_par' dir='ltr' id='par_1_18' title="bbox 169 1696 1773 1768">
     <span class='ocr_line' id='line_1_18' title="bbox 169 1696 1773 1768; baseline -0.001 -16"><span class='ocrx_word' id='word_1_123' title='bbox 169 1696 356 1753; x_wconf 87' lang='lat' dir='ltr'><strong>drino.</strong></span> <span class='ocrx_word' id='word_1_124' title='bbox 380 1696 582 1753; x_wconf 75' lang='lat' dir='ltr'><strong>ibidem</strong></span> <span class='ocrx_word' id='word_1_125' title='bbox 615 1697 707 1753; x_wconf 92' lang='lat' dir='ltr'><strong>lib.</strong></span> <span class='ocrx_word' id='word_1_126' title='bbox 738 1713 828 1767; x_wconf 88' lang='grc' dir='ltr'>ιιι,</span> <span class='ocrx_word' id='word_1_127' title='bbox 858 1696 1076 1755; x_wconf 84' lang='lat' dir='ltr'><strong>dissert.</strong></span> <span class='ocrx_word' id='word_1_128' title='bbox 1107 1696 1177 1765; x_wconf 69' lang='grc'>2,</span> <span class='ocrx_word' id='word_1_129' title='bbox 1206 1711 1325 1768; x_wconf 88' lang='lat' dir='ltr'><strong>cap.</strong></span> <span class='ocrx_word' id='word_1_130' title='bbox 1360 1713 1399 1762; x_wconf 91' lang='grc' dir='ltr'>ι,</span> <span class='ocrx_word' id='word_1_131' title='bbox 1429 1706 1533 1753; x_wconf 89' lang='lat' dir='ltr'><strong>art.</strong></span> <span class='ocrx_word' id='word_1_132' title='bbox 1557 1711 1607 1764; x_wconf 91' lang='grc' dir='ltr'>ι,</span> <span class='ocrx_word' id='word_1_133' title='bbox 1651 1711 1773 1767; x_wconf 88' lang='lat' dir='ltr'><strong>pag.</strong></span> 
     </span>
    </p>
   </div>
   <div class='ocr_carea' id='block_1_19' title="bbox 1876 485 3473 564">
    <p class='ocr_par' dir='ltr' id='par_1_19' title="bbox 1876 485 3473 564">
     <span class='ocr_line' id='line_1_19' title="bbox 1876 485 3473 564; baseline 0.007 -24"><span class='ocrx_word' id='word_1_134' title='bbox 1876 485 2244 543; x_wconf 84' lang='lat' dir='ltr'><strong>moderatione</strong></span> <span class='ocrx_word' id='word_1_135' title='bbox 2270 488 2637 545; x_wconf 81' lang='lat' dir='ltr'><strong>adversarium</strong></span> <span class='ocrx_word' id='word_1_136' title='bbox 2663 505 2821 549; x_wconf 85' lang='lat' dir='ltr'><strong>suum</strong></span> <span class='ocrx_word' id='word_1_137' title='bbox 2845 493 2912 548; x_wconf 84' lang='lat' dir='ltr'><strong>ad</strong></span> <span class='ocrx_word' id='word_1_138' title='bbox 2938 492 3228 564; x_wconf 85' lang='lat' dir='ltr'><strong>ejurandos</strong></span> <span class='ocrx_word' id='word_1_139' title='bbox 3256 507 3473 551; x_wconf 87' lang='lat' dir='ltr'><strong>errores</strong></span> 
     </span>
    </p>
   </div>
   <div class='ocr_carea' id='block_1_20' title="bbox 1875 580 3474 658">
    <p class='ocr_par' dir='ltr' id='par_1_20' title="bbox 1875 580 3474 658">
     <span class='ocr_line' id='line_1_20' title="bbox 1875 580 3474 658; baseline 0.008 -25"><span class='ocrx_word' id='word_1_140' title='bbox 1875 593 2032 645; x_wconf 89' lang='lat' dir='ltr'><strong>suos,</strong></span> <span class='ocrx_word' id='word_1_141' title='bbox 2055 580 2512 652; x_wconf 88' lang='lat' dir='ltr'><strong>ehristianamque</strong></span> <span class='ocrx_word' id='word_1_142' title='bbox 2552 583 2864 655; x_wconf 71' lang='lat' dir='ltr'><strong>religionem</strong></span> <span class='ocrx_word' id='word_1_143' title='bbox 2903 586 3314 658; x_wconf 78' lang='lat' dir='ltr'><strong>arnplexaudam</strong></span> <span class='ocrx_word' id='word_1_144' title='bbox 3342 588 3474 645; x_wconf 85' lang='lat' dir='ltr'><strong>l&#39;aci-</strong></span> 
     </span>
    </p>
   </div>
   <div class='ocr_carea' id='block_1_21' title="bbox 1876 675 2268 735">
    <p class='ocr_par' dir='ltr' id='par_1_21' title="bbox 1876 675 2268 735">
     <span class='ocr_line' id='line_1_21' title="bbox 1876 675 2268 735; baseline 0.008 -6"><span class='ocrx_word' id='word_1_145' title='bbox 1876 675 1978 730; x_wconf 92' lang='lat' dir='ltr'><strong>lius</strong></span> <span class='ocrx_word' id='word_1_146' title='bbox 2006 676 2268 735; x_wconf 89' lang='lat' dir='ltr'><strong>alliceret.</strong></span> 
     </span>
    </p>
   </div>
   <div class='ocr_carea' id='block_1_22' title="bbox 1946 766 3472 851">
    <p class='ocr_par' dir='ltr' id='par_1_22' title="bbox 1946 766 3472 851">
     <span class='ocr_line' id='line_1_22' title="bbox 1946 766 3472 851; baseline 0.009 -28"><span class='ocrx_word' id='word_1_147' title='bbox 1946 766 2086 823; x_wconf 82' lang='lat' dir='ltr'><strong>Nihil</strong></span> <span class='ocrx_word' id='word_1_148' title='bbox 2116 786 2276 833; x_wconf 85' lang='lat' dir='ltr'><strong>porro</strong></span> <span class='ocrx_word' id='word_1_149' title='bbox 2305 772 2540 845; x_wconf 85' lang='lat' dir='ltr'><strong>ineptius</strong></span> <span class='ocrx_word' id='word_1_150' title='bbox 2568 784 2705 844; x_wconf 84' lang='lat' dir='ltr'><strong>erat,</strong></span> <span class='ocrx_word' id='word_1_151' title='bbox 2756 792 2916 847; x_wconf 89' lang='lat' dir='ltr'><strong>quam</strong></span> <span class='ocrx_word' id='word_1_152' title='bbox 2947 778 3081 835; x_wconf 91' lang='lat' dir='ltr'><strong>illud</strong></span> <span class='ocrx_word' id='word_1_153' title='bbox 3131 778 3275 849; x_wconf 85' lang='lat' dir='ltr'><strong>quod</strong></span> <span class='ocrx_word' id='word_1_154' title='bbox 3316 794 3472 851; x_wconf 52' lang='lat' dir='ltr'><strong>urge‘</strong></span> 
     </span>
    </p>
   </div>
   <div class='ocr_carea' id='block_1_23' title="bbox 1875 861 3470 947">
    <p class='ocr_par' dir='ltr' id='par_1_23' title="bbox 1875 861 3470 947">
     <span class='ocr_line' id='line_1_23' title="bbox 1875 861 3470 947; baseline 0.009 -30"><span class='ocrx_word' id='word_1_155' title='bbox 1875 861 1968 917; x_wconf 89' lang='lat' dir='ltr'><strong>bat</strong></span> <span class='ocrx_word' id='word_1_156' title='bbox 1993 861 2244 920; x_wconf 69' lang='lat' dir='ltr'><strong>Caecilius</strong></span> <span class='ocrx_word' id='word_1_157' title='bbox 2273 863 2609 925; x_wconf 87' lang='lat' dir='ltr'><strong>Christianos</strong></span> <span class='ocrx_word' id='word_1_158' title='bbox 2637 868 2909 947; x_wconf 80' lang='lat' dir='ltr'><strong>ustionem</strong></span> <span class='ocrx_word' id='word_1_159' title='bbox 2945 886 3067 929; x_wconf 85' lang='lat' dir='ltr'><strong>esse</strong></span> <span class='ocrx_word' id='word_1_160' title='bbox 3108 871 3430 931; x_wconf 76' lang='lat' dir='ltr'><strong>latebrosum</strong></span> <span class='ocrx_word' id='word_1_161' title='bbox 3452 913 3470 939; x_wconf 85' lang='lat'><strong>.</strong></span> 
     </span>
    </p>
   </div>
   <div class='ocr_carea' id='block_1_24' title="bbox 1877 953 3474 1034">
    <p class='ocr_par' dir='ltr' id='par_1_24' title="bbox 1877 953 3474 1034">
     <span class='ocr_line' id='line_1_24' title="bbox 1877 953 3474 1034; baseline 0.009 -24"><span class='ocrx_word' id='word_1_162' title='bbox 1877 953 2228 1026; x_wconf 79' lang='lat' dir='ltr'><strong>lucilugacem</strong></span> <span class='ocrx_word' id='word_1_163' title='bbox 2250 998 2265 1023; x_wconf 94' lang='lat'><strong>,</strong></span> <span class='ocrx_word' id='word_1_164' title='bbox 2293 968 2348 1013; x_wconf 90' lang='lat' dir='ltr'><strong>et</strong></span> <span class='ocrx_word' id='word_1_165' title='bbox 2387 959 2441 1015; x_wconf 90' lang='lat' dir='ltr'><strong>in</strong></span> <span class='ocrx_word' id='word_1_166' title='bbox 2466 960 2676 1033; x_wconf 89' lang='lat' dir='ltr'><strong>angulis</strong></span> <span class='ocrx_word' id='word_1_167' title='bbox 2715 963 3004 1034; x_wconf 76' lang='lat' dir='ltr'><strong>garrulam.</strong></span> <span class='ocrx_word' id='word_1_168' title='bbox 3038 962 3143 1020; x_wconf 78' lang='lat' dir='ltr'><strong>Sua</strong></span> <span class='ocrx_word' id='word_1_169' title='bbox 3175 966 3317 1021; x_wconf 82' lang='lat' dir='ltr'><strong>enim</strong></span> <span class='ocrx_word' id='word_1_170' title='bbox 3344 980 3474 1025; x_wconf 81' lang='lat' dir='ltr'><strong>vero</strong></span> 
     </span>
    </p>
   </div>
   <div class='ocr_carea' id='block_1_25' title="bbox 1876 1049 3470 1124">
    <p class='ocr_par' dir='ltr' id='par_1_25' title="bbox 1876 1049 3470 1124">
     <span class='ocr_line' id='line_1_25' title="bbox 1876 1049 3470 1124; baseline 0.003 -19"><span class='ocrx_word' id='word_1_171' title='bbox 1876 1049 2197 1107; x_wconf 87' lang='lat' dir='ltr'><strong>documenta</strong></span> <span class='ocrx_word' id='word_1_172' title='bbox 2246 1052 2457 1122; x_wconf 88' lang='lat' dir='ltr'><strong>publice</strong></span> <span class='ocrx_word' id='word_1_173' title='bbox 2504 1054 2865 1123; x_wconf 55' lang='lat' dir='ltr'><strong>praedicabant</strong></span> <span class='ocrx_word' id='word_1_174' title='bbox 2891 1073 2905 1109; x_wconf 87' lang='lat'><strong>:</strong></span> <span class='ocrx_word' id='word_1_175' title='bbox 2935 1055 3029 1115; x_wconf 82' lang='lat' dir='ltr'><strong>sed</strong></span> <span class='ocrx_word' id='word_1_176' title='bbox 3077 1056 3192 1113; x_wconf 62' lang='lat' dir='ltr'><strong>haec</strong></span> <span class='ocrx_word' id='word_1_177' title='bbox 3231 1056 3470 1124; x_wconf 82' lang='lat' dir='ltr'><strong>etlmici,</strong></span> 
     </span>
    </p>
   </div>
   <div class='ocr_carea' id='block_1_26' title="bbox 1879 1148 3475 1218">
    <p class='ocr_par' dir='ltr' id='par_1_26' title="bbox 1879 1148 3475 1218">
     <span class='ocr_line' id='line_1_26' title="bbox 1879 1148 3475 1218; baseline 0.009 -20"><span class='ocrx_word' id='word_1_178' title='bbox 1879 1159 1946 1200; x_wconf 88' lang='lat' dir='ltr'><strong>ne</strong></span> <span class='ocrx_word' id='word_1_179' title='bbox 1975 1160 2099 1199; x_wconf 86' lang='lat' dir='ltr'><strong>vera</strong></span> <span class='ocrx_word' id='word_1_180' title='bbox 2129 1159 2249 1201; x_wconf 87' lang='lat' dir='ltr'><strong>esse</strong></span> <span class='ocrx_word' id='word_1_181' title='bbox 2278 1160 2475 1216; x_wconf 88' lang='lat' dir='ltr'><strong>negare</strong></span> <span class='ocrx_word' id='word_1_182' title='bbox 2516 1162 2619 1202; x_wconf 92' lang='lat' dir='ltr'><strong>non</strong></span> <span class='ocrx_word' id='word_1_183' title='bbox 2648 1158 2869 1218; x_wconf 87' lang='lat' dir='ltr'><strong>possent</strong></span> <span class='ocrx_word' id='word_1_184' title='bbox 2891 1189 2906 1215; x_wconf 85' lang='lat'><strong>,</strong></span> <span class='ocrx_word' id='word_1_185' title='bbox 2954 1149 3142 1209; x_wconf 88' lang='lat' dir='ltr'><strong>audire</strong></span> <span class='ocrx_word' id='word_1_186' title='bbox 3183 1148 3475 1211; x_wconf 78' lang='lat' dir='ltr'><strong>erubesce-</strong></span> 
     </span>
    </p>
   </div>
   <div class='ocr_carea' id='block_1_27' title="bbox 1878 1236 3201 1303">
    <p class='ocr_par' dir='ltr' id='par_1_27' title="bbox 1878 1236 3201 1303">
     <span class='ocr_line' id='line_1_27' title="bbox 1878 1236 3201 1303; baseline 0.003 -10"><span class='ocrx_word' id='word_1_187' title='bbox 1878 1236 2006 1293; x_wconf 84' lang='lat' dir='ltr'><strong>bant</strong></span> <span class='ocrx_word' id='word_1_188' title='bbox 2036 1252 2099 1293; x_wconf 90' lang='lat' dir='ltr'><strong>ac</strong></span> <span class='ocrx_word' id='word_1_189' title='bbox 2126 1237 2467 1297; x_wconf 84' lang='lat' dir='ltr'><strong>verebantur.</strong></span> <span class='ocrx_word' id='word_1_190' title='bbox 2498 1239 2605 1296; x_wconf 87' lang='lat' dir='ltr'><strong>Sed</strong></span> <span class='ocrx_word' id='word_1_191' title='bbox 2635 1241 2702 1297; x_wconf 90' lang='lat' dir='ltr'><strong>de</strong></span> <span class='ocrx_word' id='word_1_192' title='bbox 2733 1242 2816 1299; x_wconf 91' lang='lat' dir='ltr'><strong>his</strong></span> <span class='ocrx_word' id='word_1_193' title='bbox 2846 1243 2981 1301; x_wconf 78' lang='lat' dir='ltr'><strong>intra</strong></span> <span class='ocrx_word' id='word_1_194' title='bbox 3011 1243 3201 1303; x_wconf 78' lang='lat' dir='ltr'><strong>iusius.</strong></span> 
     </span>
    </p>
   </div>
   <div class='ocr_carea' id='block_1_28' title="bbox 1951 1332 3474 1400">
    <p class='ocr_par' dir='ltr' id='par_1_28' title="bbox 1951 1332 3474 1400">
     <span class='ocr_line' id='line_1_28' title="bbox 1951 1332 3474 1400; baseline 0.005 -14"><span class='ocrx_word' id='word_1_195' title='bbox 1951 1332 2229 1389; x_wconf 84' lang='lat' dir='ltr'><strong>Postremo</strong></span> <span class='ocrx_word' id='word_1_196' title='bbox 2279 1348 2343 1389; x_wconf 82' lang='lat' dir='ltr'><strong>ex</strong></span> <span class='ocrx_word' id='word_1_197' title='bbox 2403 1333 2564 1390; x_wconf 86' lang='lat' dir='ltr'><strong>dictis</strong></span> <span class='ocrx_word' id='word_1_198' title='bbox 2617 1336 2893 1393; x_wconf 84' lang='lat' dir='ltr'><strong>evidenter</strong></span> <span class='ocrx_word' id='word_1_199' title='bbox 2940 1336 3118 1395; x_wconf 83' lang='lat' dir='ltr'><strong>adhuc</strong></span> <span class='ocrx_word' id='word_1_200' title='bbox 3172 1334 3474 1400; x_wconf 83' lang='lat' dir='ltr'><strong>ostenditur</strong></span> 
     </span>
    </p>
   </div>
   <div class='ocr_carea' id='block_1_29' title="bbox 1876 1428 3474 1501">
    <p class='ocr_par' dir='ltr' id='par_1_29' title="bbox 1876 1428 3474 1501">
     <span class='ocr_line' id='line_1_29' title="bbox 1876 1428 3474 1501; baseline 0.006 -20"><span class='ocrx_word' id='word_1_201' title='bbox 1876 1428 2219 1498; x_wconf 81' lang='lat' dir='ltr'><strong>quantumvis</strong></span> <span class='ocrx_word' id='word_1_202' title='bbox 2256 1428 2419 1485; x_wconf 71' lang='lat' dir='ltr'><strong>variae</strong></span> <span class='ocrx_word' id='word_1_203' title='bbox 2439 1443 2505 1483; x_wconf 89' lang='lat' dir='ltr'><strong>ac</strong></span> <span class='ocrx_word' id='word_1_204' title='bbox 2558 1428 2926 1501; x_wconf 85' lang='lat' dir='ltr'><strong>discrepantes</strong></span> <span class='ocrx_word' id='word_1_205' title='bbox 2980 1430 3182 1489; x_wconf 76' lang='lat' dir='ltr'><strong>iuerint</strong></span> <span class='ocrx_word' id='word_1_206' title='bbox 3232 1430 3474 1499; x_wconf 57' lang='lat' dir='ltr'><strong>philosOe</strong></span> 
     </span>
    </p>
   </div>
   <div class='ocr_carea' id='block_1_30' title="bbox 1877 1518 3474 1594">
    <p class='ocr_par' dir='ltr' id='par_1_30' title="bbox 1877 1518 3474 1594">
     <span class='ocr_line' id='line_1_30' title="bbox 1877 1518 3474 1594; baseline 0.006 -22"><span class='ocrx_word' id='word_1_207' title='bbox 1877 1518 2106 1589; x_wconf 88' lang='lat' dir='ltr'><strong>phorum</strong></span> <span class='ocrx_word' id='word_1_208' title='bbox 2145 1519 2424 1589; x_wconf 79' lang='lat' dir='ltr'><strong>gentilium</strong></span> <span class='ocrx_word' id='word_1_209' title='bbox 2448 1519 2515 1575; x_wconf 87' lang='lat' dir='ltr'><strong>de</strong></span> <span class='ocrx_word' id='word_1_210' title='bbox 2558 1520 2668 1575; x_wconf 90' lang='lat' dir='ltr'><strong>Deo</strong></span> <span class='ocrx_word' id='word_1_211' title='bbox 2693 1524 2975 1578; x_wconf 71' lang='lat' dir='ltr'><strong>sententiae</strong></span> <span class='ocrx_word' id='word_1_212' title='bbox 2993 1563 3006 1586; x_wconf 94' lang='lat'><strong>,</strong></span> <span class='ocrx_word' id='word_1_213' title='bbox 3040 1521 3383 1594; x_wconf 78' lang='lat' dir='ltr'><strong>quantumvis</strong></span> <span class='ocrx_word' id='word_1_214' title='bbox 3406 1520 3474 1581; x_wconf 83' lang='lat' dir='ltr'><strong>d0</strong></span> 
     </span>
    </p>
   </div>
   <div class='ocr_carea' id='block_1_31' title="bbox 1877 1610 3475 1685">
    <p class='ocr_par' dir='ltr' id='par_1_31' title="bbox 1877 1610 3475 1685">
     <span class='ocr_line' id='line_1_31' title="bbox 1877 1610 3475 1685; baseline 0.004 -20"><span class='ocrx_word' id='word_1_215' title='bbox 1877 1610 1971 1667; x_wconf 91' lang='lat' dir='ltr'><strong>illo</strong></span> <span class='ocrx_word' id='word_1_216' title='bbox 1994 1610 2386 1677; x_wconf 81' lang='lat' dir='ltr'><strong>dubitaverint,</strong></span> <span class='ocrx_word' id='word_1_217' title='bbox 2433 1628 2519 1681; x_wconf 89' lang='lat' dir='ltr'><strong>ac,</strong></span> <span class='ocrx_word' id='word_1_218' title='bbox 2564 1614 2608 1669; x_wconf 88' lang='lat' dir='ltr'><strong>si</strong></span> <span class='ocrx_word' id='word_1_219' title='bbox 2637 1614 2800 1681; x_wconf 81' lang='lat' dir='ltr'><strong>velis,</strong></span> <span class='ocrx_word' id='word_1_220' title='bbox 2832 1615 3046 1685; x_wconf 87' lang='lat' dir='ltr'><strong>quidam</strong></span> <span class='ocrx_word' id='word_1_221' title='bbox 3087 1631 3212 1673; x_wconf 88' lang='lat' dir='ltr'><strong>eum</strong></span> <span class='ocrx_word' id='word_1_222' title='bbox 3240 1614 3475 1673; x_wconf 80' lang='lat' dir='ltr'><strong>existere</strong></span> 
     </span>
    </p>
   </div>
   <div class='ocr_carea' id='block_1_32' title="bbox 1878 1704 3476 1780">
    <p class='ocr_par' dir='ltr' id='par_1_32' title="bbox 1878 1704 3476 1780">
     <span class='ocr_line' id='line_1_32' title="bbox 1878 1704 3476 1780; baseline 0.001 -21"><span class='ocrx_word' id='word_1_223' title='bbox 1878 1706 2227 1775; x_wconf 86' lang='lat' dir='ltr'><strong>negaverint;</strong></span> <span class='ocrx_word' id='word_1_224' title='bbox 2261 1704 2596 1763; x_wconf 87' lang='lat' dir='ltr'><strong>Christianos</strong></span> <span class='ocrx_word' id='word_1_225' title='bbox 2628 1716 2837 1773; x_wconf 85' lang='lat' dir='ltr'><strong>tamen.</strong></span> <span class='ocrx_word' id='word_1_226' title='bbox 2866 1708 3075 1765; x_wconf 89' lang='lat' dir='ltr'><strong>etiamsi</strong></span> <span class='ocrx_word' id='word_1_227' title='bbox 3119 1721 3381 1780; x_wconf 84' lang='lat' dir='ltr'><strong>pauperes</strong></span> <span class='ocrx_word' id='word_1_228' title='bbox 3419 1716 3476 1761; x_wconf 88' lang='lat' dir='ltr'><strong>et</strong></span> 
     </span>
    </p>
   </div>
   <div class='ocr_carea' id='block_1_33' title="bbox 168 1788 3477 1871">
    <p class='ocr_par' dir='ltr' id='par_1_33' title="bbox 168 1788 3477 1871">
     <span class='ocr_line' id='line_1_33' title="bbox 168 1788 3477 1871; baseline 0.005 -28"><span class='ocrx_word' id='word_1_229' title='bbox 168 1788 305 1854; x_wconf 62' lang='lat'><strong>834,</strong></span> <span class='ocrx_word' id='word_1_230' title='bbox 334 1804 453 1860; x_wconf 87' lang='lat' dir='ltr'><strong>cap.</strong></span> <span class='ocrx_word' id='word_1_231' title='bbox 490 1789 579 1857; x_wconf 83' lang='lat' dir='ltr'><strong>l5,</strong></span> <span class='ocrx_word' id='word_1_232' title='bbox 606 1799 710 1844; x_wconf 88' lang='lat' dir='ltr'><strong>art.</strong></span> <span class='ocrx_word' id='word_1_233' title='bbox 759 1805 808 1852; x_wconf 87' lang='grc' dir='ltr'>ι,</span> <span class='ocrx_word' id='word_1_234' title='bbox 836 1799 890 1847; x_wconf 86' lang='lat' dir='ltr'><strong>et</strong></span> <span class='ocrx_word' id='word_1_235' title='bbox 938 1804 1090 1860; x_wconf 88' lang='lat' dir='ltr'><strong>seqq.</strong></span> <span class='ocrx_word' id='word_1_236' title='bbox 1115 1804 1131 1854; x_wconf 86' lang='lat'><strong>;</strong></span> <span class='ocrx_word' id='word_1_237' title='bbox 1173 1798 1333 1860; x_wconf 85' lang='lat' dir='ltr'><strong>atque</strong></span> <span class='ocrx_word' id='word_1_238' title='bbox 1360 1804 1423 1846; x_wconf 81' lang='lat' dir='ltr'><strong>ex</strong></span> <span class='ocrx_word' id='word_1_239' title='bbox 1457 1790 1522 1843; x_wconf 90' lang='lat' dir='ltr'><strong>iis</strong></span> <span class='ocrx_word' id='word_1_240' title='bbox 1546 1805 1665 1858; x_wconf 80' lang='lat' dir='ltr'><strong>quae</strong></span> <span class='ocrx_word' id='word_1_241' title='bbox 1705 1788 1775 1846; x_wconf 89' lang='lat' dir='ltr'><strong>de</strong></span> <span class='ocrx_word' id='word_1_242' title='bbox 1802 1788 1850 1857; x_wconf 85' lang='grc' dir='ltr'><strong>Β</strong></span> <span class='ocrx_word' id='word_1_243' title='bbox 1880 1798 2214 1863; x_wconf 88' lang='lat' dir='ltr'><strong>lllitteratos,</strong></span> <span class='ocrx_word' id='word_1_244' title='bbox 2251 1800 2492 1870; x_wconf 85' lang='lat' dir='ltr'><strong>potuisse</strong></span> <span class='ocrx_word' id='word_1_245' title='bbox 2521 1800 2589 1856; x_wconf 88' lang='lat' dir='ltr'><strong>de</strong></span> <span class='ocrx_word' id='word_1_246' title='bbox 2614 1801 2731 1871; x_wconf 91' lang='lat' dir='ltr'><strong>ipso</strong></span> <span class='ocrx_word' id='word_1_247' title='bbox 2756 1802 3065 1870; x_wconf 81' lang='lat' dir='ltr'><strong>disputare,</strong></span> <span class='ocrx_word' id='word_1_248' title='bbox 3118 1816 3181 1857; x_wconf 88' lang='lat' dir='ltr'><strong>ac</strong></span> <span class='ocrx_word' id='word_1_249' title='bbox 3206 1800 3340 1858; x_wconf 87' lang='lat' dir='ltr'><strong>certi</strong></span> <span class='ocrx_word' id='word_1_250' title='bbox 3360 1807 3477 1865; x_wconf 84' lang='lat' dir='ltr'><strong>sla-</strong></span> 
     </span>
    </p>
   </div>
   <div class='ocr_carea' id='block_1_34' title="bbox 170 1882 1771 1955">
    <p class='ocr_par' dir='ltr' id='par_1_34' title="bbox 170 1882 1771 1955">
     <span class='ocr_line' id='line_1_34' title="bbox 170 1882 1771 1955; baseline 0.001 -15"><span class='ocrx_word' id='word_1_251' title='bbox 170 1883 405 1942; x_wconf 84' lang='lat' dir='ltr'><strong>Thalete</strong></span> <span class='ocrx_word' id='word_1_252' title='bbox 430 1926 443 1950; x_wconf 94' lang='lat'><strong>,</strong></span> <span class='ocrx_word' id='word_1_253' title='bbox 470 1898 590 1954; x_wconf 88' lang='lat' dir='ltr'><strong>cap.</strong></span> <span class='ocrx_word' id='word_1_254' title='bbox 627 1883 712 1951; x_wconf 87' lang='lat' dir='ltr'><strong>l7,</strong></span> <span class='ocrx_word' id='word_1_255' title='bbox 742 1895 847 1941; x_wconf 81' lang='lat' dir='ltr'><strong>art.</strong></span> <span class='ocrx_word' id='word_1_256' title='bbox 879 1899 928 1951; x_wconf 91' lang='grc' dir='ltr'>ι,</span> <span class='ocrx_word' id='word_1_257' title='bbox 950 1884 1087 1954; x_wconf 63' lang='grc' dir='ltr'><strong>ἶνες.</strong></span> <span class='ocrx_word' id='word_1_258' title='bbox 1119 1882 1251 1941; x_wconf 76' lang='grc'>1121</span> <span class='ocrx_word' id='word_1_259' title='bbox 1279 1900 1293 1947; x_wconf 90' lang='grc'><strong>;</strong></span> <span class='ocrx_word' id='word_1_260' title='bbox 1323 1882 1391 1939; x_wconf 85' lang='lat' dir='ltr'><strong>de</strong></span> <span class='ocrx_word' id='word_1_261' title='bbox 1429 1882 1731 1955; x_wconf 85' lang='lat' dir='ltr'><strong>Pythagora</strong></span> <span class='ocrx_word' id='word_1_262' title='bbox 1754 1925 1771 1952; x_wconf 87' lang='lat'><strong>,</strong></span> 
     </span>
    </p>
   </div>
   <div class='ocr_carea' id='block_1_35' title="bbox 174 1975 1772 2048">
    <p class='ocr_par' dir='ltr' id='par_1_35' title="bbox 174 1975 1772 2048">
     <span class='ocr_line' id='line_1_35' title="bbox 174 1975 1772 2048; baseline 0 -15"><span class='ocrx_word' id='word_1_263' title='bbox 174 1977 380 2033; x_wconf 83' lang='lat' dir='ltr'><strong>ibidem</strong></span> <span class='ocrx_word' id='word_1_264' title='bbox 406 1992 529 2048; x_wconf 86' lang='lat' dir='ltr'><strong>cap.</strong></span> <span class='ocrx_word' id='word_1_265' title='bbox 558 1978 648 2043; x_wconf 82' lang='grc'><strong>17,</strong></span> <span class='ocrx_word' id='word_1_266' title='bbox 681 1987 784 2033; x_wconf 89' lang='lat' dir='ltr'><strong>art.</strong></span> <span class='ocrx_word' id='word_1_267' title='bbox 818 1976 886 2040; x_wconf 59' lang='grc' dir='ltr'>ἐς</span> <span class='ocrx_word' id='word_1_268' title='bbox 917 1976 987 2032; x_wconf 89' lang='lat' dir='ltr'><strong>de</strong></span> <span class='ocrx_word' id='word_1_269' title='bbox 1031 1976 1272 2044; x_wconf 87' lang='lat' dir='ltr'><strong>Platone,</strong></span> <span class='ocrx_word' id='word_1_270' title='bbox 1317 1976 1515 2033; x_wconf 87' lang='lat' dir='ltr'><strong>ibidem</strong></span> <span class='ocrx_word' id='word_1_271' title='bbox 1563 1986 1663 2031; x_wconf 89' lang='lat' dir='ltr'><strong>art.</strong></span> <span class='ocrx_word' id='word_1_272' title='bbox 1696 1975 1731 2033; x_wconf 71' lang='grc'>4</span> <span class='ocrx_word' id='word_1_273' title='bbox 1753 2016 1772 2044; x_wconf 87' lang='grc'><strong>,</strong></span> 
     </span>
    </p>
   </div>
   <div class='ocr_carea' id='block_1_36' title="bbox 169 2069 1774 2142">
    <p class='ocr_par' dir='ltr' id='par_1_36' title="bbox 169 2069 1774 2142">
     <span class='ocr_line' id='line_1_36' title="bbox 169 2069 1774 2142; baseline -0.001 -15"><span class='ocrx_word' id='word_1_274' title='bbox 169 2080 343 2142; x_wconf 84' lang='lat' dir='ltr'><strong>atque</strong></span> <span class='ocrx_word' id='word_1_275' title='bbox 368 2071 813 2142; x_wconf 76' lang='lat' dir='ltr'><strong>philosOphorum</strong></span> <span class='ocrx_word' id='word_1_276' title='bbox 843 2086 908 2126; x_wconf 80' lang='lat' dir='ltr'><strong>es</strong></span> <span class='ocrx_word' id='word_1_277' title='bbox 940 2086 1093 2127; x_wconf 87' lang='lat' dir='ltr'><strong>sacra</strong></span> <span class='ocrx_word' id='word_1_278' title='bbox 1134 2081 1317 2131; x_wconf 83' lang='lat' dir='ltr'><strong>nostra</strong></span> <span class='ocrx_word' id='word_1_279' title='bbox 1359 2069 1635 2141; x_wconf 86' lang='lat' dir='ltr'><strong>Scriptura</strong></span> <span class='ocrx_word' id='word_1_280' title='bbox 1662 2070 1774 2127; x_wconf 83' lang='lat' dir='ltr'><strong>iur-</strong></span> 
     </span>
    </p>
   </div>
   <div class='ocr_carea' id='block_1_37' title="bbox 167 2162 1773 2235">
    <p class='ocr_par' dir='ltr' id='par_1_37' title="bbox 167 2162 1773 2235">
     <span class='ocr_line' id='line_1_37' title="bbox 167 2162 1773 2235; baseline 0.001 -15"><span class='ocrx_word' id='word_1_281' title='bbox 167 2166 245 2221; x_wconf 89' lang='lat' dir='ltr'><strong>tis</strong></span> <span class='ocrx_word' id='word_1_282' title='bbox 272 2175 328 2220; x_wconf 90' lang='lat' dir='ltr'><strong>et</strong></span> <span class='ocrx_word' id='word_1_283' title='bbox 353 2163 771 2235; x_wconf 81' lang='lat' dir='ltr'><strong>expilationibus</strong></span> <span class='ocrx_word' id='word_1_284' title='bbox 793 2206 808 2229; x_wconf 91' lang='lat'><strong>,</strong></span> <span class='ocrx_word' id='word_1_285' title='bbox 852 2178 970 2234; x_wconf 85' lang='lat' dir='ltr'><strong>cap.</strong></span> <span class='ocrx_word' id='word_1_286' title='bbox 998 2162 1087 2231; x_wconf 84' lang='grc'><strong>16,</strong></span> <span class='ocrx_word' id='word_1_287' title='bbox 1117 2173 1219 2218; x_wconf 88' lang='lat' dir='ltr'><strong>art.</strong></span> <span class='ocrx_word' id='word_1_288' title='bbox 1247 2164 1304 2229; x_wconf 67' lang='lat'><strong>2;</strong></span> <span class='ocrx_word' id='word_1_289' title='bbox 1334 2178 1400 2221; x_wconf 88' lang='lat' dir='ltr'><strong>ac</strong></span> <span class='ocrx_word' id='word_1_290' title='bbox 1442 2163 1655 2225; x_wconf 83' lang='lat' dir='ltr'><strong>tandem</strong></span> <span class='ocrx_word' id='word_1_291' title='bbox 1705 2178 1773 2221; x_wconf 74' lang='lat' dir='ltr'><strong>ex</strong></span> 
     </span>
    </p>
   </div>
   <div class='ocr_carea' id='block_1_38' title="bbox 163 2255 1771 2328">
    <p class='ocr_par' dir='ltr' id='par_1_38' title="bbox 163 2255 1771 2328">
     <span class='ocr_line' id='line_1_38' title="bbox 163 2255 1771 2328; baseline 0.001 -17"><span class='ocrx_word' id='word_1_292' title='bbox 163 2257 368 2312; x_wconf 85' lang='lat' dir='ltr'><strong>artium</strong></span> <span class='ocrx_word' id='word_1_293' title='bbox 405 2265 457 2312; x_wconf 93' lang='lat' dir='ltr'><strong>et</strong></span> <span class='ocrx_word' id='word_1_294' title='bbox 481 2257 823 2312; x_wconf 82' lang='lat' dir='ltr'><strong>scientiarum</strong></span> <span class='ocrx_word' id='word_1_295' title='bbox 864 2256 1255 2312; x_wconf 87' lang='lat' dir='ltr'><strong>inventoribus.</strong></span> <span class='ocrx_word' id='word_1_296' title='bbox 1289 2255 1491 2312; x_wconf 84' lang='lat' dir='ltr'><strong>ibidem</strong></span> <span class='ocrx_word' id='word_1_297' title='bbox 1520 2272 1639 2328; x_wconf 85' lang='lat' dir='ltr'><strong>cap.</strong></span> <span class='ocrx_word' id='word_1_298' title='bbox 1667 2256 1771 2325; x_wconf 78' lang='grc'><strong>51,</strong></span> 
     </span>
    </p>
   </div>
   <div class='ocr_carea' id='block_1_39' title="bbox 160 2350 946 2422">
    <p class='ocr_par' dir='ltr' id='par_1_39' title="bbox 160 2350 946 2422">
     <span class='ocr_line' id='line_1_39' title="bbox 160 2350 946 2422; baseline -0.001 -16"><span class='ocrx_word' id='word_1_299' title='bbox 160 2360 272 2406; x_wconf 86' lang='lat' dir='ltr'><strong>art.</strong></span> <span class='ocrx_word' id='word_1_300' title='bbox 305 2367 345 2418; x_wconf 91' lang='grc' dir='ltr'>ι,</span> <span class='ocrx_word' id='word_1_301' title='bbox 371 2365 494 2422; x_wconf 86' lang='lat' dir='ltr'><strong>pag.</strong></span> <span class='ocrx_word' id='word_1_302' title='bbox 528 2350 685 2413; x_wconf 84' lang='grc'>1187,</span> <span class='ocrx_word' id='word_1_303' title='bbox 719 2359 774 2406; x_wconf 91' lang='lat' dir='ltr'><strong>et</strong></span> <span class='ocrx_word' id='word_1_304' title='bbox 792 2365 946 2422; x_wconf 81' lang='lat' dir='ltr'><strong>seqq.</strong></span> 
     </span>
    </p>
   </div>
   <div class='ocr_carea' id='block_1_40' title="bbox 238 2443 1771 2518">
    <p class='ocr_par' dir='ltr' id='par_1_40' title="bbox 238 2443 1771 2518">
     <span class='ocr_line' id='line_1_40' title="bbox 238 2443 1771 2518; baseline 0.001 -19"><span class='ocrx_word' id='word_1_305' title='bbox 238 2444 502 2513; x_wconf 76' lang='lat' dir='ltr'><strong>Quamvis</strong></span> <span class='ocrx_word' id='word_1_306' title='bbox 531 2454 709 2501; x_wconf 84' lang='lat' dir='ltr'><strong>autem</strong></span> <span class='ocrx_word' id='word_1_307' title='bbox 757 2444 873 2500; x_wconf 78' lang='lat' dir='ltr'><strong>haec</strong></span> <span class='ocrx_word' id='word_1_308' title='bbox 898 2443 1113 2501; x_wconf 79' lang='lat' dir='ltr'><strong>Minucii</strong></span> <span class='ocrx_word' id='word_1_309' title='bbox 1161 2444 1463 2518; x_wconf 75' lang='lat' dir='ltr'><strong>responsio,</strong></span> <span class='ocrx_word' id='word_1_310' title='bbox 1512 2461 1631 2515; x_wconf 73' lang='lat' dir='ltr'><strong>qum</strong></span> <span class='ocrx_word' id='word_1_311' title='bbox 1673 2444 1771 2501; x_wconf 78' lang='grc' dir='ltr'><strong>1⁵ιί-</strong></span> 
     </span>
    </p>
   </div>
   <div class='ocr_carea' id='block_1_41' title="bbox 164 2538 1773 2611">
    <p class='ocr_par' dir='ltr' id='par_1_41' title="bbox 164 2538 1773 2611">
     <span class='ocr_line' id='line_1_41' title="bbox 164 2538 1773 2611; baseline 0.002 -17"><span class='ocrx_word' id='word_1_312' title='bbox 164 2540 347 2596; x_wconf 75' lang='lat' dir='ltr'><strong>volam</strong></span> <span class='ocrx_word' id='word_1_313' title='bbox 378 2538 581 2597; x_wconf 64' lang='grc' dir='ltr'><strong>Οωθίιίἰ</strong></span> <span class='ocrx_word' id='word_1_314' title='bbox 609 2541 1128 2611; x_wconf 81' lang='lat' dir='ltr'><strong>argumentationem</strong></span> <span class='ocrx_word' id='word_1_315' title='bbox 1174 2538 1412 2596; x_wconf 77' lang='lat' dir='ltr'><strong>funditus</strong></span> <span class='ocrx_word' id='word_1_316' title='bbox 1447 2541 1676 2605; x_wconf 88' lang='lat' dir='ltr'><strong>evertit,</strong></span> <span class='ocrx_word' id='word_1_317' title='bbox 1718 2550 1773 2597; x_wconf 89' lang='lat' dir='ltr'><strong>et</strong></span> 
     </span>
    </p>
   </div>
   <div class='ocr_carea' id='block_1_42' title="bbox 160 2631 1773 2703">
    <p class='ocr_par' dir='ltr' id='par_1_42' title="bbox 160 2631 1773 2703">
     <span class='ocr_line' id='line_1_42' title="bbox 160 2631 1773 2703; baseline 0.002 -16"><span class='ocrx_word' id='word_1_318' title='bbox 160 2633 265 2703; x_wconf 86' lang='lat' dir='ltr'><strong>ipsi</strong></span> <span class='ocrx_word' id='word_1_319' title='bbox 297 2642 353 2687; x_wconf 89' lang='lat' dir='ltr'><strong>et</strong></span> <span class='ocrx_word' id='word_1_320' title='bbox 395 2632 652 2698; x_wconf 85' lang='lat' dir='ltr'><strong>cuilibet,</strong></span> <span class='ocrx_word' id='word_1_321' title='bbox 683 2632 1026 2701; x_wconf 85' lang='lat' dir='ltr'><strong>quantumvis</strong></span> <span class='ocrx_word' id='word_1_322' title='bbox 1070 2647 1288 2691; x_wconf 86' lang='lat' dir='ltr'><strong>moroso</strong></span> <span class='ocrx_word' id='word_1_323' title='bbox 1324 2631 1562 2695; x_wconf 90' lang='lat' dir='ltr'><strong>homini,</strong></span> <span class='ocrx_word' id='word_1_324' title='bbox 1614 2632 1773 2703; x_wconf 86' lang='lat' dir='ltr'><strong>plene</strong></span> 
     </span>
    </p>
   </div>
   <div class='ocr_carea' id='block_1_43' title="bbox 158 2726 1767 2797">
    <p class='ocr_par' dir='ltr' id='par_1_43' title="bbox 158 2726 1767 2797">
     <span class='ocr_line' id='line_1_43' title="bbox 158 2726 1767 2797; baseline -0.002 -11"><span class='ocrx_word' id='word_1_325' title='bbox 158 2727 486 2786; x_wconf 77' lang='lat' dir='ltr'><strong>satisfacere</strong></span> <span class='ocrx_word' id='word_1_326' title='bbox 546 2727 827 2796; x_wconf 85' lang='lat' dir='ltr'><strong>debuerit;</strong></span> <span class='ocrx_word' id='word_1_327' title='bbox 889 2726 1178 2785; x_wconf 72' lang='lat' dir='ltr'><strong>secundum</strong></span> <span class='ocrx_word' id='word_1_328' title='bbox 1231 2737 1411 2784; x_wconf 84' lang='lat' dir='ltr'><strong>tamen</strong></span> <span class='ocrx_word' id='word_1_329' title='bbox 1468 2728 1517 2783; x_wconf 88' lang='lat' dir='ltr'><strong>ei</strong></span> <span class='ocrx_word' id='word_1_330' title='bbox 1565 2727 1767 2797; x_wconf 86' lang='lat' dir='ltr'><strong>adjicit.</strong></span> 
     </span>
    </p>
   </div>
   <div class='ocr_carea' id='block_1_44' title="bbox 157 2819 1772 2892">
    <p class='ocr_par' dir='ltr' id='par_1_44' title="bbox 157 2819 1772 2892">
     <span class='ocr_line' id='line_1_44' title="bbox 157 2819 1772 2892; baseline -0.002 -14"><span class='ocrx_word' id='word_1_331' title='bbox 157 2822 331 2878; x_wconf 86' lang='lat' dir='ltr'><strong>Plane</strong></span> <span class='ocrx_word' id='word_1_332' title='bbox 361 2820 627 2892; x_wconf 85' lang='lat' dir='ltr'><strong>siquidem</strong></span> <span class='ocrx_word' id='word_1_333' title='bbox 661 2822 979 2892; x_wconf 85' lang='lat' dir='ltr'><strong>penitusque</strong></span> <span class='ocrx_word' id='word_1_334' title='bbox 1018 2829 1274 2892; x_wconf 85' lang='lat' dir='ltr'><strong>pernegat</strong></span> <span class='ocrx_word' id='word_1_335' title='bbox 1320 2819 1460 2877; x_wconf 84' lang='lat' dir='ltr'><strong>tales</strong></span> <span class='ocrx_word' id='word_1_336' title='bbox 1489 2834 1586 2875; x_wconf 87' lang='lat' dir='ltr'><strong>suo</strong></span> <span class='ocrx_word' id='word_1_337' title='bbox 1636 2828 1772 2875; x_wconf 89' lang='lat' dir='ltr'><strong>tem-</strong></span> 
     </span>
    </p>
   </div>
   <div class='ocr_carea' id='block_1_45' title="bbox 157 2910 1769 2985">
    <p class='ocr_par' dir='ltr' id='par_1_45' title="bbox 157 2910 1769 2985">
     <span class='ocr_line' id='line_1_45' title="bbox 157 2910 1769 2985; baseline -0.001 -18"><span class='ocrx_word' id='word_1_338' title='bbox 157 2930 295 2985; x_wconf 84' lang='lat' dir='ltr'><strong>pore</strong></span> <span class='ocrx_word' id='word_1_339' title='bbox 320 2913 663 2971; x_wconf 87' lang='lat' dir='ltr'><strong>Christianos</strong></span> <span class='ocrx_word' id='word_1_340' title='bbox 712 2912 915 2979; x_wconf 80' lang='lat' dir='ltr'><strong>fuisse,</strong></span> <span class='ocrx_word' id='word_1_341' title='bbox 972 2912 1159 2982; x_wconf 82' lang='lat' dir='ltr'><strong>quales</strong></span> <span class='ocrx_word' id='word_1_342' title='bbox 1214 2910 1465 2969; x_wconf 80' lang='lat' dir='ltr'><strong>Caecilius</strong></span> <span class='ocrx_word' id='word_1_343' title='bbox 1512 2920 1618 2967; x_wconf 90' lang='lat' dir='ltr'><strong>tam</strong></span> <span class='ocrx_word' id='word_1_344' title='bbox 1672 2927 1769 2965; x_wconf 86' lang='lat' dir='ltr'><strong>au-</strong></span> 
     </span>
    </p>
   </div>
   <div class='ocr_carea' id='block_1_46' title="bbox 156 3005 1771 3077">
    <p class='ocr_par' dir='ltr' id='par_1_46' title="bbox 156 3005 1771 3077">
     <span class='ocr_line' id='line_1_46' title="bbox 156 3005 1771 3077; baseline -0.002 -12"><span class='ocrx_word' id='word_1_345' title='bbox 156 3010 354 3066; x_wconf 85' lang='lat' dir='ltr'><strong>dacler</strong></span> <span class='ocrx_word' id='word_1_346' title='bbox 410 3010 678 3072; x_wconf 85' lang='lat' dir='ltr'><strong>asseruit,</strong></span> <span class='ocrx_word' id='word_1_347' title='bbox 739 3021 1003 3077; x_wconf 78' lang='lat' dir='ltr'><strong>pauperes</strong></span> <span class='ocrx_word' id='word_1_348' title='bbox 1057 3015 1220 3077; x_wconf 90' lang='lat' dir='ltr'><strong>atque</strong></span> <span class='ocrx_word' id='word_1_349' title='bbox 1272 3005 1469 3069; x_wconf 69' lang='lat' dir='ltr'><strong>intima:</strong></span> <span class='ocrx_word' id='word_1_350' title='bbox 1531 3007 1771 3063; x_wconf 90' lang='lat' dir='ltr'><strong>omnium</strong></span> 
     </span>
    </p>
   </div>
   <div class='ocr_carea' id='block_1_47' title="bbox 158 3099 1770 3169">
    <p class='ocr_par' dir='ltr' id='par_1_47' title="bbox 158 3099 1770 3169">
     <span class='ocr_line' id='line_1_47' title="bbox 158 3099 1770 3169; baseline -0.002 -10"><span class='ocrx_word' id='word_1_351' title='bbox 158 3104 327 3159; x_wconf 85' lang='lat' dir='ltr'><strong>sortis</strong></span> <span class='ocrx_word' id='word_1_352' title='bbox 348 3102 596 3161; x_wconf 80' lang='lat' dir='ltr'><strong>homines</strong></span> <span class='ocrx_word' id='word_1_353' title='bbox 620 3100 863 3157; x_wconf 87' lang='lat' dir='ltr'><strong>indoctos</strong></span> <span class='ocrx_word' id='word_1_354' title='bbox 887 3110 942 3163; x_wconf 86' lang='lat' dir='ltr'><strong>et</strong></span> <span class='ocrx_word' id='word_1_355' title='bbox 970 3100 1292 3167; x_wconf 79' lang='lat' dir='ltr'><strong>illitteratus.</strong></span> <span class='ocrx_word' id='word_1_356' title='bbox 1319 3099 1440 3169; x_wconf 76' lang='lat' dir='ltr'><strong>Non</strong></span> <span class='ocrx_word' id='word_1_357' title='bbox 1465 3104 1607 3159; x_wconf 88' lang='lat' dir='ltr'><strong>enim</strong></span> <span class='ocrx_word' id='word_1_358' title='bbox 1644 3118 1664 3152; x_wconf 80' lang='grc' dir='ltr'><strong>ι</strong></span> <span class='ocrx_word' id='word_1_359' title='bbox 1701 3099 1770 3157; x_wconf 87' lang='lat' dir='ltr'><strong>de</strong></span> 
     </span>
    </p>
   </div>
   <div class='ocr_carea' id='block_1_48' title="bbox 160 3184 1844 3265">
    <p class='ocr_par' dir='ltr' id='par_1_48' title="bbox 160 3184 1844 3265">
     <span class='ocr_line' id='line_1_48' title="bbox 160 3184 1844 3265; baseline 0.001 -15"><span class='ocrx_word' id='word_1_360' title='bbox 160 3195 388 3261; x_wconf 87' lang='lat' dir='ltr'><strong>ultima,</strong></span> <span class='ocrx_word' id='word_1_361' title='bbox 420 3194 624 3262; x_wconf 88' lang='lat' dir='ltr'><strong>inquit,</strong></span> <span class='ocrx_word' id='word_1_362' title='bbox 656 3194 835 3248; x_wconf 86' lang='lat' dir='ltr'><strong>statim</strong></span> <span class='ocrx_word' id='word_1_363' title='bbox 864 3192 1020 3263; x_wconf 87' lang='lat' dir='ltr'><strong>plebe</strong></span> <span class='ocrx_word' id='word_1_364' title='bbox 1046 3194 1420 3259; x_wconf 80' lang='lat' dir='ltr'><strong>consistimus,</strong></span> <span class='ocrx_word' id='word_1_365' title='bbox 1462 3194 1505 3255; x_wconf 89' lang='lat' dir='ltr'><strong>si</strong></span> <span class='ocrx_word' id='word_1_366' title='bbox 1537 3193 1774 3251; x_wconf 84' lang='lat' dir='ltr'><strong>honores</strong></span> 
     </span>
    </p>
   </div>
   <div class='ocr_carea' id='block_1_49' title="bbox 157 3287 1771 3359">
    <p class='ocr_par' dir='ltr' id='par_1_49' title="bbox 157 3287 1771 3359">
     <span class='ocr_line' id='line_1_49' title="bbox 157 3287 1771 3359; baseline 0.002 -20"><span class='ocrx_word' id='word_1_367' title='bbox 157 3296 380 3341; x_wconf 72' lang='lat' dir='ltr'><strong>vestros</strong></span> <span class='ocrx_word' id='word_1_368' title='bbox 428 3292 484 3339; x_wconf 89' lang='lat' dir='ltr'><strong>et</strong></span> <span class='ocrx_word' id='word_1_369' title='bbox 524 3299 785 3355; x_wconf 86' lang='lat' dir='ltr'><strong>purpuras</strong></span> <span class='ocrx_word' id='word_1_370' title='bbox 822 3299 1154 3341; x_wconf 85' lang='lat' dir='ltr'><strong>recusamus.</strong></span> <span class='ocrx_word' id='word_1_371' title='bbox 1195 3303 1214 3336; x_wconf 79' lang='grc' dir='ltr'><strong>ι</strong></span> <span class='ocrx_word' id='word_1_372' title='bbox 1250 3288 1423 3357; x_wconf 84' lang='lat' dir='ltr'><strong>Atque</strong></span> <span class='ocrx_word' id='word_1_373' title='bbox 1480 3287 1595 3342; x_wconf 72' lang='lat' dir='ltr'><strong>hzec</strong></span> <span class='ocrx_word' id='word_1_374' title='bbox 1638 3302 1771 3359; x_wconf 88' lang='lat' dir='ltr'><strong>pro-</strong></span> 
     </span>
    </p>
   </div>
   <div class='ocr_carea' id='block_1_50' title="bbox 162 3376 1772 3449">
    <p class='ocr_par' dir='ltr' id='par_1_50' title="bbox 162 3376 1772 3449">
     <span class='ocr_line' id='line_1_50' title="bbox 162 3376 1772 3449; baseline 0.004 -19"><span class='ocrx_word' id='word_1_375' title='bbox 162 3377 308 3433; x_wconf 83' lang='lat' dir='ltr'><strong>fecto</strong></span> <span class='ocrx_word' id='word_1_376' title='bbox 336 3391 441 3433; x_wconf 89' lang='lat' dir='ltr'><strong>nec</strong></span> <span class='ocrx_word' id='word_1_377' title='bbox 469 3376 619 3448; x_wconf 88' lang='lat' dir='ltr'><strong>plura</strong></span> <span class='ocrx_word' id='word_1_378' title='bbox 648 3376 809 3432; x_wconf 89' lang='lat' dir='ltr'><strong>homo</strong></span> <span class='ocrx_word' id='word_1_379' title='bbox 839 3377 1298 3443; x_wconf 74' lang='lat' dir='ltr'><strong>modestissimus,</strong></span> <span class='ocrx_word' id='word_1_380' title='bbox 1328 3379 1523 3448; x_wconf 81' lang='lat' dir='ltr'><strong>quibus</strong></span> <span class='ocrx_word' id='word_1_381' title='bbox 1552 3380 1602 3434; x_wconf 90' lang='lat' dir='ltr'><strong>id</strong></span> <span class='ocrx_word' id='word_1_382' title='bbox 1629 3380 1772 3449; x_wconf 86' lang='lat' dir='ltr'><strong>quod</strong></span> 
     </span>
    </p>
   </div>
   <div class='ocr_carea' id='block_1_51' title="bbox 160 3469 1774 3543">
    <p class='ocr_par' dir='ltr' id='par_1_51' title="bbox 160 3469 1774 3543">
     <span class='ocr_line' id='line_1_51' title="bbox 160 3469 1774 3543; baseline 0.002 -17"><span class='ocrx_word' id='word_1_383' title='bbox 160 3469 424 3526; x_wconf 70' lang='lat' dir='ltr'><strong>CreciIius</strong></span> <span class='ocrx_word' id='word_1_384' title='bbox 446 3481 650 3531; x_wconf 85' lang='lat' dir='ltr'><strong>temere</strong></span> <span class='ocrx_word' id='word_1_385' title='bbox 670 3469 999 3543; x_wconf 81' lang='lat' dir='ltr'><strong>aflirmabat,</strong></span> <span class='ocrx_word' id='word_1_386' title='bbox 1045 3485 1230 3533; x_wconf 80' lang='lat' dir='ltr'><strong>rerum</strong></span> <span class='ocrx_word' id='word_1_387' title='bbox 1272 3484 1391 3533; x_wconf 79' lang='lat' dir='ltr'><strong>esse</strong></span> <span class='ocrx_word' id='word_1_388' title='bbox 1436 3472 1774 3542; x_wconf 68' lang='lat' dir='ltr'><strong>paucissimis</strong></span> 
     </span>
    </p>
   </div>
   <div class='ocr_carea' id='block_1_52' title="bbox 161 3562 1583 3627">
    <p class='ocr_par' dir='ltr' id='par_1_52' title="bbox 161 3562 1583 3627">
     <span class='ocr_line' id='line_1_52' title="bbox 161 3562 1583 3627; baseline -0.004 -10"><span class='ocrx_word' id='word_1_389' title='bbox 161 3563 350 3619; x_wconf 85' lang='lat' dir='ltr'><strong>verbis</strong></span> <span class='ocrx_word' id='word_1_390' title='bbox 376 3562 666 3621; x_wconf 87' lang='lat' dir='ltr'><strong>inﬁciatur.</strong></span> <span class='ocrx_word' id='word_1_391' title='bbox 1544 3565 1583 3627; x_wconf 56' lang='lat' dir='ltr'><strong>p</strong></span> 
     </span>
    </p>
   </div>
   <div class='ocr_carea' id='block_1_53' title="bbox 234 3652 1771 3726">
    <p class='ocr_par' dir='ltr' id='par_1_53' title="bbox 234 3652 1771 3726">
     <span class='ocr_line' id='line_1_53' title="bbox 234 3652 1771 3726; baseline 0.003 -19"><span class='ocrx_word' id='word_1_392' title='bbox 234 3653 346 3710; x_wconf 85' lang='lat' dir='ltr'><strong>Sed</strong></span> <span class='ocrx_word' id='word_1_393' title='bbox 378 3654 519 3724; x_wconf 89' lang='lat' dir='ltr'><strong>quod</strong></span> <span class='ocrx_word' id='word_1_394' title='bbox 574 3661 716 3709; x_wconf 89' lang='lat' dir='ltr'><strong>tanta</strong></span> <span class='ocrx_word' id='word_1_395' title='bbox 766 3652 1026 3717; x_wconf 83' lang='lat' dir='ltr'><strong>modestia</strong></span> <span class='ocrx_word' id='word_1_396' title='bbox 1081 3662 1240 3725; x_wconf 83' lang='lat' dir='ltr'><strong>negat</strong></span> <span class='ocrx_word' id='word_1_397' title='bbox 1293 3653 1422 3724; x_wconf 80' lang='lat' dir='ltr'><strong>illud</strong></span> <span class='ocrx_word' id='word_1_398' title='bbox 1479 3654 1771 3726; x_wconf 76' lang='lat' dir='ltr'><strong>Origenes,</strong></span> 
     </span>
    </p>
   </div>
   <div class='ocr_carea' id='block_1_54' title="bbox 160 3744 1776 3815">
    <p class='ocr_par' dir='ltr' id='par_1_54' title="bbox 160 3744 1776 3815">
     <span class='ocr_line' id='line_1_54' title="bbox 160 3744 1776 3815; baseline 0.001 -16"><span class='ocrx_word' id='word_1_399' title='bbox 160 3745 259 3800; x_wconf 88' lang='lat' dir='ltr'><strong>ubi</strong></span> <span class='ocrx_word' id='word_1_400' title='bbox 284 3744 449 3799; x_wconf 81' lang='lat' dir='ltr'><strong>Celso</strong></span> <span class='ocrx_word' id='word_1_401' title='bbox 493 3746 812 3815; x_wconf 90' lang='lat' dir='ltr'><strong>respondet,</strong></span> <span class='ocrx_word' id='word_1_402' title='bbox 868 3747 1159 3803; x_wconf 85' lang='lat' dir='ltr'><strong>maximum</strong></span> <span class='ocrx_word' id='word_1_403' title='bbox 1215 3747 1516 3805; x_wconf 86' lang='lat' dir='ltr'><strong>convicium</strong></span> <span class='ocrx_word' id='word_1_404' title='bbox 1572 3758 1625 3803; x_wconf 86' lang='lat' dir='ltr'><strong>et</strong></span> <span class='ocrx_word' id='word_1_405' title='bbox 1677 3749 1776 3802; x_wconf 85' lang='lat' dir='ltr'><strong>itn-</strong></span> 
     </span>
    </p>
   </div>
   <div class='ocr_carea' id='block_1_55' title="bbox 160 3839 1774 3912">
    <p class='ocr_par' dir='ltr' id='par_1_55' title="bbox 160 3839 1774 3912">
     <span class='ocr_line' id='line_1_55' title="bbox 160 3839 1774 3912; baseline 0.002 -20"><span class='ocrx_word' id='word_1_406' title='bbox 160 3839 466 3909; x_wconf 66' lang='lat' dir='ltr'><strong>putlentem</strong></span> <span class='ocrx_word' id='word_1_407' title='bbox 520 3839 840 3893; x_wconf 87' lang='lat' dir='ltr'><strong>calumniam</strong></span> <span class='ocrx_word' id='word_1_408' title='bbox 882 3855 1002 3894; x_wconf 84' lang='lat' dir='ltr'><strong>esse</strong></span> <span class='ocrx_word' id='word_1_409' title='bbox 1045 3840 1217 3908; x_wconf 76' lang='lat' dir='ltr'><strong>palam</strong></span> <span class='ocrx_word' id='word_1_410' title='bbox 1255 3850 1527 3893; x_wconf 82' lang='lat' dir='ltr'><strong>asseverat</strong></span> <span class='ocrx_word' id='word_1_411' title='bbox 1585 3840 1774 3912; x_wconf 82' lang='lat' dir='ltr'><strong>(Orig.</strong></span> 
     </span>
    </p>
   </div>
   <div class='ocr_carea' id='block_1_56' title="bbox 161 3929 1777 4002">
    <p class='ocr_par' dir='ltr' id='par_1_56' title="bbox 161 3929 1777 4002">
     <span class='ocr_line' id='line_1_56' title="bbox 161 3929 1777 4002; baseline 0.001 -19"><span class='ocrx_word' id='word_1_412' title='bbox 161 3930 261 3983; x_wconf 83' lang='lat' dir='ltr'><strong>lib.</strong></span> <span class='ocrx_word' id='word_1_413' title='bbox 288 3945 371 3990; x_wconf 91' lang='grc' dir='ltr'>ιιι,</span> <span class='ocrx_word' id='word_1_414' title='bbox 396 3939 563 3984; x_wconf 83' lang='lat' dir='ltr'><strong>contr.</strong></span> <span class='ocrx_word' id='word_1_415' title='bbox 588 3929 721 3985; x_wconf 84' lang='lat' dir='ltr'><strong>Cels.</strong></span> <span class='ocrx_word' id='word_1_416' title='bbox 750 3946 871 4001; x_wconf 90' lang='lat' dir='ltr'><strong>pag.</strong></span> <span class='ocrx_word' id='word_1_417' title='bbox 895 3931 1017 3995; x_wconf 69' lang='grc' dir='ltr'><strong>ΜΞ,</strong></span> <span class='ocrx_word' id='word_1_418' title='bbox 1051 3939 1097 3984; x_wconf 86' lang='lat' dir='ltr'><strong>et</strong></span> <span class='ocrx_word' id='word_1_419' title='bbox 1117 3929 1413 4002; x_wconf 83' lang='lat' dir='ltr'><strong>seqq.).Nec</strong></span> <span class='ocrx_word' id='word_1_420' title='bbox 1435 3931 1628 3983; x_wconf 90' lang='lat' dir='ltr'><strong>mirum</strong></span> <span class='ocrx_word' id='word_1_421' title='bbox 1659 3933 1777 4000; x_wconf 87' lang='lat' dir='ltr'><strong>qui-</strong></span> 
     </span>
    </p>
   </div>
   <div class='ocr_carea' id='block_1_57' title="bbox 162 4021 1776 4096">
    <p class='ocr_par' dir='ltr' id='par_1_57' title="bbox 162 4021 1776 4096">
     <span class='ocr_line' id='line_1_57' title="bbox 162 4021 1776 4096; baseline 0.002 -19"><span class='ocrx_word' id='word_1_422' title='bbox 162 4022 322 4077; x_wconf 82' lang='lat' dir='ltr'><strong>dem.</strong></span> <span class='ocrx_word' id='word_1_423' title='bbox 345 4021 480 4077; x_wconf 67' lang='lat' dir='ltr'><strong>Nam</strong></span> <span class='ocrx_word' id='word_1_424' title='bbox 514 4023 874 4093; x_wconf 70' lang='lat' dir='ltr'><strong>Tertulliatius</strong></span> <span class='ocrx_word' id='word_1_425' title='bbox 914 4023 1142 4085; x_wconf 75' lang='lat' dir='ltr'><strong>Minucio</strong></span> <span class='ocrx_word' id='word_1_426' title='bbox 1173 4026 1331 4095; x_wconf 85' lang='lat' dir='ltr'><strong>paulo</strong></span> <span class='ocrx_word' id='word_1_427' title='bbox 1357 4025 1628 4096; x_wconf 88' lang='lat' dir='ltr'><strong>antiquior</strong></span> <span class='ocrx_word' id='word_1_428' title='bbox 1648 4068 1661 4087; x_wconf 90' lang='lat'><strong>,</strong></span> <span class='ocrx_word' id='word_1_429' title='bbox 1709 4026 1776 4081; x_wconf 90' lang='lat' dir='ltr'><strong>de</strong></span> 
     </span>
    </p>
   </div>
   <div class='ocr_carea' id='block_1_58' title="bbox 160 4118 1778 4187">
    <p class='ocr_par' dir='ltr' id='par_1_58' title="bbox 160 4118 1778 4187">
     <span class='ocr_line' id='line_1_58' title="bbox 160 4118 1778 4187; baseline 0.004 -16"><span class='ocrx_word' id='word_1_430' title='bbox 160 4132 249 4182; x_wconf 89' lang='lat' dir='ltr'><strong>se,</strong></span> <span class='ocrx_word' id='word_1_431' title='bbox 278 4118 635 4187; x_wconf 88' lang='lat' dir='ltr'><strong>omnibusque</strong></span> <span class='ocrx_word' id='word_1_432' title='bbox 662 4121 835 4173; x_wconf 77' lang='lat' dir='ltr'><strong>aetatis</strong></span> <span class='ocrx_word' id='word_1_433' title='bbox 861 4134 974 4174; x_wconf 71' lang='lat' dir='ltr'><strong>suae</strong></span> <span class='ocrx_word' id='word_1_434' title='bbox 1001 4118 1322 4174; x_wconf 82' lang='lat' dir='ltr'><strong>Christianis</strong></span> <span class='ocrx_word' id='word_1_435' title='bbox 1355 4121 1471 4175; x_wconf 68' lang='lat' dir='ltr'><strong>haec</strong></span> <span class='ocrx_word' id='word_1_436' title='bbox 1499 4125 1778 4178; x_wconf 75' lang='lat' dir='ltr'><strong>memoria:</strong></span> 
     </span>
    </p>
   </div>
   <div class='ocr_carea' id='block_1_59' title="bbox 162 4208 1776 4286">
    <p class='ocr_par' dir='ltr' id='par_1_59' title="bbox 162 4208 1776 4286">
     <span class='ocr_line' id='line_1_59' title="bbox 162 4208 1776 4286; baseline 0.006 -23"><span class='ocrx_word' id='word_1_437' title='bbox 162 4208 454 4280; x_wconf 88' lang='lat' dir='ltr'><strong>prodidit:</strong></span> <span class='ocrx_word' id='word_1_438' title='bbox 502 4229 521 4262; x_wconf 71' lang='grc' dir='ltr'><strong>ι</strong></span> <span class='ocrx_word' id='word_1_439' title='bbox 559 4209 806 4267; x_wconf 80' lang='lat' dir='ltr'><strong>Hesterni</strong></span> <span class='ocrx_word' id='word_1_440' title='bbox 836 4227 1052 4277; x_wconf 84' lang='lat' dir='ltr'><strong>sumus,</strong></span> <span class='ocrx_word' id='word_1_441' title='bbox 1083 4223 1135 4267; x_wconf 84' lang='lat' dir='ltr'><strong>et</strong></span> <span class='ocrx_word' id='word_1_442' title='bbox 1163 4224 1337 4269; x_wconf 86' lang='lat' dir='ltr'><strong>vestra</strong></span> <span class='ocrx_word' id='word_1_443' title='bbox 1370 4215 1548 4269; x_wconf 88' lang='lat' dir='ltr'><strong>omnia</strong></span> <span class='ocrx_word' id='word_1_444' title='bbox 1581 4216 1776 4286; x_wconf 85' lang='lat' dir='ltr'><strong>imple-</strong></span> 
     </span>
    </p>
   </div>
   <div class='ocr_carea' id='block_1_60' title="bbox 165 4304 1777 4377">
    <p class='ocr_par' dir='ltr' id='par_1_60' title="bbox 165 4304 1777 4377">
     <span class='ocr_line' id='line_1_60' title="bbox 165 4304 1777 4377; baseline 0.004 -19"><span class='ocrx_word' id='word_1_445' title='bbox 165 4304 387 4369; x_wconf 84' lang='lat' dir='ltr'><strong>vimus,</strong></span> <span class='ocrx_word' id='word_1_446' title='bbox 434 4305 623 4366; x_wconf 87' lang='lat' dir='ltr'><strong>urbes.</strong></span> <span class='ocrx_word' id='word_1_447' title='bbox 672 4304 908 4373; x_wconf 78' lang='lat' dir='ltr'><strong>insulas,</strong></span> <span class='ocrx_word' id='word_1_448' title='bbox 942 4305 1193 4371; x_wconf 84' lang='lat' dir='ltr'><strong>castella,</strong></span> <span class='ocrx_word' id='word_1_449' title='bbox 1240 4307 1565 4377; x_wconf 89' lang='lat' dir='ltr'><strong>municipia,</strong></span> <span class='ocrx_word' id='word_1_450' title='bbox 1595 4310 1777 4365; x_wconf 89' lang='lat' dir='ltr'><strong>conci-</strong></span> 
     </span>
    </p>
   </div>
   <div class='ocr_carea' id='block_1_61' title="bbox 162 4395 1775 4470">
    <p class='ocr_par' dir='ltr' id='par_1_61' title="bbox 162 4395 1775 4470">
     <span class='ocr_line' id='line_1_61' title="bbox 162 4395 1775 4470; baseline 0.004 -19"><span class='ocrx_word' id='word_1_451' title='bbox 162 4395 408 4459; x_wconf 84' lang='lat' dir='ltr'><strong>liabula,</strong></span> <span class='ocrx_word' id='word_1_452' title='bbox 456 4406 628 4450; x_wconf 86' lang='lat' dir='ltr'><strong>castra</strong></span> <span class='ocrx_word' id='word_1_453' title='bbox 680 4397 829 4467; x_wconf 89' lang='lat' dir='ltr'><strong>ipsa,</strong></span> <span class='ocrx_word' id='word_1_454' title='bbox 888 4397 1092 4463; x_wconf 90' lang='lat' dir='ltr'><strong>tribus,</strong></span> <span class='ocrx_word' id='word_1_455' title='bbox 1150 4398 1428 4464; x_wconf 87' lang='lat' dir='ltr'><strong>decurias,</strong></span> <span class='ocrx_word' id='word_1_456' title='bbox 1484 4402 1775 4470; x_wconf 86' lang='lat' dir='ltr'><strong>palatium,</strong></span> 
     </span>
    </p>
   </div>
   <div class='ocr_carea' id='block_1_62' title="bbox 159 4488 1777 4564">
    <p class='ocr_par' dir='ltr' id='par_1_62' title="bbox 159 4488 1777 4564">
     <span class='ocr_line' id='line_1_62' title="bbox 159 4488 1777 4564; baseline 0.001 -16"><span class='ocrx_word' id='word_1_457' title='bbox 159 4502 460 4558; x_wconf 86' lang='lat' dir='ltr'><strong>senatum,</strong></span> <span class='ocrx_word' id='word_1_458' title='bbox 532 4488 704 4559; x_wconf 71' lang='lat' dir='ltr'><strong>forum</strong></span> <span class='ocrx_word' id='word_1_459' title='bbox 758 4510 771 4546; x_wconf 88' lang='lat'><strong>:</strong></span> <span class='ocrx_word' id='word_1_460' title='bbox 825 4492 938 4547; x_wconf 83' lang='lat' dir='ltr'><strong>sola</strong></span> <span class='ocrx_word' id='word_1_461' title='bbox 988 4492 1140 4546; x_wconf 78' lang='lat' dir='ltr'><strong>vobis</strong></span> <span class='ocrx_word' id='word_1_462' title='bbox 1182 4493 1535 4564; x_wconf 86' lang='lat' dir='ltr'><strong>relinquimus</strong></span> <span class='ocrx_word' id='word_1_463' title='bbox 1579 4496 1777 4564; x_wconf 88' lang='lat' dir='ltr'><strong>templa</strong></span> 
     </span>
    </p>
   </div>
   <div class='ocr_carea' id='block_1_63' title="bbox 1879 1892 3139 1965">
    <p class='ocr_par' dir='ltr' id='par_1_63' title="bbox 1879 1892 3139 1965">
     <span class='ocr_line' id='line_1_63' title="bbox 1879 1892 3139 1965; baseline 0.002 -20"><span class='ocrx_word' id='word_1_464' title='bbox 1879 1900 2029 1948; x_wconf 87' lang='lat' dir='ltr'><strong>tuere</strong></span> <span class='ocrx_word' id='word_1_465' title='bbox 2054 1892 2275 1963; x_wconf 88' lang='lat' dir='ltr'><strong>aliquid,</strong></span> <span class='ocrx_word' id='word_1_466' title='bbox 2308 1909 2597 1965; x_wconf 74' lang='lat' dir='ltr'><strong>veramque</strong></span> <span class='ocrx_word' id='word_1_467' title='bbox 2628 1893 2768 1951; x_wconf 78' lang='lat' dir='ltr'><strong>ferre</strong></span> <span class='ocrx_word' id='word_1_468' title='bbox 2795 1896 3139 1951; x_wconf 84' lang='lat' dir='ltr'><strong>sententiam.</strong></span> 
     </span>
    </p>
   </div>
   <div class='ocr_carea' id='block_1_64' title="bbox 1947 1984 3474 2058">
    <p class='ocr_par' dir='ltr' id='par_1_64' title="bbox 1947 1984 3474 2058">
     <span class='ocr_line' id='line_1_64' title="bbox 1947 1984 3474 2058; baseline 0.002 -18"><span class='ocrx_word' id='word_1_469' title='bbox 1947 1984 2169 2042; x_wconf 83' lang='lat' dir='ltr'><strong>Frustra</strong></span> <span class='ocrx_word' id='word_1_470' title='bbox 2222 2000 2353 2058; x_wconf 86' lang='lat' dir='ltr'><strong>ergo</strong></span> <span class='ocrx_word' id='word_1_471' title='bbox 2406 1986 2657 2043; x_wconf 80' lang='lat' dir='ltr'><strong>Caecilius</strong></span> <span class='ocrx_word' id='word_1_472' title='bbox 2704 2002 2799 2044; x_wconf 85' lang='lat' dir='ltr'><strong>eos</strong></span> <span class='ocrx_word' id='word_1_473' title='bbox 2852 1987 2955 2043; x_wconf 88' lang='lat' dir='ltr'><strong>sub</strong></span> <span class='ocrx_word' id='word_1_474' title='bbox 3002 1988 3262 2045; x_wconf 85' lang='lat' dir='ltr'><strong>orationis</strong></span> <span class='ocrx_word' id='word_1_475' title='bbox 3312 1986 3474 2043; x_wconf 85' lang='lat' dir='ltr'><strong>linem</strong></span> 
     </span>
    </p>
   </div>
   <div class='ocr_carea' id='block_1_65' title="bbox 1877 2077 3478 2151">
    <p class='ocr_par' dir='ltr' id='par_1_65' title="bbox 1877 2077 3478 2151">
     <span class='ocr_line' id='line_1_65' title="bbox 1877 2077 3478 2151; baseline 0.002 -18"><span class='ocrx_word' id='word_1_476' title='bbox 1877 2077 2140 2145; x_wconf 82' lang='lat' dir='ltr'><strong>hortatur,</strong></span> <span class='ocrx_word' id='word_1_477' title='bbox 2194 2078 2447 2134; x_wconf 80' lang='lat' dir='ltr'><strong>desinant</strong></span> <span class='ocrx_word' id='word_1_478' title='bbox 2480 2096 2500 2133; x_wconf 86' lang='grc' dir='ltr'><strong>ι</strong></span> <span class='ocrx_word' id='word_1_479' title='bbox 2534 2082 2656 2135; x_wconf 72' lang='grc' dir='ltr'><strong>οωιί</strong></span> <span class='ocrx_word' id='word_1_480' title='bbox 2690 2077 2906 2151; x_wconf 86' lang='lat' dir='ltr'><strong>plagas,</strong></span> <span class='ocrx_word' id='word_1_481' title='bbox 2955 2087 3011 2134; x_wconf 89' lang='lat' dir='ltr'><strong>et</strong></span> <span class='ocrx_word' id='word_1_482' title='bbox 3056 2078 3239 2135; x_wconf 88' lang='lat' dir='ltr'><strong>mundi</strong></span> <span class='ocrx_word' id='word_1_483' title='bbox 3287 2077 3391 2137; x_wconf 79' lang='lat' dir='ltr'><strong>ista</strong></span> <span class='ocrx_word' id='word_1_484' title='bbox 3422 2086 3478 2137; x_wconf 78' lang='lat' dir='ltr'><strong>et</strong></span> 
     </span>
    </p>
   </div>
   <div class='ocr_carea' id='block_1_66' title="bbox 1876 2170 3475 2244">
    <p class='ocr_par' dir='ltr' id='par_1_66' title="bbox 1876 2170 3475 2244">
     <span class='ocr_line' id='line_1_66' title="bbox 1876 2170 3475 2244; baseline 0.004 -19"><span class='ocrx_word' id='word_1_485' title='bbox 1876 2182 2084 2228; x_wconf 88' lang='lat' dir='ltr'><strong>secreta</strong></span> <span class='ocrx_word' id='word_1_486' title='bbox 2116 2173 2320 2228; x_wconf 88' lang='lat' dir='ltr'><strong>rimari.</strong></span> <span class='ocrx_word' id='word_1_487' title='bbox 2357 2172 2503 2231; x_wconf 85' lang='lat' dir='ltr'><strong>Satis</strong></span> <span class='ocrx_word' id='word_1_488' title='bbox 2527 2172 2671 2227; x_wconf 89' lang='lat' dir='ltr'><strong>enim</strong></span> <span class='ocrx_word' id='word_1_489' title='bbox 2703 2182 2789 2228; x_wconf 83' lang='lat' dir='ltr'><strong>est</strong></span> <span class='ocrx_word' id='word_1_490' title='bbox 2810 2187 2907 2241; x_wconf 92' lang='lat' dir='ltr'><strong>pro</strong></span> <span class='ocrx_word' id='word_1_491' title='bbox 2937 2170 3166 2244; x_wconf 79' lang='lat' dir='ltr'><strong>pedibus</strong></span> <span class='ocrx_word' id='word_1_492' title='bbox 3211 2170 3475 2240; x_wconf 76' lang='lat' dir='ltr'><strong>aspicere,</strong></span> 
     </span>
    </p>
   </div>
   <div class='ocr_carea' id='block_1_67' title="bbox 1876 2263 3477 2343">
    <p class='ocr_par' dir='ltr' id='par_1_67' title="bbox 1876 2263 3477 2343">
     <span class='ocr_line' id='line_1_67' title="bbox 1876 2263 3477 2343; baseline 0.002 -24"><span class='ocrx_word' id='word_1_493' title='bbox 1876 2266 2111 2320; x_wconf 77' lang='lat' dir='ltr'><strong>maxime</strong></span> <span class='ocrx_word' id='word_1_494' title='bbox 2155 2265 2407 2330; x_wconf 84' lang='lat' dir='ltr'><strong>indoctis,</strong></span> <span class='ocrx_word' id='word_1_495' title='bbox 2458 2265 2716 2335; x_wconf 88' lang='lat' dir='ltr'><strong>impolitis</strong></span> <span class='ocrx_word' id='word_1_496' title='bbox 2753 2274 2807 2321; x_wconf 90' lang='lat' dir='ltr'><strong>et</strong></span> <span class='ocrx_word' id='word_1_497' title='bbox 2836 2264 3078 2343; x_wconf 84' lang='lat' dir='ltr'><strong>rudibus.</strong></span> <span class='ocrx_word' id='word_1_498' title='bbox 3119 2282 3140 2315; x_wconf 75' lang='grc' dir='ltr'><strong>ι</strong></span> <span class='ocrx_word' id='word_1_499' title='bbox 3174 2263 3326 2331; x_wconf 59' lang='lat' dir='ltr'><strong>(land</strong></span> <span class='ocrx_word' id='word_1_500' title='bbox 3355 2263 3477 2334; x_wconf 81' lang='lat' dir='ltr'><strong>qui—</strong></span> 
     </span>
    </p>
   </div>
   <div class='ocr_carea' id='block_1_68' title="bbox 1875 2354 3477 2428">
    <p class='ocr_par' dir='ltr' id='par_1_68' title="bbox 1875 2354 3477 2428">
     <span class='ocr_line' id='line_1_68' title="bbox 1875 2354 3477 2428; baseline -0.001 -16"><span class='ocrx_word' id='word_1_501' title='bbox 1875 2354 2001 2413; x_wconf 90' lang='lat' dir='ltr'><strong>dem</strong></span> <span class='ocrx_word' id='word_1_502' title='bbox 2047 2372 2114 2413; x_wconf 82' lang='lat' dir='ltr'><strong>ex</strong></span> <span class='ocrx_word' id='word_1_503' title='bbox 2162 2357 2502 2423; x_wconf 86' lang='lat' dir='ltr'><strong>Democrito,</strong></span> <span class='ocrx_word' id='word_1_504' title='bbox 2559 2357 2714 2427; x_wconf 83' lang='lat' dir='ltr'><strong>cujus</strong></span> <span class='ocrx_word' id='word_1_505' title='bbox 2765 2357 2911 2413; x_wconf 83' lang='lat' dir='ltr'><strong>fonte</strong></span> <span class='ocrx_word' id='word_1_506' title='bbox 2938 2358 3205 2428; x_wconf 81' lang='lat' dir='ltr'><strong>Epicurus</strong></span> <span class='ocrx_word' id='word_1_507' title='bbox 3234 2355 3477 2417; x_wconf 83' lang='lat' dir='ltr'><strong>hortulos</strong></span> 
     </span>
    </p>
   </div>
   <div class='ocr_carea' id='block_1_69' title="bbox 1875 2447 3474 2521">
    <p class='ocr_par' dir='ltr' id='par_1_69' title="bbox 1875 2447 3474 2521">
     <span class='ocr_line' id='line_1_69' title="bbox 1875 2447 3474 2521; baseline -0.003 -16"><span class='ocrx_word' id='word_1_508' title='bbox 1875 2463 2003 2505; x_wconf 89' lang='lat' dir='ltr'><strong>suos</strong></span> <span class='ocrx_word' id='word_1_509' title='bbox 2044 2450 2197 2506; x_wconf 82' lang='lat' dir='ltr'><strong>vanis</strong></span> <span class='ocrx_word' id='word_1_510' title='bbox 2245 2449 2502 2520; x_wconf 72' lang='lat' dir='ltr'><strong>falsisque</strong></span> <span class='ocrx_word' id='word_1_511' title='bbox 2544 2450 2887 2521; x_wconf 85' lang='lat' dir='ltr'><strong>opinionibus</strong></span> <span class='ocrx_word' id='word_1_512' title='bbox 2942 2448 3168 2520; x_wconf 86' lang='lat' dir='ltr'><strong>rigavit,</strong></span> <span class='ocrx_word' id='word_1_513' title='bbox 3222 2447 3474 2513; x_wconf 76' lang='lat' dir='ltr'><strong>haustum</strong></span> 
     </span>
    </p>
   </div>
   <div class='ocr_carea' id='block_1_70' title="bbox 1876 2542 3475 2607">
    <p class='ocr_par' dir='ltr' id='par_1_70' title="bbox 1876 2542 3475 2607">
     <span class='ocr_line' id='line_1_70' title="bbox 1876 2542 3475 2607; baseline 0.001 -10"><span class='ocrx_word' id='word_1_514' title='bbox 1876 2542 2065 2607; x_wconf 68' lang='lat' dir='ltr'><strong>fuisse,</strong></span> <span class='ocrx_word' id='word_1_515' title='bbox 2121 2543 2279 2598; x_wconf 89' lang='lat' dir='ltr'><strong>docet</strong></span> <span class='ocrx_word' id='word_1_516' title='bbox 2323 2543 2406 2601; x_wconf 86' lang='lat' dir='ltr'><strong>his</strong></span> <span class='ocrx_word' id='word_1_517' title='bbox 2455 2544 2635 2601; x_wconf 81' lang='lat' dir='ltr'><strong>verbis</strong></span> <span class='ocrx_word' id='word_1_518' title='bbox 2662 2543 2890 2599; x_wconf 86' lang='lat' dir='ltr'><strong>Cicero:</strong></span> <span class='ocrx_word' id='word_1_519' title='bbox 2928 2562 2947 2595; x_wconf 78' lang='grc' dir='ltr'><strong>ι</strong></span> <span class='ocrx_word' id='word_1_520' title='bbox 2989 2543 3322 2605; x_wconf 84' lang='lat' dir='ltr'><strong>Democritus</strong></span> <span class='ocrx_word' id='word_1_521' title='bbox 3368 2556 3475 2599; x_wconf 87' lang='lat' dir='ltr'><strong>non</strong></span> 
     </span>
    </p>
   </div>
   <div class='ocr_carea' id='block_1_71' title="bbox 1876 2632 3479 2711">
    <p class='ocr_par' dir='ltr' id='par_1_71' title="bbox 1876 2632 3479 2711">
     <span class='ocr_line' id='line_1_71' title="bbox 1876 2632 3479 2711; baseline -0.001 -20"><span class='ocrx_word' id='word_1_522' title='bbox 1876 2635 2066 2691; x_wconf 90' lang='lat' dir='ltr'><strong>inscite</strong></span> <span class='ocrx_word' id='word_1_523' title='bbox 2122 2644 2381 2705; x_wconf 84' lang='lat' dir='ltr'><strong>nugatur,</strong></span> <span class='ocrx_word' id='word_1_524' title='bbox 2439 2647 2499 2693; x_wconf 90' lang='lat' dir='ltr'><strong>ut</strong></span> <span class='ocrx_word' id='word_1_525' title='bbox 2550 2636 2838 2711; x_wconf 82' lang='lat' dir='ltr'><strong>physicus,</strong></span> <span class='ocrx_word' id='word_1_526' title='bbox 2909 2650 3016 2705; x_wconf 87' lang='lat' dir='ltr'><strong>quo</strong></span> <span class='ocrx_word' id='word_1_527' title='bbox 3089 2649 3288 2705; x_wconf 81' lang='lat' dir='ltr'><strong>genere</strong></span> <span class='ocrx_word' id='word_1_528' title='bbox 3343 2632 3479 2689; x_wconf 90' lang='lat' dir='ltr'><strong>nihil</strong></span> 
     </span>
    </p>
   </div>
   <div class='ocr_carea' id='block_1_72' title="bbox 1875 2725 3476 2799">
    <p class='ocr_par' dir='ltr' id='par_1_72' title="bbox 1875 2725 3476 2799">
     <span class='ocr_line' id='line_1_72' title="bbox 1875 2725 3476 2799; baseline 0 -17"><span class='ocrx_word' id='word_1_529' title='bbox 1875 2727 2217 2799; x_wconf 85' lang='lat' dir='ltr'><strong>arrogantius</strong></span> <span class='ocrx_word' id='word_1_530' title='bbox 2247 2745 2261 2783; x_wconf 91' lang='lat'><strong>:</strong></span> <span class='ocrx_word' id='word_1_531' title='bbox 2299 2727 2483 2795; x_wconf 71' lang='lat' dir='ltr'><strong>«Quod</strong></span> <span class='ocrx_word' id='word_1_532' title='bbox 2512 2737 2636 2785; x_wconf 86' lang='lat' dir='ltr'><strong>ante</strong></span> <span class='ocrx_word' id='word_1_533' title='bbox 2670 2728 2857 2798; x_wconf 81' lang='lat' dir='ltr'><strong>pedes,</strong></span> <span class='ocrx_word' id='word_1_534' title='bbox 2888 2741 3048 2784; x_wconf 88' lang='lat' dir='ltr'><strong>nemo</strong></span> <span class='ocrx_word' id='word_1_535' title='bbox 3076 2733 3318 2797; x_wconf 78' lang='lat' dir='ltr'><strong>spectat;</strong></span> <span class='ocrx_word' id='word_1_536' title='bbox 3351 2725 3476 2782; x_wconf 74' lang='lat' dir='ltr'><strong>cmli</strong></span> 
     </span>
    </p>
   </div>
   <div class='ocr_carea' id='block_1_73' title="bbox 1875 2817 3467 2891">
    <p class='ocr_par' dir='ltr' id='par_1_73' title="bbox 1875 2817 3467 2891">
     <span class='ocr_line' id='line_1_73' title="bbox 1875 2817 3467 2891; baseline -0.001 -16"><span class='ocrx_word' id='word_1_537' title='bbox 1875 2831 2143 2876; x_wconf 85' lang='lat' dir='ltr'><strong>scrutatur</strong></span> <span class='ocrx_word' id='word_1_538' title='bbox 2183 2820 2384 2891; x_wconf 79' lang='lat' dir='ltr'><strong>plagas.</strong></span> <span class='ocrx_word' id='word_1_539' title='bbox 2419 2840 2439 2873; x_wconf 76' lang='grc' dir='ltr'><strong>ι</strong></span> <span class='ocrx_word' id='word_1_540' title='bbox 2491 2820 2510 2891; x_wconf 83' lang='lat'><strong>(</strong></span> <span class='ocrx_word' id='word_1_541' title='bbox 2541 2818 2675 2888; x_wconf 64' lang='lat' dir='ltr'><strong>Cia,</strong></span> <span class='ocrx_word' id='word_1_542' title='bbox 2705 2822 2798 2877; x_wconf 63' lang='lat' dir='ltr'><strong>tib.</strong></span> <span class='ocrx_word' id='word_1_543' title='bbox 2828 2836 2864 2875; x_wconf 93' lang='grc' dir='ltr'><strong>ιι</strong></span> <span class='ocrx_word' id='word_1_544' title='bbox 2895 2820 2958 2877; x_wconf 77' lang='lat' dir='ltr'><strong>de</strong></span> <span class='ocrx_word' id='word_1_545' title='bbox 2981 2818 3211 2875; x_wconf 76' lang='lat' dir='ltr'><strong>Divinat.</strong></span> <span class='ocrx_word' id='word_1_546' title='bbox 3252 2838 3307 2890; x_wconf 86' lang='lat' dir='ltr'><strong>p.</strong></span> <span class='ocrx_word' id='word_1_547' title='bbox 3333 2817 3467 2887; x_wconf 70' lang='lat'><strong>282,</strong></span> 
     </span>
    </p>
   </div>
   <div class='ocr_carea' id='block_1_74' title="bbox 1876 2910 3478 2985">
    <p class='ocr_par' dir='ltr' id='par_1_74' title="bbox 1876 2910 3478 2985">
     <span class='ocr_line' id='line_1_74' title="bbox 1876 2910 3478 2985; baseline 0.001 -17"><span class='ocrx_word' id='word_1_548' title='bbox 1876 2913 1969 2968; x_wconf 85' lang='lat' dir='ltr'><strong>lin.</strong></span> <span class='ocrx_word' id='word_1_549' title='bbox 2003 2913 2122 2983; x_wconf 77' lang='lat'><strong>50.)</strong></span> <span class='ocrx_word' id='word_1_550' title='bbox 2165 2912 2299 2969; x_wconf 75' lang='lat' dir='ltr'><strong>Nam</strong></span> <span class='ocrx_word' id='word_1_551' title='bbox 2328 2915 2429 2970; x_wconf 85' lang='lat' dir='ltr'><strong>hoc</strong></span> <span class='ocrx_word' id='word_1_552' title='bbox 2456 2913 2672 2985; x_wconf 80' lang='lat' dir='ltr'><strong>superbi</strong></span> <span class='ocrx_word' id='word_1_553' title='bbox 2715 2913 2981 2976; x_wconf 85' lang='lat' dir='ltr'><strong>hominis,</strong></span> <span class='ocrx_word' id='word_1_554' title='bbox 3031 2911 3225 2967; x_wconf 87' lang='lat' dir='ltr'><strong>litteris</strong></span> <span class='ocrx_word' id='word_1_555' title='bbox 3265 2920 3321 2973; x_wconf 82' lang='lat' dir='ltr'><strong>et</strong></span> <span class='ocrx_word' id='word_1_556' title='bbox 3365 2910 3478 2971; x_wconf 85' lang='lat' dir='ltr'><strong>otio</strong></span> 
     </span>
    </p>
   </div>
   <div class='ocr_carea' id='block_1_75' title="bbox 1875 3002 3482 3076">
    <p class='ocr_par' dir='ltr' id='par_1_75' title="bbox 1875 3002 3482 3076">
     <span class='ocr_line' id='line_1_75' title="bbox 1875 3002 3482 3076; baseline 0 -15"><span class='ocrx_word' id='word_1_557' title='bbox 1875 3005 2298 3075; x_wconf 83' lang='lat' dir='ltr'><strong>intemperanter</strong></span> <span class='ocrx_word' id='word_1_558' title='bbox 2341 3007 2638 3072; x_wconf 77' lang='lat' dir='ltr'><strong>abutentis,</strong></span> <span class='ocrx_word' id='word_1_559' title='bbox 2678 3012 3059 3076; x_wconf 87' lang='lat' dir='ltr'><strong>argumentum</strong></span> <span class='ocrx_word' id='word_1_560' title='bbox 3100 3018 3170 3061; x_wconf 77' lang='lat' dir='ltr'><strong>ex</strong></span> <span class='ocrx_word' id='word_1_561' title='bbox 3216 3002 3482 3063; x_wconf 80' lang='lat' dir='ltr'><strong>hactenus</strong></span> 
     </span>
    </p>
   </div>
   <div class='ocr_carea' id='block_1_76' title="bbox 1875 3097 2690 3172">
    <p class='ocr_par' dir='ltr' id='par_1_76' title="bbox 1875 3097 2690 3172">
     <span class='ocr_line' id='line_1_76' title="bbox 1875 3097 2690 3172; baseline -0.002 -16"><span class='ocrx_word' id='word_1_562' title='bbox 1875 3097 2033 3156; x_wconf 86' lang='lat' dir='ltr'><strong>dictis</strong></span> <span class='ocrx_word' id='word_1_563' title='bbox 2057 3114 2279 3172; x_wconf 87' lang='lat' dir='ltr'><strong>prorsus</strong></span> <span class='ocrx_word' id='word_1_564' title='bbox 2310 3114 2560 3163; x_wconf 81' lang='lat' dir='ltr'><strong>eversum</strong></span> <span class='ocrx_word' id='word_1_565' title='bbox 2587 3109 2690 3157; x_wconf 90' lang='lat' dir='ltr'><strong>est.</strong></span> 
     </span>
    </p>
   </div>
   <div class='ocr_carea' id='block_1_77' title="bbox 2486 3298 2877 3351">
    <p class='ocr_par' dir='ltr' id='par_1_77' title="bbox 2486 3298 2877 3351">
     <span class='ocr_line' id='line_1_77' title="bbox 2486 3298 2877 3351; baseline -0.005 -10"><span class='ocrx_word' id='word_1_566' title='bbox 2486 3298 2779 3351; x_wconf 71' lang='grc' dir='ltr'><strong>Αιιτιευιῐῖε</strong></span> <span class='ocrx_word' id='word_1_567' title='bbox 2819 3301 2877 3341; x_wconf 83' lang='grc' dir='ltr'><strong>ΙΙ.</strong></span> 
     </span>
    </p>
   </div>
   <div class='ocr_carea' id='block_1_78' title="bbox 1880 3418 3481 3496">
    <p class='ocr_par' dir='ltr' id='par_1_78' title="bbox 1880 3418 3481 3496">
     <span class='ocr_line' id='line_1_78' title="bbox 1880 3418 3481 3496; baseline -0.002 -19"><span class='ocrx_word' id='word_1_568' title='bbox 1880 3422 2253 3496; x_wconf 78' lang='lat' dir='ltr'><strong>Expenduntur</strong></span> <span class='ocrx_word' id='word_1_569' title='bbox 2269 3433 2567 3496; x_wconf 84' lang='lat' dir='ltr'><strong>argumenta</strong></span> <span class='ocrx_word' id='word_1_570' title='bbox 2593 3422 2772 3494; x_wconf 82' lang='lat' dir='ltr'><strong>quibus</strong></span> <span class='ocrx_word' id='word_1_571' title='bbox 2801 3421 3036 3477; x_wconf 67' lang='lat' dir='ltr'><strong>Otacilius</strong></span> <span class='ocrx_word' id='word_1_572' title='bbox 3063 3418 3279 3493; x_wconf 85' lang='lat' dir='ltr'><strong>probare</strong></span> <span class='ocrx_word' id='word_1_573' title='bbox 3301 3418 3481 3474; x_wconf 81' lang='lat' dir='ltr'><strong>nititur</strong></span> 
     </span>
    </p>
   </div>
   <div class='ocr_carea' id='block_1_79' title="bbox 1950 3512 3379 3589">
    <p class='ocr_par' dir='ltr' id='par_1_79' title="bbox 1950 3512 3379 3589">
     <span class='ocr_line' id='line_1_79' title="bbox 1950 3512 3379 3589; baseline -0.003 -20"><span class='ocrx_word' id='word_1_574' title='bbox 1950 3518 2030 3589; x_wconf 83' lang='lat' dir='ltr'><strong>fas</strong></span> <span class='ocrx_word' id='word_1_575' title='bbox 2057 3514 2360 3571; x_wconf 81' lang='lat' dir='ltr'><strong>Christianis</strong></span> <span class='ocrx_word' id='word_1_576' title='bbox 2387 3526 2431 3571; x_wconf 83' lang='lat' dir='ltr'><strong>et</strong></span> <span class='ocrx_word' id='word_1_577' title='bbox 2461 3515 2576 3569; x_wconf 79' lang='lat' dir='ltr'><strong>aliis</strong></span> <span class='ocrx_word' id='word_1_578' title='bbox 2602 3530 2701 3569; x_wconf 84' lang='lat' dir='ltr'><strong>non</strong></span> <span class='ocrx_word' id='word_1_579' title='bbox 2729 3531 2835 3569; x_wconf 77' lang='lat' dir='ltr'><strong>esse</strong></span> <span class='ocrx_word' id='word_1_580' title='bbox 2859 3513 2923 3568; x_wconf 85' lang='lat' dir='ltr'><strong>de</strong></span> <span class='ocrx_word' id='word_1_581' title='bbox 2956 3512 3065 3569; x_wconf 89' lang='lat' dir='ltr'><strong>Deo</strong></span> <span class='ocrx_word' id='word_1_582' title='bbox 3093 3513 3379 3583; x_wconf 79' lang='lat' dir='ltr'><strong>disputare.</strong></span> 
     </span>
    </p>
   </div>
   <div class='ocr_carea' id='block_1_80' title="bbox 1949 3649 3477 3720">
    <p class='ocr_par' dir='ltr' id='par_1_80' title="bbox 1949 3649 3477 3720">
     <span class='ocr_line' id='line_1_80' title="bbox 1949 3649 3477 3720; baseline -0.001 -14"><span class='ocrx_word' id='word_1_583' title='bbox 1949 3650 2281 3708; x_wconf 85' lang='lat' dir='ltr'><strong>Christianos</strong></span> <span class='ocrx_word' id='word_1_584' title='bbox 2307 3653 2375 3709; x_wconf 87' lang='lat' dir='ltr'><strong>ab</strong></span> <span class='ocrx_word' id='word_1_585' title='bbox 2401 3654 2545 3713; x_wconf 87' lang='lat' dir='ltr'><strong>omni</strong></span> <span class='ocrx_word' id='word_1_586' title='bbox 2574 3653 2641 3707; x_wconf 91' lang='lat' dir='ltr'><strong>de</strong></span> <span class='ocrx_word' id='word_1_587' title='bbox 2672 3653 2782 3708; x_wconf 89' lang='lat' dir='ltr'><strong>Deo</strong></span> <span class='ocrx_word' id='word_1_588' title='bbox 2822 3652 3183 3720; x_wconf 87' lang='lat' dir='ltr'><strong>disputatione</strong></span> <span class='ocrx_word' id='word_1_589' title='bbox 3215 3649 3477 3707; x_wconf 88' lang='lat' dir='ltr'><strong>arcendos</strong></span> 
     </span>
    </p>
   </div>
   <div class='ocr_carea' id='block_1_81' title="bbox 1878 3744 3480 3819">
    <p class='ocr_par' dir='ltr' id='par_1_81' title="bbox 1878 3744 3480 3819">
     <span class='ocr_line' id='line_1_81' title="bbox 1878 3744 3480 3819; baseline -0.002 -18"><span class='ocrx_word' id='word_1_590' title='bbox 1878 3745 1982 3801; x_wconf 80' lang='lat' dir='ltr'><strong>alia</strong></span> <span class='ocrx_word' id='word_1_591' title='bbox 2009 3744 2255 3801; x_wconf 72' lang='lat' dir='ltr'><strong>Cmcilius</strong></span> <span class='ocrx_word' id='word_1_592' title='bbox 2287 3745 2475 3815; x_wconf 84' lang='lat' dir='ltr'><strong>probat</strong></span> <span class='ocrx_word' id='word_1_593' title='bbox 2505 3748 2734 3809; x_wconf 83' lang='lat' dir='ltr'><strong>ratione,</strong></span> <span class='ocrx_word' id='word_1_594' title='bbox 2788 3762 2907 3819; x_wconf 75' lang='lat' dir='ltr'><strong>qua:</strong></span> <span class='ocrx_word' id='word_1_595' title='bbox 2938 3746 3067 3814; x_wconf 87' lang='lat' dir='ltr'><strong>ipsis</strong></span> <span class='ocrx_word' id='word_1_596' title='bbox 3098 3759 3218 3800; x_wconf 89' lang='lat' dir='ltr'><strong>cum</strong></span> <span class='ocrx_word' id='word_1_597' title='bbox 3266 3744 3480 3799; x_wconf 56' lang='lat' dir='ltr'><strong>caneris</strong></span> 
     </span>
    </p>
   </div>
   <div class='ocr_carea' id='block_1_82' title="bbox 1882 3834 3482 3906">
    <p class='ocr_par' dir='ltr' id='par_1_82' title="bbox 1882 3834 3482 3906">
     <span class='ocr_line' id='line_1_82' title="bbox 1882 3834 3482 3906; baseline 0 -18"><span class='ocrx_word' id='word_1_598' title='bbox 1882 3836 2186 3897; x_wconf 83' lang='lat' dir='ltr'><strong>hominibus</strong></span> <span class='ocrx_word' id='word_1_599' title='bbox 2237 3837 2393 3906; x_wconf 86' lang='lat' dir='ltr'><strong>plane</strong></span> <span class='ocrx_word' id='word_1_600' title='bbox 2431 3837 2732 3905; x_wconf 85' lang='lat' dir='ltr'><strong>communis</strong></span> <span class='ocrx_word' id='word_1_601' title='bbox 2768 3846 2870 3893; x_wconf 88' lang='lat' dir='ltr'><strong>est.</strong></span> <span class='ocrx_word' id='word_1_602' title='bbox 2903 3835 3035 3892; x_wconf 86' lang='lat' dir='ltr'><strong>Eam</strong></span> <span class='ocrx_word' id='word_1_603' title='bbox 3066 3838 3263 3891; x_wconf 83' lang='lat' dir='ltr'><strong>etenim</strong></span> <span class='ocrx_word' id='word_1_604' title='bbox 3295 3834 3482 3905; x_wconf 73' lang='lat' dir='ltr'><strong>objicit</strong></span> 
     </span>
    </p>
   </div>
   <div class='ocr_carea' id='block_1_83' title="bbox 1879 3908 3480 3996">
    <p class='ocr_par' dir='ltr' id='par_1_83' title="bbox 1879 3908 3480 3996">
     <span class='ocr_line' id='line_1_83' title="bbox 1879 3908 3480 3996; baseline -0.002 -13"><span class='ocrx_word' id='word_1_605' title='bbox 1879 3942 1999 3983; x_wconf 86' lang='lat' dir='ltr'><strong>esse</strong></span> <span class='ocrx_word' id='word_1_606' title='bbox 2033 3937 2235 3982; x_wconf 66' lang='lat' dir='ltr'><strong>natura:</strong></span> <span class='ocrx_word' id='word_1_607' title='bbox 2267 3927 2515 3993; x_wconf 76' lang='lat' dir='ltr'><strong>humana:</strong></span> <span class='ocrx_word' id='word_1_608' title='bbox 2558 3908 2962 3995; x_wconf 78' lang='lat' dir='ltr'><strong>inlirntitalem;</strong></span> <span class='ocrx_word' id='word_1_609' title='bbox 2998 3936 3053 3983; x_wconf 88' lang='lat' dir='ltr'><strong>ut</strong></span> <span class='ocrx_word' id='word_1_610' title='bbox 3108 3928 3305 3987; x_wconf 81' lang='lat' dir='ltr'><strong>netuini</strong></span> <span class='ocrx_word' id='word_1_611' title='bbox 3361 3941 3480 3996; x_wconf 71' lang='lat' dir='ltr'><strong>qnzc</strong></span> 
     </span>
    </p>
   </div>
   <div class='ocr_carea' id='block_1_84' title="bbox 1881 4018 3480 4091">
    <p class='ocr_par' dir='ltr' id='par_1_84' title="bbox 1881 4018 3480 4091">
     <span class='ocr_line' id='line_1_84' title="bbox 1881 4018 3480 4091; baseline -0.003 -14"><span class='ocrx_word' id='word_1_612' title='bbox 1881 4035 2041 4091; x_wconf 81' lang='lat' dir='ltr'><strong>Supra</strong></span> <span class='ocrx_word' id='word_1_613' title='bbox 2071 4035 2167 4075; x_wconf 91' lang='lat' dir='ltr'><strong>nos</strong></span> <span class='ocrx_word' id='word_1_614' title='bbox 2194 4020 2334 4076; x_wconf 70' lang='lat' dir='ltr'><strong>caelo</strong></span> <span class='ocrx_word' id='word_1_615' title='bbox 2360 4034 2646 4090; x_wconf 88' lang='lat' dir='ltr'><strong>suspensa,</strong></span> <span class='ocrx_word' id='word_1_616' title='bbox 2679 4030 2770 4074; x_wconf 88' lang='lat' dir='ltr'><strong>aut</strong></span> <span class='ocrx_word' id='word_1_617' title='bbox 2798 4018 2931 4075; x_wconf 82' lang='lat' dir='ltr'><strong>iuha</strong></span> <span class='ocrx_word' id='word_1_618' title='bbox 2988 4019 3039 4074; x_wconf 90' lang='lat' dir='ltr'><strong>in</strong></span> <span class='ocrx_word' id='word_1_619' title='bbox 3095 4027 3254 4073; x_wconf 69' lang='lat' dir='ltr'><strong>terra:</strong></span> <span class='ocrx_word' id='word_1_620' title='bbox 3308 4019 3480 4075; x_wconf 77' lang='lat' dir='ltr'><strong>visce-</strong></span> 
     </span>
    </p>
   </div>
   <div class='ocr_carea' id='block_1_85' title="bbox 1882 4113 3475 4185">
    <p class='ocr_par' dir='ltr' id='par_1_85' title="bbox 1882 4113 3475 4185">
     <span class='ocr_line' id='line_1_85' title="bbox 1882 4113 3475 4185; baseline -0.002 -16"><span class='ocrx_word' id='word_1_621' title='bbox 1882 4114 2031 4169; x_wconf 88' lang='lat' dir='ltr'><strong>ribus</strong></span> <span class='ocrx_word' id='word_1_622' title='bbox 2060 4117 2249 4185; x_wconf 80' lang='lat' dir='ltr'><strong>posita,</strong></span> <span class='ocrx_word' id='word_1_623' title='bbox 2280 4113 2441 4180; x_wconf 86' lang='lat' dir='ltr'><strong>scire,</strong></span> <span class='ocrx_word' id='word_1_624' title='bbox 2463 4122 2555 4169; x_wconf 89' lang='lat' dir='ltr'><strong>aut</strong></span> <span class='ocrx_word' id='word_1_625' title='bbox 2578 4115 2803 4168; x_wconf 77' lang='lat' dir='ltr'><strong>scrutari</strong></span> <span class='ocrx_word' id='word_1_626' title='bbox 2835 4118 3164 4173; x_wconf 82' lang='lat' dir='ltr'><strong>concedatur</strong></span> <span class='ocrx_word' id='word_1_627' title='bbox 3196 4128 3209 4165; x_wconf 91' lang='lat'><strong>:</strong></span> <span class='ocrx_word' id='word_1_628' title='bbox 3249 4132 3267 4165; x_wconf 84' lang='lat' dir='ltr'><strong>t</strong></span> <span class='ocrx_word' id='word_1_629' title='bbox 3302 4114 3475 4178; x_wconf 82' lang='lat' dir='ltr'><strong>Absit,</strong></span> 
     </span>
    </p>
   </div>
   <div class='ocr_carea' id='block_1_86' title="bbox 1884 4206 3485 4280">
    <p class='ocr_par' dir='ltr' id='par_1_86' title="bbox 1884 4206 3485 4280">
     <span class='ocr_line' id='line_1_86' title="bbox 1884 4206 3485 4280; baseline -0.001 -19"><span class='ocrx_word' id='word_1_630' title='bbox 1884 4209 2056 4277; x_wconf 84' lang='lat' dir='ltr'><strong>inquit</strong></span> <span class='ocrx_word' id='word_1_631' title='bbox 2111 4208 2235 4274; x_wconf 92' lang='lat' dir='ltr'><strong>ille,</strong></span> <span class='ocrx_word' id='word_1_632' title='bbox 2290 4209 2358 4267; x_wconf 88' lang='lat' dir='ltr'><strong>ab</strong></span> <span class='ocrx_word' id='word_1_633' title='bbox 2407 4208 2781 4280; x_wconf 68' lang='lat' dir='ltr'><strong>exploratione</strong></span> <span class='ocrx_word' id='word_1_634' title='bbox 2806 4209 2985 4267; x_wconf 80' lang='lat' dir='ltr'><strong>divina</strong></span> <span class='ocrx_word' id='word_1_635' title='bbox 3017 4208 3246 4263; x_wconf 87' lang='lat' dir='ltr'><strong>humana</strong></span> <span class='ocrx_word' id='word_1_636' title='bbox 3278 4206 3485 4275; x_wconf 81' lang='lat' dir='ltr'><strong>medio-</strong></span> 
     </span>
    </p>
   </div>
   <div class='ocr_carea' id='block_1_87' title="bbox 1883 4304 3480 4379">
    <p class='ocr_par' dir='ltr' id='par_1_87' title="bbox 1883 4304 3480 4379">
     <span class='ocr_line' id='line_1_87' title="bbox 1883 4304 3480 4379; baseline -0.001 -20"><span class='ocrx_word' id='word_1_637' title='bbox 1883 4304 2065 4368; x_wconf 89' lang='lat' dir='ltr'><strong>critas,</strong></span> <span class='ocrx_word' id='word_1_638' title='bbox 2098 4319 2219 4360; x_wconf 90' lang='lat' dir='ltr'><strong>cum</strong></span> <span class='ocrx_word' id='word_1_639' title='bbox 2260 4319 2444 4376; x_wconf 81' lang='lat' dir='ltr'><strong>neque</strong></span> <span class='ocrx_word' id='word_1_640' title='bbox 2467 4320 2588 4375; x_wconf 66' lang='lat' dir='ltr'><strong>quae</strong></span> <span class='ocrx_word' id='word_1_641' title='bbox 2616 4319 2776 4379; x_wconf 84' lang='lat' dir='ltr'><strong>supra</strong></span> <span class='ocrx_word' id='word_1_642' title='bbox 2804 4320 2902 4359; x_wconf 87' lang='lat' dir='ltr'><strong>nos</strong></span> <span class='ocrx_word' id='word_1_643' title='bbox 2927 4305 3067 4360; x_wconf 76' lang='lat' dir='ltr'><strong>ctelo</strong></span> <span class='ocrx_word' id='word_1_644' title='bbox 3095 4317 3480 4374; x_wconf 89' lang='lat' dir='ltr'><strong>suspensa.....</strong></span> 
     </span>
    </p>
   </div>
   <div class='ocr_carea' id='block_1_88' title="bbox 1882 4396 3484 4471">
    <p class='ocr_par' dir='ltr' id='par_1_88' title="bbox 1882 4396 3484 4471">
     <span class='ocr_line' id='line_1_88' title="bbox 1882 4396 3484 4471; baseline -0.003 -17"><span class='ocrx_word' id='word_1_645' title='bbox 1882 4413 2058 4471; x_wconf 89' lang='lat' dir='ltr'><strong>neque</strong></span> <span class='ocrx_word' id='word_1_646' title='bbox 2094 4414 2214 4471; x_wconf 67' lang='lat' dir='ltr'><strong>quae</strong></span> <span class='ocrx_word' id='word_1_647' title='bbox 2268 4400 2403 4457; x_wconf 81' lang='lat' dir='ltr'><strong>infra</strong></span> <span class='ocrx_word' id='word_1_648' title='bbox 2444 4409 2762 4454; x_wconf 85' lang='lat' dir='ltr'><strong>terram.....</strong></span> <span class='ocrx_word' id='word_1_649' title='bbox 2831 4402 2969 4454; x_wconf 79' lang='lat' dir='ltr'><strong>scire</strong></span> <span class='ocrx_word' id='word_1_650' title='bbox 3017 4398 3089 4455; x_wconf 90' lang='lat' dir='ltr'><strong>sit</strong></span> <span class='ocrx_word' id='word_1_651' title='bbox 3140 4396 3346 4460; x_wconf 87' lang='lat' dir='ltr'><strong>datum,</strong></span> <span class='ocrx_word' id='word_1_652' title='bbox 3390 4403 3484 4455; x_wconf 82' lang='lat' dir='ltr'><strong>aut</strong></span> 
     </span>
    </p>
   </div>
   <div class='ocr_carea' id='block_1_89' title="bbox 1881 4488 3476 4569">
    <p class='ocr_par' dir='ltr' id='par_1_89' title="bbox 1881 4488 3476 4569">
     <span class='ocr_line' id='line_1_89' title="bbox 1881 4488 3476 4569; baseline -0.006 -20"><span class='ocrx_word' id='word_1_653' title='bbox 1881 4492 2110 4549; x_wconf 85' lang='lat' dir='ltr'><strong>scrutari</strong></span> <span class='ocrx_word' id='word_1_654' title='bbox 2159 4493 2499 4569; x_wconf 86' lang='lat' dir='ltr'><strong>permissum.</strong></span> <span class='ocrx_word' id='word_1_655' title='bbox 2540 4511 2559 4544; x_wconf 83' lang='grc' dir='ltr'><strong>ι</strong></span> <span class='ocrx_word' id='word_1_656' title='bbox 2597 4490 2892 4561; x_wconf 88' lang='lat' dir='ltr'><strong>Unicuique</strong></span> <span class='ocrx_word' id='word_1_657' title='bbox 2939 4489 3206 4561; x_wconf 82' lang='lat' dir='ltr'><strong>siquidem</strong></span> <span class='ocrx_word' id='word_1_658' title='bbox 3258 4488 3476 4553; x_wconf 78' lang='lat' dir='ltr'><strong>sufﬁcit,</strong></span> 
     </span>
    </p>
   </div>
   <div class='ocr_carea' id='block_1_90' title="bbox 162 4582 3478 4669">
    <p class='ocr_par' dir='ltr' id='par_1_90' title="bbox 162 4582 3478 4669">
     <span class='ocr_line' id='line_1_90' title="bbox 162 4582 3478 4669; baseline -0.001 -29"><span class='ocrx_word' id='word_1_659' title='bbox 162 4583 420 4658; x_wconf 80' lang='lat' dir='ltr'><strong>(Tertull.</strong></span> <span class='ocrx_word' id='word_1_660' title='bbox 453 4582 671 4655; x_wconf 85' lang='lat' dir='ltr'><strong>Apolog.</strong></span> <span class='ocrx_word' id='word_1_661' title='bbox 707 4599 822 4655; x_wconf 85' lang='lat' dir='ltr'><strong>cap.</strong></span> <span class='ocrx_word' id='word_1_662' title='bbox 855 4585 945 4655; x_wconf 77' lang='lat'><strong>57,</strong></span> <span class='ocrx_word' id='word_1_663' title='bbox 977 4600 1095 4656; x_wconf 85' lang='lat' dir='ltr'><strong>pag.</strong></span> <span class='ocrx_word' id='word_1_664' title='bbox 1120 4583 1236 4656; x_wconf 78' lang='grc'><strong>55).</strong></span> <span class='ocrx_word' id='word_1_665' title='bbox 1276 4605 1295 4637; x_wconf 80' lang='grc' dir='ltr'><strong>ι</strong></span> <span class='ocrx_word' id='word_1_666' title='bbox 1335 4588 1404 4641; x_wconf 82' lang='lat' dir='ltr'><strong>At</strong></span> <span class='ocrx_word' id='word_1_667' title='bbox 1449 4596 1629 4650; x_wconf 85' lang='lat' dir='ltr'><strong>certe.</strong></span> <span class='ocrx_word' id='word_1_668' title='bbox 1686 4590 1774 4660; x_wconf 84' lang='lat' dir='ltr'><strong>qui</strong></span> <span class='ocrx_word' id='word_1_669' title='bbox 1801 4587 1856 4669; x_wconf 74' lang='lat' dir='ltr'>p</span> <span class='ocrx_word' id='word_1_670' title='bbox 1881 4588 1925 4642; x_wconf 91' lang='lat' dir='ltr'><strong>si</strong></span> <span class='ocrx_word' id='word_1_671' title='bbox 1959 4606 1979 4641; x_wconf 79' lang='grc' dir='ltr'><strong>ι</strong></span> <span class='ocrx_word' id='word_1_672' title='bbox 2016 4585 2311 4645; x_wconf 87' lang='lat' dir='ltr'><strong>secundum</strong></span> <span class='ocrx_word' id='word_1_673' title='bbox 2344 4596 2495 4642; x_wconf 88' lang='lat' dir='ltr'><strong>vetus</strong></span> <span class='ocrx_word' id='word_1_674' title='bbox 2523 4586 2781 4658; x_wconf 84' lang='lat' dir='ltr'><strong>sapientis</strong></span> <span class='ocrx_word' id='word_1_675' title='bbox 2810 4585 3085 4640; x_wconf 88' lang='lat' dir='ltr'><strong>oraculum</strong></span> <span class='ocrx_word' id='word_1_676' title='bbox 3118 4584 3478 4653; x_wconf 86' lang='lat' dir='ltr'><strong>nosmetipsos</strong></span> 
     </span>
    </p>
   </div>
   <div class='ocr_carea' id='block_1_91' title="bbox 162 4676 1777 4748">
    <p class='ocr_par' dir='ltr' id='par_1_91' title="bbox 162 4676 1777 4748">
     <span class='ocr_line' id='line_1_91' title="bbox 162 4676 1777 4748; baseline 0.001 -13"><span class='ocrx_word' id='word_1_677' title='bbox 162 4678 343 4735; x_wconf 84' lang='lat' dir='ltr'><strong>urbes</strong></span> <span class='ocrx_word' id='word_1_678' title='bbox 365 4720 380 4742; x_wconf 96' lang='lat'><strong>,</strong></span> <span class='ocrx_word' id='word_1_679' title='bbox 414 4676 618 4743; x_wconf 81' lang='lat' dir='ltr'><strong>forum,</strong></span> <span class='ocrx_word' id='word_1_680' title='bbox 664 4688 834 4733; x_wconf 80' lang='lat' dir='ltr'><strong>castra</strong></span> <span class='ocrx_word' id='word_1_681' title='bbox 859 4719 874 4742; x_wconf 95' lang='lat'><strong>,</strong></span> <span class='ocrx_word' id='word_1_682' title='bbox 905 4676 1181 4743; x_wconf 85' lang='lat' dir='ltr'><strong>decurias,</strong></span> <span class='ocrx_word' id='word_1_683' title='bbox 1216 4679 1467 4748; x_wconf 85' lang='lat' dir='ltr'><strong>palatium</strong></span> <span class='ocrx_word' id='word_1_684' title='bbox 1492 4720 1508 4744; x_wconf 89' lang='lat'><strong>,</strong></span> <span class='ocrx_word' id='word_1_685' title='bbox 1532 4690 1777 4739; x_wconf 71' lang='lat' dir='ltr'><strong>senatum</strong></span> 
     </span>
    </p>
   </div>
   <div class='ocr_carea' id='block_1_92' title="bbox 161 4769 1781 4842">
    <p class='ocr_par' dir='ltr' id='par_1_92' title="bbox 161 4769 1781 4842">
     <span class='ocr_line' id='line_1_92' title="bbox 161 4769 1781 4842; baseline 0.002 -17"><span class='ocrx_word' id='word_1_686' title='bbox 161 4782 223 4828; x_wconf 86' lang='lat' dir='ltr'><strong>et</strong></span> <span class='ocrx_word' id='word_1_687' title='bbox 256 4779 335 4825; x_wconf 92' lang='lat' dir='ltr'><strong>tot</strong></span> <span class='ocrx_word' id='word_1_688' title='bbox 361 4769 464 4825; x_wconf 84' lang='lat' dir='ltr'><strong>alia</strong></span> <span class='ocrx_word' id='word_1_689' title='bbox 497 4769 610 4837; x_wconf 76' lang='lat' dir='ltr'><strong>loco</strong></span> <span class='ocrx_word' id='word_1_690' title='bbox 643 4770 954 4841; x_wconf 78' lang='lat' dir='ltr'><strong>implebant,</strong></span> <span class='ocrx_word' id='word_1_691' title='bbox 985 4786 1051 4825; x_wconf 75' lang='lat' dir='ltr'><strong>es</strong></span> <span class='ocrx_word' id='word_1_692' title='bbox 1099 4769 1183 4826; x_wconf 88' lang='lat' dir='ltr'><strong>his</strong></span> <span class='ocrx_word' id='word_1_693' title='bbox 1231 4781 1375 4827; x_wconf 87' lang='lat' dir='ltr'><strong>certe</strong></span> <span class='ocrx_word' id='word_1_694' title='bbox 1421 4772 1669 4842; x_wconf 89' lang='lat' dir='ltr'><strong>plurimi,</strong></span> <span class='ocrx_word' id='word_1_695' title='bbox 1723 4782 1781 4833; x_wconf 89' lang='lat' dir='ltr'><strong>ut</strong></span> 
     </span>
    </p>
   </div>
   <div class='ocr_carea' id='block_1_93' title="bbox 155 4862 1780 4934">
    <p class='ocr_par' dir='ltr' id='par_1_93' title="bbox 155 4862 1780 4934">
     <span class='ocr_line' id='line_1_93' title="bbox 155 4862 1780 4934; baseline 0.004 -18"><span class='ocrx_word' id='word_1_696' title='bbox 155 4863 283 4933; x_wconf 86' lang='lat' dir='ltr'><strong>jam</strong></span> <span class='ocrx_word' id='word_1_697' title='bbox 315 4862 578 4927; x_wconf 78' lang='lat' dir='ltr'><strong>diximus,</strong></span> <span class='ocrx_word' id='word_1_698' title='bbox 627 4876 728 4919; x_wconf 87' lang='lat' dir='ltr'><strong>nec</strong></span> <span class='ocrx_word' id='word_1_699' title='bbox 753 4862 949 4933; x_wconf 76' lang='lat' dir='ltr'><strong>intimae</strong></span> <span class='ocrx_word' id='word_1_700' title='bbox 978 4864 1138 4919; x_wconf 90' lang='lat' dir='ltr'><strong>sortis</strong></span> <span class='ocrx_word' id='word_1_701' title='bbox 1165 4874 1319 4920; x_wconf 90' lang='lat' dir='ltr'><strong>erant</strong></span> <span class='ocrx_word' id='word_1_702' title='bbox 1351 4863 1629 4934; x_wconf 83' lang='lat' dir='ltr'><strong>homines,</strong></span> <span class='ocrx_word' id='word_1_703' title='bbox 1680 4882 1780 4923; x_wconf 89' lang='lat' dir='ltr'><strong>nec</strong></span> 
     </span>
    </p>
   </div>
   <div class='ocr_carea' id='block_1_94' title="bbox 164 4955 1204 5028">
    <p class='ocr_par' dir='ltr' id='par_1_94' title="bbox 164 4955 1204 5028">
     <span class='ocr_line' id='line_1_94' title="bbox 164 4955 1204 5028; baseline 0 -17"><span class='ocrx_word' id='word_1_704' title='bbox 164 4971 467 5028; x_wconf 76' lang='lat' dir='ltr'><strong>pauperes,</strong></span> <span class='ocrx_word' id='word_1_705' title='bbox 497 4970 596 5011; x_wconf 90' lang='lat' dir='ltr'><strong>nec</strong></span> <span class='ocrx_word' id='word_1_706' title='bbox 621 4955 821 5012; x_wconf 89' lang='lat' dir='ltr'><strong>indocti</strong></span> <span class='ocrx_word' id='word_1_707' title='bbox 847 4965 899 5009; x_wconf 89' lang='lat' dir='ltr'><strong>et</strong></span> <span class='ocrx_word' id='word_1_708' title='bbox 927 4956 1204 5011; x_wconf 88' lang='lat' dir='ltr'><strong>illitterati.</strong></span> 
     </span>
    </p>
   </div>
   <div class='ocr_carea' id='block_1_95' title="bbox 250 5048 1776 5118">
    <p class='ocr_par' dir='ltr' id='par_1_95' title="bbox 250 5048 1776 5118">
     <span class='ocr_line' id='line_1_95' title="bbox 250 5048 1776 5118; baseline 0.003 -16"><span class='ocrx_word' id='word_1_709' title='bbox 250 5051 322 5103; x_wconf 79' lang='lat' dir='ltr'><strong>At</strong></span> <span class='ocrx_word' id='word_1_710' title='bbox 348 5063 477 5114; x_wconf 88' lang='lat' dir='ltr'><strong>cur,</strong></span> <span class='ocrx_word' id='word_1_711' title='bbox 510 5048 712 5118; x_wconf 84' lang='lat' dir='ltr'><strong>inquiet</strong></span> <span class='ocrx_word' id='word_1_712' title='bbox 744 5048 970 5118; x_wconf 78' lang='lat' dir='ltr'><strong>aliquis,</strong></span> <span class='ocrx_word' id='word_1_713' title='bbox 1003 5050 1114 5102; x_wconf 60' lang='lat' dir='ltr'><strong>haec</strong></span> <span class='ocrx_word' id='word_1_714' title='bbox 1142 5057 1198 5105; x_wconf 86' lang='lat' dir='ltr'><strong>et</strong></span> <span class='ocrx_word' id='word_1_715' title='bbox 1234 5049 1336 5103; x_wconf 87' lang='lat' dir='ltr'><strong>alia</strong></span> <span class='ocrx_word' id='word_1_716' title='bbox 1367 5064 1396 5103; x_wconf 88' lang='lat' dir='ltr'><strong>a</strong></span> <span class='ocrx_word' id='word_1_717' title='bbox 1447 5050 1600 5107; x_wconf 88' lang='lat' dir='ltr'><strong>nobis</strong></span> <span class='ocrx_word' id='word_1_718' title='bbox 1640 5050 1776 5117; x_wconf 59' lang='lat' dir='ltr'><strong>infe.</strong></span> 
     </span>
    </p>
   </div>
   <div class='ocr_carea' id='block_1_96' title="bbox 164 5138 1777 5213">
    <p class='ocr_par' dir='ltr' id='par_1_96' title="bbox 164 5138 1777 5213">
     <span class='ocr_line' id='line_1_96' title="bbox 164 5138 1777 5213; baseline -0.001 -16"><span class='ocrx_word' id='word_1_719' title='bbox 164 5141 297 5197; x_wconf 87' lang='lat' dir='ltr'><strong>rius</strong></span> <span class='ocrx_word' id='word_1_720' title='bbox 317 5138 554 5204; x_wconf 88' lang='lat' dir='ltr'><strong>citanda,</strong></span> <span class='ocrx_word' id='word_1_721' title='bbox 579 5152 689 5193; x_wconf 81' lang='lat' dir='ltr'><strong>tam</strong></span> <span class='ocrx_word' id='word_1_722' title='bbox 722 5138 831 5195; x_wconf 90' lang='lat' dir='ltr'><strong>alto</strong></span> <span class='ocrx_word' id='word_1_723' title='bbox 862 5138 1119 5195; x_wconf 77' lang='lat' dir='ltr'><strong>Minucius</strong></span> <span class='ocrx_word' id='word_1_724' title='bbox 1141 5138 1356 5195; x_wconf 86' lang='lat' dir='ltr'><strong>silentio</strong></span> <span class='ocrx_word' id='word_1_725' title='bbox 1383 5142 1777 5213; x_wconf 80' lang='lat' dir='ltr'><strong>praetermisit?</strong></span> 
     </span>
    </p>
   </div>
   <div class='ocr_carea' id='block_1_97' title="bbox 166 5231 1779 5307">
    <p class='ocr_par' dir='ltr' id='par_1_97' title="bbox 166 5231 1779 5307">
     <span class='ocr_line' id='line_1_97' title="bbox 166 5231 1779 5307; baseline 0 -17"><span class='ocrx_word' id='word_1_726' title='bbox 166 5234 308 5295; x_wconf 85' lang='lat' dir='ltr'><strong>Cur,</strong></span> <span class='ocrx_word' id='word_1_727' title='bbox 348 5233 616 5303; x_wconf 87' lang='lat' dir='ltr'><strong>inquimus</strong></span> <span class='ocrx_word' id='word_1_728' title='bbox 654 5242 710 5288; x_wconf 90' lang='lat' dir='ltr'><strong>et</strong></span> <span class='ocrx_word' id='word_1_729' title='bbox 746 5246 877 5297; x_wconf 87' lang='lat' dir='ltr'><strong>nos,</strong></span> <span class='ocrx_word' id='word_1_730' title='bbox 908 5232 996 5288; x_wconf 91' lang='lat' dir='ltr'><strong>ille</strong></span> <span class='ocrx_word' id='word_1_731' title='bbox 1025 5231 1108 5288; x_wconf 78' lang='lat' dir='ltr'><strong>vel</strong></span> <span class='ocrx_word' id='word_1_732' title='bbox 1137 5233 1252 5289; x_wconf 86' lang='lat' dir='ltr'><strong>solo</strong></span> <span class='ocrx_word' id='word_1_733' title='bbox 1294 5248 1393 5289; x_wconf 90' lang='lat' dir='ltr'><strong>suo</strong></span> <span class='ocrx_word' id='word_1_734' title='bbox 1438 5234 1689 5307; x_wconf 77' lang='lat' dir='ltr'><strong>exemplo</strong></span> <span class='ocrx_word' id='word_1_735' title='bbox 1716 5250 1779 5297; x_wconf 81' lang='lat' dir='ltr'><strong>os</strong></span> 
     </span>
    </p>
   </div>
   <div class='ocr_carea' id='block_1_98' title="bbox 164 5325 1778 5397">
    <p class='ocr_par' dir='ltr' id='par_1_98' title="bbox 164 5325 1778 5397">
     <span class='ocr_line' id='line_1_98' title="bbox 164 5325 1778 5397; baseline 0 -12"><span class='ocrx_word' id='word_1_736' title='bbox 164 5327 425 5393; x_wconf 63' lang='lat' dir='ltr'><strong>Caecilii,</strong></span> <span class='ocrx_word' id='word_1_737' title='bbox 472 5336 577 5381; x_wconf 87' lang='lat' dir='ltr'><strong>tam</strong></span> <span class='ocrx_word' id='word_1_738' title='bbox 611 5325 952 5397; x_wconf 86' lang='lat' dir='ltr'><strong>impudenter</strong></span> <span class='ocrx_word' id='word_1_739' title='bbox 998 5325 1306 5382; x_wconf 87' lang='lat' dir='ltr'><strong>mentientis</strong></span> <span class='ocrx_word' id='word_1_740' title='bbox 1360 5328 1618 5383; x_wconf 88' lang='lat' dir='ltr'><strong>continuo</strong></span> <span class='ocrx_word' id='word_1_741' title='bbox 1671 5343 1778 5387; x_wconf 87' lang='lat' dir='ltr'><strong>non</strong></span> 
     </span>
    </p>
   </div>
   <div class='ocr_carea' id='block_1_99' title="bbox 165 5418 1782 5488">
    <p class='ocr_par' dir='ltr' id='par_1_99' title="bbox 165 5418 1782 5488">
     <span class='ocr_line' id='line_1_99' title="bbox 165 5418 1782 5488; baseline 0.004 -15"><span class='ocrx_word' id='word_1_742' title='bbox 165 5418 443 5475; x_wconf 79' lang='lat' dir='ltr'><strong>occlusit?</strong></span> <span class='ocrx_word' id='word_1_743' title='bbox 488 5418 603 5473; x_wconf 85' lang='lat' dir='ltr'><strong>Non</strong></span> <span class='ocrx_word' id='word_1_744' title='bbox 649 5419 793 5474; x_wconf 82' lang='lat' dir='ltr'><strong>enim</strong></span> <span class='ocrx_word' id='word_1_745' title='bbox 822 5434 886 5479; x_wconf 79' lang='lat' dir='ltr'><strong>ex</strong></span> <span class='ocrx_word' id='word_1_746' title='bbox 917 5418 1114 5475; x_wconf 77' lang='lat' dir='ltr'><strong>inlimze</strong></span> <span class='ocrx_word' id='word_1_747' title='bbox 1152 5419 1320 5488; x_wconf 85' lang='lat' dir='ltr'><strong>plebis</strong></span> <span class='ocrx_word' id='word_1_748' title='bbox 1370 5421 1501 5476; x_wconf 76' lang='lat' dir='ltr'><strong>lmce</strong></span> <span class='ocrx_word' id='word_1_749' title='bbox 1552 5423 1631 5479; x_wconf 71' lang='lat' dir='ltr'><strong>vir</strong></span> <span class='ocrx_word' id='word_1_750' title='bbox 1672 5423 1782 5479; x_wconf 90' lang='lat' dir='ltr'><strong>dici</strong></span> 
     </span>
    </p>
   </div>
   <div class='ocr_carea' id='block_1_100' title="bbox 166 5508 1779 5585">
    <p class='ocr_par' dir='ltr' id='par_1_100' title="bbox 166 5508 1779 5585">
     <span class='ocr_line' id='line_1_100' title="bbox 166 5508 1779 5585; baseline 0.003 -20"><span class='ocrx_word' id='word_1_751' title='bbox 166 5511 386 5584; x_wconf 86' lang='lat' dir='ltr'><strong>potuit,</strong></span> <span class='ocrx_word' id='word_1_752' title='bbox 428 5511 516 5581; x_wconf 89' lang='lat' dir='ltr'><strong>qui</strong></span> <span class='ocrx_word' id='word_1_753' title='bbox 563 5520 618 5565; x_wconf 90' lang='lat' dir='ltr'><strong>ut</strong></span> <span class='ocrx_word' id='word_1_754' title='bbox 640 5508 750 5582; x_wconf 84' lang='lat' dir='ltr'><strong>jam</strong></span> <span class='ocrx_word' id='word_1_755' title='bbox 798 5525 865 5567; x_wconf 81' lang='lat' dir='ltr'><strong>ex</strong></span> <span class='ocrx_word' id='word_1_756' title='bbox 913 5509 1346 5585; x_wconf 85' lang='lat' dir='ltr'><strong>locupletissimis</strong></span> <span class='ocrx_word' id='word_1_757' title='bbox 1376 5513 1600 5571; x_wconf 85' lang='lat' dir='ltr'><strong>testibus</strong></span> <span class='ocrx_word' id='word_1_758' title='bbox 1643 5513 1779 5579; x_wconf 73' lang='lat' dir='ltr'><strong>Lac-</strong></span> 
     </span>
    </p>
   </div>
   <div class='ocr_carea' id='block_1_101' title="bbox 170 5603 1779 5677">
    <p class='ocr_par' dir='ltr' id='par_1_101' title="bbox 170 5603 1779 5677">
     <span class='ocr_line' id='line_1_101' title="bbox 170 5603 1779 5677; baseline 0.002 -18"><span class='ocrx_word' id='word_1_759' title='bbox 170 5604 353 5660; x_wconf 86' lang='lat' dir='ltr'><strong>tantio</strong></span> <span class='ocrx_word' id='word_1_760' title='bbox 392 5612 555 5674; x_wconf 89' lang='lat' dir='ltr'><strong>atque</strong></span> <span class='ocrx_word' id='word_1_761' title='bbox 586 5603 915 5676; x_wconf 83' lang='lat' dir='ltr'><strong>lliemoymo</strong></span> <span class='ocrx_word' id='word_1_762' title='bbox 943 5604 1344 5677; x_wconf 76' lang='lat' dir='ltr'><strong>observavimus</strong></span> <span class='ocrx_word' id='word_1_763' title='bbox 1366 5647 1380 5670; x_wconf 94' lang='lat'><strong>,</strong></span> <span class='ocrx_word' id='word_1_764' title='bbox 1416 5604 1601 5662; x_wconf 72' lang='lat' dir='ltr'><strong>RoltltB</strong></span> <span class='ocrx_word' id='word_1_765' title='bbox 1645 5607 1779 5663; x_wconf 87' lang='lat' dir='ltr'><strong>insi-</strong></span> 
     </span>
    </p>
   </div>
   <div class='ocr_carea' id='block_1_102' title="bbox 166 5696 1775 5781">
    <p class='ocr_par' dir='ltr' id='par_1_102' title="bbox 166 5696 1775 5781">
     <span class='ocr_line' id='line_1_102' title="bbox 166 5696 1775 5781; baseline 0.003 -30"><span class='ocrx_word' id='word_1_766' title='bbox 166 5701 296 5770; x_wconf 84' lang='lat' dir='ltr'><strong>gnis</strong></span> <span class='ocrx_word' id='word_1_767' title='bbox 324 5696 627 5753; x_wconf 86' lang='lat' dir='ltr'><strong>causidicus</strong></span> <span class='ocrx_word' id='word_1_768' title='bbox 654 5707 790 5753; x_wconf 86' lang='lat' dir='ltr'><strong>erat.</strong></span> <span class='ocrx_word' id='word_1_769' title='bbox 836 5696 1001 5755; x_wconf 83' lang='lat' dir='ltr'><strong>Nohis</strong></span> <span class='ocrx_word' id='word_1_770' title='bbox 1031 5699 1209 5768; x_wconf 89' lang='lat' dir='ltr'><strong>itaque</strong></span> <span class='ocrx_word' id='word_1_771' title='bbox 1258 5698 1400 5769; x_wconf 85' lang='lat' dir='ltr'><strong>haud</strong></span> <span class='ocrx_word' id='word_1_772' title='bbox 1455 5715 1598 5779; x_wconf 69' lang='lat' dir='ltr'><strong>aegre</strong></span> <span class='ocrx_word' id='word_1_773' title='bbox 1652 5719 1775 5781; x_wconf 81' lang='lat' dir='ltr'><strong>per-</strong></span> 
     </span>
    </p>
   </div>
   <div class='ocr_carea' id='block_1_103' title="bbox 167 5789 1768 5870">
    <p class='ocr_par' dir='ltr' id='par_1_103' title="bbox 167 5789 1768 5870">
     <span class='ocr_line' id='line_1_103' title="bbox 167 5789 1768 5870; baseline 0.005 -23"><span class='ocrx_word' id='word_1_774' title='bbox 167 5789 516 5858; x_wconf 88' lang='lat' dir='ltr'><strong>suadebitur,</strong></span> <span class='ocrx_word' id='word_1_775' title='bbox 545 5805 667 5846; x_wconf 89' lang='lat' dir='ltr'><strong>eum</strong></span> <span class='ocrx_word' id='word_1_776' title='bbox 699 5800 805 5847; x_wconf 87' lang='lat' dir='ltr'><strong>tam</strong></span> <span class='ocrx_word' id='word_1_777' title='bbox 854 5790 1095 5851; x_wconf 74' lang='lat' dir='ltr'><strong>modem</strong></span> <span class='ocrx_word' id='word_1_778' title='bbox 1122 5790 1505 5866; x_wconf 81' lang='lat' dir='ltr'><strong>moderataque</strong></span> <span class='ocrx_word' id='word_1_779' title='bbox 1537 5808 1768 5870; x_wconf 56' lang='lat' dir='ltr'><strong>responc</strong></span> 
     </span>
    </p>
   </div>
   <div class='ocr_carea' id='block_1_104' title="bbox 1883 4674 3473 4737">
    <p class='ocr_par' dir='ltr' id='par_1_104' title="bbox 1883 4674 3473 4737">
     <span class='ocr_line' id='line_1_104' title="bbox 1883 4674 3473 4737; baseline -0.004 -2"><span class='ocrx_word' id='word_1_780' title='bbox 1883 4681 2210 4737; x_wconf 80' lang='lat' dir='ltr'><strong>noverimus.</strong></span> <span class='ocrx_word' id='word_1_781' title='bbox 2247 4698 2266 4730; x_wconf 79' lang='grc' dir='ltr'><strong>ι</strong></span> <span class='ocrx_word' id='word_1_782' title='bbox 2305 4679 2505 4735; x_wconf 77' lang='lat' dir='ltr'><strong>Allutlit</strong></span> <span class='ocrx_word' id='word_1_783' title='bbox 2541 4691 2717 4735; x_wconf 89' lang='lat' dir='ltr'><strong>autem</strong></span> <span class='ocrx_word' id='word_1_784' title='bbox 2769 4679 2833 4733; x_wconf 91' lang='lat' dir='ltr'><strong>ad</strong></span> <span class='ocrx_word' id='word_1_785' title='bbox 2879 4676 3287 4735; x_wconf 85' lang='lat' dir='ltr'><strong>celeberrimum</strong></span> <span class='ocrx_word' id='word_1_786' title='bbox 3344 4674 3473 4730; x_wconf 92' lang='lat' dir='ltr'><strong>illud</strong></span> 
     </span>
    </p>
   </div>
   <div class='ocr_carea' id='block_1_105' title="bbox 1882 4767 3481 4849">
    <p class='ocr_par' dir='ltr' id='par_1_105' title="bbox 1882 4767 3481 4849">
     <span class='ocr_line' id='line_1_105' title="bbox 1882 4767 3481 4849; baseline -0.004 -21"><span class='ocrx_word' id='word_1_787' title='bbox 1882 4773 2149 4844; x_wconf 87' lang='lat' dir='ltr'><strong>adagium,</strong></span> <span class='ocrx_word' id='word_1_788' title='bbox 2180 4776 2321 4844; x_wconf 72' lang='grc' dir='ltr'>γνῶθι</span> <span class='ocrx_word' id='word_1_789' title='bbox 2345 4780 2560 4840; x_wconf 71' lang='grc' dir='ltr'><strong>σεαυτόν,</strong></span> <span class='ocrx_word' id='word_1_790' title='bbox 2591 4792 2609 4825; x_wconf 75' lang='grc' dir='ltr'><strong>ι</strong></span> <span class='ocrx_word' id='word_1_791' title='bbox 2642 4771 2815 4827; x_wconf 88' lang='lat' dir='ltr'><strong>Nosce</strong></span> <span class='ocrx_word' id='word_1_792' title='bbox 2847 4782 2897 4825; x_wconf 90' lang='lat' dir='ltr'><strong>te</strong></span> <span class='ocrx_word' id='word_1_793' title='bbox 2918 4771 3124 4841; x_wconf 56' lang='lat' dir='ltr'><strong>ipsum;</strong></span> <span class='ocrx_word' id='word_1_794' title='bbox 3158 4788 3177 4823; x_wconf 78' lang='grc' dir='ltr'><strong>ι</strong></span> <span class='ocrx_word' id='word_1_795' title='bbox 3206 4767 3349 4849; x_wconf 81' lang='lat' dir='ltr'><strong>quod</strong></span> <span class='ocrx_word' id='word_1_796' title='bbox 3383 4783 3481 4822; x_wconf 88' lang='lat' dir='ltr'><strong>nos</strong></span> 
     </span>
    </p>
   </div>
   <div class='ocr_carea' id='block_1_106' title="bbox 1883 4861 3480 4935">
    <p class='ocr_par' dir='ltr' id='par_1_106' title="bbox 1883 4861 3480 4935">
     <span class='ocr_line' id='line_1_106' title="bbox 1883 4861 3480 4935; baseline -0.005 -14"><span class='ocrx_word' id='word_1_797' title='bbox 1883 4866 2011 4921; x_wconf 85' lang='lat' dir='ltr'><strong>alibi</strong></span> <span class='ocrx_word' id='word_1_798' title='bbox 2058 4866 2127 4922; x_wconf 91' lang='lat' dir='ltr'><strong>ab</strong></span> <span class='ocrx_word' id='word_1_799' title='bbox 2156 4865 2278 4920; x_wconf 86' lang='lat' dir='ltr'><strong>aliis</strong></span> <span class='ocrx_word' id='word_1_800' title='bbox 2302 4864 2539 4929; x_wconf 86' lang='lat' dir='ltr'><strong>Thaleti,</strong></span> <span class='ocrx_word' id='word_1_801' title='bbox 2586 4867 2654 4920; x_wconf 89' lang='lat' dir='ltr'><strong>ab</strong></span> <span class='ocrx_word' id='word_1_802' title='bbox 2677 4866 2797 4919; x_wconf 84' lang='lat' dir='ltr'><strong>aliis</strong></span> <span class='ocrx_word' id='word_1_803' title='bbox 2825 4863 3059 4925; x_wconf 83' lang='lat' dir='ltr'><strong>Chiltnti,</strong></span> <span class='ocrx_word' id='word_1_804' title='bbox 3111 4870 3270 4935; x_wconf 87' lang='lat' dir='ltr'><strong>atque</strong></span> <span class='ocrx_word' id='word_1_805' title='bbox 3316 4861 3480 4913; x_wconf 88' lang='lat' dir='ltr'><strong>etiam</strong></span> 
     </span>
    </p>
   </div>
   <div class='ocr_carea' id='block_1_107' title="bbox 1887 4950 3481 5030">
    <p class='ocr_par' dir='ltr' id='par_1_107' title="bbox 1887 4950 3481 5030">
     <span class='ocr_line' id='line_1_107' title="bbox 1887 4950 3481 5030; baseline -0.006 -18"><span class='ocrx_word' id='word_1_806' title='bbox 1887 4958 2094 5030; x_wconf 64' lang='lat' dir='ltr'><strong>Pythiae</strong></span> <span class='ocrx_word' id='word_1_807' title='bbox 2147 4957 2475 5028; x_wconf 87' lang='lat' dir='ltr'><strong>adscriptum</strong></span> <span class='ocrx_word' id='word_1_808' title='bbox 2528 4951 3166 5025; x_wconf 82' lang='lat' dir='ltr'><strong>annotavimus(Tom.t</strong></span> <span class='ocrx_word' id='word_1_809' title='bbox 3228 4950 3481 5025; x_wconf 80' lang='lat' dir='ltr'><strong>Appurat.</strong></span> 
     </span>
    </p>
   </div>
   <div class='ocr_carea' id='block_1_108' title="bbox 1883 5046 3478 5123">
    <p class='ocr_par' dir='ltr' id='par_1_108' title="bbox 1883 5046 3478 5123">
     <span class='ocr_line' id='line_1_108' title="bbox 1883 5046 3478 5123; baseline -0.004 -16"><span class='ocrx_word' id='word_1_810' title='bbox 1883 5054 1970 5107; x_wconf 88' lang='lat' dir='ltr'><strong>lib.</strong></span> <span class='ocrx_word' id='word_1_811' title='bbox 2002 5069 2081 5119; x_wconf 82' lang='grc' dir='ltr'>ιιι,</span> <span class='ocrx_word' id='word_1_812' title='bbox 2109 5054 2232 5109; x_wconf 84' lang='lat' dir='ltr'><strong>diss.</strong></span> <span class='ocrx_word' id='word_1_813' title='bbox 2263 5052 2320 5116; x_wconf 72' lang='grc'>2,</span> <span class='ocrx_word' id='word_1_814' title='bbox 2351 5070 2467 5121; x_wconf 84' lang='lat' dir='ltr'><strong>cap.</strong></span> <span class='ocrx_word' id='word_1_815' title='bbox 2499 5054 2588 5117; x_wconf 68' lang='grc'>14,</span> <span class='ocrx_word' id='word_1_816' title='bbox 2617 5062 2715 5109; x_wconf 87' lang='lat' dir='ltr'><strong>art.</strong></span> <span class='ocrx_word' id='word_1_817' title='bbox 2745 5051 2801 5117; x_wconf 76' lang='lat'><strong>5,</strong></span> <span class='ocrx_word' id='word_1_818' title='bbox 2833 5066 2953 5123; x_wconf 83' lang='lat' dir='ltr'><strong>pug.</strong></span> <span class='ocrx_word' id='word_1_819' title='bbox 2989 5047 3149 5113; x_wconf 70' lang='lat'><strong>1097;</strong></span> <span class='ocrx_word' id='word_1_820' title='bbox 3173 5057 3219 5101; x_wconf 84' lang='lat' dir='ltr'><strong>et</strong></span> <span class='ocrx_word' id='word_1_821' title='bbox 3245 5063 3361 5117; x_wconf 88' lang='lat' dir='ltr'><strong>cup.</strong></span> <span class='ocrx_word' id='word_1_822' title='bbox 3389 5046 3478 5112; x_wconf 85' lang='lat' dir='ltr'><strong>l9,</strong></span> 
     </span>
    </p>
   </div>
   <div class='ocr_carea' id='block_1_109' title="bbox 1884 5143 2444 5220">
    <p class='ocr_par' dir='ltr' id='par_1_109' title="bbox 1884 5143 2444 5220">
     <span class='ocr_line' id='line_1_109' title="bbox 1884 5143 2444 5220; baseline -0.007 -17"><span class='ocrx_word' id='word_1_823' title='bbox 1884 5157 1983 5203; x_wconf 87' lang='lat' dir='ltr'><strong>art.</strong></span> <span class='ocrx_word' id='word_1_824' title='bbox 2012 5147 2070 5211; x_wconf 74' lang='grc'>6,</span> <span class='ocrx_word' id='word_1_825' title='bbox 2103 5164 2222 5220; x_wconf 82' lang='lat' dir='ltr'><strong>pag.</strong></span> <span class='ocrx_word' id='word_1_826' title='bbox 2260 5143 2444 5220; x_wconf 81' lang='grc'>1170).</span> 
     </span>
    </p>
   </div>
   <div class='ocr_carea' id='block_1_110' title="bbox 1957 5233 3477 5309">
    <p class='ocr_par' dir='ltr' id='par_1_110' title="bbox 1957 5233 3477 5309">
     <span class='ocr_line' id='line_1_110' title="bbox 1957 5233 3477 5309; baseline -0.007 -14"><span class='ocrx_word' id='word_1_827' title='bbox 1957 5238 2121 5295; x_wconf 86' lang='lat' dir='ltr'><strong>Addit</strong></span> <span class='ocrx_word' id='word_1_828' title='bbox 2147 5238 2392 5299; x_wconf 65' lang='lat' dir='ltr'><strong>Caecilius</strong></span> <span class='ocrx_word' id='word_1_829' title='bbox 2419 5236 2559 5308; x_wconf 89' lang='lat' dir='ltr'><strong>quod</strong></span> <span class='ocrx_word' id='word_1_830' title='bbox 2587 5237 2630 5292; x_wconf 86' lang='lat' dir='ltr'><strong>si</strong></span> <span class='ocrx_word' id='word_1_831' title='bbox 2659 5234 2947 5309; x_wconf 87' lang='lat' dir='ltr'><strong>aliquando</strong></span> <span class='ocrx_word' id='word_1_832' title='bbox 2969 5233 3158 5291; x_wconf 88' lang='lat' dir='ltr'><strong>insano</strong></span> <span class='ocrx_word' id='word_1_833' title='bbox 3189 5234 3477 5305; x_wconf 77' lang='lat' dir='ltr'><strong>inepteque</strong></span> 
     </span>
    </p>
   </div>
   <div class='ocr_carea' id='block_1_111' title="bbox 1884 5323 3484 5401">
    <p class='ocr_par' dir='ltr' id='par_1_111' title="bbox 1884 5323 3484 5401">
     <span class='ocr_line' id='line_1_111' title="bbox 1884 5323 3484 5401; baseline -0.01 -10"><span class='ocrx_word' id='word_1_834' title='bbox 1884 5332 2053 5391; x_wconf 86' lang='lat' dir='ltr'><strong>labori</strong></span> <span class='ocrx_word' id='word_1_835' title='bbox 2084 5330 2451 5401; x_wconf 84' lang='lat' dir='ltr'><strong>indulgentes,</strong></span> <span class='ocrx_word' id='word_1_836' title='bbox 2485 5329 2621 5385; x_wconf 88' lang='lat' dir='ltr'><strong>ultra</strong></span> <span class='ocrx_word' id='word_1_837' title='bbox 2650 5326 2966 5384; x_wconf 85' lang='lat' dir='ltr'><strong>humilitatis</strong></span> <span class='ocrx_word' id='word_1_838' title='bbox 2994 5335 3192 5381; x_wconf 80' lang='lat' dir='ltr'><strong>nostrae</strong></span> <span class='ocrx_word' id='word_1_839' title='bbox 3222 5323 3484 5379; x_wconf 76' lang='lat' dir='ltr'><strong>terminos</strong></span> 
     </span>
    </p>
   </div>
   <div class='ocr_carea' id='block_1_112' title="bbox 1884 5413 3480 5495">
    <p class='ocr_par' dir='ltr' id='par_1_112' title="bbox 1884 5413 3480 5495">
     <span class='ocr_line' id='line_1_112' title="bbox 1884 5413 3480 5495; baseline -0.004 -17"><span class='ocrx_word' id='word_1_840' title='bbox 1884 5438 2196 5495; x_wconf 79' lang='lat' dir='ltr'><strong>evagemur,</strong></span> <span class='ocrx_word' id='word_1_841' title='bbox 2222 5422 2364 5477; x_wconf 89' lang='lat' dir='ltr'><strong>hunc</strong></span> <span class='ocrx_word' id='word_1_842' title='bbox 2383 5435 2621 5477; x_wconf 85' lang='lat' dir='ltr'><strong>errorem</strong></span> <span class='ocrx_word' id='word_1_843' title='bbox 2646 5421 2796 5473; x_wconf 87' lang='lat' dir='ltr'><strong>vanis</strong></span> <span class='ocrx_word' id='word_1_844' title='bbox 2822 5415 3291 5487; x_wconf 81' lang='lat' dir='ltr'><strong>formidolosisque</strong></span> <span class='ocrx_word' id='word_1_845' title='bbox 3318 5413 3480 5471; x_wconf 83' lang='lat' dir='ltr'><strong>Chri-</strong></span> 
     </span>
    </p>
   </div>
   <div class='ocr_carea' id='block_1_113' title="bbox 1886 5504 3479 5591">
    <p class='ocr_par' dir='ltr' id='par_1_113' title="bbox 1886 5504 3479 5591">
     <span class='ocr_line' id='line_1_113' title="bbox 1886 5504 3479 5591; baseline -0.006 -21"><span class='ocrx_word' id='word_1_846' title='bbox 1886 5518 2186 5572; x_wconf 86' lang='lat' dir='ltr'><strong>stianorum</strong></span> <span class='ocrx_word' id='word_1_847' title='bbox 2219 5513 2563 5584; x_wconf 86' lang='lat' dir='ltr'><strong>opinionibus</strong></span> <span class='ocrx_word' id='word_1_848' title='bbox 2610 5527 2714 5571; x_wconf 91' lang='lat' dir='ltr'><strong>nou</strong></span> <span class='ocrx_word' id='word_1_849' title='bbox 2745 5526 2871 5568; x_wconf 87' lang='lat' dir='ltr'><strong>esse</strong></span> <span class='ocrx_word' id='word_1_850' title='bbox 2917 5508 3317 5591; x_wconf 74' lang='lat' dir='ltr'><strong>implicandum.</strong></span> <span class='ocrx_word' id='word_1_851' title='bbox 3360 5504 3479 5563; x_wconf 89' lang='lat' dir='ltr'><strong>Non</strong></span> 
     </span>
    </p>
   </div>
   <div class='ocr_carea' id='block_1_114' title="bbox 1884 5601 3480 5680">
    <p class='ocr_par' dir='ltr' id='par_1_114' title="bbox 1884 5601 3480 5680">
     <span class='ocr_line' id='line_1_114' title="bbox 1884 5601 3480 5680; baseline -0.006 -15"><span class='ocrx_word' id='word_1_852' title='bbox 1884 5609 1995 5665; x_wconf 84' lang='lat' dir='ltr'><strong>vult</strong></span> <span class='ocrx_word' id='word_1_853' title='bbox 2023 5625 2153 5680; x_wconf 88' lang='lat' dir='ltr'><strong>ergo</strong></span> <span class='ocrx_word' id='word_1_854' title='bbox 2180 5610 2342 5665; x_wconf 87' lang='lat' dir='ltr'><strong>ullam</strong></span> <span class='ocrx_word' id='word_1_855' title='bbox 2371 5624 2401 5663; x_wconf 89' lang='lat' dir='ltr'><strong>a</strong></span> <span class='ocrx_word' id='word_1_856' title='bbox 2445 5607 2764 5663; x_wconf 81' lang='lat' dir='ltr'><strong>Christianis</strong></span> <span class='ocrx_word' id='word_1_857' title='bbox 2806 5607 2873 5662; x_wconf 90' lang='lat' dir='ltr'><strong>de</strong></span> <span class='ocrx_word' id='word_1_858' title='bbox 2906 5606 3016 5671; x_wconf 82' lang='lat' dir='ltr'><strong>Deo</strong></span> <span class='ocrx_word' id='word_1_859' title='bbox 3045 5604 3310 5675; x_wconf 89' lang='lat' dir='ltr'><strong>rebusque</strong></span> <span class='ocrx_word' id='word_1_860' title='bbox 3338 5601 3480 5669; x_wconf 81' lang='lat' dir='ltr'><strong>divi-</strong></span> 
     </span>
    </p>
   </div>
   <div class='ocr_carea' id='block_1_115' title="bbox 1883 5693 3481 5777">
    <p class='ocr_par' dir='ltr' id='par_1_115' title="bbox 1883 5693 3481 5777">
     <span class='ocr_line' id='line_1_115' title="bbox 1883 5693 3481 5777; baseline 0 -20"><span class='ocrx_word' id='word_1_861' title='bbox 1883 5705 1966 5763; x_wconf 87' lang='lat' dir='ltr'><strong>nis</strong></span> <span class='ocrx_word' id='word_1_862' title='bbox 1992 5704 2195 5767; x_wconf 86' lang='lat' dir='ltr'><strong>institui</strong></span> <span class='ocrx_word' id='word_1_863' title='bbox 2240 5703 2689 5775; x_wconf 85' lang='lat' dir='ltr'><strong>disputationem,</strong></span> <span class='ocrx_word' id='word_1_864' title='bbox 2717 5702 2955 5777; x_wconf 77' lang='lat' dir='ltr'><strong>satisque</strong></span> <span class='ocrx_word' id='word_1_865' title='bbox 2984 5700 3113 5772; x_wconf 81' lang='lat' dir='ltr'><strong>ipsis</strong></span> <span class='ocrx_word' id='word_1_866' title='bbox 3157 5710 3314 5775; x_wconf 66' lang='lat' dir='ltr'><strong>esse.</strong></span> <span class='ocrx_word' id='word_1_867' title='bbox 3347 5693 3392 5759; x_wconf 77' lang='lat' dir='ltr'><strong>Si</strong></span> <span class='ocrx_word' id='word_1_868' title='bbox 3421 5706 3481 5757; x_wconf 72' lang='grc' dir='ltr'>βο</span> 
     </span>
    </p>
   </div>
   <div class='ocr_carea' id='block_1_116' title="bbox 1881 5797 2319 5870">
    <p class='ocr_par' dir='ltr' id='par_1_116' title="bbox 1881 5797 2319 5870">
     <span class='ocr_line' id='line_1_116' title="bbox 1881 5797 2319 5870; baseline -0.009 -15"><span class='ocrx_word' id='word_1_869' title='bbox 1881 5797 2027 5870; x_wconf 86' lang='lat' dir='ltr'><strong>ipsos</strong></span> <span class='ocrx_word' id='word_1_870' title='bbox 2050 5797 2319 5857; x_wconf 84' lang='lat' dir='ltr'><strong>noverint.</strong></span> 
     </span>
    </p>
   </div>
  </div>
