3972 6310
536 288 644 354 413

1784 299 1884 370 oe
1924 296 2180 357 MthlCll
2254 299 2429 361 ocra
2443 305 2549 362 vro
3512 315 3545 369 ς

3728 316 3824 378 lib

607 416 791 488 Magna
817 426 1019 486 autem,
1045 420 1120 476 uti
1148 420 1363 491 quidem
1397 420 1494 493 ipsi
1532 419 1831 489 videbatur,
1861 423 2124 490 Socratis,
2154 423 2207 483 Α
2237 440 2257 476 ι
2289 423 2538 482 Omnium
2576 428 2883 486 testimonio
2908 431 3183 502 professus
3230 442 3352 504 est,
3385 451 3446 495 se
3487 453 3592 496 non
3627 447 3820 498 tantum

535 510 624 578 qui
656 511 837 567 divino
873 512 1092 568 oraculo
1131 511 1408 568 hominum
1455 513 1881 584 sapientissimus
1925 530 2126 570 renun-

535 594 698 659 tiatus
727 607 826 671 est,
856 608 1172 662 auctoritate
1216 607 1658 678 testimoniaque,
1713 608 1843 662 illud
1888 609 2128 666 stabilire

535 705 590 752 et
615 697 934 754 confirmare
962 701 1150 755 nititur
1178 718 1190 754 :
1228 719 1247 754 ‹
1278 699 1334 757 Si
1366 699 1797 773 philosophandi,
1829 704 1934 767 ait,
1962 701 2126 757 libido

533 800 638 860 est,
671 793 964 861 Socratem,
999 795 1275 865 sapientia)
1302 796 1619 867 principem,
1640 796 1868 868 quisque
1889 808 2124 853 vestrum

533 893 712 942 tantus
739 896 839 952 est,
869 889 912 943 si
939 889 1157 958 poterit,
1193 889 1448 946 imitetur.
1504 889 1633 956 Ejus
1689 891 1786 946 viri
1820 892 2030 962 quoties
2058 891 2126 948 de

531 979 843 1036 ctelestibus
894 981 1200 1053 rogabatur,
1259 992 1380 1038 nota
1436 984 1717 1054 responsio
1765 994 1847 1039 est
1903 1002 1916 1038 :
1975 984 2124 1053 Quoo

531 1087 697 1130 suras
718 1090 813 1132 nos
836 1091 980 1132 mnu.
1005 1093 1071 1132 Αι)
1102 1091 1218 1133 uos.
1253 1076 1442 1133 Merito
1469 1093 1595 1149 ergo
1624 1078 1691 1132 de
1718 1079 1936 1134 oraculo
1970 1081 2122 1135 testi-

528 1161 809 1223 tlmonium
857 1169 1050 1225 meruit
1098 1171 1393 1242 prudentiae
1439 1172 1742 1244 singularis.
1800 1173 1952 1242 Quod
1997 1189 2120 1230 ora-

527 1261 704 1317 culum
759 1263 874 1334 ipse
919 1265 1229 1334 praesensit,
1281 1265 1478 1321 idcirco
1522 1265 1785 1322 universis
1827 1281 1949 1323 esse
1981 1283 2119 1337 prac-

530 1354 798 1426 positum,
857 1371 962 1410 non
1013 1357 1152 1428 quod
1185 1358 1362 1412 omnia
1393 1358 1774 1429 comperisset,
1830 1359 1922 1414 sed
1977 1361 2118 1430 quod

525 1449 656 1505 nihil
713 1464 772 1506 se
838 1451 980 1508 seire
1029 1451 1322 1508 didicisset.
1392 1453 1464 1509 lta
1523 1451 1784 1509 confessa:
1842 1453 2119 1524 sapientiae

525 1557 732 1600 summa
763 1544 1042 1615 prudentia
1068 1554 1168 1600 est.
1207 1565 1226 1598 ι

597 1635 722 1691 Haec
747 1645 925 1691 autem
950 1652 979 1692 a
1002 1637 1214 1693 Caecilio
1239 1653 1343 1693 non
1372 1639 1764 1696 inconsiderate
1784 1637 1924 1696 dicta
1954 1640 2118 1698 fuisse

523 1729 650 1786 inde
682 1732 958 1799 probatur,
980 1732 1121 1802 quod
1145 1733 1211 1788 de
1247 1733 1433 1788 eodem
1457 1734 1677 1791 Socrate
1709 1735 1898 1791 Cicero
1927 1735 2116 1791 litteris

2229 519 2427 584 omnia,
2459 521 2554 576 sed
2584 524 2636 578 in
2664 525 2970 581 universum
2999 525 3132 583 nihil
3163 543 3344 599 nosse,
3383 541 3477 587 aut
3503 531 3603 590 hoc
3627 543 3820 592 tantum

2230 626 2290 668 sc
2318 613 2478 680 scire,
2512 615 2655 687 quod
2684 618 2938 674 nesciret.
2975 638 2996 672 ι

2301 703 2670 765 Theodoretus
2695 724 2859 780 porro
2901 711 3184 779 (Theodor.
3216 716 3280 771 de
3319 716 3487 774 Gneo.
3514 718 3688 786 affect.
3734 740 3820 777 crt-

2226 808 2326 854 rat.
2359 817 2512 856 serm.
2542 803 2600 870 2,
2635 822 2753 876 pag.
2773 806 2900 872 488;
2922 807 3046 863 ibid.
3093 826 3245 865 serm.
3267 812 3334 879 4,
3381 832 3504 885 pag.
3537 815 3705 884 551),
3737 819 3819 888 qui

2227 891 2434 965 Pythia:
2464 895 2565 951 hoc
2599 899 2874 954 oraculum
2905 902 3164 970 attribuit,
3213 903 3411 960 alicubi
3453 906 3817 979 XenOphontis

2225 986 2385 1041 verba
2441 987 2604 1044 refert
2660 990 2931 1064 (XenOpIt.
2980 994 3066 1049 lib.
3117 1011 3135 1050 ι
3190 995 3474 1053 Mcmorab.
3524 1018 3644 1072 pag.
3687 1003 3814 1068 710;

2225 1088 2272 1133 et
2301 1079 2386 1134 lib.
2419 1097 2490 1149 tv,
2537 1099 2658 1154 pag.
2695 1084 2824 1154 815)
2849 1127 2862 1150 ,
2907 1086 3099 1154 quibus
3130 1098 3314 1144 narrat
3337 1093 3610 1162 quomodo
3636 1091 3816 1149 Socra-

2225 1180 2308 1228 tes
2368 1175 2634 1245 quoslibet
2687 1177 2932 1235 bomiues
2978 1195 3008 1234 a
3056 1183 3357 1238 caelestium
3411 1183 3814 1260 divinarumque

2226 1263 2404 1322 rerum
2485 1269 2895 1344 investigatione
2963 1273 3385 1344 dehortahatur;
3445 1282 3813 1354 asserebatqnc

2223 1371 2338 1427 eos,
2386 1360 2477 1432 qui
2521 1363 2638 1418 illas
2693 1365 2875 1421 rimari
2923 1369 3274 1438 conabantur,
3323 1383 3414 1426 aut
3460 1372 3639 1429 fatuos
3679 1391 3810 1442 esse,

2222 1460 2314 1506 aut
2359 1455 2410 1508 in
2453 1458 2685 1512 maximo
2732 1458 2973 1516 stultitia:
3022 1462 3281 1531 periculo.
3318 1463 3697 1536 Xenophontis
3723 1484 3812 1523 au~

2223 1555 2328 1602 tem
2357 1548 2516 1603 verba
2548 1551 2752 1622 integra
2783 1552 2835 1608 in
2866 1553 2984 1622 ejus
3013 1554 3166 1610 libris
3187 1598 3202 1622 ,
3251 1565 3308 1612 et
3361 1558 3538 1614 adhuc
3563 1575 3595 1615 a
3622 1561 3813 1633 Cyrillo

2220 1638 2586 1697 Alenutdrino
2641 1641 2846 1714 (Cyrill.
2880 1645 2916 1700 Ι.
2981 1661 3013 1700 v
3053 1657 3231 1703 contra
3258 1647 3460 1705 Julian.
3515 1670 3635 1724 pag.
3671 1654 3810 1723 180),

2221 1739 2276 1787 et
2316 1731 2495 1789 Gellio
2543 1735 2702 1790 citata
2732 1738 2971 1809 reperies
3000 1737 3241 1811 (Gellius.
3292 1742 3380 1796 lib.
3426 1759 3479 1798 iv
3523 1743 3679 1800 Noct.
3713 1749 3812 1801 An.

525 1821 774 1878 similiter
796 1824 1066 1879 mandavit
1098 1843 1111 1881 :
1138 1841 1165 1879 ἰ
1202 1825 1452 1882 Socrates
1481 1828 1609 1882 milii
1638 1827 1863 1897 videtur,
1899 1829 1948 1884 id
1973 1829 2113 1900 quod
2147 1831 2194 1892 Β
2220 1848 2336 1902 cap.
2392 1833 2471 1906 4).
2548 1834 2794 1892 Laertius
2838 1836 3187 1894 nihilominus
3242 1838 3263 1913 (
3295 1839 3469 1898 Laert.
3525 1843 3617 1899 lib.
3673 1860 3730 1907 tt.
3786 1845 3811 1917 ᾗ

525 1924 737 1971 constat
764 1916 901 1971 inter
925 1933 1133 1985 omnes,
1163 1921 1366 1990 primus
1396 1937 1426 1976 a
1457 1921 1617 1977 rebus
1643 1922 1887 1992 occultis,
1939 1934 1991 1978 et
2035 1924 2104 1978 ab

523 2001 638 2071 ipsa
679 2011 866 2059 natura
914 2005 1279 2064 involutis.....
1334 2010 1638 2066 avocavisse
1687 2011 2112 2081 philosophiam,

524 2103 580 2151 et
606 2095 672 2150 ad
700 2096 858 2151 vitam
883 2113 1224 2156 communem
1252 2101 1573 2170 adduxisse;
1606 2113 1662 2158 ut
1711 2103 1780 2160 de
1831 2104 2116 2160 virtutibus

523 2197 572 2244 et
610 2191 770 2256 vitiis,
808 2194 1133 2266 omninoque
1159 2195 1225 2251 de
1254 2195 1407 2253 bonis
1448 2199 1610 2253 rebus
1639 2207 1693 2254 et
1713 2199 1866 2254 ntalis
1895 2213 2118 2270 quaere-

521 2293 647 2340 ret:
675 2287 912 2342 caelestia
940 2298 1118 2344 autem
1147 2298 1240 2345 aut
1278 2291 1462 2362 procul
1494 2277 1615 2348 esse
1658 2307 1689 2346 a
1738 2304 1922 2348 nostra
1973 2292 2117 2364 cogi-

522 2377 722 2434 tatione
775 2390 1051 2446 censeret,
1108 2383 1192 2437 vel
1259 2384 1303 2436 si
1354 2384 1585 2439 maxime
1639 2385 1849 2456 cognita
1901 2392 2112 2451 essent,

520 2468 654 2525 nihil
709 2480 885 2527 tamen
934 2473 1000 2528 ad
1047 2473 1185 2528 bene
1243 2475 1529 2530 vivendum
1576 2476 1845 2532 conferre.
1907 2475 2004 2531 Hic
2059 2477 2114 2532 in

518 2563 768 2620 omnibus
799 2564 910 2620 fere
938 2566 1310 2635 sermonibus,
1343 2569 1432 2639 qui
1474 2568 1543 2622 ab
1566 2568 1666 2635 iis,
1709 2568 1799 2639 qui
1833 2569 1978 2624 illum
2022 2584 2116 2624 au-

518 2656 767 2724 dierunt,
805 2659 1088 2730 perscripti
1145 2661 1323 2728 varie,
1353 2661 1570 2731 cupiose
1599 2671 1744 2726 sunt,
1771 2662 1838 2716 ita
1857 2662 2112 2733 disputat,

521 2759 578 2805 ut
608 2750 738 2805 nihil
783 2752 1015 2808 aftirmet
1044 2753 1178 2823 ipse,
1213 2754 1423 2809 refellat
1472 2754 1607 2809 alios
1639 2772 1654 2808 :
1687 2754 1819 2810 nihil
1870 2770 1928 2811 se
1972 2756 2115 2812 scire

519 2843 682 2912 dicat,
715 2845 814 2900 nisi
857 2847 1118 2918 idipsnm;
1169 2863 1338 2920 eoque
1384 2860 1638 2920 prmstare
1681 2853 1922 2918 czrteris,
1970 2852 2112 2923 quod

519 2935 632 3004 illi,
676 2954 794 3009 quae
825 2942 1095 3005 nesciant,
1151 2942 1290 2997 scire
1341 2957 1399 2998 se
1454 2945 1824 3015 putentzipse
1867 2961 1925 3000 se
1980 2946 2112 3001 nihil

517 3033 658 3088 scire
682 3033 731 3087 id
761 3049 923 3087 unum
959 3035 1126 3100 sciat;
1152 3036 1221 3089 ob
1247 3049 1472 3107 eamque
1502 3052 1615 3092 rem
1662 3051 1722 3093 se
1760 3037 2006 3093 arbitrari
2047 3040 2115 3095 ab

519 3125 772 3196 Apolline
795 3127 1035 3181 omnimn
1069 3128 1524 3198 sapientissimum
1553 3144 1676 3185 esse
1705 3130 1936 3196 dictum,
1971 3131 2113 3203 quod

2221 1929 2289 1984 57
2315 1938 2360 1984 et
2389 1928 2483 2002 45)
2534 1930 2775 2002 ejusdem
2805 1933 3178 2006 Xenophontis
3215 1938 3526 1994 testimonio
3555 1937 3812 2012 (ΧειιοιιΙι.

2219 2020 2307 2076 lib.
2356 2038 2373 2077 ι
2431 2021 2716 2081 Mcmorab.
2773 2044 2894 2098 pag.
2943 2027 3094 2100 726)
3146 2030 3335 2099 probat
3406 2031 3682 2088 Socratem
3750 2032 3814 2088 de

2221 2113 2561 2172 Providentia
2603 2118 2698 2173 Dei
2747 2120 3034 2192 aliquando
3064 2121 3369 2194 disputasse
3409 2140 3424 2178 :
3473 2134 3531 2181 et
3575 2124 3813 2181 laudatas

2219 2207 2288 2262 ab
2313 2222 2380 2264 eo
2411 2208 2785 2282 Xenophontis
2834 2211 2984 2271 locus
3007 2215 3058 2271 in
3094 2216 3262 2289 ipsius
3302 2217 3453 2275 libris
3499 2233 3684 2276 revera
3733 2222 3810 2276 in-

2219 2304 2448 2362 venitur.
2791 2369 2797 2380 ν

2291 2395 2526 2453 Citatum
2575 2399 2788 2458 tandem
2816 2418 2844 2456 a
2873 2402 3092 2460 Caecilio
3140 2405 3378 2477 ejusdem
3420 2407 3659 2466 Socratis
3693 2409 3812 2465 ada-

2217 2489 2362 2559 gium
2395 2509 2409 2546 :
2449 2507 2468 2543 t
2506 2490 2659 2560 Quod
2687 2508 2847 2566 supra
2871 2511 2988 2560 nos,
3021 2496 3152 2552 nihil
3175 2499 3242 2553 ad
3271 2515 3390 2568 nos,
3431 2519 3450 2553 ι
3487 2517 3517 2555 a
3539 2499 3810 2557 Lactantio

2219 2581 2481 2653 (Lactant.
2507 2586 2595 2639 lib.
2617 2603 2695 2653 ιιι,
2736 2588 2800 2642 de
2827 2591 2961 2661 falsa
2982 2590 3218 2662 Sapienl.
3242 2610 3357 2666 cap.
3388 2592 3481 2662 20,
3521 2594 3806 2666 pag.508).

2218 2674 2303 2730 his
2353 2678 2623 2748 profertur
2679 2681 2858 2737 verbis
2909 2703 2921 2739 :
2976 2702 2995 2736 ι
3043 2685 3267 2741 Celebre
3322 2685 3426 2741 hoc
3479 2687 3811 2758 proverbium

2221 2770 2473 2828 Socrates
2496 2773 2681 2830 habuit
2712 2793 2726 2831 :
2759 2775 2912 2846 Quod
2936 2792 3097 2848 supra
3139 2795 3236 2834 nos
3260 2821 3274 2847 ,
3330 2780 3464 2836 nihil
3511 2782 3578 2837 ad
3633 2796 3749 2836 nos.
3789 2802 3806 2835 ι

2222 2861 2578 2937 Hieronymus
2619 2883 2748 2924 vero
2775 2871 2854 2925 sic
2885 2869 3016 2926 illud
3044 2882 3230 2927 contra
3260 2872 3510 2928 Ruﬁnum
3559 2873 3808 2930 adhibet:

2225 2975 2245 3009 ι
2281 2957 2471 3015 Totam
2505 2961 2636 3016 mihi
2666 2963 2941 3034 physicam
2969 2967 3217 3038 opponis,
3261 2976 3320 3022 ut
3345 2967 3539 3023 frustra
3576 2967 3640 3023 ad
3679 2969 3816 3024 ethi-

2218 3066 2335 3106 cam
2366 3054 2634 3111 transiens
2657 3056 2908 3114 Socrates
2929 3059 3125 3115 dixerit
3151 3077 3167 3116 :
3195 3060 3325 3129 Quae
3347 3077 3508 3132 supra
3532 3077 3650 3126 nos,
3685 3061 3812 3118 nihil

2217 3142 2284 3198 ad
2340 3159 2438 3200 uos
2481 3145 2815 3220 (Hierongm.
2844 3151 3112 3222 Apologet.
3151 3153 3351 3208 advers.
3401 3153 3584 3224 Ruﬁn.
3621 3156 3714 3210 lib.
3744 3171 3806 3222 ιι,

520 3215 638 3272 luce
678 3228 826 3274 esset
873 3234 976 3274 una
1007 3220 1182 3275 omnis
1209 3221 1502 3292 sapientia,
1563 3237 1667 3277 non
1698 3222 1944 3278 arbitrari
1992 3239 2111 3279 sese

2221 3238 2366 3310 longe
2395 3250 2509 3310 post
2534 3215 2801 3316 mediani).
2843 3264 2861 3296 ι
2893 3215 3168 3302 Caeterum
3198 3247 3450 3304 Cmcilius
3475 3215 3543 3304 ex
3568 3248 3652 3304 his
3680 3215 3808 3304 con;

515 3310 676 3377 scire,
710 3311 851 3382 quod
907 3314 1109 3369 nesciat
1161 3313 1290 3385 (Cic.
1343 3314 1471 3370 lib.t
1508 3315 1673 3370 Acad.
1696 3325 1878 3386 quiest.
1906 3333 2022 3388 pag.
2057 3318 2110 3384 5,

515 3403 611 3462 lin.
642 3405 732 3470 41,
761 3413 809 3459 et
837 3406 1026 3479 θείη).
1061 3426 1080 3460 ι
1111 3407 1242 3477 Quis
1272 3421 1450 3464 autem
1479 3408 1636 3465 facile
1665 3410 1765 3466 sibi
1799 3411 2109 3481 persuaderi

517 3513 625 3554 non
649 3500 788 3556 sinet
825 3500 938 3557 ha‘c
965 3513 1016 3558 et
1043 3503 1142 3560 alia
1170 3503 1447 3561 Ciceronis
1473 3507 1630 3562 verba
1653 3547 1668 3575 ,
1700 3507 1822 3562 alibi
1861 3523 1891 3562 a
1933 3507 2107 3577 nobis,

518 3594 606 3648 ubi
658 3594 725 3649 de
779 3595 968 3651 eodem
1026 3597 1249 3655 Socrate
1297 3601 1617 3671 agebamus,
1650 3602 1852 3670 relata,
1908 3602 2110 3658 Caecilii

515 3688 674 3744 dictis
701 3691 772 3744 ita
799 3703 1158 3749 consentanea
1191 3709 1346 3761 esse;
1401 3703 1457 3750 ut
1484 3694 1626 3750 hunc
1657 3695 1782 3752 inde
1838 3711 1932 3752 sua
1977 3696 2111 3752 itau—

513 3783 651 3838 sisse
692 3783 830 3838 baud
877 3800 1097 3854 prorsus
1142 3787 1374 3842 absurde
1432 3789 1734 3859 suspicandi
1785 3789 1960 3844 locum
2012 3805 2110 3846 nos

512 3875 713 3932 habere
755 3877 1035 3934 videamur
1077 3879 1265 3954 (Tom.
1300 3896 1336 3936 ιι
1369 3883 1619 3954 Apparat.
1671 3883 1760 3938 lib.
1795 3899 1871 3950 ιιι,
1903 3884 2105 3939 dissert.

509 3971 565 4034 2,
589 3987 706 4040 cap.
738 3972 826 4036 17,
857 3985 957 4027 art.
992 3975 1046 4037 5,
1076 3991 1196 4046 pag.
1227 3976 1387 4043 H55,
1417 3985 1463 4030 et
1483 3975 1682 4049 seqq)?

584 4063 753 4119 Porro
778 4073 953 4121 autem
987 4065 1214 4136 hujusce
1237 4067 1502 4138 Apollinis
1535 4070 1585 4124 in
1619 4069 1856 4126 Socratis
1897 4069 2108 4127 laudem

511 4157 716 4211 oraculi
776 4173 962 4213 rursus
1011 4159 1203 4215 Cicero
1239 4161 1356 4216 aliis
1397 4163 1448 4216 in
1491 4162 1642 4218 libris
1697 4163 1884 4236 (Cicer.
1931 4166 2020 4220 lib.
2048 4167 2111 4219 de

513 4245 718 4304 Senect.
751 4267 872 4322 pag.
899 4253 1024 4318 M7,
1059 4253 1152 4309 lin.
1173 4254 1260 4320 '12;
1291 4264 1336 4307 et
1368 4255 1452 4309 lib.
1488 4256 1552 4309 de
1577 4257 1782 4314 Amicit.
1811 4275 1931 4329 pag.
1965 4258 2103 4328 419i,

510 4341 602 4395 lin.
633 4342 722 4410 45,
755 4353 803 4398 ει
833 4362 951 4416 pag.
999 4346 1112 4412 £29,
1141 4348 1234 4400 lia.
1268 4346 1393 4418 22.)
1421 4390 1435 4415 ,
1489 4349 1781 4405 Pausanias
1837 4349 2099 4422 (Pansan.

507 4433 595 4488 lib.
623 4451 670 4498 ι,
702 4454 822 4508 pag.
854 4437 926 4492 20
955 4437 998 4510 ),
1029 4439 1234 4496 Plinius
1291 4440 1469 4513 (Plin.
1505 4443 1593 4496 lib.
1636 4459 1704 4499 vu
1756 4455 1925 4498 natur.
1964 4443 2103 4500 Hist.

504 4546 623 4599 cap.
655 4531 771 4600 51),
801 4530 1018 4588 Solinus
1067 4533 1263 4605 (Salia.
1297 4552 1411 4607 cap.
1447 4553 1483 4605 t,
1522 4554 1642 4608 pag.
1680 4539 1738 4593 Η
1761 4536 1814 4611 ),
1861 4538 2106 4596 Valerius

2216 3331 2382 3387 cludit
2433 3333 2744 3389 imitandam
2796 3351 2918 3392 esse
2947 3339 3225 3404 Arcesilae,
3275 3338 3591 3405 Carneadis,
3635 3341 3813 3396 Simo-

2217 3422 2375 3492 nidis,
2431 3434 2484 3480 et
2531 3425 2976 3484 Academicorum
3027 3431 3079 3485 in
3107 3433 3354 3500 summis,
3382 3447 3446 3488 ac
3472 3432 3811 3503 potissimum

2214 3515 2280 3570 de
2306 3515 2429 3584 diis,
2461 3525 2627 3573 tutam
2661 3518 3070 3584 dubitationem.
3111 3522 3276 3579 Vides
3300 3534 3448 3581 certe
3474 3526 3668 3596 quibus
3697 3526 3814 3580 fun-

2214 3597 2478 3664 damcnlis
2504 3610 2704 3666 nitatur
2733 3612 2848 3669 haec
2895 3612 3131 3682 Caecilii,
3179 3618 3292 3672 sive
3341 3617 3539 3674 ethnici
3579 3620 3810 3675 hominis

2211 3703 2622 3770 argumentatio.
2673 3702 2791 3759 Jam
2832 3720 2960 3762 vero
3004 3707 3131 3780 quid
3190 3708 3257 3765 ad
3303 3724 3422 3766 eam
3489 3711 3812 3782 respondeat

2212 3794 2463 3851 Octavius
2480 3837 2495 3865 ,
2529 3798 2918 3856 examinemus.

2818 4085 3111 4130 ADTICULUS
3150 4088 3228 4134 Illo

2211 4245 2558 4317 Expommtnr
2585 4246 2782 4304 Octarii
2800 4267 3073 4322 responsa,
3101 4253 3284 4324 quibus
3321 4255 3588 4326 superiora
3613 4253 3814 4310 (Im-itii

2631 4355 2929 4414 argumenta
2957 4346 3108 4400 diluit
3135 4357 3183 4402 et
3203 4349 3396 4404 evertit.

2283 4544 2503 4600 Fatetur
2525 4545 2738 4617 quidem
2768 4545 3040 4612 Octavius.
3068 4563 3129 4605 ac
3175 4549 3392 4607 Cmcilio
3420 4551 3673 4608 concedit
3715 4552 3815 4607 ho-

503 4622 766 4677 Maximus
795 4623 1002 4697 (Valer.
1045 4624 1193 4680 Max.
1226 4627 1315 4682 lib.
1352 4643 1429 4695 ιιι,
1468 4645 1582 4699 cap.
1604 4627 1683 4702 4),
1717 4629 1914 4701 aliique
1944 4648 2103 4703 quam
2129 4638 2183 4698 D
2209 4637 2408 4694 minem
2452 4653 2610 4694 nosse
2655 4655 2714 4694 se
2743 4641 2914 4711 ipsum
2949 4641 3147 4698 debere
3169 4686 3185 4710 ,
3240 4656 3400 4715 atque
3451 4655 3661 4702 attento
3713 4650 3816 4703 cir.

505 4717 686 4786 plures
719 4717 1039 4771 meminere.
1086 4718 1330 4775 Laertius
1377 4737 1505 4776 vero
1535 4721 1664 4776 illud
1715 4724 1792 4779 sic
1844 4740 1872 4778 τι
1915 4724 2103 4797 Pythia

503 4809 681 4867 lusum
715 4821 941 4868 testatur
964 4829 978 4866 :

752 4932 899 4994 Ᾱνδρῶν
917 4943 1085 4983 ἁπάντων
1108 4945 1294 4996 Scapti”);
1318 4947 1540 4997 σοφώτατος·

658 5012 929 5064 Mortaliqu
951 5016 1164 5080 omnium
1189 5017 1419 5080 Socrates
1444 5019 1848 5080 sapientissimus.

1053 5077 1242 5141 (Laert.
1269 5079 1304 5128 l.
1329 5095 1360 5128 ιι
1409 5083 1457 5130 in
1490 5077 1584 5132 Vit.
1614 5084 1752 5134 Socr.
1772 5083 1798 5146 §
1819 5084 1924 5146 57.)

505 5180 708 5254 Martyr
751 5193 929 5240 autem
961 5186 1203 5243 Justinus
1245 5187 1473 5262 (Justin.
1509 5189 1772 5248 Cohortat.
1816 5193 1884 5247 ad
1933 5192 2098 5248 ϐιαιο.

504 5291 626 5346 pag.
652 5274 1030 5348 53),eamdem
1054 5297 1116 5337 ac
1144 5283 1387 5339 Caecilius
1428 5296 1483 5340 et
1527 5285 1734 5350 Cicero.
1769 5287 1929 5358 hujus
1982 5305 2104 5345 ora-

503 5368 608 5423 culi
647 5372 907 5426 rationem
942 5375 1179 5444 protulit.
1237 5375 1506 5433 Lucianus
1547 5394 1675 5434 vero
1720 5379 1972 5450 (Lucian.
2040 5381 2104 5436 de

503 5461 694 5528 Saltat.
754 5480 874 5535 pag.
932 5467 1062 5532 507;
1105 5467 1244 5524 Dial.
1293 5470 1470 5526 Amor.
1518 5489 1643 5544 pag.
1689 5473 1818 5540 585;
1863 5485 1910 5528 et
1957 5474 2098 5530 Dial.

500 5553 564 5612 de
609 5553 795 5621 Sectis,
856 5573 978 5629 pag.
1030 5561 1181 5631 5M),
1242 5573 1525 5634 postquam
1575 5565 1715 5620 illius
1771 5567 2099 5624 mentionem

498 5647 666 5722 semel
697 5658 856 5718 atque
885 5650 1075 5717 iterum
1117 5655 1259 5722 fecit,
1290 5656 1356 5711 de
1394 5658 1625 5726 ipsumet
1646 5658 1868 5734 Sperate
1901 5661 2015 5734 haec
2047 5664 2100 5719 in

500 5739 664 5795 verba
696 5740 930 5810 loquitur
953 5761 966 5796 ε
993 5733 1059 5805 ὅς
1089 5753 1331 5819 ἰκςκροὶγει
1358 5761 1468 5822 πρὸς
1496 5735 1735 5821 ἅπαντάς,
1769 5759 1856 5822 aiax
1879 5733 2005 5819 ὃπὼς
2028 5782 2100 5825 μγι

499 5838 654 5890 πάντα
684 5839 811 5896 ἀλλὰ
829 5837 943 5906 μήδ’
968 5843 1083 5904 ὅλως
1106 5844 1274 5902 sidiam
1297 5845 1365 5911 τὶ,
1388 5851 1414 5905 ἢ
1444 5851 1580 5905 τοῦτο
1608 5849 1763 5917 μόνον,
1781 5854 1857 5908 ὃτι
1879 5854 1960 5908 ὂυκ
1985 5849 2100 5910 οἵδε.

2209 4732 2544 4802 cumspicere
2581 4732 2782 4800 auium,
2835 4735 2962 4804 quid
2993 4735 3125 4806 ipse,
3177 4746 3232 4792 et
3286 4738 3426 4793 unde
3471 4740 3565 4804 sit,
3627 4751 3813 4795 utrum

2209 4838 2273 4879 ex
2302 4824 2604 4889 elementis,
2648 4825 2728 4880 vel
2758 4827 2953 4882 atomis
2975 4839 3256 4883 concretus
3279 4871 3293 4894 ,
3327 4829 3408 4885 vel
3434 4845 3463 4884 a
3489 4829 3600 4885 Deo
3646 4832 3818 4887 factus

2211 4925 2266 4971 et
2297 4927 2529 4972 creatus.
2563 4916 2670 4974 Sed
2711 4917 2830 4984 hoc,
2868 4919 3058 4990 inquit,
3088 4921 3154 4976 ab
3179 4921 3273 4977 illo
3300 4923 3426 4978 sciri
3470 4939 3577 4980 non
3605 4937 3814 4995 potest,

2212 5011 2316 5066 nisi
2348 5011 2513 5068 Deum
2535 5021 2842 5084 cognoscat.
2895 5013 3099 5069 Deinde
3125 5031 3252 5071 vero
3297 5018 3432 5073 sicut
3460 5029 3664 5074 caetera
3696 5022 3817 5076 ani-

2207 5105 2407 5160 mantia
2437 5120 2622 5175 prona,
2673 5113 2835 5176 atque
2873 5104 2942 5160 ad
2987 5105 3261 5174 hocuata,
3314 5120 3368 5163 ut
3414 5110 3588 5164 soluat
3646 5115 3821 5182 palm-

2205 5198 2425 5268 tumque
2460 5197 2820 5268 consliiciant;
2872 5197 2941 5251 ita
2974 5196 3136 5253 homo
3189 5199 3389 5255 vultum
3433 5203 3734 5260 sublimem
3766 5215 3820 5260 et

2207 5299 2443 5346 erectum
2474 5288 2656 5356 habet,
2707 5298 2765 5345 ut
2793 5289 2939 5345 humi
2995 5305 3101 5346 non
3149 5302 3320 5363 repat,
3369 5294 3462 5349 sed
3506 5299 3819 5354 attollendo

2206 5383 2273 5439 ad
2304 5384 2501 5439 caelum
2534 5384 2746 5450 oculos,
2777 5400 3101 5456 omnemque
3128 5385 3313 5440 mundi
3368 5397 3616 5443 ornatum
3679 5408 3816 5462 con-

2208 5477 2547 5552 templanda,
2599 5477 2664 5531 ad
2732 5477 2826 5532 Dei
2881 5479 3163 5549 perveniat
3225 5480 3611 5557 cognitionem.
3673 5486 3815 5553 Quid

2205 5587 2354 5643 vero,
2389 5571 2528 5647 quod
2561 5571 2643 5627 fas
2690 5572 2765 5626 illi
2812 5563 2916 5628 non
2966 5583 3066 5642 est,
3101 5575 3430 5646 ingerentem
3485 5591 3610 5632 sese
3642 5580 3818 5633 oculis

2205 5665 2559 5736 sensibusque
2621 5665 2822 5720 nostris
2880 5664 3116 5746 divinam
3156 5661 3416 5737 ignorare
3463 5671 3818 5726 claritatem?

2204 5759 2334 5827 Quae
2363 5759 2506 5815 enim
2537 5759 2692 5827 infra,
2723 5759 2888 5825 circa,
2929 5776 3200 5838 supraque
3251 5762 3452 5842 ipsum,
3506 5780 3631 5840 qua:
3690 5775 3817 5843 ante

2205 5843 2370 5926 pedes
2419 5866 2566 5920 suos,
2601 5861 2656 5910 et
2683 5851 2734 5911 in
2762 5849 2886 5911 caeli
2928 5853 3099 5926 plagis
3124 5865 3247 5914 sunt
3273 5850 3475 5927 posita,
3511 5857 3557 5914 si
3606 5855 3814 5914 lusus.
