4058 6316
240 304 360 362 417

1629 288 2103 351 DlSSERTATlO.

3449 299 3555 359 418

244 416 424 479 verit;
455 421 565 469 tum
586 412 731 468 illico
759 409 1095 482 apertissime
1134 409 1430 481 comperiet
1473 423 1594 465 esse
1633 409 1850 480 aliquod
1879 407 1929 468 A
2029 409 2199 464 Porro
2224 417 2403 466 autem
2441 408 2704 467 Minucius
2731 419 2887 469 acute
2913 413 3134 469 omnino
3173 424 3228 469 et
3254 417 3422 471 facete
3452 416 3555 473 So-

245 507 712 580 prtestantissimte
741 505 934 561 mentis
965 519 1183 570 numen,
1233 519 1261 557 a
1290 518 1396 574 quo
1445 512 1627 558 creata
1675 502 1852 556 omnis

245 613 446 657 natura
475 611 740 664 movetur,
794 598 956 653 alitur
984 605 1037 652 et
1067 597 1415 668 gubernatur.
1476 596 1542 651 Et
1575 595 1676 649 hoc
1732 594 1848 666 qui-

243 695 380 752 dem
403 712 466 752 ex
493 696 662 764 primo
693 692 969 749 Ciceronis
995 693 1060 745 de
1085 689 1286 745 Natura
1320 689 1539 746 Deorum
1567 688 1703 744 libro
1728 703 1851 744 eum

243 787 589 860 decerpsisse
605 787 715 857 jam
745 785 994 841 vidimus.
1021 781 1308 839 ChriStiani
1329 783 1488 854 igitur
1519 783 1568 837 id
1601 789 1853 837 constan-

244 882 466 938 tissime
493 888 798 937 asserentes
821 920 836 945 ,
865 877 1029 934 nullis
1068 892 1128 934 se
1165 877 1317 932 vanis
1346 887 1438 932 aut
1485 873 1852 932 formidolosis

244 973 597 1043 opinionibus
618 972 984 1043 implicabant.

324 1066 410 1122 Ab
455 1066 662 1133 objecta
691 1081 824 1121 vero
848 1065 1086 1122 Socratis
1111 1063 1427 1120 auctoritate
1471 1063 1560 1121 ille
1586 1063 1850 1120 facillime

245 1176 311 1218 se
335 1175 397 1217 se
422 1159 654 1230 expedit,
681 1168 736 1215 et
771 1174 890 1215 eam
919 1156 1254 1228 paucissimis
1301 1157 1480 1214 verbis
1509 1158 1708 1223 elevat,
1739 1158 1853 1228 pla-

244 1268 430 1324 neque
454 1251 688 1308 conficit.
724 1251 1014 1322 Postquam
1049 1251 1195 1307 enim
1223 1250 1413 1318 multa,
1461 1251 1654 1322 quibus
1684 1251 1851 1306 Deum

244 1346 488 1403 existere
513 1345 851 1416 probaverat,
878 1353 1025 1400 certa
1055 1358 1177 1400 esse
1207 1343 1553 1406 ostendisset,
1585 1353 1694 1398 tum
1716 1359 1849 1400 con-

247 1441 406 1495 tinuo
433 1439 549 1495 haec
578 1438 771 1510 adjecit
795 1458 809 1496 :
845 1459 864 1493 ι
898 1439 1131 1496 Proinde
1156 1440 1406 1496 Socrates
1430 1452 1614 1494 scurra
1640 1436 1851 1492 Atticus

250 1533 472 1600 viderit,
505 1532 640 1589 nihil
664 1548 724 1590 se
745 1534 886 1590 scire
910 1534 1215 1599 confessus,
1245 1531 1553 1588 testimonio
1582 1529 1708 1586 licet
1738 1527 1854 1583 fal-

246 1628 508 1684 lacissimi
552 1628 812 1684 daemonis
861 1628 1147 1699 gloriosus.
1185 1646 1205 1681 »
1235 1625 1347 1684 Nec
1392 1627 1462 1682 ibi
1509 1625 1724 1697 quidem
1761 1622 1852 1678 ille

246 1722 429 1793 plura,
457 1721 552 1778 sed
575 1737 694 1792 qua:
739 1721 952 1778 abunde
1003 1719 1275 1776 sufficiunt
1303 1717 1372 1774 ad
1402 1733 1465 1774 ea
1490 1717 1667 1773 omnia
1696 1716 1851 1789 peni-

1956 510 2156 558 cratem
2188 503 2338 558 illum
2383 505 2636 575 corripit.
2689 505 2778 576 qui
2825 507 2893 562 de
2933 508 3197 576 Apollinis
3246 512 3556 567 tcStimonio

1954 594 2298 666 gloriabatur.
2343 595 2699 653 Fallacissimi
2743 600 2940 671 quippe
2971 601 3232 657 dmmonis
3275 604 3554 658 oraculum

1955 698 2090 755 erat,
2123 689 2264 761 quod
2293 706 2422 746 sane
2444 692 2585 746 sicut
2611 701 2666 748 et
2707 694 2810 748 alia
2836 695 2906 749 ab
2931 694 3163 752 ethnicis
3187 697 3456 768 jactitata,
3488 699 3556 756 ab

1955 782 2131 853 impiis
2157 783 2488 839 daemonibus
2509 784 2682 841 fusum
2713 786 3119 859 profectumque
3151 791 3338 853 fuisse.
3361 808 3556 861 quem-

1955 873 2240 930 admodum
2280 875 2415 932 infra
2475 877 2806 944 videbimus,
2854 879 3212 942 demonsu'a'.
3252 882 3407 940 Unde
3453 900 3555 956 0p-

1957 967 2086 1022 time
2127 967 2342 1038 quidem
2393 967 2756 1026 Tertullianus
2805 971 2858 1026 iu
2911 972 3016 1028 hoc
3063 974 3237 1044 ipsum
3288 976 3553 1046 Apollinis

1954 1059 2259 1126 oraculum,
2290 1075 2418 1132 quo,
2452 1061 2650 1134 inquit,
2689 1083 2708 1115 ‹
2743 1064 3020 1122 Socratem
3051 1067 3240 1138 Apollo
3265 1069 3555 1139 sapientis-

1954 1151 2146 1208 simum
2175 1157 2413 1209 omnium
2445 1155 2674 1223 cecinit,
2705 1156 2784 1212 sic
2811 1158 3077 1213 exclamat
3107 1177 3119 1214 :
3165 1159 3210 1215 Ο
3250 1143 3556 1231 Apollinem

1956 1248 2450 1304 inconsideratum!
2498 1250 2788 1321 Sapientiae
2828 1253 3193 1310 testimonium
3239 1255 3476 1312 reddidit
3500 1256 3553 1313 ei

1955 1341 2098 1406 viro,
2130 1344 2217 1412 qui
2238 1343 2611 1414 negabatdeos
2634 1359 2755 1402 esse
2783 1344 3026 1417 (Tertull.
3057 1347 3275 1420 Apolog.
3317 1366 3434 1422 cap.
3459 1350 3550 1420 16,

1956 1450 2077 1504 pag.
2106 1435 2219 1506 40).
2260 1454 2279 1488 ›

2026 1529 2262 1584 Socratis
2309 1529 2487 1601 itaque
2536 1532 2858 1588 auctoritate
2909 1533 2988 1588 sic
3030 1549 3259 1604 eversa,
3331 1537 3552 1596 citatum

1955 1621 2148 1679 deinde
2176 1638 2204 1678 a
2232 1623 2447 1679 Caecilio
2491 1625 2774 1691 Arcesilae,
2835 1625 3159 1695 Carneadis,
3216 1629 3552 1703 aliorumque

1957 1719 2400 1775 Academicorum
2431 1720 2793 1775 testimonium
2820 1721 2973 1790 plane
3001 1724 3316 1794 penitusque
3336 1734 3554 1781 corruat

245 1825 338 1871 tus
363 1814 707 1880 destruenda,
741 1830 860 1886 qua:
884 1829 953 1870 ex
981 1814 1219 1870 Socratis
1246 1812 1566 1868 auctoritate
1591 1810 1845 1881 decerpta
1873 1813 1922 1875 B
1951 1826 2171 1868 necesse
2199 1821 2301 1868 est.
2347 1812 2480 1867 Nam
2510 1811 2563 1866 hi
2582 1854 2597 1878 ,
2631 1814 2770 1868 sicut
2812 1821 2867 1868 et
2896 1814 3010 1886 ipse
3048 1814 3294 1871 Caecilius
3326 1818 3550 1884 fatetur,

244 1919 408 1966 erant
449 1906 665 1965 Caecilio
687 1908 829 1964 enim
855 1907 1084 1964 libenter
1130 1907 1348 1978 largitur
1375 1905 1651 1960 Socratem
1683 1919 1741 1959 se
1766 1903 1847 1959 ni-

245 2003 325 2058 hil
353 2004 492 2059 seire
533 2002 838 2058 confessum
883 2002 1098 2073 quidem
1130 2016 1270 2066 esse,
1303 2000 1396 2056 sed
1430 1999 1624 2056 ibidem
1651 1999 1848 2054 asserit

244 2095 403 2152 illum
434 2096 598 2152 fuisse
635 2114 655 2148 ι
687 2110 930 2152 scurram
952 2095 1207 2150 Atticum.
1240 2113 1259 2147 ι
1286 2094 1402 2160 Quo
1423 2103 1601 2148 autem
1629 2101 1849 2148 auctore

243 2191 300 2246 id
332 2190 550 2256 dixerit,
583 2190 626 2245 si
652 2203 882 2260 quaeras.
904 2187 998 2244 tibi
1026 2186 1372 2260 respondebit
1390 2184 1583 2242 Cicero
1622 2201 1744 2242 eum
1776 2183 1848 2239 ita

243 2301 275 2341 a
301 2286 524 2342 Zenone
562 2285 888 2356 appellatum
920 2301 934 2338 :
962 2282 1107 2339 Zeno
1133 2281 1373 2354 quidem,
1405 2282 1593 2352 inquit,
1624 2295 1728 2335 non
1755 2294 1849 2336 eos

242 2382 424 2437 solum
454 2381 542 2450 qui
576 2390 688 2435 tum
719 2388 894 2446 erant,
922 2377 1328 2449 Apollodorum,
1353 2376 1560 2449 Syllum
1595 2384 1850 2432 caeteros-

242 2491 353 2548 que
378 2477 572 2546 ﬁgebat
598 2473 896 2530 maledictis
926 2471 1057 2528 :sed
1089 2472 1368 2528 Socratem
1415 2471 1609 2542 ipsum,
1655 2484 1848 2540 paren-

245 2579 356 2625 tem
381 2567 752 2640 philos0phia3,
779 2567 943 2621 latino
964 2566 1128 2622 verbo
1151 2575 1328 2631 utens,
1349 2579 1586 2620 scurram
1612 2563 1848 2618 Atticum

245 2662 416 2717 fuisse
435 2660 649 2715 dicebat
679 2659 697 2731 (
729 2661 834 2736 (lic.
885 2657 972 2714 lib.
1013 2674 1052 2725 ι,
1077 2657 1140 2712 de
1166 2654 1357 2711 Natur.
1395 2656 1550 2709 Deor.
1580 2674 1700 2727 pag.
1723 2656 1850 2725 209,

246 2757 345 2812 lin.
380 2753 458 2827 9).
503 2776 522 2809 ι
554 2755 889 2827 Quapropter
915 2754 1223 2811 Laclantius
1248 2753 1387 2808 hanc
1417 2753 1584 2825 ipsam
1617 2753 1668 2807 in
1696 2767 1809 2808 rem
1836 2792 1852 2816 ,

242 2849 441 2906 eodem
473 2848 690 2905 Zenone
710 2851 894 2916 citato,
920 2848 1004 2904 his
1031 2848 1308 2904 Socratem
1340 2847 1519 2903 verbis
1561 2847 1793 2917 exagitat
1836 2863 1850 2901 :

248 2961 269 2996 ι
283 2942 390 2998 Per
400 2958 587 2998 canem
603 2952 655 2997 et
667 2957 912 2998 anserem
928 2941 1223 3012 dejerebat.
1241 2941 1285 2998 Ο
1302 2940 1570 2996 hominem
1589 2953 1851 3008 scurram,

243 3047 303 3095 ut
324 3039 404 3092 ait
432 3037 578 3094 Zeno
623 3036 937 3109 Epicureus,
994 3038 1255 3106 ineptum,
1290 3034 1576 3106 perditum,
1605 3035 1856 3107 despera-

244 3144 382 3199 tum,
407 3135 451 3189 si
475 3134 712 3189 cavillari
737 3133 903 3187 voluit
950 3130 1258 3202 religionem
1282 3148 1296 3198 ;
1324 3131 1651 3195 dementem,
1681 3131 1724 3185 si
1753 3129 1855 3185 hoc

1948 1903 2186 1962 Socratis
2218 1905 2464 1975 discipuli
2507 1905 2753 1972 fuerunt,
2781 1907 3132 1980 ejusdemque
3161 1911 3432 1980 opinionis
3467 1925 3556 1966 as-

1949 2008 2186 2054 scrtores
2222 2017 2235 2052 :
2272 2017 2290 2050 ι
2326 1997 2439 2052 lloc
2465 1999 2640 2053 fonte»
2676 1996 2877 2054 Caecilii
2904 2002 3066 2057 verba
3109 2011 3266 2070 sunt,
3301 2002 3558 2059 «deﬂuxit

1951 2091 2225 2157 Arcesilae,
2254 2100 2309 2146 et
2337 2090 2506 2146 multo
2532 2101 2651 2160 post
2671 2090 2964 2148 Carneadis
2983 2134 2996 2156 ,
3025 2102 3080 2149 et
3106 2094 3554 2152 Academicorum

1951 2184 2301 2255 plurimorum
2343 2183 2396 2237 in
2429 2184 2655 2238 summis
2683 2185 3073 2254 quzestionibus
3100 2196 3210 2242 tuta
3243 2187 3503 2244 dubitatio
3538 2206 3553 2244 :

1951 2291 2058 2346 quo
2084 2291 2282 2347 genere
2313 2275 2684 2346 philosophari
2713 2285 2766 2332 et
2794 2285 2951 2333 caute
2984 2278 3188 2334 indocti
3222 2290 3467 2350 possunt,
3502 2291 3558 2339 et

1952 2369 2093 2426 docti
2122 2370 2374 2441 gloriose.
2411 2389 2430 2422 ι
2467 2369 2615 2425 Hanc
2640 2378 2818 2425 autem
2850 2371 3128 2438 Arcesiltn,
3158 2372 3471 2440 Carneadis,
3505 2384 3560 2432 et

1953 2463 2177 2519 aliorum
2217 2462 2659 2519 Aeademicorum
2700 2463 3006 2533 opinionem
3049 2465 3352 2523 clarissime
3383 2468 3560 2538 ettpli-

1954 2566 2038 2612 cat
2063 2556 2272 2622 Cicero,
2301 2555 2395 2612 lib.
2425 2572 2483 2612 ut
2518 2557 2587 2612 de
2612 2554 2762 2613 Orat.
2795 2573 2918 2629 pag.
2960 2558 3098 2623 195;
3148 2559 3242 2615 lib.
3275 2577 3312 2617 ll
3353 2562 3421 2618 de
3469 2563 3562 2618 Fi-

1955 2651 2064 2706 nib.
2096 2665 2215 2720 pag.
2249 2650 2319 2705 58
2354 2666 2368 2703 :
2397 2650 2470 2705 lib
2499 2665 2558 2705 ιιι
2599 2649 2666 2706 de
2711 2647 2865 2706 Offic.
2898 2665 3020 2722 pag.
3054 2651 3161 2708 590
3188 2671 3202 2709 :
3226 2653 3295 2709 de
3329 2653 3559 2711 Divinat.

1955 2743 2049 2799 lib.
2084 2759 2141 2804 ll,
2187 2757 2308 2812 pag.
2353 2742 2454 2798 501
2496 2759 2510 2798 :
2549 2744 2821 2814 praecipue
2870 2743 3005 2799 lib.t
3055 2745 3310 2802 Academ.
3362 2757 3560 2819 qutesl.

1957 2853 2076 2908 pag.
2107 2838 2201 2905 10,
2231 2848 2286 2895 et
2315 2838 2408 2895 lib.
2439 2853 2516 2906 tv,
2558 2854 2678 2910 pag.
2708 2838 2798 2903 15,
2834 2837 2940 2907 id,
2973 2849 3028 2895 et
3066 2856 3256 2912 seqq.;
3285 2850 3340 2898 et
3369 2843 3564 2914 Dioge-

1958 2947 2057 2988 nes
2082 2931 2330 2988 Laertius
2391 2933 2484 2988 lib.
2511 2949 2564 2988 ιν
2610 2933 2678 2990 de
2709 2933 2814 2989 Vit.
2854 2944 2910 2991 et
2952 2935 3197 3007 Dogmat.
3250 2937 3562 3010 Pbilosoph.

1959 3024 2046 3080 ubi
2078 3025 2355 3096 utriusque
2387 3026 2641 3081 Arcesila:
2683 3035 2740 3082 et
2782 3025 3076 3084 Carneadis
3115 3030 3280 3086 vitam
3321 3031 3559 3102 scripsit.

1959 3119 2287 3187 Augustinus
2329 3119 2422 3176 lib.
2450 3136 2541 3176 xu:
2580 3119 2649 3176 de
2703 3121 2921 3178 Civitat.
2974 3138 3092 3193 cap.
3126 3125 3193 3182 18
3214 3166 3230 3193 ,
3259 3136 3314 3181 et
3345 3126 3438 3182 lib.
3470 3143 3562 3197 ιιι,

242 3226 392 3280 serio
425 3225 570 3290 fecit,
591 3223 862 3280 utanimal
887 3223 1251 3295 turpissimum
1277 3237 1372 3292 pro
1395 3223 1506 3278 Deo
1530 3221 1793 3278 habuerit.
1826 3240 1845 3274 ι
1884 3212 1930 3276 C
1963 3223 2106 3270 cont.
2148 3214 2406 3271 Academ.
2446 3230 2566 3286 pag.
2599 3215 2727 3271 28L
2756 3215 2960 3273 Gellius
2987 3217 3082 3274 lib.
3115 3235 3167 3274 χι
3206 3218 3360 3276 Noct.
3395 3221 3560 3278 Attic.

246 3318 518 3390 (Lactant.
549 3319 634 3374 lib.
665 3335 723 3374 ιιι
750 3320 812 3373 de
837 3319 970 3389 falsa
1015 3317 1248 3389 Sapient.
1276 3333 1392 3388 cap.
1417 3317 1506 3382 20,
1533 3333 1653 3388 pag.
1705 3315 1858 3387 509.)

243 3412 320 3469 ita
355 3413 574 3485 quidem
603 3413 692 3470 ille
743 3422 890 3469 certe
920 3412 1106 3482 probat
1148 3410 1424 3467 Socratem
1449 3411 1572 3480 jure
1618 3412 1810 3466 merito
1839 3451 1856 3478 ,

244 3522 276 3562 a
304 3508 548 3574 Zenone,
599 3507 843 3578 quamvis
874 3505 1158 3576 Epicureo,
1213 3520 1451 3560 scurram
1482 3503 1804 3574 appellatum
1840 3520 1855 3570 ;

243 3602 683 3676 quandoquidem
715 3602 759 3657 si
795 3617 892 3673 per
939 3615 1126 3656 canem
1157 3609 1211 3654 et
1236 3612 1481 3654 anserem
1505 3597 1691 3670 jocose
1713 3597 1860 3668 jura-

245 3697 344 3761 vit,
379 3695 692 3765 religionem
723 3694 908 3759 irrisit,
950 3702 1004 3748 et
1031 3691 1310 3748 cavillatus
1339 3697 1440 3746 est.
1475 3687 1528 3744 Si
1557 3701 1734 3743 autem
1765 3703 1856 3745 se-

246 3789 354 3856 rio,
389 3787 616 3843 demens
646 3786 890 3858 profecto
916 3783 1042 3848 fttit,
1079 3783 1167 3853 qui
1211 3780 1578 3852 turpissimum
1617 3782 1856 3847 animal,

247 3897 361 3936 non
409 3893 568 3936 secus
595 3889 758 3950 atque
805 3875 1076 3949 Egyptii,
1124 3889 1248 3946 pro_
1272 3873 1382 3929 Deo
1426 3873 1677 3928 habebat.
1727 3874 1858 3930 inde

249 3975 436 4045 procul
469 3973 632 4030 dubio
668 3971 861 4029 Timon
891 3971 945 4027 in
972 3969 1120 4027 Sillis
1166 3968 1309 4024 hunc
1351 3966 1727 4039 philosophum
1772 3969 1857 4024 his

248 4068 497 4143 depinxit
521 4067 767 4124 versibus
794 4083 808 4121 :

507 4166 560 4214 ῆι
580 4169 617 4212 δ’
632 4168 705 4224 ἄρα
727 4177 797 4211 τῶν
818 4171 986 4210 ἆτίιλινι
1006 4169 1187 4217 λιθοξόος,
1210 4169 1482 4219 imponant.

505 4229 670 4285 ἐῐλλήνων
693 4230 879 4281 ιπαουδὸς,
900 4233 1160 4286 ἀκριϐολόγους
1181 4233 1388 4284 ἀποφήνας,

504 4301 655 4350 “uti?
678 4299 959 4350 ῥητορόμυκτος,
976 4296 1193 4350 imae-mibi,
1218 4295 1437 4350 alacritas-4;.

314 4350 486 4401 Fluxit
507 4346 661 4399 abhis
683 4346 950 4412 legumque
975 4347 1152 4410 loquax
1177 4346 1491 4412 lapidumque
1520 4346 1716 4410 politor,

315 4415 600 4464 Graecorum
627 4409 779 4465 vates.
807 4409 1188 4473 itn‘posturieque
1212 4409 1471 4473 magister,

313 4477 549 4544 Derisor,
562 4475 840 4544 rhetorque
865 4471 1146 4544 subatticus.
1167 4479 1220 4521 et
1239 4471 1510 4544 sititulatpr.

531 4533 713 4600 (Locri.
739 4533 825 4588 lib.
849 4537 956 4586 uin
980 4535 1077 4586 Vit.
1097 4537 1292 4586 Socrat.
1340 4536 1364 4597 §
1391 4535 1492 4599 19.)

1963 3323 2082 3379 cap.
2111 3309 2164 3374 5,
2197 3308 2288 3364 ubi
2316 3307 2665 3365 Academicos
2694 3310 2834 3366 inter
2851 3320 2907 3366 et
2934 3311 3266 3382 Pyrrhonios
3291 3313 3418 3384 quid
3447 3314 3564 3372 dis-

1962 3402 2204 3458 criminis
2227 3402 2456 3468 intersit,
2479 3403 2759 3473 perspicue
2774 3405 3056 3471 enucleat;
3084 3404 3327 3474 Vossius,
3343 3405 3561 3462 Jonsto—

1962 3513 2083 3562 nus,
2113 3506 2167 3553 et
2194 3497 2308 3563 alii,
2327 3498 2416 3568 qui
2442 3496 2509 3553 de
2531 3497 2866 3568 philoSOphis
2893 3513 3189 3570 eorumque
3215 3501 3382 3556 sectis
3413 3501 3565 3572 plura

1960 3589 2153 3644 litteris
2182 3589 2592 3645 mandaverunt.
2623 3588 2734 3645 Nos
2760 3599 2939 3646 autem
2962 3590 3028 3646 de
3055 3607 3190 3646 vana
3219 3592 3563 3648 Academico-

1962 3698 2079 3737 rum
2111 3691 2255 3738 srcta
2275 3725 2290 3748 ,
2315 3696 2378 3737 ac
2401 3682 2715 3738 nominatim
2745 3683 2814 3739 de
2853 3683 3132 3740 Arcesilao
3159 3695 3214 3741 et
3246 3685 3562 3755 Carneade',

1962 3783 2107 3830 tomo
2139 3775 2311 3844 primo
2342 3773 2563 3844 hujusce
2602 3777 2900 3845 Apparatus
2944 3776 3036 3831 lib.
3087 3791 3179 3844 ιιι,
3229 3777 3449 3832 dissert.
3495 3780 3559 3846 2,

1959 3881 2079 3936 cap.
2111 3867 2208 3932 17,
2241 3875 2342 3921 art.
2372 3867 2438 3933 5,
2471 3881 2594 3937 pag.
2622 3868 2762 3922 1154
2788 3866 3197 3938 disputavimus.
3239 3867 3370 3938 Quis
3403 3885 3564 3940 porro

1960 3973 2067 4013 non
2095 3956 2340 4028 intelligit
2361 3972 2466 4027 quo
2491 3956 2612 4027 jure
2637 3957 2924 4024 Minucius,
2947 3959 3226 4015 confutato
3253 3961 3564 4032 rejectoque

1958 4049 2212 4115 Socrate,
2245 4049 2436 4104 horum
2465 4050 2705 4104 omnium
2748 4051 3065 4122 opiniones,
3100 4062 3153 4107 et
3193 4054 3564 4112 testimonium

1957 4141 2113 4198 ﬂocci
2143 4141 2406 4212 nihilique
2431 4141 2589 4210 facit,
2617 4158 2680 4198 ac
2709 4144 2922 4214 penitus
2951 4146 3347 4216 adspernatur?

2029 4233 2146 4289 Non
2178 4233 2398 4304 majoris
2426 4234 2556 4289 illud
2604 4234 2745 4305 apud
2787 4250 2909 4291 eum
2955 4245 3038 4292 est
3079 4239 3273 4308 pretii,
3316 4240 3460 4311 quod
3499 4257 3566 4298 ex

1961 4328 2236 4385 Simonide
2262 4329 2420 4399 paulo
2446 4328 2615 4386 fusius
2644 4339 2798 4401 urget
2817 4329 3086 4388 Caecilius.
3122 4353 3140 4386 ι
3177 4332 3357 4401 Quid?
3390 4335 3568 4391 Simo-

1957 4421 2098 4477 nidis
2125 4421 2329 4488 Melici,
2380 4422 2581 4494 inquit,
2631 4437 2812 4480 nonne
2861 4423 3173 4481 admiranda
3217 4426 3466 4482 omnibus
3511 4436 3567 4484 ct

1957 4515 2208 4572 sectanda
2253 4516 2524 4573 cunctatio
2553 4517 2678 4572 est?
2722 4517 2825 4586 Qui
2873 4517 3178 4576 Simonides
3221 4535 3343 4576 cum
3377 4520 3444 4576 dc
3484 4537 3550 4578 eo

251 4624 365 4682 Nec
401 4633 484 4679 est
525 4621 668 4694 quod
708 4620 901 4692 aliquis
939 4619 1186 4690 objiciat,
1235 4618 1512 4674 Socratem
1558 4633 1586 4672 a
1616 4616 1853 4687 Graecis,
1879 4617 1934 4678 D
1959 4607 2086 4680 quid
2114 4617 2170 4663 et
2195 4609 2381 4679 quales
2405 4608 2758 4664 arbitraretur
2787 4609 2948 4677 deos,
2978 4611 3047 4666 ab
3071 4611 3304 4668 Hierone
3332 4621 3564 4686 tyranno

253 4728 316 4776 ut
342 4725 570 4774 testatur
601 4715 792 4772 Cicero
820 4721 986 4785 ιῖρωνει
1013 4724 1262 4769 vocatum
1282 4752 1298 4780 ,
1339 4712 1391 4767 id
1418 4721 1531 4779 est,
1566 4712 1814 4768 festivum
1840 4753 1856 4780 ,

251 4813 511 4879 facetum,
565 4808 863 4880 elegantem
907 4806 1040 4876 (Cic.
1081 4807 1170 4862 lib.
1203 4822 1238 4861 ιι
1289 4806 1353 4861 de
1382 4805 1530 4861 Orat.
1564 4822 1686 4878 pag.
1717 4804 1856 4872 i67;

255 4914 302 4959 et
344 4905 400 4957 in
442 4900 637 4966 Bruto,
686 4917 807 4973 pag.
857 4899 986 4967 240,
1048 4899 1137 4954 lib.
1209 4915 1248 4953 ιι
1308 4898 1467 4953 Acad.
1513 4908 1692 4968 quam.
1736 4914 1856 4968 pag.

257 4996 363 5062 14;
395 4995 484 5050 lib.
518 5011 554 5050 ll
599 4995 662 5049 de
712 4994 857 5064 Ome.
887 5010 1008 5065 pag.
1045 4990 1210 5065 565);
1237 4992 1432 5063 quippe
1459 4993 1547 5062 qui
1579 4990 1691 5047 sale
1722 4990 1861 5046 Atti-

252 5102 353 5154 co,
399 5103 496 5143 seu
534 5086 716 5142 verbis
751 5086 1014 5158 gravitate
1055 5084 1244 5150 salsis,
1295 5084 1430 5138 alios
1471 5083 1860 5155 philoSOphos,

258 5181 347 5252 qui
375 5181 480 5235 sibi
507 5178 827 5250 sapientiam
864 5177 1122 5234 ascivisse
1165 5176 1537 5242 venditabant,
1571 5190 1861 5247 numquam

257 5289 365 5329 non
398 5273 800 5329 insectabatur:
833 5289 954 5329 cum
980 5287 1109 5328 vero
1145 5271 1392 5341 Epicurei
1426 5271 1641 5342 gravius
1670 5269 1722 5324 id
1751 5270 1860 5324 fer-

258 5377 403 5433 rent,
432 5366 583 5421 illum
610 5365 1159 5422 contumeliosissimo
1187 5378 1390 5422 scurrae
1416 5361 1642 5417 dicterio
1668 5360 1860 5416 verbe-

257 5469 468 5515 raruut.
502 5459 634 5528 Quis
662 5461 805 5516 enim
835 5459 1110 5530 negaverit
1140 5457 1410 5513 hominem
1430 5499 1445 5525 ,
1487 5456 1578 5526 qui
1607 5454 1770 5521 nihil,
1797 5471 1865 5511 ne

258 5553 430 5610 Deum
460 5554 678 5626 quidem
724 5555 897 5626 ipsum
935 5569 995 5611 se
1035 5551 1175 5609 scire
1213 5549 1595 5622 proﬁtebatur,
1641 5549 1709 5604 ab
1747 5549 1866 5604 aliis

255 5647 492 5703 ethnicis
536 5646 900 5718 philosophis,
956 5654 1118 5718 atque
1147 5660 1178 5700 a
1216 5643 1450 5699 Minucio
1488 5648 1545 5698 et
1584 5639 1866 5696 Lactantio

265 5758 286 5793 ι
319 5757 563 5798 scurram
600 5760 656 5806 ι,
698 5739 786 5795 vel
829 5739 973 5812 quod
1013 5738 1198 5796 mitius
1244 5745 1327 5795 est
1377 5753 1396 5788 ι
1449 5748 1693 5792 scurram
1726 5731 1867 5790 Atti-

260 5847 382 5894 Cum
419 5852 440 5886 ι
474 5841 623 5891 recte
652 5831 891 5889 vocitari.

1962 4713 2314 4776 quarrerctur,
2347 4704 2518 4775 primo
2559 4703 2932 4761 deliberationi
2963 4705 3105 4761 diem
3149 4707 3333 4777 petiit,
3369 4709 3566 4778 postri-

1963 4797 2050 4854 die
2078 4797 2297 4854 biduum
2329 4797 2672 4868 prorogavit,
2719 4812 2842 4854 mox
2871 4797 3099 4855 alterum
3133 4808 3336 4856 tantum
3378 4800 3569 4857 adnto-

1963 4892 2108 4948 nitus
2150 4891 2428 4961 adjuuxit;
2484 4902 2758 4962 postremo
2786 4909 2912 4949 cum
2957 4909 3149 4950 causas
3195 4906 3356 4951 tanta:
3402 4913 3567 4953 mora:

1966 4995 2222 5058 tyrannus
2253 4984 2578 5057 inquireret,
2607 4985 2890 5056 respondit
2929 4986 3020 5041 ille
3049 4986 3190 5057 quod
3221 4987 3322 5042 sibi
3367 4999 3567 5059 quanto

1962 5078 2242 5151 inquisitio
2269 5079 2470 5135 tardior
2491 5087 2759 5150 pergeret,
2793 5087 2943 5134 tanto
2966 5080 3161 5135 veritas
3196 5079 3350 5135 ﬁeret
3375 5081 3570 5136 obscu-

1964 5175 2095 5230 rior.
2137 5193 2157 5227 ι
2193 5176 2233 5228 Α
2267 5173 2530 5229 Cicerone
2559 5182 2741 5228 autem
2788 5171 2907 5227 ham
2946 5180 3217 5226 mutuatus
3256 5187 3377 5228 esse
3417 5173 3570 5229 vide-

1965 5273 2070 5320 tur.
2103 5265 2326 5321 Latinus
2350 5265 2494 5321 enim
2521 5275 2707 5320 orator
2735 5262 2926 5320 eadem
2958 5264 3037 5319 sic
3067 5273 3247 5318 narrat
3283 5281 3295 5316 :
3332 5283 3350 5315 ι
3393 5264 3570 5336 Rogas

1964 5375 2052 5414 me
2081 5357 2206 5430 quid
2240 5365 2332 5413 aut
2359 5357 2533 5429 qualis
2554 5356 2624 5411 sit
2652 5356 2832 5412 Deus?
2861 5359 3095 5412 Auctore
3123 5366 3243 5411 utar
3271 5358 3570 5426 Simonide,

1965 5451 2166 5522 dequo
2195 5465 2317 5506 cum
2348 5448 2688 5521 qutesivisset
2732 5448 2834 5503 hoc
2880 5446 3022 5502 idem
3064 5456 3326 5519 tyrannus
3373 5449 3570 5513 llicro,

1964 5542 2302 5599 deliberandi
2327 5557 2486 5598 causa
2518 5541 2619 5598 sibi
2672 5556 2837 5597 unum
2886 5541 3028 5596 diem
3078 5543 3393 5611 postulavit.
3438 5541 3576 5599 Cum

1968 5637 2107 5698 idem
2133 5652 2197 5693 ex
2227 5652 2292 5693 eo
2321 5633 2582 5708 postridie
2612 5643 2905 5706 quaereret,
2940 5633 3161 5690 biduum
3196 5637 3419 5706 petivit;
3449 5651 3575 5692 cum

1967 5729 2164 5801 sacpius
2213 5728 2511 5798 duplicaret
2553 5741 2837 5782 numerum
2886 5725 3130 5794 dierum,
3192 5726 3578 5800 admiransque

1968 5822 2132 5879 Hiero
2161 5829 2447 5894 quaereret,
2477 5835 2572 5876 cur
2599 5818 2668 5874 ita
2696 5817 2896 5876 faceret
2926 5836 2938 5873 :
2963 5818 3097 5888 Quia
3124 5827 3346 5892 quanto,
3379 5818 3573 5894 inquit,
