4058 6316
549 255 654 324 illi

548 478 680 531 lib.t
720 473 783 529 de
812 473 1004 528 Natur.
1032 470 1188 527 Deor.
1221 486 1340 540 pag.
1370 467 1498 533 204,
1525 467 1618 520 lin.
1658 465 1746 533 η,
1780 475 1830 520 et
1877 482 2015 536 seqq.
2047 470 2085 535 ).
2122 483 2142 517 ι

547 569 620 625 lbi
654 583 784 623 vero
806 563 1112 624 Simonides
1144 561 1213 617 ab
1241 561 1431 616 eodem
1467 557 1732 615 Cicerone
1761 577 1779 609 ‹
1820 557 1980 613 Poeta
2014 574 2142 612 sua-

544 662 624 714 vis
660 679 678 713 ι
702 659 1021 730 appellatur,
1047 665 1209 725 atque
1231 652 1373 713 inde,
1395 659 1453 706 ut
1476 653 1552 704 ait
1575 648 1792 714 Suidas,
1821 655 2146 719 Μελιτξρτης,

546 754 882 818 Melicertae,
923 756 1143 822 propter
1181 745 1502 800 suavitatem
1533 752 1773 795 vocatus.
1807 743 2149 810 QuaprOpter

545 857 797 918 corrupte
823 847 874 900 in
903 841 1266 909 manuscripto
1298 837 1449 906 regio
1497 836 1711 890 Minucii
1761 836 1929 888 nostri
1957 832 2148 889 codice

547 941 738 1010 legitur
767 935 1048 994 Simonidis
1100 932 1292 988 Mela/ti
1317 973 1331 995 ,
1363 945 1461 985 nec
1492 930 1634 983 male
1680 928 1732 982 in
1763 927 1923 982 editis
1973 926 2148 980 Melici

547 1033 871 1087 restitutum.
899 1027 1047 1084 Illius
1068 1036 1246 1080 autem
1280 1022 1567 1078 Pausanias
1596 1019 1874 1085 meminit,
1906 1027 1960 1074 et
1980 1017 2150 1072 IElia-

543 1137 664 1185 nus,
695 1120 866 1191 patria
901 1118 1072 1173 Ceum
1105 1115 1270 1170 fuisse
1317 1111 1654 1169 testificatur.
1702 1109 1811 1164 Nos
1854 1119 2034 1164 autem
2081 1109 2149 1164 de

551 1213 644 1268 illo
682 1213 793 1283 jam
841 1209 1198 1266 disseruimus
1245 1204 1505 1280 (Pansae.
1540 1204 1629 1258 lib.
1684 1219 1701 1259 I
1767 1203 1893 1258 Atti.
1935 1202 2145 1272 pagi,

545 1304 752 1360 JElian.
771 1304 932 1358 lib.tv
968 1299 1170 1354 Variar.
1197 1297 1334 1352 Hist.
1359 1313 1477 1368 cap.
1509 1296 1596 1360 15,
1616 1295 1703 1349 lib.
1736 1310 1816 1360 tx,
1841 1309 1955 1364 cap.
1983 1294 2076 1347 ult.
2103 1302 2149 1346 et

545 1397 637 1452 lib.
673 1413 782 1464 xu,
833 1412 950 1465 cap.
985 1393 1078 1450 25.
1127 1391 1276 1445 Tom.
1325 1406 1375 1454 ι,
1405 1391 1661 1460 Apparet.
1691 1388 1780 1442 lib.
1813 1403 1870 1444 ut
1895 1429 1910 1454 ,
1940 1387 2146 1442 dissert.

539 1491 598 1560 2,
627 1508 743 1562 cap.
774 1490 866 1544 ult.
899 1497 1000 1542 art.
1030 1486 1125 1540 ult.
1157 1501 1279 1556 pag.
1315 1481 1493 1553 1284).

612 1585 784 1653 Quam
812 1581 902 1637 vili
944 1596 1103 1651 porro
1132 1577 1394 1634 Minucius
1435 1574 1634 1646 pendat
1662 1591 1770 1631 non
1798 1576 1970 1630 solum
2005 1574 2150 1632 hunc

544 1675 914 1741 Simonidem,
973 1673 1055 1728 vel
1115 1671 1448 1727 Arcesilaum
1503 1677 1560 1724 et
1626 1666 1996 1735 Carneadem,
2052 1667 2149 1723 sed

1817 253 1906 314 DE
1945 243 2207 317 MlNUCll
2242 257 2543 318 00mm

548 384 748 440 diutius
781 379 1087 446 considero,
1121 382 1269 433 tanto
1298 373 1427 430 mihi
1457 372 1668 430 videtur
1699 373 1980 428 obscurior
2008 373 2137 446 (Cic.
2169 375 2223 435 Α

3740 263 3859 324 410

2837 393 3133 437 Αιιτιουιυε
3168 377 3240 436 iv.

2283 509 2662 566 Examinantur
2689 523 3010 585 argumenta,
3039 515 3217 586 quibus
3243 513 3406 570 Deum
3431 515 3647 569 existere
3668 525 3824 585 negat

2565 602 2816 673 chilius,
2843 616 2890 662 et
2921 606 3160 663 Octavius
3187 608 3518 664 demonstrat.

2323 741 2456 796 Cum
2488 742 2737 800 Caecilius
2763 759 2857 799 sua
2900 746 2950 800 in
2983 747 3344 818 disputatione
3370 757 3550 817 partes
3579 747 3859 803 officimu-

2251 849 2358 906 que
2387 835 2854 904 Academicorum,
2887 839 2960 892 uti
2988 839 3241 907 diximus,
3272 841 3554 905 sustineat,
3584 840 3720 896 nihil
3747 841 3860 896 mi-

2250 941 2369 981 rum
2389 969 2404 993 ,
2435 929 2480 982 si
2509 930 2576 984 ab
2609 929 2725 998 ipso
2751 931 3010 986 orationis
3036 933 3260 988 exordio
3300 943 3678 990 asseveranter
3705 935 3861 989 aftir-

2251 1029 2391 1085 met,
2424 1020 2574 1075 nullo
2606 1021 2763 1091 plane
2811 1024 3026 1094 negotio
3057 1025 3272 1095 probari
3316 1041 3474 1097 posse
3507 1045 3527 1078 r
3577 1017 3758 1082 omnia
3806 1029 3860 1082 in

2251 1110 2415 1168 rebus
2441 1111 2690 1168 humanis
2721 1113 2881 1169 dubia
2901 1155 2916 1180 ,
2951 1116 3152 1172 incerta
3173 1159 3188 1184 ,
3233 1134 3494 1189 suspensa
3517 1159 3532 1185 ,
3574 1121 3862 1192 magisque

2252 1205 2431 1260 omnia
2461 1207 2800 1275 verisimilia,
2823 1225 2983 1280 quant
3014 1226 3160 1266 vera.
3196 1231 3216 1265 ι
3248 1212 3506 1280 Quamvis
3535 1221 3718 1268 autem
3749 1223 3861 1268 tam

2252 1297 2500 1354 absurda
2549 1301 2874 1372 insulsteque
2922 1305 3307 1374 propositionis
3351 1305 3558 1361 falsitas
3610 1321 3641 1360 a
3700 1307 3864 1361 nobis

2253 1406 2374 1464 post
2411 1394 2689 1450 Octavium
2725 1396 2777 1450 in
2803 1397 3172 1466 superioribus
3218 1399 3457 1454 articulis
3497 1397 3715 1454 abunde
3759 1399 3862 1454 de-

2255 1497 2547 1544 monstrata
2578 1492 2680 1556 sit,
2719 1489 2842 1546 inde
2882 1500 3060 1547 tamen
3101 1493 3348 1548 Caecilius
3379 1493 3648 1549 conﬁcere
3688 1509 3863 1549 cona-

2254 1590 2340 1636 tur
2390 1582 2589 1637 nemini
2637 1583 2898 1638 hactenus
2945 1594 3150 1640 ccrtum
3197 1585 3645 1656 exploratumque
3687 1583 3865 1641 fuisse

2255 1689 2430 1734 utrum
2470 1679 2612 1734 Deus
2651 1679 2844 1734 existat
2878 1697 2892 1735 :
2940 1699 2958 1731 r
2999 1681 3118 1737 Sint
3161 1682 3458 1754 principio,
3489 1683 3702 1754 inquit,
3738 1699 3860 1738 om-

538 1778 700 1833 etiam
730 1773 1061 1847 Pyrrhonem
1083 1770 1324 1840 aliosque
1349 1784 1540 1824 omnes
1567 1768 1919 1824 Academicos
1944 1777 1997 1822 et
2019 1783 2147 1838 gen-
2177 1777 2226 1842 ιι
2257 1773 2402 1828 nium
2430 1774 2656 1839 semina,
2689 1784 2878 1828 nat-ara
2909 1775 2960 1829 in
2988 1790 3047 1830 se
3071 1786 3321 1841 coeunte,
3351 1776 3590 1841 densata,
3623 1778 3747 1848 quis
3776 1776 3866 1832 hic

541 1874 665 1928 tiles
693 1871 1070 1942 philosophos,
1101 1885 1165 1922 ex
1197 1867 1280 1922 his
1305 1865 1425 1936 ejus
1450 1865 1630 1920 verbis
1651 1865 1846 1934 collige
1871 1881 1884 1916 :
1921 1883 1940 1916 ι
1976 1866 2144 1919 Arce-

540 1968 689 2033 silas,
713 1975 770 2021 et
791 1961 1132 2027 Carneades,
1174 1970 1230 2016 et
1279 1957 1515 2031 Pyrrho,
1557 1976 1576 2009 ι
1608 1956 1676 2012 de
1727 1972 1832 2026 quo
1881 1955 2148 2024 Laertius,

543 2061 838 2126 Eusebius,
866 2069 922 2114 et
945 2057 1068 2120 alii,
1097 2071 1301 2125 nosque
1327 2053 1449 2108 alibi
1468 2093 1483 2117 ,
1517 2069 1538 2103 α
1575 2060 1629 2106 et
1657 2052 1832 2105 omnis
1861 2051 2149 2106 Academi-

543 2169 728 2209 corum
762 2149 1048 2206 multitude
1075 2147 1374 2210 deliberet;
1407 2144 1714 2201 Simonides
1743 2145 1902 2200 etiam
1942 2145 1995 2199 in
2027 2159 2150 2214 pero

541 2257 760 2318 petuum
808 2243 1253 2313 comperendinet
1298 2256 1313 2293 :
1366 2238 1810 2308 philosophorum
1857 2239 2148 2307 supercilia

538 2339 964 2403 contemnimus,
1010 2351 1146 2406 quos
1187 2343 1535 2403 corruptores
1565 2341 1622 2387 et
1667 2331 1946 2386 adulteros
1997 2333 2146 2386 novi-

541 2451 690 2498 mus,
730 2443 787 2488 et
828 2440 1118 2504 tyrannos,
1163 2437 1217 2484 et
1245 2427 1508 2482 adversus
1553 2441 1650 2480 sua
1694 2425 1824 2480 vitia
1869 2424 2148 2481 facundos.

538 2526 648 2582 Nos
680 2541 784 2580 non
817 2524 999 2579 habitu
1040 2521 1389 2591 sapientiam,
1422 2519 1518 2573 sed
1555 2527 1736 2573 mente
1777 2515 2146 2586 prnfcrimus;

541 2637 649 2678 non
677 2618 981 2690 eloquimur
1010 2630 1200 2686 magna
1223 2656 1236 2678 ,
1281 2612 1376 2668 sed
1411 2612 1638 2666 vivimus
1668 2629 1680 2665 :
1709 2610 2006 2680 gloriamur
2049 2623 2147 2663 nos

539 2722 860 2768 consecutos
883 2752 897 2776 ,
934 2708 1077 2781 quod
1102 2707 1176 2762 illi
1203 2721 1412 2762 summa
1434 2705 1733 2759 intentione
1760 2703 2145 2773 quasiverunt,

543 2822 642 2862 nec
664 2805 904 2860 invenire
935 2811 1218 2874 poruerunt
1248 2798 1267 2872 (
1299 2797 1472 2854 Laert.
1506 2797 1595 2852 lib.
1627 2811 1683 2851 Ix
1712 2797 1763 2850 in
1807 2794 1923 2850 Vita
1949 2793 2144 2865 Pyrrh.

541 2896 732 2954 Euseb.
778 2896 869 2952 lib.
919 2910 1049 2961 ιη,
1107 2891 1343 2960 Ρνωραν.
1414 2888 1618 2960 Erlang.
1666 2905 1782 2957 cap.
1836 2888 1901 2942 l7
1946 2897 1993 2942 et
2043 2887 2145 2955 18,

543 3009 662 3064 pag.
697 2989 848 3063 550).
891 3008 909 3042 ι

616 3085 877 3141 Similiter
906 3082 1236 3154 Cyprianus,
1265 3079 1358 3150 qui
1384 3093 1450 3135 ex
1485 3076 1570 3132 bis
1603 3075 1781 3132 verbis
1809 3075 2051 3144 quietiam
2091 3074 2143 3129 in

2257 1876 2446 1920 auctor
2501 1865 2684 1920 Deus?
2734 1865 2850 1921 Sint
2909 1864 3144 1921 fortuitis
3195 1869 3642 1923 concursionibus
3696 1868 3866 1924 totius

2260 1961 2446 2016 mundi
2477 1960 2718 2016 membra
2747 1961 2938 2014 coalita
2957 2002 2971 2026 ,
3013 1960 3216 2032 digesta
3235 2004 3249 2028 ,
3279 1960 3537 2030 formata,
3569 1964 3690 2034 quis
3720 1962 3866 2018 Deus

2256 2054 2634 2108 machinator?
2676 2052 2859 2108 Sidera
2890 2053 3014 2108 licet
3042 2053 3179 2124 ignis
3203 2054 3541 2121 accenderit,
3576 2065 3632 2109 et
3657 2055 3862 2111 caelum

2256 2146 2385 2202 licet
2412 2147 2632 2200 materia
2659 2160 2755 2200 sua
2788 2145 3150 2215 suspenderit,
3174 2147 3300 2202 licet
3328 2157 3524 2202 terram
3554 2147 3868 2205 fundaverit

2256 2243 2526 2312 pondere,
2574 2250 2628 2296 et
2656 2257 2804 2296 mare
2833 2241 2959 2295 licet
2989 2241 3259 2297 influxerit
3290 2242 3496 2310 liquor,
3549 2243 3694 2299 unde
3741 2244 3861 2300 hinc

2254 2335 2472 2406 religio,
2507 2334 2648 2388 unde
2679 2333 2909 2388 formido
2931 2375 2944 2399 ,
2977 2350 3095 2404 qua:
3124 2337 3436 2403 superstitio
3461 2337 3586 2390 est?
3624 2355 3643 2387 ι
3680 2338 3753 2390 At
3781 2336 3866 2392 bis

2252 2439 2401 2484 certe
2427 2429 2605 2485 verbis
2633 2429 2876 2484 Ciecilius
2907 2430 3107 2499 reiecta
3136 2429 3204 2485 ab
3231 2431 3350 2485 aliis
3381 2430 3723 2501 philosophis
3755 2432 3863 2488 De-

2253 2523 2546 2579 mocritiet
2576 2523 2796 2593 Epicuri
2837 2524 3112 2593 Opinione,
3158 2541 3261 2595 qua
3312 2535 3370 2579 ut
3423 2525 3616 2582 Cicero
3661 2527 3864 2596 aliique

2252 2615 2420 2679 aittnt,
2449 2625 2749 2669 atomorum
2780 2629 2925 2670 motu
2958 2625 3011 2671 et
3037 2619 3392 2674 concursione
3421 2619 3601 2674 omnia
3633 2619 3862 2676 formata

2251 2723 2372 2764 esse
2404 2708 2818 2776 arbitrabantur,
2847 2726 3032 2764 verum
3060 2709 3488 2768 Christianorum
3519 2712 3587 2766 de
3617 2713 3728 2768 Deo
3761 2713 3863 2768 do-

2251 2813 2558 2857 cumentum
2613 2802 2932 2859 labefactare
2976 2804 3195 2858 molitur
3231 2803 3362 2877 (Cic.
3396 2805 3485 2860 lib.
3534 2821 3552 2860 ι
3610 2806 3677 2860 de
3730 2805 3860 2862 Fin.

2252 2913 2371 2968 pag.
2401 2898 2464 2952 41
2494 2937 2510 2962 ,
2541 2907 2587 2951 et
2631 2914 2766 2968 seqq.
2801 2908 2847 2952 et
2885 2897 2973 2953 lib.
3006 2914 3022 2952 l
3065 2899 3226 2952 Acad.
3287 2899 3482 2966 Quest.
3532 2919 3656 2973 pag.
3702 2902 3736 2956 4
3765 2917 3781 2966 ;
3817 2911 3863 2956 et

2250 2988 2340 3043 lib.
2372 2989 2467 3044 Ide
2495 2987 2625 3044 Nat.
2657 2988 2814 3044 Deor.
2842 3007 2961 3062 pag.
2994 2990 3134 3057 205,
3184 2991 3311 3060 20b,
3358 3001 3404 3046 et
3453 3010 3624 3064 seqq.,°
3677 2994 3860 3053 Laert.

2250 3080 2340 3139 lib.
2389 3097 2442 3136 tx
2491 3091 2538 3136 et
2585 3097 2651 3146 ι,
2694 3081 2746 3135 in
2800 3081 3011 3138 Demea.
3056 3094 3105 3138 at
3152 3083 3300 3155 Epic.
3344 3083 3479 3140 Vita.
3536 3085 3857 3144 Theudor-et.

541 3193 697 3234 suum
727 3175 795 3232 de
822 3175 966 3230 Bono
996 3173 1267 3228 Patientia:
1293 3171 1487 3227 librum
1515 3170 1590 3224 sic
1619 3169 1886 3224 transtulit
1919 3185 1931 3221 :
1965 3186 1982 3220 ι
2015 3166 2140 3222 Phi-
2171 3180 2217 3244 α
2251 3193 2404 3232 εενηι,
2445 3177 2480 3230 2
2501 3217 2516 3243 ,
2574 3191 2695 3246 pag.
2742 3175 2848 3231 487
2871 3216 2887 3241 ,
2920 3186 2966 3231 et
2993 3194 3148 3233 serui.
3183 3181 3217 3234 4
3237 3219 3252 3244 ,
3280 3197 3401 3250 pag.
3428 3180 3534 3236 5'28
3553 3224 3568 3246 ,
3599 3181 3862 3239 ϐαεαηά.

539 3270 796 3340 losnplios
823 3283 920 3323 nec
952 3266 1178 3322 humiles
1205 3265 1446 3322 videmus
1471 3277 1591 3317 esse
1611 3301 1628 3327 ,
1675 3275 1774 3317 nec
1819 3261 1977 3315 mites
2003 3299 2018 3323 ,
2050 3257 2145 3314 sed

539 3364 645 3420 sibi
674 3364 903 3419 multum
942 3363 1245 3432 placentes,
1275 3359 1368 3414 sed
1403 3360 1506 3413 hoc
1546 3359 1662 3426 ipso
1691 3355 1834 3426 quod
1883 3355 1982 3409 sibi
2034 3355 2146 3423 pla-

541 3466 727 3524 ceant,
767 3458 878 3513 Deo
903 3456 1322 3526 displicentes...
1353 3451 1463 3508 Nos
1490 3461 1693 3513 autem,
1724 3449 1814 3518 qui
1845 3446 2143 3517 philosophi

542 3569 653 3609 non
682 3552 882 3619 verbis,
911 3550 1006 3607 sed
1036 3550 1187 3606 factis
1212 3563 1419 3614 sumus,
1448 3563 1554 3600 non
1579 3544 1772 3600 vestitu
1801 3543 2140 3614 sapientiam,

541 3647 637 3703 sed
673 3647 900 3703 veritate
927 3645 1298 3718 praferimus,
1344 3641 1434 3712 qui
1465 3641 1720 3694 virtutum
1752 3638 2142 3693 conscientiam

540 3739 745 3810 magis,
776 3753 937 3810 quam
960 3736 1270 3807 iactantiam
1295 3733 1542 3787 novimus
1570 3748 1583 3786 :
1616 3731 1704 3802 qui
1737 3745 1842 3783 non
1872 3730 2144 3800 loquimur

540 3847 773 3902 magna,
823 3831 918 3888 sed
958 3831 1184 3885 vivimus
1232 3825 1416 3901 (Cypr.
1463 3827 1554 3880 lib.
1606 3824 1669 3879 de
1715 3822 1860 3878 Bono
1916 3822 2140 3878 Patient.

541 3934 654 3996 post
680 3927 790 3980 init.
823 3942 942 3996 pag.
973 3922 1112 3990 210,
1142 3932 1189 3977 et
1213 3921 1396 3993 seqq.).
1436 3938 1454 3971 ι

610 4019 876 4073 Cat-terum
920 4016 1314 4079 Tertullianus,
1342 4013 1412 4068 de
1449 4027 1553 4084 quo
1580 4027 1680 4066 nos
1718 4025 1816 4066 suo
1853 4010 1970 4064 loco
2002 4007 2143 4080 (Dis.

541 4118 665 4164 sert.
709 4111 764 4163 in
795 4107 1016 4162 Tertull.
1047 4107 1248 4178 cap.‘4.
1280 4116 1380 4160 art.
1431 4104 1489 4175 4)
1511 4147 1525 4171 ,
1568 4104 1756 4160 eadem
1788 4103 1856 4156 de
1881 4100 2139 4168 Thalete,

537 4215 658 4271 qum
699 4199 960 4255 Minucius
985 4198 1056 4254 de
1083 4197 1359 4252 Simonide
1388 4198 1527 4252 hunc
1560 4196 1742 4250 retulit
1779 4195 1831 4250 in
1872 4193 2089 4246 modum
2125 4210 2137 4246 :

547 4312 566 4345 ‹
596 4293 735 4362 Quid
772 4292 970 4348 Thales
1019 4292 1108 4346 ille
1158 4292 1406 4361 princeps
1436 4289 1797 4360 physicorum
1845 4287 2138 4342 sciscitanti

535 4395 728 4450 Crasso
765 4393 834 4449 de
880 4392 1165 4446 Divinitate
1203 4400 1410 4445 certum
1459 4389 1822 4450 renuntiavit,
1866 4400 2141 4441 commea-

542 4496 626 4542 tus
656 4480 986 4542 deliberandi
1034 4498 1179 4552 saepe
1225 4481 1515 4536 frustratus
1560 4477 1817 4549 (Tertull.
1864 4478 2135 4549 Apoluget.

2252 3279 2376 3326 tant.
2406 3286 2453 3335 ι,
2485 3286 2604 3342 pag.
2635 3269 2766 3335 256,
2796 3279 2841 3324 et
2859 3287 2996 3341 seqq.
3049 3281 3174 3328 tant.
3215 3272 3371 3344 Synt.
3420 3275 3687 3346 pliilosop.
3722 3275 3859 3347 Epi-

2249 3379 2359 3418 cur.
2405 3372 2537 3432 part.
2571 3361 2623 3426 2,
2657 3360 2684 3432 §
2719 3377 2770 3427 ι,
2802 3378 2920 3432 cap.
2966 3363 3062 3428 15;
3121 3373 3166 3419 et
3206 3381 3317 3422 nos.
3357 3375 3478 3420 tom.
3523 3382 3560 3421 ι.
3593 3368 3858 3436 Apparet.

2249 3471 2368 3524 pag.
2402 3454 2508 3509 435
2561 3464 2606 3507 et
2656 3453 2838 3524 1156).
2889 3454 3044 3526 Apud
3088 3456 3262 3528 ipsum
3317 3461 3463 3514 enim
3534 3457 3858 3518 Ciceronem

2252 3545 2487 3602 Velleius
2517 3545 2813 3616 Epicureus
2843 3547 3085 3604 Platonis
3106 3549 3174 3604 de
3201 3551 3308 3606 Deo
3334 3553 3661 3610 sententiam
3694 3555 3859 3613 refel-

2249 3639 2362 3696 lere
2387 3639 2574 3694 eadem
2605 3641 3067 3710 argumentatione
3105 3644 3360 3699 conuisus
3387 3657 3470 3701 est
3499 3664 3513 3700 :
3551 3665 3570 3698 r
3605 3646 3853 3716 Quibus,

2246 3733 2538 3804 inquiebat,
2562 3734 2734 3790 oculis
2772 3735 2963 3790 intueri
2992 3736 3162 3805 petuit
3188 3746 3365 3792 vester
3402 3738 3557 3793 Plato
3589 3739 3855 3798 fabricam

2246 3829 2392 3885 illam
2424 3829 2556 3884 tanti
2582 3828 2793 3898 operis,
2825 3844 2945 3899 qua:
2972 3829 3212 3885 construi
3238 3845 3264 3883 a
3302 3832 3412 3886 Deo
3432 3873 3448 3899 ,
3480 3840 3644 3902 atque
3673 3834 3856 3890 aedifi-

2245 3921 2357 3977 cari
2385 3921 2640 3977 mundum
2681 3919 2851 3976 facit?
2891 3919 3022 3988 Qua:
3049 3921 3298 3977 molitio?
3328 3938 3448 3992 qua:
3475 3923 3854 3982 ferramenta?

2246 4014 2335 4083 qui
2366 4022 2541 4068 vectes
2567 4014 2588 4067 ?
2614 4029 2737 4084 quae
2779 4012 3084 4068 machinze?
3114 4014 3202 4084 qui
3232 4015 3463 4075 ministri
3491 4019 3623 4074 tanti
3655 4036 3855 4077 mune-

2245 4105 2320 4160 ris
2349 4103 2602 4160 fuerunt?
2636 4105 3102 4173 Quemadmodum
3119 4115 3296 4162 autem
3327 4109 3550 4166 obedire
3578 4121 3634 4166 et
3658 4129 3854 4181 parere

2245 4197 2502 4252 voluntati
2531 4198 2808 4254 architecti
2835 4215 2947 4263 aer,
2981 4199 3141 4270 ignis,
3173 4213 3332 4271 aqua,
3362 4210 3503 4256 terra
3530 4208 3848 4274 potuerunt!

2244 4289 2397 4348 Unde
2427 4306 2553 4346 vero
2593 4301 2725 4346 erue
2754 4292 2858 4346 illae
2887 4291 3120 4363 quinque
3151 4291 3368 4359 formae,
3402 4308 3468 4350 es
3496 4296 3694 4365 quibus
3723 4297 3856 4352 reli-

2241 4400 2343 4454 qua
2385 4383 2715 4448 formantur,
2767 4394 2889 4454 apte
2938 4385 3193 4439 cadentes
3239 4385 3304 4438 ad
3335 4385 3572 4440 animum
3604 4387 3855 4445 efﬁcien-

2242 4474 2400 4539 dum,
2432 4477 2825 4547 pariendosque
2854 4491 3066 4531 sensus.
3101 4473 3346 4546 Longum
3383 4488 3466 4534 est
3495 4477 3599 4535 iter
3629 4479 3696 4534 ad
3725 4496 3853 4536 ont-

540 4597 659 4652 cap.
688 4579 790 4647 46,
839 4594 959 4649 pag.
1013 4575 1126 4648 40).
1174 4575 1339 4630 Recte
1384 4588 1514 4644 ergo
1562 4571 1821 4625 Minucius
1867 4570 2137 4626 concludit
2165 4583 2218 4644 D
2245 4570 2363 4633 nia,
2391 4586 2510 4640 qua:
2543 4571 2663 4625 talia
2704 4577 2861 4636 sunt;
2909 4579 2964 4626 ut
2988 4579 3166 4640 optata
3198 4571 3402 4641 magis.
3433 4587 3593 4643 quam
3627 4573 3852 4632 inventa

537 4681 713 4737 neque
737 4665 1022 4719 humanam
1055 4662 1418 4716 infirmitatem
1438 4701 1452 4725 ,
1493 4674 1666 4729 neque
1697 4657 1990 4730 professum
2023 4657 2141 4728 phi-

535 4758 885 4828 losophorum
930 4753 1320 4825 ignorationem
1377 4751 1666 4822 prohibere
1730 4765 1979 4820 umquam
2045 4766 2142 4822 po-

537 4852 740 4918 tuisse,
783 4849 912 4920 quin
944 4847 1233 4902 Christiani
1277 4845 1344 4901 de
1390 4845 1499 4908 Deo
1528 4844 1941 4916 acules-libusque
1980 4845 2141 4902 rebus

535 4946 893 5018 disputarem.
935 4943 1069 5000 Nam
1100 4952 1225 4998 ante
1253 4941 1541 4998 Minucium
1573 4952 1816 4996 nostrum
1853 4939 2140 4996 Tertullia-

539 5055 639 5095 nus
665 5041 828 5096 citato
860 5039 970 5110 jam
999 5037 1118 5092 loco
1144 5036 1352 5091 dixerat
1381 5051 1395 5089 :
1431 5054 1450 5086 α
1497 5035 1664 5088 Deum
1697 5033 1921 5104 quilibet
1959 5032 2140 5101 epifcx

537 5133 861 5190 christianos
904 5141 959 5188 et
989 5132 1194 5188 invenit
1221 5140 1277 5186 et
1302 5127 1569 5195 ostendit,
1599 5137 1655 5183 et
1693 5127 1890 5184 exinde
1931 5135 2133 5191 totum,

535 5227 678 5299 quod
710 5229 762 5282 in
797 5229 906 5283 Deo
930 5229 1210 5300 quaeritur,
1239 5240 1297 5281 re
1325 5238 1536 5296 quoque
1558 5223 1834 5293 assignat:
1867 5221 1987 5276 licet
2015 5221 2138 5276 Pla-

536 5332 592 5379 to
619 5322 854 5378 affirmet
879 5322 1241 5378 factitatorem
1282 5317 1650 5374 universitatis
1687 5331 1863 5387 neque
1906 5315 2133 5371 inveniri

537 5415 769 5483 facilem,
801 5424 857 5472 et
883 5416 1163 5472 inventum
1195 5415 1247 5470 in
1277 5427 1463 5468 omnes
1489 5411 1729 5466 enarrari
1770 5409 2065 5465 difficilem.
2108 5428 2128 5462 ι

536 5508 778 5579 Denique
805 5506 875 5563 ibi
905 5507 1300 5571 Tertullianus,
1333 5514 1392 5558 ut
1418 5505 1585 5559 fusius
1613 5517 1712 5558 suo
1739 5502 1856 5557 loco
1882 5500 2134 5556 ostende-

535 5616 689 5666 mus,
724 5614 789 5656 ea
817 5599 1008 5671 probat
1053 5615 1174 5670 quae
1214 5598 1284 5655 de
1323 5597 1765 5670 philosophorum
1808 5594 1950 5650 vitiis
2002 5593 2136 5649 dixit

536 5695 819 5756 Minucius.

2245 4663 2526 4719 videantur
2559 4661 2712 4734 (Cic.
2761 4663 2849 4718 lib.
2897 4663 2960 4718 de
3004 4662 3132 4719 Nat.
3174 4663 3334 4720 θεον.
3387 4683 3508 4737 pag.
3570 4667 3712 4735 198,
3746 4669 3849 4728 lin.

2242 4754 2377 4826 22)?
2416 4775 2434 4807 ι

2314 4852 2384 4906 At
2405 4850 2652 4905 Caecilius
2701 4847 2838 4904 haud
2885 4848 3044 4906 dubie
3070 4849 3414 4905 existimabat
3435 4849 3539 4908 hoc
3564 4852 3852 4912 Ciceronis

2242 4945 2488 5002 cuniculo
2537 4957 2724 4998 omnes
2783 4943 3075 5011 expugnari
3116 4943 3566 5013 pliilosOpliorum
3607 4947 3677 5004 de
3734 4951 3850 5007 Deo

2240 5040 2538 5110 opiniones.
2569 5038 2622 5092 Si
2667 5035 2810 5090 enim
2841 5033 3057 5089 fortuito
3101 5044 3406 5092 atomorum
3437 5050 3585 5096 motu
3623 5051 3683 5098 et
3711 5059 3851 5100 con-

2239 5149 2399 5188 cursu
2443 5140 2630 5186 cuncta
2661 5127 2958 5196 composita
3002 5136 3161 5195 sunt,
3195 5139 3358 5201 atque
3403 5133 3675 5190 elementa
3721 5138 3848 5194 sine

2239 5226 2347 5279 ullo
2388 5224 2590 5279 artifice
2618 5221 2699 5276 vel
2731 5230 2947 5274 auctore
2981 5220 3032 5274 in
3062 5235 3121 5276 se
3152 5221 3266 5291 ipsa
3296 5223 3534 5280 refluunt
3571 5243 3638 5283 ac
3666 5231 3848 5286 revol-

2238 5327 2433 5375 vuntur
2454 5361 2468 5385 ,
2499 5317 2676 5372 nullus
2707 5312 2948 5385 profecto
2991 5313 3130 5368 Deus
3168 5315 3384 5382 existit,
3429 5327 3523 5373 aut
3565 5330 3718 5378 certe
3743 5322 3848 5378 du-

2236 5414 2381 5471 bium
2413 5413 2540 5468 illud
2581 5412 2949 5477 incertumque
2979 5418 3081 5461 est.

2312 5506 2417 5565 Sed
2449 5515 2593 5560 recte
2623 5499 2910 5572 respondet
2947 5499 3235 5569 Octavius,
3266 5518 3361 5559 eos
3383 5545 3397 5569 ,
3438 5505 3530 5574 qui
3575 5508 3844 5565 mundum

2237 5612 2559 5669 omnemque
2597 5596 2714 5667 ejus
2741 5602 2988 5648 ornatum
3035 5593 3219 5648 frustis
3253 5596 3577 5665 quibusdam
3605 5615 3703 5654 seu
3732 5612 3847 5655 ato-

2238 5698 2336 5753 mis
2363 5707 2580 5755 temere,
2614 5707 2676 5745 ac
2705 5691 2923 5743 fortuito
2949 5689 3048 5743 sibi
3077 5688 3476 5745 cohaerentibus
3496 5733 3510 5757 ,
3540 5695 3843 5764 congloba-

2237 5801 2344 5848 tum
2377 5803 2498 5846 es-‘c
2524 5793 2748 5841 censent
2770 5823 2784 5850 ,
2824 5782 2992 5838 videri
3025 5797 3126 5838 nec
3168 5791 3407 5840 mentem
3427 5823 3441 5852 ,
3473 5801 3574 5842 nec
3599 5802 3830 5848 sensum
