4058 6316
318 305 433 365 421

1733 291 2204 355 DlSSltRTA’I‘IO.

3526 288 3637 363 ω

317 441 429 480 nec
456 425 640 481 oculos
672 425 889 481 habere.
922 423 1077 480 Prius
1106 437 1236 480 vero
1258 423 1450 480 Cicero
1491 423 1699 478 dixerat
1729 439 1742 475 :
1778 440 1797 472 ‹
1835 420 1929 475 llic
1957 421 2009 480 Α
2038 426 2153 483 tur;
2181 430 2243 471 ac
2289 414 2505 471 tandem
2546 429 2613 471 ex
2658 414 2825 471 indita
2856 414 3145 488 unicuique
3182 424 3275 474 aut
3304 416 3513 475 ratione
3542 433 3637 473 na-

318 530 461 588 ergo
486 533 592 574 non
625 521 791 574 mirer
813 532 935 575 esse
965 533 1321 588 quemquam,
1351 517 1441 588 qui
1467 516 1572 572 sibi
1614 515 1935 588 persuadeat

270 668 275 672 ,
321 623 558 680 corpora
586 611 830 681 quasdam
858 610 1026 665 solida
1072 620 1231 682 atque
1260 610 1532 666 individua
1564 609 1616 663 vi
1655 616 1711 665 et
1750 606 1932 680 gravi-

323 710 441 758 tate
485 701 642 770 ferri,
689 703 1052 775 mundumque
1096 704 1236 759 efllci
1277 705 1678 760 ornatissimum
1723 710 1779 757 et
1808 699 1932 772 pul-

317 794 660 851 cherrimum
691 810 757 852 ex
781 810 967 853 eormn
994 810 1283 868 corporum
1305 798 1663 853 concursione
1679 792 1930 873 fortuita?

322 886 446 944 Hoc
463 889 555 960 qui
577 888 851 945 existimat
877 889 993 946 ﬁeri
1021 892 1283 961 potuisse,
1313 906 1419 946 non
1450 891 1689 961 intelligo
1706 905 1804 947 cur
1824 903 1931 945 non

322 981 471 1038 idem
500 991 680 1053 putet,
709 985 753 1038 si
783 983 1205 1040 innumerabiles
1242 984 1397 1040 unius
1425 992 1482 1039 et
1521 983 1706 1055 viginti
1746 983 1932 1039 forma:

320 1074 628 1131 litterarum
648 1118 663 1141 ,
696 1077 776 1132 vel
805 1092 1018 1145 aurem,
1067 1078 1151 1134 vel
1191 1079 1511 1149 qualeslibet
1554 1079 1737 1149 aliquo
1764 1077 1935 1148 conji-

323 1169 576 1238 ciantur,
607 1184 766 1241 posse
804 1186 875 1225 ex
920 1170 1006 1226 his
1049 1171 1101 1225 iu
1149 1180 1348 1226 terram
1398 1171 1678 1236 excussis,
1712 1170 1933 1226 annales

325 1263 526 1331 Ennii,
561 1273 618 1320 ut
659 1266 915 1336 deinceps
958 1266 1059 1337 legi
1091 1264 1328 1335 possint,
1373 1262 1535 1320 eflici.
1568 1263 1721 1330 Quod
1751 1264 1933 1318 nescio

325 1372 399 1411 an
431 1372 498 1412 ne
522 1358 575 1413 in
602 1374 709 1414 uno
737 1360 953 1430 quidem
984 1374 1142 1414 versu
1171 1359 1339 1429 possit
1367 1365 1570 1413 tantum
1609 1359 1790 1413 valere
1821 1357 1932 1413 for-

324 1457 579 1507 tuna.....
612 1453 768 1521 Quod
796 1455 840 1510 si
881 1454 1136 1509 mundum
1167 1451 1385 1510 efficere
1410 1464 1589 1526 petest
1634 1467 1934 1509 concursus

322 1554 657 1614 atomorum,
684 1562 782 1603 cur
811 1548 1097 1618 porticum,
1125 1562 1223 1603 cur
1248 1547 1532 1617 templum,
1558 1562 1656 1601 cur
1676 1546 1897 1602 domum
1914 1586 1931 1613 ,

322 1650 424 1697 aut
451 1643 637 1697 urbem
666 1658 773 1697 non
802 1651 1012 1713 potest,
1054 1657 1174 1713 quae
1217 1651 1342 1697 sunt
1371 1642 1547 1697 minus
1587 1656 1815 1712 operosa
1836 1683 1850 1708 ,
1880 1649 1934 1697 et

326 1733 506 1788 multo
530 1733 745 1802 quidem
784 1734 1066 1790 faciliora?
1099 1734 1258 1790 Certe
1295 1735 1365 1789 ita
1412 1743 1614 1790 temere
1638 1734 1706 1790 de
1734 1736 1933 1791 mundo

2035 508 2220 563 set-udi
2242 550 2256 573 ,
2285 519 2373 562 aut
2397 508 2689 579 generandi
2720 508 2992 579 cupidine.

2104 600 2296 656 Cicero
2321 612 2501 657 autem
2530 601 2670 657 hanc
2691 601 3055 658 inductionem
3079 602 3237 675 longe
3258 602 3426 660 fusius
3454 621 3637 675 prose.

2033 694 2218 765 quitur
2250 733 2266 759 ,
2310 705 2473 762 atque
2517 695 2799 762 plurimam
2846 696 3009 751 totius
3056 696 3277 753 secundi
3328 697 3398 753 de
3426 695 3631 757 Natura

2035 786 2272 842 Deorum
2303 786 2424 841 libri
2453 798 2682 857 partem,
2714 789 2769 842 in
2799 802 2916 843 eam
2943 788 3318 858 explicandam
3347 790 3638 846 enuclean-

2032 881 2267 953 damque
2301 882 2489 953 (Cicer.
2534 882 2622 937 lit.
2664 899 2702 938 ιι
2752 881 2817 937 de
2862 881 3056 939 Natur.
3112 882 3272 940 Deor.
3332 902 3454 957 pag.
3503 882 3637 952 228,

2033 983 2080 1028 et
2104 972 2292 1047 κῃ).
2320 975 2559 1047 Longius
2600 976 2843 1047 proiecto
2872 986 3051 1044 esset,
3106 987 3163 1033 et
3193 993 3379 1049 parum
3414 978 3546 1035 utile
3571 993 3636 1035 ea

2034 1070 2239 1135 omnia,
2262 1084 2383 1140 quae
2408 1069 2475 1125 ab
2498 1069 2589 1125 illo
2606 1111 2622 1134 ,
2647 1085 2798 1125 more
2822 1084 2923 1126 suo
2945 1071 3346 1141 elegantissime
3374 1071 3515 1126 dicta
3536 1113 3552 1137 ,
3581 1080 3639 1127 et

2037 1178 2067 1217 a
2103 1163 2335 1218 Minucio
2362 1172 2549 1219 nostro
2574 1161 2810 1218 delibata
2839 1172 2984 1232 sunt,
3019 1163 3107 1219 hic
3134 1164 3528 1230 transcribere;
3556 1163 3638 1221 vel

2037 1270 2105 1311 eo
2149 1257 2415 1325 maxime,
2447 1257 2590 1327 quod
2620 1272 2650 1309 ει
2681 1257 2923 1327 quolibet
2962 1258 3104 1328 apud
3131 1274 3253 1314 eunt
3285 1259 3439 1321 facite
3467 1259 3637 1315 videri

2036 1351 2266 1420 possint.
2289 1351 2434 1404 Satis
2461 1348 2640 1420 itaque
2669 1350 2825 1405 nobis
2854 1352 2956 1404 erit
2983 1351 3027 1404 si
3059 1350 3413 1409 observemus
3439 1352 3511 1408 tbi
3539 1366 3637 1407 nos

2035 1458 2066 1497 a
2111 1441 2403 1510 Cicerone,
2445 1444 2789 1513 quantumvis
2837 1443 3284 1499 Academicorum
3325 1453 3592 1501 sectatorc
3617 1484 3634 1510 ,

2036 1535 2315 1592 adtuoneri
2360 1538 2463 1592 hoc
2498 1548 2872 1608 argumentum
2909 1553 3017 1594 non
3056 1539 3218 1596 modo
3257 1553 3288 1594 a
3318 1538 3635 1609 quibusdam

2037 1630 2257 1686 tractari
2302 1631 2661 1701 philosophis,
2689 1646 2754 1686 ac
2796 1632 3115 1687 nominatim
3150 1646 3182 1687 a
3223 1630 3510 1700 acantho,
3540 1630 3637 1688 sed

2036 1739 2226 1780 omnes
2266 1726 2428 1780 etiam
2475 1725 2827 1796 philosophos
2872 1725 3126 1783 debuisse
3162 1742 3230 1783 eo
3269 1726 3430 1799 plane
3480 1726 3637 1797 peni-

324 1825 615 1895 effutiunt,
663 1837 719 1883 ut
749 1828 877 1882 mihi
907 1829 1122 1899 quidem
1154 1844 1446 1901 numquam
1474 1834 1612 1884 hunc
1640 1830 1931 1886 admirabi-

2049 1834 2232 1889 iusque
2257 1822 2525 1874 convinci.
2556 1838 2576 1871 ι
2604 1819 2737 1874 Nam
2761 1819 3086 1890 philosophi,
3105 1820 3296 1891 inquit,
3315 1820 3637 1887 debuerunt,

325 1920 439 1977 ient
467 1922 589 1978 eieil
616 1934 885 1991 ornatum,
914 1925 1002 1994 qui
1033 1924 1181 1980 locus
1203 1934 1281 1980 est
1303 1925 1600 1995 prosimus,
1628 1929 1933 1997 suspexisse

321 2015 577 2071 videatur
606 2013 734 2088 (Cic.
766 2016 853 2071 lib.
888 2033 926 2072 ιι
963 2017 1025 2072 de
1073 2016 1270 2072 Natur.
1313 2016 1473 2076 Deor.
1514 2037 1637 2091 pag.
1665 2020 1799 2087 228,
1836 2021 1928 2077 litt.

326 2108 410 2179 6).
448 2128 469 2162 ι
499 2109 685 2181 Neque
706 2113 877 2168 semel
916 2112 968 2167 id
997 2112 1199 2169 dixisse
1227 2123 1544 2179 contentus,
1581 2115 1689 2170 alio
1715 2116 1768 2171 in
1795 2116 1932 2172 libro

327 2202 549 2259 brevius
578 2205 830 2274 quidem,
875 2206 969 2261 sed
1015 2222 1120 2260 non
1154 2205 1331 2263 miims
1372 2211 1654 2279 perspicue
1683 2211 1874 2282 repetit
1915 2230 1928 2266 :

339 2311 363 2345 σ
401 2292 557 2360 Esse,
590 2294 791 2364 inquit,
823 2309 1167 2368 praistantcm
1190 2299 1420 2371 aliquam
1448 2292 1813 2374 aeternamque
1840 2318 1934 2358 na-

330 2392 540 2452 turam,
567 2397 619 2444 et
661 2403 782 2445 eam
823 2392 1216 2461 suspiciendam
1248 2394 1723 2465 admirandamque
1760 2394 1936 2451 homi-

329 2494 461 2534 num
488 2481 696 2552 generi,
728 2482 1072 2552 pulchritudo
1098 2486 1313 2551 mundi,
1343 2486 1584 2559 ordoque
1611 2503 1791 2544 rerum
1817 2503 1932 2546 cte-

328 2571 550 2628 lestium
578 2575 726 2646 cogit
773 2576 1018 2633 conﬁteri
1064 2577 1255 2648 (Idem,
1299 2580 1387 2635 lib.
1429 2580 1493 2635 de
1530 2579 1762 2639 Divinat.
1809 2600 1926 2656 pag.

328 2664 799 2739 501,511.22):

406 2759 520 2816 Nec
544 2771 627 2816 est
652 2762 796 2833 quod
824 2763 979 2819 nobis
1007 2764 1199 2821 athene
1236 2767 1422 2823 nescio
1461 2768 1617 2840 quis,
1646 2778 1739 2825 aut
1767 2770 1934 2842 perti-

333 2869 445 2909 nax
476 2855 786 2911 incredulus
808 2856 1043 2929 .objiciat
1067 2858 1385 2916 Ciceronem
1427 2861 1785 2917 academicam
1818 2877 1935 2919 sec-

335 2958 447 3005 tam
476 2959 716 3007 secutum
745 2950 913 3009 fuisse
933 2994 949 3021 ,
977 2953 1069 3026 qui
1099 2956 1276 3010 omnia
1306 2956 1510 3013 incerta
1535 2972 1657 3014 esse
1681 2958 1938 3031 opinaba-

336 3050 449 3109 tur,
481 3050 640 3114 atque
670 3052 848 3099 utrum
893 3060 1053 3101 verus
1094 3047 1257 3114 Deus,
1289 3059 1381 3103 aut
1423 3048 1512 3104 alii
1557 3052 1832 3122 gentilium
1863 3050 1939 3107 dii

333 3135 661 3192 exsisterent
709 3153 895 3205 revera
951 3141 1246 3197 dubitabat.
1294 3143 1410 3199 Non
1459 3147 1601 3201 enim
1648 3147 1939 3217 qttatritnus

2034 1912 2079 1965 si
2109 1909 2251 1968 forte
2291 1926 2387 1967 eos
2415 1916 2618 1982 primus
2648 1913 2937 1983 adspectus
2970 1912 3152 1971 tuuudi
3181 1914 3637 1982 conturbaverat,

2037 2014 2223 2074 postea
2248 2020 2370 2059 cum
2390 2005 2650 2061 vidissent
2672 2015 2847 2061 motus
2867 2006 2983 2076 ejus
3009 2005 3214 2074 ﬁnitos,
3239 2015 3295 2063 et
3318 2008 3636 2079 aequabiles,
3672 1988 3673 1991 η

2035 2098 2323 2169 omniaque
2363 2100 2494 2154 ratis
2532 2100 2809 2156 ordinibus
2852 2100 3162 2165 moderata,
3212 2100 3640 2173 inmutabilique

2034 2190 2339 2245 constantia
2365 2231 2380 2257 ,
2414 2192 2712 2263 intelligere
2738 2193 2914 2248 inesse
2938 2193 3173 2263 aliquem
3203 2209 3313 2249 non
3342 2196 3515 2251 solum
3542 2194 3641 2250 ha-

2035 2281 2321 2338 bitatorem
2365 2285 2418 2338 in
2451 2284 2552 2339 hac
2580 2286 2789 2340 ctelesti
2817 2300 2880 2340 ac
2907 2285 3085 2341 divina
3113 2286 3309 2353 domo,
3346 2286 3441 2347 sed
3477 2289 3637 2343 etiam

2037 2387 2302 2434 rectorem
2333 2393 2396 2433 ac
2434 2378 2872 2449 moderatorem,
2901 2389 2955 2435 et
2980 2391 3250 2451 tamquam
3285 2379 3641 2439 architectum

2040 2472 2171 2526 tanti
2198 2471 2398 2541 operis,
2431 2474 2670 2543 tantique
2696 2474 2938 2529 muneris
2982 2471 3125 2545 (Lib.
3154 2489 3193 2530 ll
3222 2474 3287 2529 de
3315 2473 3445 2530 Nat.
3475 2473 3638 2533 Deor.

2038 2581 2159 2638 pag.
2189 2564 2317 2631 227;
2344 2566 2472 2621 ibid.
2502 2584 2555 2638 ρ.
2585 2566 2691 2623 Siti
2717 2571 2756 2637 ).
2794 2587 2813 2620 ι
2860 2566 2979 2624 Alia
3012 2567 3101 2623 his
3143 2569 3298 2638 plane
3326 2571 3523 2627 similia
3547 2585 3643 2625 eo—

2037 2658 2162 2713 dem
2194 2659 2248 2712 in
2287 2659 2428 2714 libro
2462 2659 2571 2730 jam
2613 2659 2843 2718 dixerat.
2889 2661 2999 2718 Sed
3036 2663 3187 2718 adire
3222 2662 3399 2719 adlmc
3440 2666 3643 2737 poteris

2039 2750 2318 2809 Philonem
2344 2752 2594 2809 Judaeum
2613 2794 2629 2820 ,
2669 2764 2945 2811 amtorem
2971 2756 3093 2812 libri
3119 2757 3188 2813 de
3215 2755 3524 2814 lonarchia
3544 2799 3560 2825 ,
3590 2768 3647 2816 et

2038 2844 2407 2914 Quiestiouutu
2435 2863 2735 2919 graecorum
2761 2890 2777 2917 ,
2807 2847 3208 2919 Athenagoran
3234 2892 3251 2917 ,
3283 2850 3643 2923 Theophilum

2040 2939 2458 3008 Antiochenam,
2490 2940 2775 3011 Irenaeum,
2812 2941 3174 3011 Lactantium,
3208 2943 3562 3001 Athanasium
3590 2954 3647 3002 et

2039 3034 2195 3089 alios.

2112 3125 2248 3196 Quid
2277 3142 2405 3184 vero
2425 3169 2439 3195 ,
2469 3127 2613 3200 quod
2639 3144 2745 3185 non
2790 3129 2845 3185 hi
2874 3130 3244 3187 tantummodo
3273 3132 3513 3202 ethnici,
3554 3133 3648 3191 ,ιυ-

334 3229 469 3301 quid
496 3230 586 3286 ille
606 3233 851 3299 sentiret,
882 3249 984 3290 nec
1012 3245 1186 3291 utrum
1220 3237 1412 3293 timore
1435 3239 1615 3310 aliquo
1647 3256 1750 3295 non
1779 3241 1939 3296 aude-

2049 3220 2145 3276 dtei
2172 3263 2187 3289 ,
2217 3238 2279 3277 ac
2303 3221 2594 3278 Christiani
2624 3225 2919 3294 scriptores
2943 3266 2959 3291 ,
2989 3224 3086 3281 sed
3116 3226 3448 3282 recentiores
3483 3226 3646 3283 etiam

337 3334 446 3392 ret,
475 3339 631 3396 quem
654 3329 1014 3397 cognoscebat
1032 3345 1217 3385 verum
1253 3333 1438 3400 Deum,
1468 3333 1642 3403 palam
1669 3333 1935 3391 confiteri.

336 3416 450 3473 Sed
489 3418 841 3488 ettpendimns
868 3423 1050 3492 quanti
1092 3425 1350 3479 momenti
1379 3424 1446 3479 sit
1478 3425 1618 3481 illius
1657 3441 1945 3498 argumen-

339 3520 477 3566 tum.
511 3512 671 3584 Atqni
714 3529 873 3570 nemo
914 3525 995 3571 est
1020 3518 1133 3572 sa'ni
1165 3519 1354 3589 capitis
1381 3518 1541 3575 homo
1562 3562 1578 3588 ,
1604 3522 1694 3593 qui
1748 3537 1944 3594 negare

339 3606 514 3676 possit
555 3621 622 3663 eo
672 3608 1021 3666 invictissime
1060 3610 1417 3668 demonstrari
1454 3615 1670 3669 unicum
1707 3617 1941 3672 existere

339 3699 512 3779 Deum
533 3742 550 3768 ,
583 3717 761 3757 rerum
792 3706 1029 3759 omnium
1060 3718 1357 3763 creatorem
1392 3718 1445 3763 et
1486 3720 1769 3765 rectorem.
1804 3710 1947 3779 Quo-

337 3777 454 3864 quo
469 3794 745 3851 enimvero
760 3797 963 3864 oculos,
985 3799 1057 3853 uti
1079 3799 1150 3853 ait
1163 3799 1436 3869 Octavius,
1455 3803 1567 3857 sive
1580 3816 1790 3858 Sursum
1803 3846 1816 3867 ,
1834 3804 1946 3860 sive

346 3883 606 3941 deorsum
640 3928 655 3952 ,
696 3888 810 3945 sive
857 3891 999 3945 ultro
1055 3894 1298 3963 citroque
1341 3903 1548 3961 vertat,
1580 3903 1686 3949 tant
1733 3894 1885 3950 facile
1926 3936 1941 3962 ,

355 3993 522 4050 quam
564 3993 716 4037 certo
754 3985 1052 4054 comperiet
1090 4001 1211 4041 esse
1240 3986 1453 4057 aliquod
1495 3988 1949 4057 praistautissimte

344 4073 549 4152 mentis
577 4088 795 4143 numen,
810 4089 839 4130 a
859 4091 964 4147 quo
981 4079 1154 4132 omnia
1175 4078 1311 4134 facta
1327 4089 1467 4140 sunt.
1488 4094 1550 4135 ac
1563 4082 1945 4152 gubernantur.

417 4150 658 4237 Uterque
688 4178 877 4237 autem
922 4178 978 4225 et
1006 4171 1202 4227 Cicero
1242 4181 1296 4228 et
1331 4150 1584 4230 Octavius
1629 4174 1761 4232 illud
1808 4175 1948 4233 haud

345 4256 501 4313 brevi
545 4273 726 4313 rerum
774 4270 1076 4318 ereatarum
1121 4266 1462 4322 enarratione
1516 4268 1951 4326 manifestissime

345 4349 725 4419 comprobant.
757 4351 826 4407 Et
852 4351 1107 4411 Octavius
1132 4358 1347 4427 quidem
1373 4376 1439 4415 ex
1465 4360 1625 4429 ctelo,
1656 4361 1951 4433 rapidoque

346 4443 469 4515 ejus
494 4487 512 4513 ,
541 4461 604 4502 ac
632 4446 761 4501 solis
788 4454 843 4502 et
869 4447 1008 4503 luna:
1038 4461 1155 4507 rato
1181 4459 1429 4524 statuque
1469 4465 1613 4509 motu
1640 4471 1654 4521 ;
1708 4468 1778 4510 ex
1804 4455 1949 4527 ejus-

347 4539 475 4596 dem
516 4542 655 4596 lunae
690 4542 841 4597 senio
877 4553 930 4599 et
960 4544 1172 4612 labore,
1208 4546 1260 4601 id
1298 4556 1400 4611 est,
1435 4548 1596 4604 variis
1625 4548 1768 4605 illius
1797 4564 1951 4607 erro-

2046 3315 2375 3383 scholastici,
2402 3331 2465 3373 ac
2493 3320 2793 3388 praesrtim
2819 3320 2882 3373 Β.
2914 3318 3169 3388 Thoans,
3210 3321 3301 3391 qui
3326 3321 3395 3376 ad
3423 3321 3650 3379 demon-

2045 3410 2353 3475 strandam,
2396 3412 2473 3464 uti
2504 3409 2556 3465 hi
2599 3410 2911 3482 loquuntur,
2964 3411 3059 3468 Dei
3110 3413 3458 3469 existentiam
3484 3455 3499 3481 ,
3543 3415 3650 3473 hoc

2046 3511 2402 3571 argumento,
2448 3515 2621 3573 eoque
2676 3503 2797 3560 aliis
2847 3514 2997 3559 tanto
3036 3505 3304 3575 gravioris
3356 3507 3648 3577 momenti,

2048 3606 2289 3664 utuntur,
2318 3605 2519 3667 quanto
2543 3597 2612 3652 ab
2639 3598 2891 3653 omnibus
2929 3598 3138 3654 facilius
3167 3600 3367 3671 percipi
3398 3600 3654 3672 intelligi-

2046 3703 2152 3760 que
2181 3699 2377 3760 potest.
2410 3690 2772 3758 Quamobrem
2801 3690 3094 3762 Apostolus
3123 3691 3251 3748 inde
3278 3704 3654 3750 asseveranter

2048 3784 2361 3852 pronuntiat
2388 3783 2657 3840 nemiuem
2688 3797 2811 3839 esse
2840 3784 3138 3851 hominem,
3166 3786 3256 3855 qui
3287 3785 3456 3856 possit
3489 3787 3654 3845 ullam

2049 3891 2271 3946 prorsus
2299 3877 2525 3947 ignorati
2548 3893 2579 3933 a
2610 3893 2670 3934 se
2698 3878 2791 3933 Dei
2821 3877 3022 3935 habere
3064 3879 3490 3937 excusationem.
3519 3879 3653 3937 Nam

2056 3988 2075 4022 ι
2110 3970 2424 4039 Invisibilis,
2457 3972 2663 4043 inquit,
2693 3972 2861 4042 ipsius
2889 3989 2919 4028 a
2955 3981 3199 4030 creatura
3233 3973 3414 4031 mundi
3444 3988 3543 4044 per
3565 3989 3653 4044 ea,

2048 4081 2169 4136 qua:
2206 4064 2343 4120 facta
2373 4074 2517 4131 sunt,
2546 4065 2813 4123 intellecta
2848 4067 3270 4137 conspiciuntur.
3313 4066 3654 4138 Sempiterua

2050 4174 2265 4230 quoque
2307 4158 2423 4230 ejus
2452 4158 2621 4214 virtus
2651 4168 2707 4214 et
2735 4158 3009 4226 divinitas;
3042 4160 3110 4215 ita
3142 4169 3200 4216 ut
3231 4162 3339 4217 sint
3367 4161 3656 4221 inexcusa-

2052 4252 2191 4309 biles
2219 4252 2464 4327 (Roman.
2500 4269 2548 4318 ι,
2578 4253 2694 4325 20).
2733 4272 2754 4306 ι
2791 4254 2925 4309 llittc
2946 4253 3310 4313 Tertulliauus
3341 4273 3356 4311 :
3394 4276 3415 4310 ι
3443 4256 3514 4314 Et
3542 4258 3658 4313 haec

2053 4349 2164 4417 ait,
2190 4359 2272 4405 est
2302 4364 2512 4406 summa
2546 4349 2731 4407 delicti
2758 4350 3054 4405 nolentium
3079 4365 3470 4421 recognoscere
3493 4393 3510 4420 ,
3536 4367 3659 4421 quin

2054 4441 2302 4514 ignorare
2368 4458 2476 4498 non
2537 4450 2761 4513 possunt
2827 4440 3084 4511 (Tertull.
3131 4443 3348 4515 Apolog.
3398 4460 3514 4515 cap.
3565 4443 3657 4514 l7,

2054 4552 2176 4607 pag.
2207 4533 2323 4605 18).
2376 4553 2395 4587 ι
2431 4534 2732 4606 Cyprianus
2749 4551 2878 4591 vero
2903 4535 3093 4591 iisdem
3110 4550 3248 4606 pene
3261 4536 3439 4593 verbis
3470 4551 3484 4590 :
3522 4554 3541 4588 ι
3563 4538 3660 4592 At-

349 4633 505 4689 ribus
541 4637 661 4690 sive
699 4634 1047 4693 incrementis
1085 4649 1139 4694 et
1168 4640 1557 4709 decremeutis,
1603 4644 1678 4698 uti
1713 4660 1778 4699 ex
1804 4645 1955 4700 Ciee-
1979 4644 2031 4705 D
2057 4645 2162 4700 que
2196 4639 2278 4685 est
2306 4645 2515 4686 summa
2545 4630 2746 4698 delicti.
2780 4630 2919 4686 nolle
2947 4644 3263 4702 sentiscere.
3305 4646 3464 4703 quem
3505 4632 3658 4701 isno-

349 4741 489 4784 roue
545 4744 670 4783 mox
720 4729 977 4798 citaudo,
1035 4742 1197 4804 atque
1251 4734 1469 4792 Marone
1522 4736 1819 4807 intelligam
1872 4749 1955 4794 est

351 4823 373 4891 (
405 4819 593 4894 Virgil.
622 4820 711 4876 lib.
770 4838 807 4879 tt
860 4821 1045 4896 Georg.
1078 4842 1131 4881 v.
1160 4826 1268 4883 478
1294 4829 1344 4900 );
1399 4830 1523 4884 item
1557 4830 1692 4886 lucis
1717 4845 1779 4885 ac
1811 4840 1957 4887 tene-

351 4913 577 4970 brarum
614 4916 922 4972 continuata
963 4918 1329 4976 vicissitudine
1352 4962 1367 4985 ,
1412 4920 1646 4977 siderum
1678 4922 1867 4978 ordine
1892 4938 1956 4979 ac

350 5008 748 5077 dispositione;
791 5012 969 5068 stabili
1010 5013 1247 5081 frugum,
1293 5023 1348 5070 et
1376 5025 1606 5086 quatuor
1644 5017 1770 5072 anni
1818 5027 1951 5073 tem-

352 5112 624 5174 pestatum
655 5104 931 5173 varietate;
964 5107 1100 5162 mari
1127 5111 1240 5163 suis
1274 5123 1490 5164 orarum
1525 5110 1864 5183 Iittorumque
1896 5111 1958 5167 fi-

352 5196 518 5251 nibus
565 5197 1012 5270 circumscripto;
1057 5200 1401 5269 reciprocatis
1447 5202 1645 5259 Oceani
1691 5204 1955 5271 restibus;

355 5289 586 5360 perenni
613 5289 892 5346 fluminum
936 5291 1327 5366 fluviorumque
1353 5311 1535 5365 cursu,
1568 5296 1730 5353 rectis
1757 5298 1958 5354 monti-

354 5380 494 5448 bus,
538 5382 766 5439 collibus
806 5385 992 5453 ﬂexis,
1038 5387 1407 5459 porrectisque
1446 5390 1689 5462 campis;
1731 5390 1961 5446 naturali

354 5473 709 5529 animantium
751 5476 954 5544 tutela;
992 5493 1056 5533 ac
1091 5480 1357 5550 praecipue
1398 5481 1629 5536 heminis
1666 5482 1962 5553 pulchritu-

354 5566 516 5631 dine,
547 5567 796 5638 illiusilue
826 5571 1111 5637 membris,
1145 5588 1371 5644 quorum
1403 5576 1606 5631 nullum
1632 5578 1736 5634 nisi
1768 5594 1960 5635 neces-

308 5702 315 5707 .
355 5658 537 5714 sitatis
558 5671 645 5714 aut
675 5661 889 5719 decoris
916 5676 1074 5721 causa
1102 5665 1386 5722 formatum
1408 5710 1423 5735 ,
1454 5680 1612 5741 atque
1645 5672 1756 5740 ipsa
1784 5673 1960 5727 homi-

357 5765 488 5806 num
513 5754 751 5808 ouminm
787 5755 951 5826 figura
976 5773 991 5824 ;
1024 5774 1126 5830 qua
1152 5761 1252 5815 etsi
1278 5762 1379 5817 sibi
1410 5763 1693 5819 videantur
1722 5765 1956 5833 similes,

358 5844 524 5904 certis
556 5854 733 5905 tamen
762 5848 1101 5911 lineamentis
1127 5854 1324 5933 singuli
1351 5856 1641 5915 dissimiles
1668 5858 1957 5918 inveniun-

2056 4738 2178 4780 rare
2216 4739 2324 4779 non
2362 4725 2535 4794 possis
2556 4723 2741 4797 (Cypr.
2779 4724 2868 4780 lib.
2894 4725 2958 4780 de
2986 4722 3129 4781 Idol.
3174 4725 3340 4781 Venit.
3393 4744 3446 4797 ρ.
3482 4725 3595 4795 id).
3631 4744 3653 4780 ι

2056 4814 2209 4885 Quod
2261 4816 2479 4888 quidem
2531 4826 2659 4874 ante
2706 4827 2995 4890 utrumque
3025 4832 3057 4874 a
3099 4817 3380 4875 Clemente
3417 4818 3661 4874 Alexan-

2055 4909 2215 4966 drino
2241 4921 2505 4968 assertum
2535 4912 2765 4968 vidimus
2816 4913 2975 4986 (tom.
3028 4928 3046 4968 ι
3100 4912 3297 4984 Appar.
3347 4912 3554 4969 dissert.
3599 4913 3657 4984 2,

2050 5019 2170 5076 cap.
2197 5005 2252 5072 6,
2284 5015 2386 5061 art.
2421 5007 2470 5075 Ι,
2493 5023 2614 5078 pag.
2642 5006 2748 5063 968
2766 5004 2807 5078 ).

2664 5178 2955 5225 Αιιτιουιυε
2981 5179 3034 5220 ν.

2056 5325 2384 5399 Expettditur
2430 5328 2575 5385 aliud
2622 5328 2839 5385 Minucii
2886 5335 3287 5403 argumentum,
3338 5344 3441 5400 quo
3491 5327 3655 5385 Deum

2133 5421 2315 5476 intimo
2368 5422 2631 5477 hominum
2669 5439 2841 5489 sensu,
2889 5438 2951 5477 ac
3000 5421 3113 5493 ipsa
3146 5437 3324 5476 eorum
3351 5421 3662 5478 conscientia

2134 5512 2415 5586 cognitum,
2445 5531 2621 5570 revera
2646 5516 2861 5570 existere
2883 5515 3221 5571 demonstrat.

2137 5673 2394 5730 Ethnieos
2425 5671 2686 5731 Minucius
2716 5686 2902 5731 noStor
2931 5690 2958 5730 a
2991 5677 3277 5745 creaturis,
3310 5675 3666 5748 mirandoque

2062 5783 2280 5840 prorsus
2320 5769 2483 5825 totius
2514 5770 2696 5825 mundi
2723 5780 2919 5827 ornatu
2942 5812 2957 5837 ,
2988 5771 3055 5827 ad
3084 5787 3143 5827 se
3170 5772 3318 5839 ipsos
3340 5813 3355 5839 _.
3390 5771 3667 5826 intimum-

2058 5876 2167 5939 que
2195 5877 2383 5921 eorum
2411 5878 2656 5935 sensum,
2685 5879 2749 5921 ac
2790 5865 3064 5940 propriam
3094 5866 3511 5940 uniuscujusque
3535 5879 3667 5927 οοιιέ

3671 6004 3731 6061 ί,
