4058 6316
455 281 560 339 425

1735 274 1823 330 DE
1852 271 2112 332 MlNUCll
2149 273 2450 332 OCTAVIO

3653 277 3761 335 ιξι

453 395 734 454 scientiam
760 400 998 450 revocat.
1025 391 1120 447 Dei
1142 390 1337 462 quippe
1359 401 1545 444 revera
1572 386 1883 443 exsistentis
1909 389 2046 450 idea,
2079 391 2129 449 Α
2156 390 2280 444 alibi
2322 389 2556 442 affirmat
2600 387 2711 443 fieri
2735 431 2750 449 .
2796 402 2902 444 non
2951 387 3096 444 nasci
3127 387 3484 445 Christianos.
3532 389 3767 458 Quamo-

453 500 506 546 et
533 488 768 560 cognitio
789 529 803 554 ,
837 487 1009 558 inquit
1036 528 1050 554 ,
1083 485 1294 540 illorum
1319 481 1516 537 animis
1546 480 1682 536 adeo
1715 480 1877 534 insita
1912 481 2060 550 inge-

452 583 672 652 uitaque
699 592 802 646 est;
848 588 908 634 ut
936 593 1040 633 non
1085 575 1246 632 modo
1278 572 1584 645 philosOphi
1604 615 1619 638 ,
1651 587 1712 626 ac
1739 571 1883 626 docti
1905 613 1920 636 ,
1963 570 2068 624 sed

452 674 649 747 plebeii
695 675 856 728 etiam
897 681 951 727 et
974 669 1196 734 indocti,
1255 675 1447 722 natura
1480 666 1637 733 duce,
1671 681 1792 720 eum
1825 665 2059 720 existere

448 768 624 838 palam
655 775 946 838 aperteque
975 763 1138 817 variis
1180 762 1231 816 in
1270 759 1648 816 occasionibus
1670 758 2051 813 conliteantur.

454 881 473 915 ‹
509 861 668 929 Quid,
705 860 874 930 inquit
903 857 1189 921 Minucius,
1221 854 1363 927 quod
1389 855 1626 909 omnium
1655 852 1723 908 dc
1749 853 1850 907 isto
1883 851 2056 906 habeo

447 972 768 1014 consensum
793 956 815 1008 ?
840 954 1014 1010 Audio
1037 953 1250 1023 vulgus,
1273 968 1397 1007 cum
1421 952 1473 1004 in
1498 949 1695 1005 cmlum
1723 963 1912 1002 manus
1938 957 2054 1002 len-

447 1051 601 1116 duut,
634 1048 765 1104 nihil
800 1047 978 1112 aliud,
1014 1062 1174 1117 quam
1205 1045 1374 1101 Deum
1405 1044 1592 1097 dicunt
1623 1059 1634 1095 :
1673 1049 1746 1104 et,
1781 1039 1921 1094 Deus
1948 1053 2057 1094 ma-

446 1158 581 1215 gnus
606 1152 720 1206 est;
752 1151 802 1196 et
827 1183 842 1207 ,
888 1140 1030 1195 Deus
1070 1152 1231 1193 verus
1267 1146 1387 1202 est;
1431 1145 1505 1200 et,
1551 1134 1606 1189 Si
1641 1134 1781 1187 Deus
1820 1130 2046 1187 dederit.

450 1237 602 1308 Vulgi
633 1237 733 1292 iste
762 1236 1020 1291 naturalis
1051 1249 1232 1290 sermo
1274 1243 1356 1289 est
1379 1273 1394 1298 ,
1442 1240 1532 1286 aut
1558 1228 1855 1303 .Christiani
1894 1227 2052 1283 conli-

447 1332 608 1387 tentis
639 1330 852 1386 oratio?
887 1347 906 1381 ι

521 1424 792 1479 Praeterea
824 1423 894 1477 ibi
925 1422 1016 1477 ille
1042 1421 1379 1478 continenter
1401 1418 1600 1490 adjecit
1619 1417 1882 1480 ethnicos,
1911 1413 2047 1469 falso

441 1520 589 1577 Jovis
628 1521 961 1591 deorumque
989 1533 1210 1573 suorum
1253 1517 1492 1580 nomine,
1533 1530 1716 1570 verum
1757 1517 2048 1585 ipsummet

443 1615 611 1672 Deum
642 1614 817 1684 reipsa
846 1613 1138 1683 appellare.
1174 1630 1192 1663 ι
1229 1610 1330 1677 Qui
1359 1609 1544 1665 Jovem
1564 1650 1578 1675 ,
1613 1606 1817 1677 inquit,
1857 1604 2046 1676 princi-

438 1727 559 1783 pem
590 1712 798 1777 volunt,
840 1709 1096 1763 falluntur
1139 1708 1191 1761 in
1224 1705 1441 1760 nomine
1462 1746 1476 1768 ,
1515 1702 1608 1758 sed
1647 1702 1716 1757 de
1745 1702 1921 1755 divina
1953 1714 2044 1768 po-

2168 482 2315 538 bretn
2361 483 2620 537 Minucius
2653 491 2836 538 noster
2865 483 2998 538 dixit
3031 501 3044 538 :
3081 502 3100 535 ‹
3142 483 3383 554 Vulgaris
3415 485 3514 540 iste
3543 494 3767 538 natura-

2164 578 2230 634 lis
2257 595 2435 634 sermo
2471 588 2591 647 est,
2627 589 2718 633 aut
2743 580 3024 635 christiani
3061 581 3366 634 confitentis
3400 599 3418 631 ι
3457 581 3622 634 Deum
3665 579 3766 633 sci-

2161 674 2286 730 licet
2327 676 2560 730 existere
2599 693 2617 725 ι
2664 676 2857 729 oratio.
2897 695 2914 726 ι
2958 673 3059 730 Ubi
3105 690 3233 730 vero
3276 674 3378 728 hoc
3438 675 3668 744 primum
3701 688 3766 727 ac

2161 770 2486 839 prmcipunm
2528 785 2666 824 verte
2706 770 2978 841 religionis
3009 770 3386 825 documentum
3426 769 3589 824 variis
3613 784 3766 826 com-

2159 864 2406 931 probavit
2438 864 2878 934 phil0s0phurum
2907 866 3187 936 gentilium
3218 864 3569 930 testimoniis,
3598 880 3668 920 ex
3698 865 3764 921 iis

2158 961 2430 1015 concludit
2463 980 2482 1013 ‹
2504 973 2589 1016 aut
2611 977 2751 1015 nunc
2771 961 3106 1018 Christianos
3132 976 3252 1016 esse
3274 960 3644 1031 philosophos,
3670 967 3766 1015 aut

2159 1052 2507 1124 philosophos
2547 1053 2659 1125 jam
2706 1065 2831 1109 tunc
2881 1053 3043 1109 fuisse
3086 1053 3451 1120 Christianos,
3492 1071 3511 1104 ι
3548 1053 3599 1106 in
3632 1049 3759 1117 hoc,

2155 1147 2296 1218 quod
2329 1165 2510 1202 verum
2543 1149 2729 1215 Deum,
2763 1165 2868 1203 non
2900 1164 3028 1204 vero
3063 1149 3166 1202 alia
3198 1149 3518 1204 Christiana:
3546 1148 3764 1218 religio-

2155 1239 2238 1292 nis
2269 1240 2461 1308 placita
2487 1229 2824 1308 agnoverint.
2857 1238 2963 1294 Sed
2984 1240 3052 1295 de
3084 1240 3186 1295 hoc
3205 1239 3380 1295 adhuc
3403 1241 3452 1295 in
3477 1249 3661 1294 nostra
3695 1237 3763 1294 de

2156 1331 2469 1386 Tertulliani
2500 1333 2852 1404 Apologetico
2876 1333 3276 1390 dissertatione.

2223 1425 2488 1481 Caeterum
2517 1428 2706 1483 eodem
2737 1429 2894 1498 plane
2914 1471 2926 1493 ,
2959 1445 3066 1499 quo
3106 1429 3194 1484 ille
3216 1471 3230 1495 ,
3265 1439 3319 1485 et
3347 1429 3603 1485 Minucius
3634 1445 3765 1486 nos-

2153 1532 2253 1589 ter,
2283 1523 2444 1576 modo
2473 1533 2878 1595 argumentatur
2905 1525 3174 1579 Arnobius
3207 1543 3218 1579 :
3256 1543 3274 1576 c
3313 1525 3407 1588 Da,
3442 1525 3635 1595 inquit,
3668 1541 3765 1580 vc-

2150 1632 2268 1671 rum
2304 1616 2585 1687 judicium,
2632 1627 2686 1673 et
2732 1618 2846 1674 baac
2887 1619 3065 1673 omnia
3111 1617 3552 1688 circumspiciens
3579 1660 3592 1684 ,
3634 1633 3762 1687 qua:

2149 1708 2416 1776 videmus,
2449 1709 2619 1780 magis
2662 1725 2728 1763 an
2768 1710 2878 1764 sint
2921 1708 2992 1764 dii
3024 1709 3231 1773 caueri,
3268 1709 3546 1774 dubitabit,
3593 1723 3764 1778 quam

439 1811 632 1859 [estate
671 1801 1036 1857 consentiunt.
1095 1818 1113 1850 ι
1157 1797 1356 1853 Eadem
1401 1795 1560 1866 plane
1597 1792 1933 1864 Cyprianus,
1988 1799 2046 1845 ιη
2073 1795 2121 1856 Β
2150 1800 2202 1856 in
2251 1802 2360 1858 Deo
2403 1803 2774 1865 cunctabitur,
2826 1817 2986 1872 quem
3042 1817 3162 1858 esse
3212 1817 3402 1857 omnes
3442 1804 3765 1860 naturaliter

437 1906 598 1954 antea
628 1896 883 1957 vidimus.
918 1893 1134 1964 scriptis
1162 1890 1400 1947 tradidit.
1433 1889 1540 1943 Sed
1573 1888 1783 1956 utrique
1814 1885 2042 1956 praeire-

437 2001 520 2047 rat
548 1990 938 2056 Tertullianus,
970 1987 1059 2058 qui
1091 1988 1141 2041 in
1174 1984 1394 2042 eosdem
1423 1982 1668 2038 ethnicos
1696 1980 1856 2034 simili
1889 1978 2044 2047 plane

437 2085 599 2142 modo
638 2091 1088 2155 argumentatur:
1124 2099 1143 2133 ‹
1178 2079 1375 2145 Vultis,
1416 2075 1609 2146 inquit,
1637 2089 1702 2129 ex
1729 2073 1923 2127 anima:
1963 2070 2042 2139 ip-

439 2182 550 2236 sius
587 2177 897 2236 testimonio
924 2174 1342 2246 comprobemus
1375 2191 1394 2224 ι
1429 2185 1590 2225 unum
1621 2167 1870 2222 videlicet
1893 2165 2040 2220 dum-

435 2280 581 2328 taxat
628 2286 804 2327 rerum
852 2269 1018 2325 Deum
1067 2265 1369 2323 exsistere?
1418 2283 1437 2315 ι
1485 2264 1616 2330 Quzc
1657 2261 1781 2316 licet
1822 2272 2039 2315 carcere

431 2364 677 2434 corporis
721 2376 929 2433 pressa,
974 2361 1099 2415 licet
1135 2356 1561 2414 institutionibus
1600 2355 1780 2424 pravis
1818 2354 2040 2408 circnm-

430 2459 653 2527 scripta,
688 2456 817 2511 licet
842 2452 1155 2509 libidinibus
1179 2466 1243 2507 ac
1262 2447 1716 2520 concupiscentiis
1740 2446 2034 2516 evigorata,

429 2549 553 2604 licet
579 2547 725 2602 falsis
749 2546 865 2602 deis
891 2545 1244 2610 exancillata;
1287 2557 1409 2598 cum
1445 2549 1622 2595 tamen
1649 2537 1939 2608 resipiscit,
1979 2544 2038 2591 ut

427 2657 496 2698 ex
524 2639 741 2710 crapula
763 2679 780 2705 ,
815 2647 874 2693 nt
902 2653 966 2693 ex
1013 2651 1236 2699 somno,
1283 2645 1339 2690 ut
1366 2649 1433 2689 ex
1464 2633 1640 2702 aliqua
1679 2630 1986 2686 valetudine
2015 2671 2030 2695 ,

429 2735 597 2791 Deum
621 2732 881 2797 nominat,
917 2731 1019 2786 hoc
1048 2730 1187 2794 solo,
1212 2729 1335 2799 quia
1364 2727 1578 2798 proprie
1601 2740 1761 2781 verus
1782 2725 1868 2779 hic
1897 2738 2033 2778 unus

423 2828 573 2882 Deus
607 2826 779 2882 bonus
805 2834 860 2880 et
888 2839 1134 2895 magnus;
1171 2842 1191 2875 ι
1224 2823 1295 2877 ita
1327 2821 1540 2877 codices
1569 2819 1916 2888 manuscripti
1944 2833 2035 2872 an-

429 2919 685 2989 tiquiores
711 2927 766 2972 et
807 2916 1049 2972 melioris
1091 2924 1251 2982 not:r,
1283 2911 1736 2983 quemadmodum
1775 2926 1874 2966 suo
1914 2911 2033 2965 loco

428 3013 753 3068 videbimus.
792 3031 810 3064 ‹
844 3011 932 3076 Ει,
956 3008 1099 3082 quod
1125 3010 1267 3064 Dcus
1288 3008 1514 3072 dederit,
1540 3007 1777 3061 omnimn
1802 3021 1901 3060 vox
1926 3014 2027 3058 cst.

425 3107 671 3164 Judicem
719 3120 931 3176 quoque
977 3113 1312 3159 contestatur
1341 3102 1486 3157 illum
1523 3119 1534 3154 :
1573 3101 1712 3155 Deus
1742 3098 1917 3154 videt:
1952 3107 2025 3163 et,

2147 1894 2382 1958 scimus,
2425 1895 2542 1951 sive
2571 1910 2690 1949 cum
2721 1895 3085 1950 exclamamus
3136 1915 3148 1950 :
3191 1894 3236 1949 0
3264 1895 3440 1950 Deus!
3480 1895 3594 1950 sive
3631 1911 3762 1952 cum

2147 1985 2296 2039 illum
2329 1995 2514 2041 testem
2546 1989 2922 2043 constituimus
2953 1987 3344 2058 improborum,
3380 2000 3434 2043 et
3472 1991 3622 2057 quasi
3657 2003 3763 2044 nos

2145 2091 2366 2148 cernat,
2447 2081 2637 2137 faciem
2702 2083 3048 2138 sublevamus
3107 2081 3159 2136 in
3230 2081 3426 2140 caelum
3509 2084 3759 2155 (Arnob.

2145 2174 2232 2230 lib.
2270 2193 2307 2230 η
2362 2183 2562 2233 advers.
2599 2177 2746 2233 Gent.
2782 2179 2897 2232 init.
2933 2195 3052 2249 pag.
3086 2179 3156 2235 45
3188 2177 3228 2249 ).
3260 2196 3280 2232 ›

2218 2268 2458 2338 Denique
2494 2270 2805 2324 Lactantius
2841 2269 3090 2324 similiter
3116 2269 3167 2323 in
3195 2267 3440 2326 ethnicos
3466 2269 3706 2340 diSpntat
3740 2289 3755 2324 :

2149 2380 2167 2412 ι
2206 2362 2335 2416 Nam
2362 2378 2482 2418 cum
2522 2363 2708 2433 jurant
2734 2405 2748 2429 ,
2781 2364 2987 2434 inquit,
3019 2373 3072 2417 et
3101 2378 3223 2418 cum
3269 2372 3493 2434 optant,
3525 2374 3580 2418 ει
3627 2379 3756 2419 cum

2140 2456 2341 2525 gratias
2361 2465 2545 2527 agunt,
2577 2472 2682 2511 non
2712 2455 2922 2523 Jovem,
2951 2466 3042 2510 aut
3062 2455 3193 2511 deos
3219 2457 3436 2523 multos,
3461 2457 3553 2512 sed
3583 2458 3756 2513 Deum

2140 2549 2419 2604 nominant
2439 2590 2454 2614 ,
2487 2549 2624 2603 adeo
2651 2549 2767 2618 ipsa
2797 2548 3030 2614 veritas,
3063 2557 3289 2619 cogente
3322 2559 3507 2603 natura
3530 2591 3545 2614 ,
3586 2551 3754 2605 etiam

2139 2641 2204 2697 ab
2235 2642 2413 2696 invitis
2451 2642 2757 2711 pectoribus
2781 2643 3136 2712 erumpit.....
3169 2645 3238 2696 At
3266 2657 3396 2697 vero
3434 2642 3479 2696 si
3515 2658 3618 2713 qua
3654 2660 3757 2699 ne-

2138 2735 2368 2790 cessitas
2396 2735 2576 2804 gravis
2605 2736 2886 2806 presserit,
2919 2744 3048 2791 tunc
3077 2735 3243 2790 Deum
3283 2735 3656 2791 recordamur.
3693 2735 3753 2791 Si

2137 2830 2260 2885 belli
2302 2841 2502 2885 tremor
2534 2831 2871 2886 inl'rcmucrit
2893 2873 2908 2898 ,
2942 2832 2986 2886 si
3029 2832 3284 2887 alimenta
3317 2831 3556 2902 frugibus
3587 2833 3751 2903 longa

2135 2922 2348 2978 sietritas
2379 2924 2721 2992 denegaverit
2749 2968 2761 2989 ,
2811 2924 2855 2980 si
2891 2940 3030 2980 saeva
3077 2935 3407 2996 tempestas,
3451 2925 3495 2979 si
3539 2926 3752 2996 grando

2134 3017 2430 3086 ingruerit,
2463 3017 2528 3071 ad
2566 3019 2730 3073 Deum
2767 3019 3114 3088 cunfugiunt,
3160 3034 3188 3069 a
3223 3018 3335 3072 Deo
3365 3019 3564 3087 petitur
3589 3018 3748 3072 auxi-

2135 3108 2295 3175 lium;
2339 3110 2512 3174 Dcus,
2545 3120 2601 3164 ut
2627 3110 2932 3174 subveniat,
2963 3120 3166 3164 oratur.
3213 3109 3268 3165 Si
3311 3110 3430 3180 quis
3473 3111 3522 3164 in
3565 3111 3745 3177 mari,

426 3202 538 3258 Dco
561 3217 648 3256 me
674 3197 1017 3264 commendo;
1046 3207 1120 3264 et,
1156 3198 1298 3253 Deus
1325 3195 1452 3250 mihi
1475 3194 1684 3250 reddet.
1714 3193 1758 3248 0
1790 3192 2027 3248 testimo-

2139 3211 2296 3256 vento
2322 3204 2598 3269 smviente,
2623 3203 2876 3273 jactatnr,
2907 3203 3049 3257 hunc
3078 3204 3314 3258 invocat.
3337 3203 3390 3258 Si
3416 3202 3538 3274 quis
3559 3204 3744 3272 aliqua

423 3296 570 3351 nium
617 3295 810 3348 anima:
857 3291 1173 3348 naturaliter
1213 3289 1560 3346 Christianae!
1606 3287 1851 3356 Denique
1895 3299 2022 3356 pro-

423 3391 676 3444 nuntians
709 3387 823 3442 bare
844 3429 859 3453 ,
893 3401 999 3442 non
1025 3384 1092 3440 ad
1122 3383 1469 3456 Capitolium,
1500 3381 1593 3438 sed
1622 3381 1687 3436 ad
1715 3381 1909 3436 caelum
1939 3394 2024 3435 rc-

418 3487 598 3558 spicit.
628 3485 786 3540 Novit
825 3485 967 3540 enim
1016 3483 1202 3538 sedem
1246 3481 1339 3536 Dei
1383 3479 1507 3535 vivi.
1543 3479 1625 3534 Ab
1661 3477 1756 3532 illo
1788 3477 1930 3530 enim
1970 3483 2025 3530 et

419 3578 546 3636 inde
574 3577 858 3633 descendit
883 3575 1139 3647 (Tertull.
1168 3573 1390 3644 Apolog.
1413 3589 1529 3642 cap.
1565 3571 1652 3635 l7,
1687 3587 1740 3639 ρ.
1776 3568 1842 3624 18
1865 3565 1943 3639 ).ι

488 3675 592 3733 Sed
623 3675 737 3730 haec
765 3674 856 3729 ille
882 3671 1056 3728 adhuc
1083 3669 1254 3726 fusius
1279 3668 1383 3722 alio
1411 3668 1462 3721 in
1493 3665 1630 3720 libro
1659 3663 2020 3734 prosequitur.

415 3769 548 3838 Quae
591 3767 806 3840 quidem
849 3767 1028 3823 omnia
1077 3762 1388 3819 describere
1431 3775 1552 3815 cum
1595 3758 1803 3829 longius
1843 3755 2020 3822 foret,

416 3861 705 3928 nonnulla,
737 3870 896 3932 atque
921 3877 983 3916 ca
1011 3860 1063 3913 in
1095 3856 1279 3927 primis
1300 3899 1314 3924 ,
1344 3870 1464 3925 quite
1501 3853 1568 3908 ad
1604 3849 1899 3907 secundum
1930 3847 2024 3903 Mi-

415 3959 558 4016 nucii
588 3959 753 4013 nostri
783 3960 960 4012 locum
989 3954 1207 4018 faciunt,
1246 3951 1582 4023 proferemus
1615 3966 1626 4002 :
1664 3967 1684 4000 ε
1717 3946 1794 4002 Te
1823 3944 2018 4017 palam,

415 4052 605 4124 inquit,
631 4064 686 4108 et
709 4060 817 4106 tota
845 4050 1117 4114 libertate,
1146 4061 1251 4118 qua
1278 4061 1384 4100 non
1417 4043 1541 4100 licet
1572 4042 1752 4107 nobis,
1785 4038 1930 4094 domi
1960 4050 2024 4091 ac

418 4144 547 4199 foris
579 4143 826 4198 audimus
855 4144 922 4197 ita
967 4141 1316 4212 pronuntiare
1349 4156 1361 4192 :
1405 4137 1556 4206 Quod
1592 4136 1734 4190 Deus
1762 4130 1975 4188 dederit
2006 4142 2019 4179 :

415 4249 490 4305 et,
517 4238 572 4294 Si
603 4239 742 4293 Deus
777 4236 1028 4292 voluerit.
1059 4236 1133 4290 Ea
1173 4249 1306 4289 voce
1343 4241 1397 4289 et
1430 4232 1662 4302 aliquem
1693 4245 1815 4285 esse
1860 4229 2024 4298 signi-

413 4331 544 4386 ficas
565 4372 579 4398 ,
613 4338 668 4385 et
696 4343 909 4384 omnem
948 4327 1024 4383 illi
1054 4326 1332 4382 confiteris
1372 4333 1693 4395 potestatem
1714 4363 1727 4386 ,
1771 4320 1839 4376 ad
1870 4321 2025 4390 cujus

409 4433 624 4496 Spectas
669 4421 995 4476 voluntatem
1046 4436 1059 4472 :
1099 4418 1259 4474 simul
1308 4426 1363 4472 et.
1409 4424 1635 4470 caeteros
1685 4429 1847 4484 negas
1890 4415 2022 4471 deos

410 4533 552 4584 esse,
602 4517 730 4572 dum
779 4517 890 4571 suis
933 4511 1209 4570 vocabulis
1249 4523 1548 4580 nuncupas,
1580 4505 1892 4572 Saturnum,
1922 4507 2020 4564 Jo-

2128 3294 2179 3348 vi
2211 3293 2524 3360 afflictatur,
2557 3296 2698 3350 hunc
2727 3297 2970 3365 protinus
2997 3296 3269 3364 implorat.
3324 3295 3378 3350 Si
3407 3295 3528 3366 quis
3556 3296 3622 3350 ad
3651 3312 3750 3351 ex-

2128 3401 2354 3449 tremam
2389 3391 2726 3448 mcndicandi
2771 3395 3148 3449 neceSsitatem
3190 3394 3488 3461 deductus,
3538 3395 3743 3451 victum

2126 3485 2380 3558 precibus
2426 3486 2707 3554 exposcit,
2755 3487 2920 3542 Deum
2967 3487 3139 3541 solum
3182 3487 3500 3553 obtestatur,
3549 3497 3604 3543 et
3648 3503 3746 3558 per

2126 3580 2240 3651 ejus
2265 3580 2501 3635 divinum
2553 3590 2712 3651 atque
2766 3582 2981 3637 unicum
3030 3597 3228 3638 numen
3286 3581 3549 3655 (Lactant.
3583 3583 3672 3640 lib.
3704 3600 3742 3640 tt

2123 3670 2360 3727 Institut.
2392 3689 2507 3741 cap.
2538 3672 2593 3740 2,
2629 3690 2748 3743 pag.
2781 3672 2930 3745 158).
2967 3693 2984 3726 ι

2191 3763 2362 3819 Porro
2385 3763 2470 3817 illa
2497 3764 2587 3819 Dei
2604 3765 2838 3836 cognitio
2863 3768 2933 3820 ita
2949 3767 3114 3822 menti
3133 3766 3410 3822 hominum
3426 3767 3741 3840 intimisque

2125 3857 2373 3912 sensibus
2402 3857 2711 3928 ingenerata
2739 3869 2838 3923 est,
2867 3871 2923 3913 ut
2949 3875 2976 3913 a
3004 3859 3221 3915 nemine
3249 3860 3367 3915 sine
3396 3877 3589 3932 magno
3617 3864 3736 3930 pia-

2128 3950 2252 4004 ειιΙο
2283 3950 2517 4020 ignorari
2548 3953 2733 4021 possit.
2763 3950 2895 4006 Nam
2925 3971 2944 4004 ι
2982 3952 3250 4023 ignorare,
3280 3955 3353 4008 ait
3384 3964 3572 4009 auctor
3603 3969 3734 4010 nos-

2127 4051 2230 4105 ter,
2259 4057 2358 4098 nec
2385 4043 2463 4097 fas
2490 4053 2595 4108 est,
2657 4059 2755 4100 nec
2784 4044 2909 4100 licet
2941 4045 3274 4116 ingerentem
3303 4061 3426 4102 sese
3455 4047 3646 4114 oculis,
3679 4057 3737 4102 et

2125 4137 2374 4192 sensibus
2417 4138 2615 4193 nostris
2644 4140 2921 4195 ctelestem
2952 4139 3275 4196 claritatem.
3313 4159 3332 4193 ι
3365 4140 3732 4208 Quamobrem

2127 4232 2214 4286 ille
2244 4241 2426 4300 postea
2457 4231 2680 4288 fidenter
2707 4243 3013 4301 asseverat,
3054 4235 3326 4306 quoslibet
3370 4235 3538 4291 Deum
3579 4237 3734 4306 igne-

2124 4337 2305 4381 rantes
2334 4341 2438 4380 non
2485 4341 2642 4382 secus
2681 4337 2840 4398 atque
2871 4329 3061 4399 impios
3085 4371 3100 4395 ,
3144 4327 3341 4384 debitis
3383 4329 3728 4387 mulctandos

2125 4434 2246 4476 esse
2285 4420 2459 4490 poenis
2487 4436 2550 4476 ac
2577 4423 2874 4491 suppliciis.
2918 4424 3253 4493 Loqncntem
3286 4425 3433 4479 illum
3465 4425 3508 4480 si
3541 4425 3730 4482 audire

2125 4515 2278 4582 velis,
2323 4529 2450 4572 ecce
2488 4515 2715 4586 ipsamet
2759 4517 2877 4585 ejus
2921 4517 3079 4573 verba
3124 4534 3137 4570 :
3177 4537 3197 4569 ι
3247 4518 3354 4573 Eos
3383 4521 3594 4584 merito,
3636 4522 3729 4590 qui

407 4627 548 4678 vem,
576 4611 821 4677 Martem,
854 4619 907 4664 et
930 4607 1243 4662 Minervam.
1280 4603 1464 4660 Solum
1500 4603 1664 4657 Deum
1693 4603 2001 4669 confirmas,
2030 4599 2083 4659 D
2112 4607 2278 4662 Deum
2308 4608 2554 4662 nesciunt
2581 4649 2593 4670 ,
2629 4618 2686 4664 ut
2717 4610 2930 4680 impios,
2965 4618 3022 4664 ut
3048 4609 3297 4680 injustos,
3332 4611 3432 4666 nisi
3466 4612 3727 4682 profanus

406 4723 569 4779 quem
610 4713 813 4761 tantum
845 4703 1010 4757 Deum
1051 4700 1319 4763 nominas;
1353 4705 1412 4752 ut
1437 4712 1557 4752 cum
1592 4696 1712 4751 illos
1742 4695 2006 4750 interdum

407 4803 540 4860 deos
575 4799 844 4871 appellas,
878 4795 944 4853 de
974 4795 1170 4858 alieno,
1205 4802 1260 4849 et
1283 4792 1434 4863 quasi
1469 4806 1564 4861 pro
1596 4799 1780 4845 mutuo
1811 4805 1904 4844 usa
1931 4789 2009 4843 vi-

405 4897 604 4954 dearis.
645 4897 720 4952 De
759 4902 946 4949 natura
984 4905 1198 4960 quoque
1242 4887 1369 4955 Dei,
1410 4901 1570 4956 quam
1613 4884 1967 4956 praedicamus
1991 4923 2004 4949 ,

405 5006 505 5047 nec
544 4999 593 5045 te
639 4989 787 5044 latet.
838 4987 978 5042 Deus
1017 4984 1213 5050 bonus,
1262 4980 1400 5036 Deus
1440 4979 1726 5047 benefacit,
1773 4989 1857 5034 tua
1900 4991 2005 5031 vox

403 5092 487 5139 est
519 5081 654 5154 (Lib.
687 5083 749 5136 de
776 5081 1056 5135 Tcstimon.
1083 5076 1270 5131 animm
1318 5091 1435 5144 cap.
1467 5073 1534 5142 2,
1570 5091 1689 5144 pag.
1721 5073 1850 5143 81).
1893 5090 1912 5123 ι
1949 5072 2006 5127 In

403 5174 544 5232 libro
565 5190 779 5245 quoque
805 5173 870 5228 ad
899 5171 1181 5243 Scapulam
1213 5185 1226 5223 :
1264 5187 1282 5220 ι
1319 5166 1574 5238 Populus,
1606 5165 1801 5234 inquit,
1831 5163 2006 5218 accla-

403 5281 560 5322 mans
592 5267 699 5321 Deo
727 5267 980 5332 Deorum,
1012 5264 1100 5334 qui
1127 5261 1278 5318 solus
1301 5269 1492 5330 potens
1518 5267 1624 5325 est,
1657 5259 1707 5312 in
1732 5256 1881 5311 Jovis
1904 5271 2004 5311 no-

404 5361 570 5423 mine,
611 5359 720 5413 Dco
774 5367 959 5412 nostra
1017 5353 1386 5411 testimonium
1417 5348 1650 5406 reddidit
1684 5346 1874 5421 (Idem,
1910 5347 1997 5402 lib.

403 5455 472 5510 ad
501 5454 718 5523 Scapul.
748 5469 863 5522 cap.
890 5452 944 5516 4,
976 5469 1096 5523 pag.
1129 5449 1259 5520 87).
1299 5467 1317 5500 ι

475 5553 542 5605 At
581 5547 731 5615 illud,
773 5546 962 5616 inquit,
995 5556 1078 5602 est
1110 5565 1129 5598 ‹
1167 5541 1532 5600 testimonium
1565 5540 1760 5595 anima:
1789 5547 2004 5594 natura-

403 5644 528 5700 liter
562 5642 872 5699 christianze
896 5682 910 5707 ,
952 5660 970 5692 ι
1003 5640 1055 5696 in
1094 5641 1196 5697 hoc
1231 5637 1517 5704 videlicet,
1547 5635 1688 5708 quod
1717 5635 1930 5691 insitam
1973 5647 2002 5686 a

402 5745 594 5794 natura
639 5736 837 5792 habeat
865 5735 976 5790 veri
1021 5733 1450 5789 Christianorum
1483 5731 1578 5786 Dei
1619 5731 1995 5802 cognitionem.

399 5828 520 5890 Non
543 5830 686 5888 enim
715 5828 892 5888 minus
914 5827 1219 5900 perspicue,
1247 5825 1388 5884 sicut
1413 5840 1511 5883 suo
1532 5824 1651 5882 loco
1677 5821 1998 5886 videbimus,

2113 4713 2273 4753 nemo
2303 4697 2602 4764 deliberat;
2646 4715 2768 4755 cum
2802 4711 3076 4770 parentem
3109 4703 3373 4770 omnium,
3401 4713 3455 4759 et
3481 4707 3725 4762 omnium

2113 4789 2400 4845 Dominum
2432 4807 2536 4846 non
2585 4793 2811 4848 minoris
2851 4794 3073 4849 sceleris
3112 4795 3182 4848 sit
3231 4795 3513 4866 ignorare,
3562 4815 3723 4866 quam

2110 4882 2331 4939 ltcdere.
2384 4903 2402 4936 ι
2437 4884 2544 4940 Sed
2571 4885 2682 4956 jam
2731 4885 2929 4941 audisti
2973 4887 3166 4942 citatos
3212 4903 3242 4942 a
3290 4888 3444 4944 nobis
3495 4889 3723 4947 Paulum

2112 4976 2452 5046 Apostolum,
2484 4977 2895 5045 Tertullianum,
2940 4979 3267 5051 Cyprianum
3303 4981 3490 5036 eadem
3519 4981 3590 5039 de
3616 4983 3723 5039 illis

2113 5072 2553 5142 pronuntiantes,
2584 5075 2672 5143 qui
2722 5089 2819 5129 nec
2848 5089 2912 5128 ex
2943 5075 3104 5129 rebus
3148 5076 3372 5140 creatis,
3408 5091 3507 5132 nec
3534 5093 3600 5133 ex
3633 5078 3722 5132 illa

2113 5163 2347 5235 ingenita
2378 5166 2650 5221 mentibus
2680 5169 2794 5221 suis
2840 5166 2935 5222 Dei
2961 5168 3308 5238 cognitione,
3353 5168 3504 5223 illum
3552 5185 3721 5242 agno-

2111 5267 2288 5324 scunt,
2318 5267 2411 5312 aut
2438 5259 2624 5313 volunt
2647 5273 2963 5330 agnoscere.

2183 5351 2254 5404 At
2284 5349 2405 5406 huic
2433 5349 2504 5406 de
2548 5352 2752 5407 homini
2785 5351 2964 5406 innata
2998 5352 3090 5408 Dei
3136 5355 3442 5425 cognitione
3472 5357 3718 5427 opinioni

2110 5452 2367 5515 quantum
2398 5441 2625 5512 gentiles
2655 5443 2812 5498 etiam
2847 5443 3151 5516 philosophi
3196 5446 3447 5510 faveanL,
3497 5463 3562 5503 ex
3599 5449 3715 5503 illo-

2109 5553 2228 5592 rum
2259 5537 2488 5591 Oratore
2518 5535 2684 5590 latino
2719 5541 2902 5606 accipe
2937 5555 2951 5591 :
2993 5556 3011 5589 ι
3049 5537 3178 5604 Quae
3204 5547 3310 5604 est,
3343 5540 3540 5608 inquit,
3578 5555 3716 5611 gens

2109 5641 2200 5685 aut
2228 5630 2369 5700 quod
2397 5645 2565 5701 genus
2599 5632 2898 5698 hominum,
2923 5631 3063 5703 quod
3088 5648 3193 5687 non
3223 5631 3420 5688 habeat
3440 5633 3559 5689 sine
3585 5635 3718 5691 doc-

2110 5723 2247 5777 trina
2292 5723 2726 5793 anticipationem
2773 5725 3058 5794 quamdam
3089 5724 3311 5780 deorum
3339 5767 3353 5791 ,
3405 5742 3566 5793 quam
3611 5741 3713 5797 ap-

2106 5814 2271 5889 pellat
2299 5821 2530 5888 πρόληψιν
2561 5816 2858 5889 Epicurus,
2909 5818 2960 5875 id
2999 5829 3079 5876 est
3105 5861 3119 5888 ,
3158 5827 3496 5894 anteceptam
3533 5820 3713 5881 animo
