3972 6310
236 267 343 323 423

237 497 341 540 nec
382 487 573 553 qutrri,
620 502 719 542 nec
755 486 1019 559 disputari
1060 490 1345 559 possit.....
1376 490 1509 547 Cum
1548 494 1694 550 enim
1731 510 1837 552 non

236 577 487 633 instituto
513 580 714 650 aliquo.
746 590 837 637 aut
862 597 1035 646 more.
1064 592 1156 639 aut
1183 583 1300 657 lege
1329 586 1400 641 sit
1426 585 1607 657 opinio
1634 588 1839 644 consti-

233 681 372 737 tuta,
414 682 742 746 maneatque
783 677 851 732 ad
883 692 1047 733 unum
1079 679 1316 733 omnium
1348 679 1498 735 ﬁrma
1529 685 1836 749 consensio,

230 766 458 841 intelligi
499 785 724 826 necesse
754 781 838 827 est
865 787 988 828 esse
1023 772 1188 838 deos;
1236 775 1487 846 quoniam
1532 777 1717 833 insitas
1743 794 1839 835 eo-

231 877 394 928 rum,
436 864 517 919 vel
564 864 743 935 potius
784 865 999 922 innatas
1048 868 1386 937 cognitiones
1430 869 1710 927 habemus.
1766 872 1841 929 De

229 970 340 1027 quo
364 966 542 1013 autem
567 959 807 1015 omnium
840 970 1026 1017 natura
1072 966 1364 1026 consentit,
1410 963 1461 1021 id
1491 980 1672 1021 verum
1719 981 1841 1025 esse

226 1062 455 1105 necesse
480 1058 583 1106 est.
614 1050 750 1108 Esse
777 1052 938 1123 igitur
963 1053 1095 1111 deos
1121 1055 1486 1113 conﬁtendum
1511 1068 1596 1114 est
1622 1078 1640 1111 ι
1675 1058 1837 1133 (Cic.,

227 1140 326 1198 lib.
369 1158 387 1198 ι
438 1143 503 1198 de
544 1143 738 1202 Nalur.
777 1145 960 1208 Deoia.
1002 1164 1119 1219 pag.
1152 1148 1294 1217 202,
1326 1150 1421 1206 lin.
1464 1151 1499 1207 5
1541 1161 1597 1208 et
1625 1151 1837 1224 scqq.).

227 1239 370 1306 Quid
407 1250 587 1297 autem
620 1242 708 1297 illa
756 1242 988 1299 hominis
1016 1243 1217 1301 ethnici
1264 1245 1605 1303 confessione
1650 1258 1707 1304 et
1748 1264 1839 1304 ar-

224 1334 635 1405 gumentatione
659 1335 863 1400 verius,
890 1338 991 1392 nisi
1014 1337 1145 1395 deus
1167 1354 1297 1396 suos
1323 1356 1420 1410 pro
1445 1356 1578 1397 vero
1602 1350 1659 1398 et
1679 1345 1839 1399 unico

223 1428 343 1482 Deo
397 1428 664 1484 dixisset?
711 1430 783 1486 At
835 1430 973 1494 vide,
1028 1448 1235 1501 qttzeso,
1288 1448 1354 1489 an
1402 1434 1546 1491 hunc
1594 1452 1837 1493 errorem

226 1521 622 1589 emendaverit,
656 1522 745 1577 tibi
781 1522 938 1579 Ennii
966 1524 1276 1583 testimonio
1304 1529 1541 1585 ostendit
1574 1529 1716 1587 hunc
1746 1547 1839 1587 ve-

221 1632 350 1673 rum
394 1616 598 1685 Deum,
645 1618 800 1674 sicuti
848 1619 1112 1675 Minucius
1156 1630 1209 1676 ct
1249 1605 1614 1681 Tertulliantts
1651 1626 1833 1695 aiunt,

221 1710 381 1768 Jovis
423 1713 640 1769 nomine
678 1714 747 1787 ab
777 1715 1029 1771 omnibus
1075 1717 1311 1773 invocari
1360 1736 1373 1772 :
1425 1738 1443 1773 ι
1481 1720 1634 1789 Quod
1667 1724 1718 1776 ni
1763 1722 1835 1777 ita

1650 276 2122 339 DlSSERTATlO.

238 388 316 443 rei
347 388 635 460 quamdam
668 390 1126 459 informationem,
1155 392 1275 451 sine
1309 407 1413 467 qua
1447 410 1550 454 nec
1574 397 1800 471 intelligi
1825 441 1840 467 ,
1869 403 1919 462 Α

3440 302 3549 361 426

2133 399 2351 464 Jupiter,
2371 400 2635 455 auctiferas
2651 402 2875 460 lustravit
2894 408 3079 463 lumine
3104 404 3279 468 ter'ras.

1944 506 2006 563 Hi
2036 517 2215 565 autem
2244 525 2429 568 versus
2457 513 2596 583 apud
2626 514 2913 586 ipsummet
2944 518 3236 579 Homerum
3268 524 3347 582 sic
3370 541 3547 598 grmce

1943 601 2269 659 exhibentur
2302 623 2315 661 :

2192 733 2297 790 Toto;
2320 730 2388 782 γὰρ
2410 733 2491 778 νόος
2517 733 2616 773 iniu
2638 735 2846 788 ἰπιχθονῑυν
2868 737 3075 790 ἀνθρώπων,

2194 786 2282 832 Οἷιν
2307 794 2362 831 ἆτ’
2385 793 2483 846 ἦμαρ
2504 786 2763 852 inaugura}?
2782 796 2924 852 ἀνδρῶν
2940 786 2987 841 Ἷτι
3011 786 3097 843 Quin
3114 819 3167 843 τι,

2604 848 2782 911 (Ηοιιζ,
2811 848 2987 917 Odyss.
3014 869 3187 918 xxvm,
3216 871 3259 908 v.
3285 859 3417 924 155.)

1942 947 2087 1016 Quos
2115 949 2311 1007 latinus
2341 952 2610 1025 interpres
2637 958 2716 1012 sic
2745 959 2974 1017 reddidit
3000 979 3013 1015 :

2034 1060 2167 1128 Talis
2184 1064 2315 1113 enim
2338 1078 2480 1117 meus
2502 1076 2582 1119 est
2604 1073 2918 1122 terrestrium
2942 1075 3190 1128 hominum

2036 1124 2242 1185 Qualem
2257 1129 2480 1192 quotidie
2502 1132 2640 1184 ducit
2663 1141 2806 1198 pater
2829 1124 3190 1205 hominumque
3206 1144 3538 1211 deorumque.

2014 1230 2228 1289 Scimus
2250 1234 2468 1306 quidem
2497 1253 2527 1292 a
2562 1238 2839 1297 Lactantio
2870 1245 3144 1315 traditum,
3173 1248 3307 1305 nihil
3336 1251 3404 1308 ab
3433 1254 3544 1310 llo-

1941 1342 2095 1385 utero
2128 1330 2243 1386 dari
2309 1335 2548 1403 potuisse
2609 1339 2750 1408 quod
2797 1342 3058 1410 pertineat
3103 1345 3168 1401 ad
3220 1350 3544 1416 veritatem;

1940 1424 2139 1496 quippe
2165 1427 2259 1496 qui
2288 1427 2515 1485 humana
2547 1434 2723 1501 potius
2750 1450 2908 1503 quam
2936 1436 3115 1493 divina
3159 1444 3547 1515 conscripserit

1943 1513 2249 1587 (Lactant.,
2285 1520 2377 1576 lib.
2421 1537 2437 1576 ι
2498 1520 2651 1579 Instit
2722 1526 2904 1595 divin.,
2956 1545 3075 1601 cap.
3128 1532 3199 1594 5.
3251 1513 3472 1606 pagi?!
3497 1536 3541 1610 ).

1945 1606 2139 1665 Verum
2173 1622 2528 1684 praeterquam
2572 1617 2713 1687 quod
2754 1619 2945 1677 Cicero
2986 1622 3101 1679 haec
3129 1628 3365 1683 carmina
3406 1606 3547 1684 tam-

1939 1718 2098 1773 quam
2132 1706 2351 1776 probata
2380 1707 2579 1764 Stoicis
2618 1710 2839 1777 citavit,
2871 1730 2933 1770 ca
2965 1732 3095 1772 sane
3122 1717 3337 1776 Minucii
3375 1724 3547 1778 nostri

221 1816 431 1873 esse“,
467 1808 660 1881 inquit,
696 1829 714 1864 ι
743 1810 831 1882 qui
855 1812 1119 1883 potuisse,
1140 1827 1362 1870 assensu
1392 1815 1631 1871 omnium
1658 1816 1841 1873 dicere
1868 1816 1916 1877 B
1945 1799 2220 1867 proposito
2247 1799 2327 1855 sic
2355 1812 2698 1874 congruunt,
2740 1815 2797 1860 ut
2819 1805 2885 1862 ad
2919 1807 3005 1863 illa
3037 1809 3359 1870 colliueasse
3391 1816 3549 1886 plane

222 1898 439 1957 Ennius
470 1918 483 1956 :

698 2017 880 2082 Aspice
893 2019 987 2071 hoc

354 2079 581 2192 thlsme
599 2079 837 2144 candens,
864 2095 1016 2147 quem
1041 2083 1271 2136 invocant
1288 2096 1462 2136 omnes

511 2156 674 2195 ovem.

220 2247 384 2303 Illum
416 2262 547 2304 vero
575 2259 629 2306 et
656 2249 844 2307 Jovem
875 2260 932 2309 et
959 2252 1352 2310 dominatorem
1383 2269 1596 2324 rerum,
1626 2265 1681 2312 et
1718 2269 1835 2311 om-

222 2340 319 2398 nia
351 2352 481 2397 nutu
509 2355 808 2415 regentem,
841 2356 896 2402 et
924 2356 979 2402 ut
1007 2348 1145 2404 idem
1179 2349 1401 2416 Ennius,

415 2457 615 2509 Patrem
646 2457 922 2526 Divumquc
945 2463 1318 2529 hominumque.

221 2571 287 2618 et
328 2557 672 2635 praesentem,
706 2582 768 2623 ac
798 2580 1179 2640 praepotentem
1214 2572 1400 2629 Deum.
1432 2572 1586 2643 Quod
1616 2573 1703 2642 qui
1734 2572 1835 2630 du-

221 2654 397 2723 bitat,
431 2656 570 2713 ltaud
601 2674 731 2715 sane
759 2662 999 2734 intelligo
1020 2706 1036 2732 ,
1077 2680 1174 2720 cur
1199 2681 1305 2721 non
1338 2666 1499 2733 idem,
1533 2668 1613 2723 sol
1643 2667 1732 2736 sit,
1766 2683 1834 2723 an

221 2748 409 2803 nullus
446 2750 547 2817 sit,
586 2750 833 2810 dubitare
872 2756 1044 2826 possit
1086 2775 1105 2809 ι
1156 2756 1287 2830 (lib.
1331 2760 1457 2816 nde
1485 2759 1614 2817 Nat.
1650 2761 1832 2830 Deor.,

221 2853 350 2911 pag.
385 2841 513 2910 214,
544 2841 638 2898 lin.
670 2844 738 2900 12
762 2854 817 2901 et
839 2862 993 2919 seqq.
1017 2847 1058 2919 ).

857 2982 1085 3042 CAPUT
1121 2984 1213 3041 IV.

845 3113 912 3153 DF.
950 3114 1054 3155 DEO
1092 3115 1215 3157 υςο.

753 3252 1045 3296 Αιιτιευιιυε
1097 3254 1307 3296 ΡΒΙΜΙῘΒ.

219 3345 575 3404 Eutitiuatur
621 3364 976 3423 argumentum
1006 3396 1022 3423 ,
1076 3373 1175 3427 quo
1226 3354 1468 3413 Octavius
1518 3358 1832 3415 ethnicorum

296 3451 564 3513 poetarum
611 3442 824 3501 Homeri
851 3456 898 3501 et
937 3446 1159 3520 Virgilii,
1190 3449 1612 3521 pltilosOpltorum
1642 3449 1830 3507 Thale.

297 3536 388 3600 tis,
418 3536 772 3605 Aunxiutenis,
803 3537 1046 3611 Diogenis
1072 3540 1436 3608 Apolloniatis,
1484 3543 1829 3616 Anaxagora,

300 3628 620 3701 Pythagora
666 3642 714 3687 et
763 3630 1104 3705 Xetwpltanis
1140 3635 1440 3691 auctoritate
1479 3653 1641 3692 unum
1683 3637 1836 3693 dum-

304 3731 450 3779 taxat
478 3722 646 3780 Deum
677 3742 783 3782 esse
811 3728 1052 3783 ostendit.

298 3858 765 3927 Quemadmodum
828 3861 1094 3918 Minucius
1159 3863 1503 3922 validissimis
1565 3867 1831 3924 rationum

225 3956 547 4022 momentis,
571 3972 634 4013 ac
653 3958 928 4013 communi
952 3958 1191 4014 omnium
1225 3960 1542 4031 populorum
1564 3976 1830 4018 consensu

221 4048 567 4107 demonstrat
598 4050 766 4107 Deum
811 4067 1001 4109 revera
1045 4053 1326 4110 existere:
1372 4056 1439 4110 ita
1474 4057 1636 4111 etiam
1684 4056 1830 4111 illum

226 4141 392 4213 plane
445 4144 656 4198 unicum
710 4158 864 4211 esse,
934 4147 1285 4217 ipsorumtnet
1328 4148 1663 4206 ethnicorum
1709 4166 1831 4207 cum

226 4241 509 4304 poetarum
541 4241 652 4289 tum
697 4234 1142 4308 philosophorum
1186 4240 1493 4296 testimonio
1533 4243 1835 4300 luculenter

221 4323 488 4381 ostendit.
514 4325 562 4383 Α
597 4329 771 4398 poetis
799 4338 978 4385 autem
1019 4331 1099 4388 sic
1131 4332 1378 4388 orditur:
1423 4352 1443 4387 ι
1475 4336 1666 4403 Audio,
1700 4355 1719 4389 ι
1748 4338 1832 4393 in-

224 4421 368 4487 quit,
397 4440 417 4474 ι
455 4432 640 4493 poetas
658 4439 871 4496 quoque
898 4441 1062 4481 unum
1091 4440 1295 4497 patrem
1325 4427 1505 4484 divutu
1548 4439 1707 4501 atque
1739 4433 1835 4487 ho-

224 4516 435 4571 minum
479 4512 865 4586 prtedicantcs,
912 4529 965 4576 et
1007 4520 1165 4576 talem
1197 4536 1317 4578 esse
1347 4524 1653 4581 mortalium
1687 4543 1838 4584 nien-

230 4622 366 4669 tem.
392 4610 604 4680 qualem
636 4626 831 4682 parens
858 4612 1097 4669 omnium
1123 4615 1339 4672 dixerit.
1377 4638 1396 4671 ι

303 4698 497 4756 Utrum
525 4717 654 4758 vero
680 4703 836 4760 unius
872 4718 1045 4776 poclm
1071 4705 1246 4765 Grmci
1273 4712 1356 4767 vel
1386 4710 1581 4782 Latini,
1606 4729 1676 4770 an
1708 4715 1828 4786 plu-

229 4793 375 4850 rium
407 4794 516 4850 sint
541 4794 657 4851 hare
686 4797 844 4853 verba
871 4838 887 4864 ,
922 4813 953 4853 a
994 4800 1150 4859 nobis
1178 4802 1405 4862 fortasse
1432 4808 1622 4881 aliquis
1652 4812 1832 4882 requi-

231 4895 340 4941 ret.
386 4890 453 4941 At
495 4887 548 4943 in
596 4887 701 4946 line
743 4891 1039 4960 superioris
1089 4897 1299 4954 articuli
1341 4900 1570 4959 vidimus
1616 4903 1826 4973 Jovem,

230 4992 395 5048 quem
426 4993 618 5037 omnes
646 4981 916 5053 invocant,
948 4987 1016 5041 ab
1045 4987 1219 5046 Ennio
1248 5003 1401 5061 poeta
1441 4997 1621 5053 vocari
1659 5016 1678 5052 ι
1727 4999 1831 5055 Pa-

232 5078 375 5126 trem
418 5072 707 5142 divumque
747 5076 1154 5154 hominumque.
1212 5105 1230 5138 ι
1281 5086 1471 5144 Cicero
1524 5104 1704 5149 autem
1762 5093 1833 5151 ibi

232 5161 459 5221 Balbum
502 5165 742 5225 Stoicum
782 5172 986 5229 inducit
1025 5175 1141 5233 lucc
1183 5178 1295 5250 ipsa
1339 5183 1499 5238 verba
1540 5185 1794 5243 citantem
1820 5230 1834 5254 ,

228 5255 427 5327 quibus
477 5263 933 5329 prtestantissima:
970 5269 1164 5325 mentis
1198 5288 1399 5329 numen
1437 5277 1668 5333 existere
1706 5295 1837 5335 con-

229 5348 430 5409 ﬁrmet.
463 5353 735 5411 Testatum
766 5369 1024 5429 praeterea
1059 5365 1385 5435 Augustinus
1430 5368 1557 5426 facit
1584 5372 1835 5429 eumdem

228 5439 547 5500 Ciceronem
570 5447 848 5520 (Angust.,
875 5452 966 5509 lib.
991 5471 1025 5510 v
1050 5454 1114 5510 de
1153 5457 1326 5523 Civit.,
1360 5475 1479 5532 cap.
1506 5461 1563 5529 8,
1595 5479 1647 5533 p.
1679 5464 1828 5538 121),

230 5538 321 5595 ubi
352 5541 543 5611 probat
572 5561 599 5597 a
631 5544 825 5601 Stoicis
850 5546 1039 5605 Jovem
1070 5571 1089 5604 ι
1117 5568 1276 5623 quem
1308 5571 1577 5612 summum
1611 5559 1774 5615 Deum
1806 5578 1826 5615 ι

230 5632 512 5703 putabant,
556 5637 833 5705 appellari,
869 5638 968 5697 lios
997 5643 1191 5701 vitasse
1227 5646 1446 5704 tlomeri
1482 5665 1687 5721 versus,
1728 5652 1833 5709 sic-

229 5739 336 5798 que
361 5725 417 5783 in
449 5726 673 5784 latinam
704 5733 931 5792 vertisse
956 5736 1190 5809 linguam
1222 5760 1235 5798 :

422 5836 574 5893 Tales
594 5851 711 5896 sunt
726 5844 979 5900 hominum
996 5859 1196 5906 mentes
1216 5856 1348 5921 quali
1372 5867 1515 5926 pater
1538 5863 1648 5928 ipse

764 5935 1046 6003 Ριτιιοι..
1107 5940 1220 6007 Ill.

1943 1889 2209 1947 videatur.
2243 1891 2301 1948 Si
2330 1896 2453 1965 quis
2486 1907 2684 1960 tamen,
2717 1908 2812 1953 aut
2839 1900 3094 1965 Ennium.
3125 1913 3218 1960 aut
3256 1907 3389 1963 alios
3421 1926 3550 1977 poe-

1941 1996 2022 2043 tas
2056 1987 2125 2043 ibi
2151 1989 2220 2044 ab
2249 1989 2340 2047 illo
2365 1992 2519 2048 citari
2546 1994 2701 2051 nobis
2724 2005 2867 2053 recte
2901 1998 3231 2069 probaverit,
3261 2003 3335 2059 illi
3365 2006 3548 2062 Statim

1939 2080 2364 2138 subscribcutus.

2008 2172 2162 2229 Alter
2202 2186 2356 2245 poeta
2396 2192 2426 2232 a
2472 2177 2745 2249 Minucio,
2788 2184 3242 2253 quemadmodum
3288 2202 3472 2262 postea
3517 2212 3549 2250 a

1936 2265 2217 2323 Lactantio
2269 2269 2576 2342 (Lactant.,
2631 2273 2726 2328 lib.
2771 2290 2789 2331 ι
2838 2273 3013 2332 lnstit.
3073 2280 3258 2349 diem,
3312 2300 3434 2357 cap.
3487 2286 3548 2353 5,

1936 2374 2055 2431 pag.
2088 2359 2207 2427 22),
2259 2363 2479 2419 nomine
2529 2379 2628 2419 suo
2666 2366 2744 2420 sic
2771 2369 3118 2438 appellatur:
3157 2392 3177 2425 ι
3214 2374 3352 2443 Quid
3394 2376 3548 2434 Man—

1938 2463 2128 2509 tuanus
2151 2454 2334 2510 Maro?
2356 2456 2545 2513 Nonne
2574 2461 2834 2529 apertius,
2865 2464 3180 2536 proximius,
3216 2478 3271 2522 et
3297 2470 3492 2535 verius,
3521 2491 3541 2524 ι

1937 2550 1989 2605 id
2020 2561 2131 2617 est,
2175 2553 2394 2623 propius
2418 2554 2484 2608 ad
2513 2569 2696 2609 veram
2718 2555 2787 2611 de
2814 2556 2923 2613 Deo
2944 2560 3267 2616 sententiam
3303 2564 3507 2621 act-edit
3526 2606 3544 2631 ,

1937 2659 2169 2718 eamque
2195 2647 2433 2717 apertius
2455 2656 2509 2703 et
2534 2650 2713 2705 verius
2738 2648 3017 2706 dect-mat?
3038 2650 3186 2708 lllius
3219 2665 3395 2710 tamen
3424 2675 3552 2715 vcr-

1939 2753 2031 2794 sus
2073 2749 2262 2796 auctor
2291 2752 2476 2797 noster
2500 2758 2602 2798 nec
2630 2744 2893 2815 integros,
2924 2761 3025 2803 nec
3054 2764 3162 2820 quo
3193 2751 3247 2806 in
3276 2752 3417 2808 libro
3445 2753 3548 2810 ha-

1937 2833 2204 2901 beantur,
2248 2836 2341 2892 sed
2382 2854 2569 2894 norunt
2596 2838 2879 2896 dumtaxat
2917 2856 3174 2910 sensum,
3216 2857 3269 2901 et
3298 2848 3547 2917 quadam

1939 2930 2101 2986 verba
2132 2932 2377 3001 quamvis
2400 2947 2466 2988 ex
2495 2933 2707 2991 duobus
2733 2935 2849 3005 ejus
2885 2935 3039 2992 libris
3064 2950 3323 3009 excerpta
3346 2983 3360 3007 ,
3402 2940 3547 2998 hunc

1940 3021 2164 3079 exhibet
2194 3024 2245 3078 in
2278 3025 2497 3080 modum
2534 3045 2547 3080 :
2582 3046 2601 3079 ι
2645 3026 2915 3099 Principio
2945 3030 3143 3086 caelum
3174 3042 3230 3087 et
3268 3042 3460 3100 terras,
3492 3045 3552 3092 et

1940 3124 2133 3171 cmtera
2164 3117 2347 3172 mundi
2377 3118 2639 3184 membra,
2678 3121 2898 3190 spiritus
2940 3122 3083 3178 intus
3120 3123 3250 3193 alit,
3293 3134 3348 3182 et
3375 3126 3552 3185 infusa

1856 3220 1902 3285 ρ
1941 3223 2095 3264 mens
2134 3210 2332 3281 agitat;
2364 3209 2491 3268 inde
2516 3210 2792 3268 hominum
2833 3215 3206 3288 pecudumque
3241 3234 3412 3289 genus
3435 3262 3451 3288 ,
3493 3232 3554 3279 et

1934 3302 2190 3374 quidquid
2232 3303 2375 3359 aliud
2406 3306 2738 3361 animalium.
2778 3326 2796 3358 ι
2833 3306 2980 3363 Idem
3008 3310 3118 3365 alio
3148 3311 3268 3368 loco
3309 3324 3549 3373 mentem

1933 3396 2092 3453 istam
2131 3410 2186 3454 et
2231 3399 2477 3470 spiritttm
2524 3402 2786 3456 nominat.
2845 3402 2970 3459 llaec
3015 3405 3160 3461 enim
3209 3407 3326 3479 ejus
3369 3420 3545 3492 sunt:

1940 3510 1959 3544 ι
1987 3491 2155 3548 Deum
2185 3510 2417 3565 namque
2452 3493 2530 3550 ire
2564 3510 2657 3565 per
2688 3511 2880 3553 omnes
2906 3506 3189 3568 terrasque
3234 3491 3548 3576 tractusque

1937 3589 2126 3654 maris,
2156 3588 2461 3661 coelumque
2502 3589 2823 3661 profundum
2855 3609 2869 3647 :
2906 3593 3048 3650 unde
3089 3593 3336 3653 homines
3366 3607 3422 3654 et
3448 3614 3546 3670 pc-

1934 3680 2125 3748 cudes,
2150 3681 2290 3738 unde
2318 3681 2492 3737 imber
2512 3692 2568 3738 et
2594 3683 2765 3754 ignes.
2806 3704 2826 3738 ι
2858 3684 2975 3741 Non
3010 3688 3167 3757 igitur
3194 3688 3395 3745 inutilis
3424 3703 3547 3746 ont-

1938 3776 2066 3830 nino
2104 3774 2424 3846 quibusdam
2457 3791 2637 3847 opera:
2671 3778 2902 3848 pretium
2943 3779 3047 3833 erit
3075 3779 3313 3851 integros
3353 3799 3546 3842 versus

1937 3866 2060 3922 illos
2083 3867 2394 3923 describere
2420 3910 2433 3930 .
2464 3877 2518 3924 et
2546 3868 2784 3925 indicare
2815 3872 2905 3926 ubi
2939 3873 3294 3941 reperiantur.
3324 3874 3544 3935 Priores

1935 3968 2113 4015 autem
2144 3960 2196 4014 in
2225 3970 2381 4015 sexto
2401 3958 2662 4018 Ailneidos
2688 3962 2826 4019 libro
2847 3963 2926 4019 sic
2957 3964 3205 4033 leguntur
3235 3983 3250 4021 :

2060 4074 2308 4146 Principio
2330 4074 2527 4146 ccelum,
2546 4083 2730 4146 terras,
2757 4092 3055 4146 camposque
3081 4080 3351 4146 liquentes,

2060 4136 2434 4208 Lucentemque
2458 4138 2659 4208 globum
2685 4136 2831 4202 lunte,
2858 4136 3153 4208 Titaniaque
3170 4152 3322 4207 astra,

2061 4200 2275 4269 Spiritus
2292 4200 2425 4269 intus
2446 4200 2561 4269 alit;
2589 4200 2839 4267 totamque
2868 4204 3019 4255 infusa
3047 4200 3137 4269 p'er
3157 4218 3295 4259 artus

2062 4262 2383 4341 hl’enstagit'at
2406 4263 2607 4324 molem,
2625 4273 2687 4341 ¹εει
2710 4262 2887 4329 ntagno
2901 4282 2957 4317 se
2983 4262 3189 4341 corpore
3210 4274 3416 4341 miscet:

2060 4324 2184 4401 Ihnde
2209 4324 2459 4376 hominum
2482 4324 2821 4401 pecudumque
2839 4343 3016 4401 genus,
3041 4324 3254 4395 vittaque
3276 4336 3545 4401 volantum,

2061 4386 2124 4439 Et
2144 4401 2256 4453 quae
2276 4386 2552 4441 marmoreo
2576 4392 2673 4440 t'ert
2696 4386 2911 4441 m'oust'ra
2933 4386 3027 4442 sub
3048 4386 3251 4457 :equdre
3276 4405 3472 4461 pontus.

2377 4478 2597 4543 (Virgil.,
2623 4475 2843 4540 ΛΞηεὶά..
2868 4478 2901 4530 Ι.
2924 4493 2990 4542 vt,
3010 4492 3056 4531 υ.
3077 4481 3171 4532 719
3188 4492 3241 4534 et
3256 4486 3424 4549 seqq.)

1938 4583 2276 4643 Posteriores
2303 4601 2430 4643 vero
2456 4588 2510 4642 in
2538 4586 2923 4661 Georgicorum
2956 4589 3094 4645 libro
3122 4602 3314 4661 quarto
3334 4592 3411 4649 sic
3441 4592 3541 4649 ha-

1936 4676 2130 4736 bentur
2164 4697 2177 4735 :

2560 4795 2721 4848 Deum
2746 4809 2957 4861 namque
2984 4799 3057 4847 ire
3084 4809 3173 4860 per
3196 4809 3371 4861 omnes

2028 4857 2340 4924 _T_errasque,g
2354 4864 2642 4924 tractusque
2667 4863 2833 4921 maris,
2857 4857 3137 4922 c'celumque
3164 4858 3475 4924 profundum,

2028 4920 2157 4996 Hine
2185 4920 2683 4996 pecnd_es,‘arméuta,
2710 4920 2859 4996 viros,
2884 4920 3217 4987 genusetnne
3235 4920 3473 4996 ferarum}

2032 4984 2289 5047 Quemque
2311 4985 2405 5035 sibi
2426 4990 2607 5036 tenues
2626 4984 2908 5037 nascentem
2931 4998 3189 5035 arcessere
3208 4987 3352 5035 vitas.

2218 5068 2396 5133 (Idem,
2426 5070 2458 5119 ι.
2486 5085 2555 5121 tv.
2582 5069 2825 5135 Georgia,
2851 5082 2896 5119 υ.
2922 5068 3014 5119 220
3039 5078 3091 5120 et
3113 5069 3283 5133 seqq.)

1939 5200 1996 5255 In
2030 5200 2128 5255 hos
2152 5209 2355 5269 atttem,
2387 5217 2451 5258 ac
2485 5202 2819 5273 potissimum
2851 5201 3055 5272 priores
3085 5218 3274 5258 versus
3299 5203 3543 5275 legendae

1940 5303 2065 5348 sunt
2103 5293 2274 5349 Servii
2317 5294 2743 5351 observationes.
2772 5295 2960 5351 Plures
3007 5295 3142 5352 alios
3177 5312 3241 5353 ac
3277 5299 3546 5368 praecipue

1939 5386 2160 5444 Graecos
2206 5396 2428 5458 poetas,
2468 5388 2536 5445 de
2576 5388 2768 5460 quibus
2807 5389 3086 5460 superiore
3128 5402 3273 5446 tonio
3309 5393 3538 5460 egimus,

1937 5479 2197 5536 Minucius
2222 5482 2390 5537 citare
2419 5479 2673 5555 poterat(
2704 5491 2814 5536 tom
2859 5496 2876 5536 t
2909 5482 3180 5552 Αριιαναι..
3211 5498 3333 5555 pag.
3370 5483 3496 5553 784)
3527 5502 3543 5539 :

1937 5574 2031 5630 sed
2061 5576 2185 5645 quia
2214 5574 2526 5637 Homerum,
2563 5573 2635 5626 nti
2677 5582 2919 5642 apparet,
2952 5575 3191 5630 omnium
3232 5574 3546 5631 Gt‘.t‘Ctirtlm

1939 5680 2245 5738 poetarum,
2287 5667 2561 5723 Maronem
2604 5682 2730 5721 vero
2757 5665 3067 5722 Latinorum
3099 5668 3447 5740 coryphzeum
3481 5683 3548 5727 ac

1939 5761 2239 5833 principem
2288 5758 2457 5815 fuisse
2500 5774 2660 5814 nemo
2702 5774 2805 5814 nou
2847 5759 3063 5821 fatetur.
3114 5760 3314 5816 idcirco
3353 5759 3549 5817 horum

1943 5854 2249 5911 testimonia
2287 5854 2352 5909 ad
2385 5852 2713 5927 preecipuum
2750 5852 2881 5911 illud
2920 5852 3232 5909 christiana:
3274 5852 3553 5926 religionis

3033 5946 3131 6013 1ῖιι.
