4058 6316
420 245 527 305 627

422 363 613 434 dogma
641 359 976 435 probandum
1007 357 1136 417 satis
1160 370 1426 429 superque
1449 368 1570 413 esse
1597 355 1941 412 existimavit.

496 460 574 516 Ad
598 458 921 516 celebriores
955 456 1131 527 itaque
1162 454 1512 525 philosophos
1546 452 1758 519 transit,
1795 452 2017 521 probat-

421 570 526 625 que
547 570 641 610 cos
673 555 724 608 in
753 553 1019 616 eamdem,
1049 549 1148 605 etsi
1176 567 1278 602 non
1304 548 1491 603 iisdem
1523 547 1725 612 verbis,
1753 562 1809 601 re
1840 555 2017 601 tamen

418 664 545 702 vera
586 647 926 716 conspirasse
966 643 1310 697 sententiam.
1353 642 1397 695 A
1452 640 1677 696 Thalete
1722 648 1898 694 autem
1939 638 2022 693 di-

419 740 577 797 cendi
600 742 677 795 sic
700 739 823 795 facit
849 735 1058 791 initium
1090 753 1103 789 :
1136 754 1154 787 ι
1182 734 1381 791 Thales
1407 734 1667 799 Milesius,
1694 735 1784 806 qui
1817 735 2020 805 primus

417 833 657 889 omnium
713 831 783 887 de
833 828 1143 888 catlvstibus
1199 826 1513 898 disputavit,
1570 842 1748 883 rerum
1808 828 2016 882 initium

416 939 632 996 aquam,
664 942 684 976 ι
719 934 773 976 ut
800 922 925 976 alibi
952 920 1202 985 vidimus,
1249 937 1269 971 ι
1307 918 1464 988 dixit,
1500 919 1664 973 Deum
1691 927 1869 975 autem
1897 934 2016 975 eam

416 1028 652 1073 mentem
702 1029 820 1086 qua:
850 1030 914 1069 ex
946 1028 1081 1086 aqua
1123 1021 1310 1067 cuncta
1348 1010 1665 1066 formaverit
1702 1030 1720 1064 ι
1781 1009 1951 1084 (tom.
2000 1026 2018 1066 ι

413 1110 693 1178 Apparat.,
714 1120 836 1177 pag.
869 1104 977 1162 454
1007 1114 1063 1161 et
1089 1102 1255 1175 776).
1285 1104 1349 1161 Et
1374 1102 1494 1159 haec
1516 1103 1732 1173 quidem
1763 1103 2015 1174 decerpta

410 1205 663 1263 videntur
699 1218 763 1261 ex
811 1200 1109 1269 Cicerone,
1152 1199 1240 1256 ubi
1284 1200 1352 1254 de
1391 1198 1577 1257 eadem
1604 1241 1619 1268 ,
1652 1214 1715 1256 ac
1755 1198 2016 1255 Minucios

413 1299 622 1357 noster,
654 1289 954 1362 quaestione
982 1288 1238 1358 disputat.
1270 1286 1716 1357 Philosophorum
1749 1287 1913 1353 enim,
1944 1287 2017 1342 si-

411 1385 519 1441 cuti
544 1384 656 1450 ille,
680 1383 963 1455 opiniones
988 1382 1057 1436 ibi
1089 1390 1359 1440 recenset.
1385 1390 1544 1450 atque
1566 1378 1634 1434 ab
1658 1378 1845 1436 eodem
1876 1395 2013 1450 quo-

408 1494 516 1550 que
544 1476 770 1533 Thalete
808 1476 887 1532 sic
914 1475 1102 1546 incipit
1134 1493 1146 1530 :
1186 1493 1204 1526 ι
1245 1473 1444 1530 Thales
1473 1473 1740 1538 Milesius,
1778 1475 1865 1543 qui
1907 1474 2015 1544 pri-

409 1587 531 1626 mus
557 1570 626 1626 de
653 1568 849 1626 talibus
878 1568 1041 1625 rebus
1071 1567 1337 1639 quaesivit,
1376 1581 1568 1638 aquam
1597 1564 1733 1620 dixit
1756 1579 1877 1621 esse
1908 1565 2011 1620 ini—

405 1669 539 1723 tium
572 1680 772 1729 rerum,
804 1664 967 1720 Deum
997 1673 1174 1719 autem
1213 1678 1330 1719 eam
1363 1671 1597 1718 mentem
1636 1677 1754 1728 qum
1784 1677 1849 1716 ex
1876 1675 2011 1731 aqua

1712 238 1802 297 DE
1838 233 2095 298 MlNliCil
2128 237 2431 300 OCTAVIO

2042 358 2094 418 Α
2124 367 2300 425 potem
2325 357 2521 413 divina)
2551 358 2794 427 rationis,
2823 360 2940 419 sine
2965 375 3067 436 qua
3099 361 3233 422 nihil
3263 379 3330 424 ex
3356 379 3425 424 eo
3449 366 3565 426 ﬁeri
3596 388 3729 443 pos-

3616 255 3732 313 428

2126 462 2209 506 set
2239 469 2258 503 ι
2319 452 2339 522 (
2366 450 2528 523 Ang.,
2559 454 2649 508 lib.
2676 471 2767 511 vni
2813 458 2876 513 de
2903 457 3076 523 Civit.,
3108 474 3228 528 cap.
3267 461 3304 516 2
3331 460 3370 534 ).
3407 462 3564 519 Vides
3594 479 3731 521 Sane

2121 560 2285 615 quam
2339 548 2532 603 merito
2583 549 2706 614 jure
2759 549 3019 606 Minncuts
3060 553 3258 608 dixerit
3300 556 3545 610 eamdem
3603 572 3732 614 esse

2125 642 2404 711 utriusque
2426 642 2779 699 Anaxitnettis
2806 657 2856 699 et
2883 644 3137 718 Diogenis
3163 647 3230 702 de
3257 647 3368 704 Deo
3389 648 3728 721 opinionem,

2122 746 2347 803 eamque
2375 752 2403 787 a
2430 734 2723 791 christiana
2748 754 2853 792 non
2883 755 3102 808 prorsus
3127 740 3444 800 abhorrere.
3467 744 3731 812 Quamvis

2121 826 2264 880 enini
2289 829 2356 880 ab
2384 828 2506 882 aliis
2534 830 2653 884 ideo
2677 830 2981 897 dissentiat,
3014 835 3155 906 quod
3184 852 3365 891 aerem
3395 853 3576 895 rerum
3611 857 3732 901 ma-

2122 920 2311 976 teriam
2352 922 2587 992 dixerit,
2626 925 2681 981 in
2725 925 2826 982 hoc
2866 935 3043 988 tamen
3082 946 3205 989 cum
3242 930 3566 1005 Christianis
3595 950 3731 993 con-

2119 1016 2301 1083 sentit,
2335 1016 2474 1087 quod
2518 1033 2617 1089 pro
2655 1029 2806 1076 certo
2839 1020 3093 1089 habuisse
3123 1004 3369 1099 videaiur
3398 1041 3604 1092 aerem,
3638 1029 3725 1084 di—

2120 1107 2258 1162 vinae
2288 1111 2511 1165 rationis
2550 1123 2877 1184 compotem,
2910 1130 3091 1175 rerum
3122 1119 3364 1187 omnium
3397 1118 3728 1191 efﬁcientem

2118 1213 2239 1256 esse
2268 1215 2506 1256 causam.

2190 1292 2308 1349 Non
2334 1292 2531 1351 desunt
2565 1297 2707 1355 enim
2756 1300 3049 1372 scriptores
3099 1303 3189 1374 qui
3240 1304 3586 1381 suspicantur
3624 1307 3730 1365 hos

2119 1385 2470 1459 pltiloSOphos
2506 1390 2650 1446 aeris
2691 1389 2884 1449 inﬁniti
2914 1394 3274 1468 immensique
3311 1400 3529 1456 nomine
3567 1401 3731 1457 intel-

2117 1477 2315 1536 lexisse
2346 1497 2453 1538 non
2484 1483 2625 1539 hunc
2654 1485 2869 1557 quidem
2912 1505 3071 1559 quem
3098 1490 3368 1561 spiramus
3391 1508 3597 1562 aerem,
3626 1494 3728 1552 sed

2117 1575 2356 1633 divinum
2397 1580 2685 1651 quemdam
2726 1585 3012 1654 spiritum,
3059 1588 3515 1657 quemadmodum
3552 1591 3730 1664 Virgi-

2118 1668 2246 1724 lium
2276 1683 2563 1729 canentem
2594 1676 2929 1745 audivimus,
2963 1696 3071 1751 quo
3100 1693 3204 1737 tota
3248 1685 3430 1740 mundi
3472 1688 3725 1763 machina

404 1767 596 1816 cuncta
627 1755 856 1828 ﬁngeret
889 1776 907 1809 ι
945 1755 1105 1828 (Cic.,
1134 1755 1225 1810 lib.
1258 1772 1294 1817 ι,
1323 1757 1386 1809 de
1418 1754 1543 1812 Nat.
1580 1753 1761 1821 Deor.,
1795 1771 1850 1827 p.
1880 1755 2003 1815 199.
2037 1767 2086 1827 Β
2116 1763 2327 1821 fovetur
2376 1776 2433 1823 et
2469 1769 2758 1828 animatur.
2821 1774 2954 1831 lluic
2991 1787 3169 1833 autem
3212 1779 3501 1850 suspicioni
3542 1753 3727 1836 lavere

405 1850 504 1904 lin.
543 1846 638 1922 20)
696 1848 899 1905 Eadem
929 1864 1092 1921 porro
1122 1847 1469 1915 Lactantius,
1506 1862 1568 1902 ac
1610 1847 1828 1903 totidem
1873 1863 2008 1917 pene

404 1958 470 1999 ac
498 1941 760 1996 Minucius
797 1941 975 1997 verbis
1020 1954 1202 2010 poSIea
1262 1939 1481 1995 tradidit
1509 1938 1811 2013 (Lactant.,
1853 1941 1944 1998 lib.
1994 1958 2010 1997 t

400 2037 638 2093 Institut.
665 2038 846 2103 dirim,
881 2052 998 2106 cap.
1024 2035 1078 2096 5.
1102 2051 1226 2107 pag.
1250 2034 1320 2089 24
1340 2032 1383 2107 ).

475 2134 583 2191 Sed
615 2133 874 2189 Minucius
907 2133 1021 2188 haec
1052 2133 1407 2209 continenter
1427 2131 1735 2203 subiunxit,
1776 2148 1895 2205 qna:
1927 2131 2011 2187 ina

402 2227 549 2283 curia
579 2225 984 2282 atnanuensiuni
1018 2225 1358 2281 librariorum
1402 2226 1472 2279 ita
1512 2225 1801 2297 depravata
1844 2235 2003 2291 sunt,

402 2334 459 2383 ut
499 2324 617 2380 sine
658 2323 840 2393 aliquo
882 2337 1024 2379 novo
1057 2322 1247 2379 codice
1285 2324 1649 2396 manuscripto
1686 2322 1774 2377 vix
1813 2336 1843 2375 a
1880 2335 2008 2392 quo-

399 2433 559 2490 quam
591 2432 716 2473 vera
743 2432 928 2473 eorum
960 2416 1124 2473 lectio
1148 2415 1381 2472 inveniri
1408 2425 1587 2488 queat.
1617 2414 1676 2471 in
1702 2415 1861 2472 editis
1888 2425 2003 2470 cte-

397 2512 509 2567 nim
543 2510 741 2567 nostris
770 2511 849 2575 sic
876 2510 1198 2566 exhibentur
1224 2528 1236 2564 :
1263 2530 1282 2563 ‹
1317 2511 1383 2566 Et
1410 2512 1538 2583 (ms.
1572 2525 1685 2581 reg.
1716 2525 1792 2572 eo,
1824 2507 2005 2578 Rigal-

400 2606 508 2662 titts
533 2605 626 2661 eho
661 2603 680 2676 )
724 2604 885 2660 altior
913 2613 968 2658 et
995 2603 1279 2661 sublimior
1306 2619 1458 2676 aqua)
1497 2615 1547 2659 et
1578 2602 1798 2670 Spiritus
1830 2601 1997 2665 ratio,

298 2734 305 2741 -
397 2714 561 2769 quam
591 2705 650 2752 ιιι
672 2697 740 2753 ab
767 2696 985 2755 homine
1008 2697 1241 2768 potuerit
1270 2697 1398 2769 (ins.
1430 2714 1539 2768 reg.
1575 2698 1778 2769 poterit,
1813 2694 2001 2768 male),

397 2790 652 2859 inveniri,
677 2807 707 2846 a
745 2791 854 2847 Deo
883 2791 1073 2847 tradita
1104 2791 1122 2862 (
1148 2807 1249 2855 ms.
1287 2807 1401 2864 reg.
1427 2791 1722 2859 traditum).
1761 2810 1782 2844 ι
1814 2789 2003 2845 Nonne

395 2882 589 2939 horum
615 2883 904 2940 verborum
934 2885 1083 2939 initio
1116 2899 1215 2954 pro
1242 2899 1376 2941 voce
1414 2901 1472 2939 eo
1498 2925 1513 2953 ,
1554 2884 1841 2956 legendum
1872 2884 1960 2938 sed
1983 2926 1998 2952 ,

394 2978 481 3032 vel
512 2976 842 3049 ejnscemodi
866 2976 1110 3055 aliquid?
1132 2976 1195 3034 Ut
1223 2986 1281 3032 ut
1306 2978 1395 3043 sit,
1426 2992 1619 3035 sensus
1640 2976 1852 3032 Minucii
1880 2991 2002 3032 esse

395 3070 608 3125 videtur
632 3070 878 3125 altiorem
904 3078 957 3124 et
978 3071 1342 3126 sublimiorem
1366 3086 1486 3128 esse
1508 3087 1659 3142 aqua:
1680 3084 1734 3127 et
1755 3071 1997 3142 spiritus,

2114 1858 2365 1915 videntur
2406 1862 2519 1917 haec
2564 1864 2833 1920 Plutarchi
2882 1870 3021 1938 apud
3072 1869 3365 1926 Eusebium
3410 1872 3477 1929 de
3512 1874 3722 1928 Anaxi-

2113 1954 2285 2008 ntenis
2313 1954 2567 2025 opinione
2595 1957 2756 2013 verba
2793 1978 2806 2014 :
2842 1978 2860 2012 ‹
2893 1960 3258 2018 Anaximenes
3283 1948 3518 2020 Milesius
3534 1981 3720 2022 aerem

2112 2046 2377 2118 ejusmodi
2410 2051 2734 2121 principium
2760 2070 2882 2121 esse
2911 2057 3129 2124 docuit;
3157 2073 3226 2115 ex
3262 2073 3330 2115 eo
3361 2060 3505 2116 enim
3533 2062 3717 2116 omnia

2109 2143 2280 2209 nasci,
2315 2143 2368 2199 in
2406 2160 2639 2215 eumque
2669 2148 2905 2204 vicissim
2943 2161 3134 2208 cuncta
3162 2152 3405 2208 dissolvi.
3437 2154 3567 2209 Nam
3594 2154 3717 2209 ani-

2107 2253 2249 2301 tnus,
2272 2247 2650 2309 ψυχῆ,1108181’,
2679 2244 2914 2313 exempli
2942 2259 3123 2311 causa,
3158 2261 3252 2301 aer
3271 2256 3374 2313 est,
3402 2261 3607 2318 nosque
3636 2247 3719 2304 [ο-

2109 2343 2195 2388 vet
2240 2348 2301 2387 ac
2346 2340 2562 2402 tuetur,
2609 2348 2973 2410 cunctumque
3016 2341 3155 2397 adeo
3194 2341 3453 2398 mundum
3491 2342 3716 2413 Spiritus

2110 2440 2332 2497 aerque,
2351 2434 2539 2496 πνεῦμα.
2568 2434 2652 2483 καὶ
2682 2436 2802 2505 ἀὴρ,
2835 2434 3209 2504 complectitur
3242 2452 3257 2491 :
3282 2445 3365 2493 est
3390 2446 3569 2490 autem
3600 2438 3718 2504 spi-

2105 2513 2242 2566 ritus
2264 2512 2560 2584 eademque
2590 2530 2735 2571 aeris
2766 2518 3110 2590 signiﬁcatio,
3145 2522 3335 2594 λέγτιι
3356 2525 3404 2577 δὲ
3444 2528 3716 2592 συνωνύμως

2108 2612 2208 2678 ἀσῖρ
2236 2611 2317 2662 καὶ
2348 2614 2536 2677 πνεῦμα
2569 2629 2587 2662 ι
2625 2609 2890 2684 (Euseb.,
2949 2614 3041 2669 lii).
3082 2630 3175 2671 XIV
3219 2614 3451 2687 Prwpar.
3486 2617 3710 2691 Evung.,

2104 2715 2224 2770 eap.
2259 2702 2345 2762 14.
2380 2717 2499 2779 pag.
2528 2703 2654 2778 74).
2690 2706 2744 2762 ln
2775 2708 2946 2777 primo
2976 2718 3155 2765 autem
3187 2710 3459 2767 Plutarchi
3489 2711 3553 2766 de
3586 2710 3717 2767 Plii-

2108 2793 2438 2865 losrtphorum
2481 2796 2699 2856 Placitt's
2740 2801 2879 2857 libro
2928 2806 3042 2859 haec
3080 2803 3330 2876 leguntur
3372 2805 3710 2874 (Plutarch.,

2107 2885 2195 2941 lib.
2240 2903 2257 2941 ι
2292 2889 2357 2944 de
2406 2888 2594 2946 Placit.
2627 2891 2854 2961 Philam,
2894 2910 3015 2966 cap.
3047 2895 3114 2959 '5,
3146 2912 3266 2968 pag.
3296 2896 3422 2960 876,
3458 2908 3588 2954 tom.
3614 2899 3712 2970 2).

2107 2979 2213 3036 Sed
2256 2981 2328 3037 ibi
2364 2984 2724 3042 Anaximenes
2750 2987 2817 3043 ab
2855 3002 2922 3043 eo
2962 2988 3314 3059 redarguitur,
3355 2993 3495 3062 quod
3529 3006 3711 3048 rerum

2105 3071 2386 3129 dumtaxat
2428 3078 2707 3133 materiam
2741 3121 2757 3146 ,
2812 3096 2917 3136 non
2960 3096 3088 3138 vero
3126 3081 3449 3138 efﬁcientem
3488 3100 3709 3141 causam

395 3174 668 3233 tamquam
704 3180 882 3219 rerum
914 3163 1153 3219 omnium
1183 3180 1383 3232 causai,
1417 3174 1473 3221 ut
1503 3164 1675 3231 aiunt,
1708 3164 2001 3223 materialis
2028 3166 2073 3232 C
2107 3168 2481 3237 assigttaverit.
2526 3171 2681 3228 Prius
2720 3190 2848 3231 vero
2893 3176 3157 3231 Eusebius
3197 3193 3264 3233 ex
3293 3178 3400 3233 alio
3436 3179 3711 3238 Plutarchi

400 3266 456 3314 et
497 3256 783 3314 efﬁcientis
827 3257 1087 3311 rationem
1108 3299 1122 3316 .
1150 3273 1308 3327 quam
1339 3267 1397 3311 ut
1422 3255 1491 3311 ab
1524 3257 1740 3314 homine
1770 3257 2001 3327 ponmrit

396 3352 653 3416 inveniri,
675 3349 773 3405 nisi
796 3365 825 3405 a
854 3351 962 3405 Deo
993 3352 1108 3420 ipso
1138 3350 1427 3406 edoceatnr
1464 3349 1823 3421 Quamobrem
1852 3352 1997 3407 Tha-

393 3444 476 3502 les
517 3446 618 3499 hoe
646 3424 890 3498 invenire
922 3457 1025 3497 non
1058 3447 1264 3508 potuit,
1297 3444 1436 3514 quod
1468 3432 1499 3499 a
1528 3445 1645 3499 solo
1680 3446 1787 3499 Deo
1836 3444 2002 3500 tradi-

394 3547 509 3593 ttttn
572 3546 673 3593 est.
728 3534 1110 3591 Verumtamen
1163 3535 1211 3591 id
1274 3536 1363 3590 ille
1415 3544 1625 3605 poterat
1677 3537 1884 3592 discere
1930 3539 1998 3593 ab

395 3632 665 3705 IEgyptiis
699 3629 1054 3700 quibuscum,
1088 3639 1148 3685 ut
1189 3630 1313 3685 alibi
1359 3630 1629 3700 diximus,
1674 3647 1998 3703 congressus

392 3729 588 3786 fuerat.
622 3726 859 3799 Egyptii
907 3739 1086 3784 autem
1127 3742 1156 3781 a
1200 3726 1414 3800 Moyse.
1445 3736 1500 3784 et
1538 3727 1624 3785 bic
1654 3745 1684 3787 a
1717 3730 1827 3787 Deo
1869 3729 1996 3787 illud

390 3817 714 3895 acceperat(
743 3830 874 3877 tom.
906 3836 943 3875 ll
968 3821 1242 3890 Apparat.,
1270 3838 1388 3891 pag.
1430 3821 1586 3885 ll‘20.
1618 3833 1674 3880 et
1699 3824 1903 3899 seqq.).

472 3934 493 3969 ‹
516 3916 877 3972 Anaximenes
902 3913 1397 3987 deittceps,ipergit
1425 3915 1742 3984 Minucium
1769 3929 1821 3976 et
1853 3930 1992 3991 post,

395 4015 766 4087 Apolloniates
794 4013 1056 4083 Diogenes
1077 4027 1199 4069 aera
1227 4013 1491 4070 inﬁnitum
1520 4025 1571 4072 et
1596 4017 1939 4089 immensum.
1969 4040 1988 4073 ι

395 4111 595 4166 Verum
630 4106 821 4167 Cicero
848 4108 1134 4178 utriusque
1158 4108 1467 4174 opinionem
1501 4113 1787 4181 separatim
1819 4114 1993 4182 expli-

395 4209 504 4259 cat.
533 4201 602 4257 Et
646 4199 877 4267 primum
930 4197 1151 4271 quidem
1203 4198 1271 4255 de
1317 4200 1648 4261 Anaximene
1690 4202 1807 4260 ha‘c
1854 4205 1995 4261 illius

392 4305 520 4355 sunt
544 4292 745 4351 verba:
782 4311 800 4344 ι
838 4292 1205 4351 Anaximenes
1232 4308 1357 4348 aera
1389 4292 1555 4351 Deum
1592 4296 1798 4362 statuit,
1846 4312 1997 4352 eum-

392 4404 499 4462 que
536 4387 678 4460 gigni
700 4428 716 4454 ,
748 4400 978 4454 esseque
1007 4384 1326 4440 immensum
1362 4396 1416 4440 et
1458 4386 1744 4455 inﬁnitum,
1775 4399 1828 4444 et
1852 4404 1993 4445 sem-

392 4499 490 4553 per
517 4484 569 4537 in
596 4488 745 4536 motu
782 4499 802 4533 ι
829 4479 1006 4554 (Cic.,
1035 4479 1128 4534 lib.
1160 4495 1199 4540 ι,
1230 4486 1292 4533 de
1321 4478 1430 4534 Nat
1478 4479 1661 4549 Deor.,
1697 4499 1818 4553 pag.
1854 4485 1955 4541 l99
1975 4529 1989 4550 ,

2104 3259 2246 3315 libro
2281 3261 2604 3319 Stromatnm
2637 3282 2741 3321 non
2783 3269 2926 3323 aliud
2966 3270 3036 3324 ab
3064 3268 3401 3327 Anaximene
3438 3287 3707 3332 assertum

2102 3351 2268 3409 fuisse
2297 3367 2513 3424 narrat,
2555 3360 2656 3415 nisi
2687 3375 2865 3418 aerem
2891 3404 2906 3430 ,
2953 3378 3111 3433 quem
3156 3365 3419 3421 intlnitum
3451 3370 3705 3440 putabat,

2102 3460 2284 3501 rerum
2323 3450 2565 3506 omnium
2604 3467 2727 3509 esse
2768 3455 3107 3524 principium.
3151 3456 3257 3514 Sed
3289 3462 3406 3516 lta'c
3434 3464 3506 3517 ita
3535 3463 3711 3534 expli-

2101 3551 2187 3596 cat
2213 3540 2483 3610 Laertius,
2522 3556 2793 3618 tamquam
2820 3548 3183 3608 Anaximenes
3224 3565 3332 3609 auo
3367 3556 3493 3611 inde
3533 3558 3706 3628 prima

2100 3649 2280 3689 rerum
2311 3636 2572 3709 principia
2613 3642 2954 3698 emistitnerit
2980 3644 3001 3718 (
3027 3644 3233 3713 Laert.,
3264 3647 3357 3704 lib.
3387 3663 3448 3715 tt,
3482 3651 3510 3724 ς
3543 3653 3613 3720 5,
3649 3661 3707 3709 et

2102 3727 2197 3783 lib.
2228 3744 2299 3783 IX.
2335 3728 2363 3802 §
2388 3730 2517 3802 57).
2549 3735 2617 3788 At
2646 3734 2697 3789 lii
2723 3734 2949 3792 fortasse
2970 3748 3063 3793 aut
3091 3756 3199 3795 non
3224 3750 3387 3797 totam
3416 3744 3576 3810 illius.
3607 3762 3704 3803 ne-

2100 3835 2207 3890 que
2243 3821 2493 3893 Diogenis
2521 3826 2880 3905 Apolloniatis
2905 3834 3228 3891 sententiam
3257 3852 3579 3905 exposuere.
3609 3851 3704 3899 aut

2098 3913 2291 3983 inﬁniti
2329 3919 2548 3974 nomine
2586 3919 2804 3993 spiritus
2845 3924 3141 3985 immensus
3183 3929 3559 4007 intelligendus
3594 3944 3700 3992 est.

2102 4007 2178 4062 De
2210 4010 2491 4084 utriusque
2532 4027 2692 4083 porro
2732 4017 2985 4089 opinione
3025 4021 3222 4081 videsis
3258 4024 3434 4095 alios,
3474 4042 3504 4082 a
3545 4028 3703 4089 nobis

2099 4104 2225 4158 alibi
2256 4105 2502 4162 laudatos
2532 4119 2801 4175 auctores,
2833 4122 2889 4167 ct
2917 4114 3273 4185 Augustinum
3303 4118 3476 4188 Epist.
3508 4137 3695 4193 cxvm,

2098 4196 2165 4251 ad
2210 4199 2541 4266 Dioscorntn,
2576 4216 2697 4273 pag.
2727 4203 2832 4258 558
2872 4204 3043 4274 (toni.
3105 4224 3124 4264 ι
3172 4210 3449 4283 Apparat.,
3490 4214 3585 4272 lib.
3627 4233 3695 4283 ιι,

2098 4289 2310 4347 dissert.
2337 4294 2394 4359 2,
2420 4292 2448 4365 §
2470 4293 2560 4351 29.
2588 4311 2707 4368 pag.
2732 4298 2862 4368 455,
2885 4309 2941 4356 et
2962 4301 3055 4359 lib.
3079 4302 3387 4377 tn,di_ssert.
3411 4308 3470 4375 5,
3495 4323 3617 4380 cap.
3640 4314 3696 4384 1,

2096 4393 2198 4439 art.
2234 4386 2285 4449 l,
2315 4401 2435 4457 pag.
2469 4384 2638 4460 776).

2169 4478 2348 4551 Pergit
2366 4480 2628 4539 Minucius
2652 4501 2665 4538 :
2698 4503 2718 4536 ‹
2747 4486 3100 4559 Anaxagorae,
3124 4489 3419 4563 descriptio
3439 4505 3491 4552 et
3515 4507 3695 4559 motus

392 4573 641 4640 lin.25).
668 4570 935 4628 Minucius
965 4586 1096 4627 vero
1124 4571 1238 4625 lucc
1268 4572 1450 4635 verba,
1485 4591 1505 4624 ‹
1538 4588 1769 4645 eumque
1788 4578 1986 4651 εἰδυῖ’)
2097 4570 2318 4627 inﬁnitae
2372 4577 2564 4631 utentis
2611 4580 2750 4635 Dens
2791 4580 3002 4637 dicitur.
3064 4603 3084 4638 ι
3134 4583 3394 4647 Similiter
3437 4590 3630 4653 Cicero
3677 4612 3692 4650 :

392 4666 465 4723 de
490 4665 755 4721 industria
778 4662 962 4718 omisit
990 4680 1003 4718 :
1035 4679 1157 4718 nam
1186 4664 1277 4719 ille
1303 4666 1568 4732 prioribus
1590 4669 1768 4723 verbis
1787 4685 1855 4726 eo
1881 4689 1993 4727 ma-

390 4761 474 4833 gis
501 4776 530 4814 a
572 4773 697 4815 vera
736 4763 918 4813 nostra
964 4755 1030 4812 de
1076 4756 1185 4812 Deo
1216 4760 1479 4813 sententia
1516 4760 1837 4827 aberrabat,
1883 4781 1990 4836 quo

388 4853 609 4925 propius
641 4848 1117 4919 subseqttentilnts,
1152 4866 1172 4900 σ
1206 4848 1471 4906 inlinitum
1502 4860 1558 4907 et
1584 4855 1922 4926 immensum,
1962 4878 1982 4912 ›

389 4945 456 5001 ad
488 4960 605 4999 eam
634 4942 895 4999 accedere
921 4941 1152 4997 videtur.

460 5038 536 5094 De
576 5038 812 5110 Diogene
852 5051 982 5091 vero
1019 5034 1361 5107 Apolloniate
1399 5035 1471 5093 ita
1510 5036 1716 5097 Tullius
1757 5051 1982 5112 postea:

391 5153 413 5189 ‹
448 5132 586 5201 Quid
615 5148 726 5199 aer,
765 5147 872 5203 quo
913 5132 1178 5203 Diogenes
1219 5130 1587 5200 Apolloniates
1628 5135 1793 5191 utitur
1838 5138 1982 5205 Deo,

381 5241 541 5298 quem
568 5237 783 5278 sensum
811 5223 1007 5279 habere
1032 5231 1226 5293 potest,
1252 5233 1342 5278 aut
1361 5240 1520 5294 quam
1545 5225 1770 5283 fortnam
1798 5230 1927 5286 Dei?
1956 5251 1976 5286 ι

376 5315 564 5389 (idem
591 5313 732 5381 Cic.,
761 5313 918 5381 ibid.,
951 5331 1069 5387 pag.
1100 5314 1224 5383 200,
1256 5313 1350 5369 lin.
1383 5317 1508 5387 £0.)
1536 5318 1667 5385 Quis
1693 5336 1821 5376 vero
1846 5339 1978 5393 qna-

2102 4686 2120 4719 ι
2153 4667 2299 4735 lude,
2335 4688 2355 4722 ι
2390 4670 2579 4740 inquit,
2610 4690 2631 4739 ς
2667 4676 3034 4755 Anaxagoras,
3056 4682 3144 4750 qui
3177 4682 3386 4752 accepit
3403 4682 3473 4741 ab
3492 4683 3697 4747 Anaxi-

2095 4774 2252 4816 meue
2275 4761 2633 4833 disciplinam,
2669 4766 2869 4834 primus
2897 4770 3137 4827 omnium
3168 4788 3348 4841 rerum
3374 4774 3697 4848 descriptio-

2093 4868 2215 4907 netu
2244 4863 2297 4908 et
2320 4864 2544 4920 motum,
2572 4858 2768 4912 mentis
2795 4858 3017 4925 inlinin
3039 4863 3090 4919 vi
3111 4878 3175 4935 ac
3193 4866 3401 4923 ratione
3421 4868 3692 4939 designari

2090 4955 2144 5001 et
2182 4948 2373 5003 conﬁci
2406 4950 2574 5002 voluit
2609 4969 2628 5000 ι
2664 4948 2826 5022 (Cic.,
2857 4952 2949 5008 lib.
2979 4971 2995 5010 ι
3024 4955 3087 5015 de
3112 4955 3240 5016 Nat.
3268 4957 3447 5026 Deor.,
3477 4976 3535 5033 p.
3561 4963 3687 5029 {99,

2088 5040 2184 5097 lin.
2218 5041 2330 5115 2'2).
2375 5042 2516 5098 Alibi
2544 5060 2675 5100 vero
2704 5045 2863 5114 paulo
2888 5048 3044 5104 aliter
3078 5068 3092 5106 :
3126 5070 3145 5105 ι
3192 5054 3539 5125 Anaxagoras
3568 5073 3688 5114 ma-

2089 5138 2278 5192 teriam
2319 5134 2604 5199 inﬁnitani,
2642 5139 2738 5196 sed
2776 5155 2868 5195 eas
2896 5141 3184 5211 particulas
3207 5145 3412 5213 similes
3437 5148 3579 5207 inter
3602 5165 3683 5215 se.

2086 5239 2140 5285 et
2172 5228 2425 5298 minutas,
2458 5245 2552 5287 eas
2582 5232 2808 5297 primttm
2839 5233 3110 5303 confusas,
3143 5248 3324 5307 postea
3356 5241 3407 5297 in
3438 5244 3685 5303 ordinent

2084 5323 2333 5380 reductas
2389 5340 2419 5379 a
2471 5334 2650 5399 mente
2695 5325 2874 5385 divina
2922 5347 2941 5383 ι
2994 5329 3121 5402 (lib.
3168 5347 3225 5397 1v
3266 5334 3431 5397 Acad.
3477 5346 3684 5406 quem,

372 5409 509 5465 iisve
540 5408 699 5467 fuerit
731 5409 820 5463 ille
862 5425 972 5476 aer,
1015 5424 1125 5482 quo
1169 5409 1432 5482 Diogenes
1472 5411 1838 5483 Apolloniates
1871 5418 1981 5477 Deo
2052 5400 2053 5403 η
2083 5430 2205 5486 pag.
2230 5416 2318 5483 55,
2348 5418 2444 5471 lin.
2471 5416 2592 5490 12).
2618 5416 2722 5473 Sed
2754 5420 2896 5475 illius
2921 5400 3229 5492 Opinionem
3255 5400 3507 5496 Laertius
3526 5400 3686 5501 longe

369 5503 661 5569 nmmum.
685 5509 824 5557 ιειρρι
867 5502 1081 5571 quidem
1128 5503 1325 5559 latinus
1367 5504 1455 5560 ille
1493 5514 1677 5563 orator
1717 5526 1731 5566 :
1774 5512 1867 5566 sed
1906 5515 1975 5568 ab
2078 5509 2361 5564 enodatius
2398 5513 2708 5583 certiusque
2735 5528 2800 5569 ex
2829 5513 2972 5570 illius
3001 5515 3187 5585 libris,
3230 5527 3284 5575 et
3315 5518 3560 5585 Timonis
3586 5538 3686 5579 au-

365 5599 668 5672 Augustino
700 5597 783 5652 bis
816 5595 990 5651 verbis
1018 5595 1362 5655 declaratur:
1401 5617 1420 5651 ι
1454 5600 1734 5671 Diogenes,
1769 5603 1971 5661 Anaxi-

2109 5608 2321 5664 toritate
2351 5608 2428 5665 sic
2457 5610 2705 5679 exposuit
2734 5628 2746 5664 :
2776 5617 2963 5683 Πρῶτος
3006 5626 3063 5685 τῇ
3112 5619 3199 5687 ὕλῃ
3253 5622 3356 5672 γοῦν
3402 5624 3677 5686 διίστησιν,

357 5692 535 5748 menis
563 5690 699 5746 alter
728 5686 960 5753 auditor,
997 5704 1179 5745 acrem
1203 5692 1419 5762 quidem
1459 5692 1595 5748 dixit
1622 5711 1798 5751 rerum
1842 5713 1965 5756 esse

2109 5709 2326 5772 ρξάμενος
2353 5709 2474 5761 οὕτω
2500 5712 2588 5760 τοῦ
2609 5712 2993 5779 συγγράμματος,
3024 5714 3051 5763 ὃ
3071 5686 3197 5773 ἐστιῦ
3223 5714 3388 5778 vitam,
3408 5717 3496 5768 καὶ
3523 5736 3680 5785 μηδι-

351 5783 650 5852 materiam,
679 5783 745 5841 de
771 5797 875 5855 qua
907 5783 1086 5842 omnia
1118 5784 1331 5854 ﬁerent,
1376 5786 1472 5844 sed
1496 5802 1617 5844 eum
1649 5803 1772 5847 csse
1806 5805 1957 5851 com-

2109 5806 2291 5870 »φρόνως
2320 5808 2661 5877 ἡρμηνευμένον
2685 5817 2698 5833 '
2730 5809 2895 5862 Πέντε
2921 5819 3152 5877 χρήματα
3174 5812 3230 5881 ἦν
3265 5812 3409 5878 ὁμοῦ,
3441 5808 3551 5867 εἶτα
3575 5783 3679 5875 v95;
