3972 6310
204 262 309 319 tea
1608 243 2081 309 DISSERTATIO.
3403 256 3516 319 tzo

204 385 347 436 ἐλθὼν
374 378 498 435 atra:
525 377 802 446 διειόσμησε
822 387 837 407 ⁸
870 374 982 449 παρ’
1008 381 1033 430 ὃ
1060 376 1142 429 καὶ
1173 377 1274 433 νοῦς
1299 376 1532 433 («tamen
1550 386 1563 400 '
1589 380 1671 424 καί
1696 390 1807 442 φησι

1921 366 2065 433 Quod
2111 366 2327 439 quidem
2358 367 2501 424 hunc
2542 367 2636 425 ille
2676 368 2869 441 probat
2908 370 2961 427 in
3004 373 3225 429 modum
3257 390 3271 430 :
3304 378 3374 432 Εὖ
3400 387 3509 446 νεῖν

205 479 312 548 περὶ
341 479 491 532 αὐταῦ
514 480 699 542 Τίμων,
733 480 777 528 ἐν
803 487 900 533 τοῖς
927 480 1109 535 Σίλλοις
1136 475 1275 527 οὕτω.

1921 464 1987 513 παὶ
2018 463 2280 530 Ξενοφάνης
2304 466 2329 515 ὁ
2357 460 2650 534 Κολοφώνιος
2677 467 2924 528 ordinm,
2950 472 3026 523 ὃτι
3051 475 3117 528 εἷς
3140 470 3223 522 καὶ
3252 473 3514 539 ἀσωμειτος

653 612 664 627 .
723 620 740 627 -
797 624 804 627 ,
926 622 933 627 ,
967 622 978 627 ,
1002 619 1017 627 _
1196 619 1224 627 ,ι
1258 620 1266 627 ,
1366 617 1381 627 _
1903 554 1928 602 ὁ
1954 557 2092 618 Θεὸς,
2121 556 2356 624 ἐπιφέρει.

455 625 530 664 καί
550 635 620 661 που
642 617 873 673 irinum“
892 622 978 673 φάθ’
1002 619 1163 671 Ws
1186 619 1337 669 διέπων
1356 617 1445 670 ἥρω.

452 690 564 730 Νοῦν,
586 685 645 724 ὅτι
668 681 818 733 δή’νόος
841 685 957 735 αὐτῷ,
975 684 1015 729 ὃς
1039 682 1205 731 ﬁtting;
1225 684 1418 733 ιιαγιὶμς

453 751 581 789 Πάντα
603 750 877 799 ﬂumina-sesi
898 747 988 796 aias
1019 748 1271 797 τιταᾳιτμινα
1291 745 1460 796 πρόσθιν.

205 890 226 924 σ
277 868 491 926 Primus
531 867 620 925 hic
662 868 901 931 materia:
932 876 1167 945 mentem
1198 866 1412 945 adjecit,
1458 864 1509 945 in
1542 864 1803 941 principio

196 960 395 1032 Operis
424 960 531 1027 sui,
561 960 709 1015 suavi
741 970 794 1014 et
825 942 1101 1039 magnifica
1135 942 1379 1023 oratione
1407 942 1756 1014 sic'scribens
1786 976 1799 1015 :

205 1075 223 1109 ι
263 1057 453 1112 Omnia
495 1056 655 1114 simul
699 1067 848 1137 erant
875 1099 890 1123 ,
921 1038 1117 1123 deinde
1160 1054 1389 1131 accessit
1430 1070 1605 1137 tuens,
1634 1069 1807 1124 eaque

196 1152 532 1220 composuit;
566 1132 912 1229 quamobrem
941 1158 995 1204 et
1032 1165 1183 1215 mens
1211 1150 1327 1205 sive
1351 1132 1563 1227 animus
1583 1189 1597 1212 ,
1626 1153 1652 1203 ὁ
1680 1154 1802 1213 νοῦς,

195 1245 419 1301 dicitur.
466 1244 659 1300 Timon
706 1242 810 1300 hoc
852 1242 1031 1317 ipsum
1077 1242 1146 1299 de
1194 1242 1512 1317 Anaxagora
1559 1242 1609 1297 in
1658 1241 1807 1298 Sillis

195 1338 507 1395 decantavit
527 1356 541 1393 :

257 1496 403 1546 Nunc
418 1496 506 1546 ubi
528 1494 862 1558 Anaxagoras,
883 1507 1027 1545 mens
1052 1498 1150 1558 est,
1172 1493 1661 1558 fortissimusheros,

260 1559 356 1619 Qui
386 1567 604 1609 mentem
628 1557 813 1615 subito,
841 1572 951 1608 natu
976 1573 1118 1609 mens
1142 1573 1237 1607 non
1252 1558 1416 1608 deluit
1433 1557 1523 1615 illi,

261 1618 610 1687 Composuisse
635 1631 774 1686 putat
810 1622 1137 1686 fueruntque
1162 1620 1407 1672 incondita
1429 1618 1742 1697 quondam.»

197 1751 279 1808 De
310 1751 408 1806 illo
434 1766 651 1822 quoque
683 1752 833 1822 plura
864 1750 1168 1816 Lucretius,
1196 1758 1358 1821 atque
1394 1749 1556 1805 etiam
1599 1751 1807 1819 Augus-

198 1847 369 1911 tinus,
399 1856 455 1900 et
480 1860 581 1901 nos
609 1860 823 1917 quoque
850 1846 981 1900 locis
998 1844 1108 1916 jam
1136 1844 1316 1901 citatis
1340 1843 1608 1916 (Lucret.,
1638 1842 1731 1898 lib.
1762 1858 1801 1909 ι,

196 1951 329 1996 ante
359 1938 506 2014 lim).

273 2032 485 2089 Dehinc
531 2033 793 2090 Minucius
822 2052 835 2090 :
873 2051 892 2087 ε
928 2033 1247 2106 Pythagora:
1284 2033 1428 2089 Deus
1455 2043 1541 2089 est
1565 2032 1800 2099 animus,

198 2143 300 2201 per
335 2128 646 2184 universam
678 2143 858 2182 rerum
900 2137 1146 2182 naturam
1179 2143 1510 2193 commeans,
1551 2136 1605 2182 ct
1631 2126 1805 2182 inten-

196 2233 311 2289 tus,
334 2238 400 2279 ex
426 2238 532 2293 quo
560 2224 720 2279 etiam
744 2220 1059 2277 animalium
1088 2222 1326 2277 omnium
1351 2222 1455 2276 vita
1480 2221 1740 2292 capiatur.
1777 2238 1798 2272 ι

196 2315 285 2371 Ex
326 2314 592 2371 Cicerone
636 2315 755 2371 haec
793 2314 969 2369 adhuc
1019 2324 1206 2370 auctor
1260 2324 1443 2370 noster
1478 2313 1733 2370 delibavit
1791 2331 1803 2368 :

201 2429 221 2462 ι
254 2411 648 2483 Pythagoras,»
676 2412 751 2466 ait
779 2411 920 2478 ille,t
940 2410 1153 2467 censuit
1173 2410 1412 2465 animum
1438 2425 1559 2465 esse
1586 2425 1682 2481 per
1708 2425 1805 2465 na-

197 2513 387 2560 turam
418 2520 598 2560 rerum
621 2504 888 2561 intentum
912 2512 966 2559 ct
985 2510 1401 2568 commeantem,
1424 2517 1491 2557 ex
1515 2508 1623 2572 quo
1644 2501 1807 2557 animi

197 2602 379 2657 nostri
412 2609 763 2672 carperentur
800 2617 819 2652 ι
855 2597 1034 2669 (Cic.,
1078 2597 1173 2654 lib.
1203 2613 1255 2665 ι,
1287 2596 1351 2652 de
1381 2594 1509 2652 Nat.
1539 2593 1719 2660 Deor.,
1751 2611 1804 2666 p.

203 2694 337 2762 199,
387 2695 484 2750 lin.
537 2694 670 2765 57).
720 2692 1021 2764 Utrumque
1059 2692 1203 2749 haud
1251 2690 1413 2748 dubie
1466 2699 1682 2747 secutus
1724 2698 1810 2746 est

198 2789 541 2847 Iactantius.
572 2791 745 2859 Atque
771 2803 837 2843 eo
863 2784 1025 2843 etiam
1067 2787 1288 2855 recidit,
1324 2784 1467 2858 quod
1498 2784 1569 2841 de
1603 2791 1809 2840 asserta

199 2883 277 2939 ab
302 2884 399 2939 illo
426 2883 760 2955 Pythagorea
789 2884 993 2936 unitate
1019 2890 1073 2936 et
1102 2880 1359 2937 dualitate
1386 2880 1633 2936 Laertius
1681 2878 1809 2934 Plu-

200 2977 539 3047 tarchusque
569 2984 901 3043 memorant,
941 2974 1021 3031 uti
1060 2975 1226 3047 liquet
1261 2991 1328 3030 ex
1358 2974 1441 3030 his
1469 2990 1587 3045 qua:
1615 2973 1682 3028 de
1719 2987 1811 3027 eo-

198 3071 331 3127 dem
363 3069 689 3140 philosopho
713 3070 976 3139 superiori
1024 3070 1317 3141 Apparatus
1346 3070 1512 3124 nostri
1558 3077 1705 3123 tomo
1732 3065 1811 3121 lo-

2152 672 2214 741 i';
2237 680 2326 741 Θιᾷς
2351 679 2388 719 ιν
2406 696 2448 721 τι
2472 683 2588 722 θιυῖσι
2609 686 2674 724 ιιι
2694 686 2915 739 ἀνθρώποισι
2930 689 3101 741 μέγιστος

2156 740 2208 783 Οὔ
2230 758 2268 782 τι
2288 740 2401 794 δέμας
2427 745 2612 794 intota"
2635 749 2791 797 ὁμοίιος,
2815 750 2857 788 οὺ
2880 749 2925 789 8i.
2943 740 3069 804 νοὴρά.

1912 853 1931 886 ε
1968 835 2134 891 Recte
2160 851 2289 907 ergo
2311 835 2672 910 Xenophanes
2702 842 3069 914 Colophonius
3102 845 3305 905 docens
3338 866 3505 906 unum

1907 943 2029 985 esse
2058 929 2247 995 Deum,
2281 938 2336 985 et
2367 933 2765 1003 incorporeum,
2790 936 3061 1010 subiungit
3089 957 3101 994 :
3139 960 3157 993 ι

2001 1046 2244 1157 Μωῧηιιιε
2266 1049 2316 1098 iu
2341 1061 2536 1112 genere
2561 1055 2640 1101 est
2662 1051 2826 1103 divum
2846 1059 2995 1120 atque
3009 1056 3257 1107 hominum

2144 1125 2234 1157 eus
2256 1125 2402 1157 unus.

2144 1125 2234 1161 eus
2256 1125 2402 1171 unus,

2004 1173 2459 1286 Quintipﬁsppt‘e,
2477 1189 2575 1229 nec
2590 1186 2761 1230 mente
2785 1186 2865 1231 est
2879 1180 3169 1233 mortalibus
3192 1182 3306 1233 ullis

1911 1342 2066 1399 llunc
2122 1343 2297 1399 locum
2363 1360 2521 1417 quem
2567 1347 2695 1404 alibi
2751 1348 2990 1408 breviter
3034 1353 3330 1426 attigimus,
3374 1354 3515 1409 inte-

1912 1454 2070 1510 grum
2117 1437 2405 1511 deScripsit
2455 1442 2750 1510 Eusebius;
2801 1448 2889 1517 qui
2936 1458 3111 1504 tamen
3151 1450 3257 1504 alio
3301 1449 3352 1503 in
3397 1450 3519 1504 loco

1911 1532 2185 1588 Plutarchi
2231 1534 2391 1590 verba
2432 1534 2688 1602 exhibet,
2722 1539 2916 1608 quibus
2952 1541 3108 1613 longe
3142 1543 3299 1599 aliter
3326 1543 3517 1605 Xeno-

1911 1626 2106 1698 phanis
2148 1628 2215 1684 dc
2249 1629 2359 1685 Deo
2390 1631 2701 1701 Opinionem
2736 1645 3106 1701 repraesentat.
3156 1638 3366 1694 Vidcsis
3395 1637 3522 1710 Epi-

1913 1720 2165 1792 phanium
2233 1732 2394 1795 atque
2460 1724 2860 1782 Theodoretutn
2926 1727 3121 1802 (tom.
3170 1748 3185 1785 ι
3235 1732 3515 1804 Αρμαναι..

1912 1829 2033 1886 pag.
2062 1816 2221 1885 1115ς
2248 1816 2470 1886 Euseb.,
2498 1818 2591 1873 lib.
2628 1834 2724 1875 xm
2766 1818 3003 1888 Prtepar.
3031 1822 3253 1895 Evang..
3277 1841 3399 1896 cap.
3427 1826 3518 1893 15,

1908 1926 2027 1983 pag.
2065 1911 2200 1977 679,
2231 1922 2287 1968 et
2316 1913 2408 1969 lib.
2440 1929 2488 1978 ι,
2523 1929 2644 1985 cap.
2685 1915 2752 1981 8,
2784 1931 2905 1988 pag.
2936 1917 3039 1983 25;
3074 1918 3367 1988 Epiphan.,
3403 1919 3517 1976 Ean-

1908 2005 2059 2076 posit.
2094 2004 2214 2075 ﬁd.,
2255 2022 2375 2079 pag.
2408 2007 2586 2075 1087;
2617 2008 2914 2076 Tbeodor.,
2958 2010 3129 2068 Serm.
3159 2012 3216 2078 2,
3248 2012 3313 2068 de
3344 2011 3517 2069 (ἔναιε.

1908 2095 2090 2164 A/I'ect.
2120 2106 2282 2153 curat.
2294 2139 2309 2166 ,
2343 2114 2464 2171 pag.
2496 2100 2605 2157 486

2511 2230 2815 2273 ARTICULUS
2845 2233 2902 2271 Ιῐ.

1911 2324 1990 2383 De
2016 2328 2134 2383 aliis
2164 2329 2434 2401 gentilibus
2464 2330 2785 2402 philosophis
2836 2332 3153 2402 Antisthene,
3203 2335 3520 2408 Speusippo,

1986 2421 2291 2492 Democrito,
2337 2423 2596 2493 Slratone,
2634 2408 3200 2498 Epicurofdristowle,
3236 2429 3518 2487 Heraclide

1985 2511 2224 2579 Pontico,
2252 2513 2626 2597 Theophrasto,
2652 2516 2919 2583 Cleanthe,
2949 2516 3174 2587 Zenone,
3207 2522 3516 2596 Chrysippo,

1984 2604 2212 2677 Diogene
2248 2605 2535 2680 Babylonio
2555 2649 2571 2677 ,
2602 2607 2655 2663 Χ
2659 2610 2944 2682 εηορΙιοηιε
2967 2653 2981 2678 ,
3010 2613 3248 2669 Aristone
3297 2625 3341 2670 et
3387 2613 3523 2671 Pla-

1989 2708 2123 2755 tene.

1984 2814 2067 2871 Ad
2100 2815 2235 2872 alios
2273 2818 2503 2889 gentiles
2552 2818 2903 2891 philosophos
2941 2822 3186 2892 gradum,
3242 2826 3286 2880 si
3328 2827 3526 2899 placet,

1912 2925 2033 2966 cum
2062 2911 2294 2968 Minucio
2348 2923 2533 2969 nostro
2583 2916 2860 2973 faciamus.
2919 2917 3184 2985 Quidnam
3228 2932 3404 2978 autem
3454 2925 3525 2982 de

1906 3002 2027 3075 Deo
2071 3005 2420 3061 Antisthenes
2460 3021 2524 3062 ac
2564 3006 2759 3076 Speusi
2788 3024 2899 3079 ~pus
2940 3014 3270 3079 censuerint,
3325 3015 3415 3072 ille
3444 3019 3526 3074 sic

1916 3105 2132 3152 enarrat
2167 3114 2181 3151 :
2217 3115 2238 3150 ι
2262 3097 2658 3162 Αιιιίκιὴιξιιρηι,
2695 3101 2984 3172 pupillares
3008 3103 3141 3160 deos
3172 3108 3391 3176 multos,
3423 3108 3523 3167 sed

198 3166 290 3220 cis
310 3165 426 3235 jam
452 3166 629 3220 citatis
656 3164 1062 3220 observavimus
1099 3163 1400 3236 (Lactant.,
1438 3164 1531 3245 lib.
1560 3178 1579 3217 t
1630 3159 1805 3216 Instit.

1921 3189 2215 3243 naturalem
2249 3206 2411 3244 unum
2453 3193 2781 3262 pnecipuum
2812 3192 3209 3266 :Spcusipputn
3242 3215 3371 3255 vero
3416 3218 3518 3259 na-

199 3259 395 3322 divin.,
429 3275 550 3329 cap.
585 3260 643 3326 5,
676 3274 798 3330 pag.
835 3259 939 3325 24,
972 3267 1028 3314 et
1057 3259 1151 3315 lib.
1183 3260 1246 3314 de
1271 3258 1362 3313 Ira
1392 3257 1523 3327 Dei,
1562 3273 1683 3328 cap.
1716 3256 1806 3324 11,

201 3368 334 3424 pag.
367 3352 509 3418 796;
555 3352 761 3417 Laert.,
798 3352 889 3407 lib.
937 3368 988 3407 vr
1028 3352 1082 3407 in
1135 3349 1233 3408 Vit.
1278 3350 1533 3423 Pylhag.;
1579 3350 1806 3415 l’lutar.,

198 3447 301 3504 lib.
338 3462 379 3509 ι.
406 3448 470 3501 de
497 3445 585 3502 Pl.
615 3444 942 3517 Philosoplt.,
979 3460 1098 3518 pag.
1125 3444 1253 3514 876,
1287 3456 1414 3501 toni.
1446 3445 1501 3514 1,
1532 3445 1805 3517 Apparat.,

202 3555 330 3613 pag.
364 3540 470 3596 785
484 3548 524 3612 ).
964 3542 969 3551 '

279 3637 411 3692 Post
451 3637 566 3692 hazc
607 3644 785 3692 autem
817 3635 1080 3693 Minucius
1123 3655 1136 3691 :
1170 3654 1190 3689 ι
1222 3635 1633 3709 xenophanem,
1665 3655 1684 3690 ι
1719 3636 1805 3692 in—

200 3731 347 3802 quit,
381 3750 400 3784 I
435 3740 620 3787 notum
644 3739 727 3786 est.
753 3748 912 3787 omne
935 3732 1201 3787 inﬁnitum
1232 3741 1567 3787 cum'mente
1592 3773 1607 3796 ,
1639 3731 1806 3787 Deum

203 3824 448 3880 tradere.
480 3844 499 3878 ι
524 3823 803 3881 Ciceronis
823 3837 1001 3881 autem
1026 3825 1140 3881 haec
1165 3834 1291 3881 sunt
1310 3823 1473 3899 verba
1497 3825 1803 3895 ipsissima:

207 3938 232 3972 s
268 3919 411 3975 Tum
433 3917 820 3988 Xenophanes,
847 3930 1029 3977 mente
1053 3918 1326 3993 adjuncta,
1360 3910 1519 3975 omne
1548 3929 1805 3987 prmterca

199 4013 356 4087 quod
377 4025 522 4071 esset
544 4014 834 4082 inﬁnitum,
864 4016 1032 4072 Deum
1058 4015 1229 4071 voluit
1252 4029 1373 4071 esse
1405 4032 1425 4067 ι
1459 4013 1479 4088 (
1505 4011 1644 4079 Cic.,
1671 4014 1761 4068 lib.
1788 4029 1805 4068 ι

200 4110 271 4166 de
298 4109 493 4167 Natur.
522 4110 700 4177 Deor.,
726 4125 846 4183 pag.
878 4110 1002 4179 l99,
1022 4111 1118 4167 lin.
1142 4106 1177 4166 4
1217 4109 1261 4185 ).
1282 4108 1351 4168 At
1376 4108 1621 4167 Laertius
1649 4110 1807 4182 paulo

198 4204 389 4271 aliter,
421 4203 515 4260 sed
544 4221 647 4260 non
687 4205 792 4259 alio
820 4222 1039 4275 prorsus
1067 4221 1227 4261 sensu
1260 4217 1441 4261 narrat
1470 4221 1591 4261 eum
1625 4206 1809 4261 existi-

201 4301 447 4358 mavisse
477 4317 490 4353 :
531 4319 551 4352 ι
584 4298 675 4355 Dei
708 4300 1061 4365 substantiam
1084 4301 1362 4371 giobosam
1392 4315 1535 4365 esse,
1567 4300 1808 4371 nihilque

200 4409 333 4449 cum
378 4392 684 4449 hominibus
727 4381 927 4449 habere
970 4409 1271 4450 commune.
1317 4392 1510 4450 Totum
1548 4410 1804 4468 cernere,

203 4496 491 4556 totumque
530 4485 717 4541 audire
746 4528 762 4553 ,
816 4502 920 4541 non
963 4495 1143 4543 tamen
1188 4486 1478 4559 respirare.
1529 4480 1807 4561 Simulque

1916 3281 2139 3335 turalem
2166 3281 2471 3347 animalem,
2490 3297 2596 3353 quo
2610 3286 2787 3338 omnia
2806 3296 3084 3356 reguntur,
3107 3291 3273 3345 Deum
3298 3308 3477 3351 nosse.
3494 3315 3516 3349 ι

1912 3370 1978 3429 At
2035 3374 2148 3428 haec
2199 3375 2383 3441 procul
2438 3375 2602 3431 dubio
2652 3392 2720 3433 ex
2759 3379 3019 3435 Cicerone
3071 3393 3344 3443 mutuatus
3392 3400 3521 3457 est,

1911 3466 2001 3536 qui
2029 3464 2095 3521 de
2118 3476 2345 3538 utroque
2375 3469 2595 3523 totidem
2623 3485 2759 3541 pene
2781 3473 2963 3527 verbis
2993 3474 3203 3530 dixerat
3236 3497 3249 3535 :
3285 3497 3304 3530 ι
3329 3481 3516 3538 Antis-

1910 3559 2101 3613 thenes
2128 3558 2179 3613 in
2210 3575 2275 3613 eo
2320 3559 2459 3615 libro
2510 3561 2601 3631 qui
2651 3560 2905 3633 Physicus
2934 3564 3262 3636 inscribitur,
3295 3573 3519 3641 popula-

1910 3666 1998 3707 res
2019 3651 2150 3707 deos
2177 3653 2394 3719 multos,
2431 3655 2729 3711 naturalem
2782 3672 2945 3711 unum
2998 3674 3119 3714 esse
3155 3661 3375 3720 dicit....
3404 3666 3516 3723 Nec

1912 3744 2080 3799 multo
2100 3759 2257 3801 secus
2282 3747 2613 3817 Speusippus
2637 3748 2712 3821 (in
2744 3754 3109 3822 manuscripto
3127 3744 3275 3827 regio
3297 3760 3518 3828 Seuxip-

1912 3855 2029 3909 pus,
2064 3838 2157 3894 sed
2186 3836 2347 3912 male)
2378 3838 2655 3896 Platonem
2677 3844 2998 3899 thtnculum
3022 3847 3375 3920 substrqucns,
3404 3856 3513 3909 vim

1910 3933 2196 4004 quamdam
2255 3933 2403 3998 dicit,
2454 3950 2556 4005 qua
2589 3937 2767 3992 omnia
2804 3948 3081 4008 regantur,
3113 3957 3342 4011 eamque
3391 3950 3514 4002 ani-

1910 4026 2105 4080 malem
2139 4025 2326 4099 i(Cic.,
2350 4024 2439 4080 lib.
2460 4043 2477 4081 ι
2499 4027 2562 4081 de
2577 4025 2766 4082 Natur.
2788 4028 2946 4087 Deor.
2978 4050 3099 4105 pag.
3125 4034 3251 4100 ¹200,
3280 4037 3508 4111 No.22).

1910 4116 1988 4173 De
2019 4116 2105 4172 illa
2130 4120 2467 4174 Antisthenis
2493 4121 2746 4189 opinione
2768 4120 3079 4182 Lactantius
3104 4144 3286 4197 postea
3318 4132 3514 4191 litteris

1910 4210 2095 4266 eadem
2121 4211 2391 4265 mandavit
2418 4209 2696 4284 (Lactant.,
2726 4213 2815 4268 lib.
2844 4231 2861 4270 ι
2886 4213 3061 4273 Instit.
3094 4218 3291 4290 Divin.,
3310 4243 3425 4298 cap.
3454 4231 3513 4298 5,

1910 4325 2029 4379 pag.
2051 4306 2143 4373 24;
2175 4318 2220 4363 et
2246 4307 2334 4362 lib.
2363 4308 2428 4362 de
2457 4306 2549 4363 Ira
2578 4309 2693 4379 Dei,
2723 4328 2839 4383 cap.
2867 4312 2954 4380 11,
2985 4334 3105 4389 pag.
3132 4318 3279 4391 796).
3306 4322 3381 4378 De
3411 4326 3515 4381 hoc

1910 4410 2089 4456 autem
2152 4400 2476 4472 philosopho
2526 4417 2590 4459 ac
2643 4403 2710 4458 de
2759 4404 3061 4478 Speusippo
3120 4411 3245 4467 alibi
3302 4418 3510 4487 egimus

1910 4492 2083 4567 (Tom.
2112 4512 2129 4551 ι
2178 4497 2455 4569 Apparat.,
2485 4516 2606 4571 pag.
2640 4500 2801 4566 1115,
2839 4500 2976 4556 1122
3005 4515 3052 4557 et
3104 4505 3244 4563 1151
3347 4512 3516 4568 Laer-

201 4595 332 4636 esse
375 4578 590 4647 omnia,
635 4588 908 4645 mentem,
956 4580 1330 4661 prudentiam,
1376 4583 1732 4638 aeternitatem
1782 4603 1801 4637 ι
1829 4588 2016 4655 Dtius
2070 4607 2199 4647 vero
2232 4594 2285 4646 in
2333 4592 2490 4663 hujus
2521 4591 2639 4648 Vita
2686 4597 2875 4650 asserit
2918 4612 3040 4651 eum
3089 4600 3224 4655 intra
3274 4578 3514 4664 Platonis

204 4673 453 4748 (Laert..
483 4672 577 4728 lib.
608 4689 681 4735 Ix.
715 4672 743 4746 ς
778 4672 898 4747 15).
926 4674 1000 4729 lbi
1027 4672 1204 4729 autem
1235 4674 1334 4730 hac
1354 4690 1485 4731 voce
1509 4681 1805 4750 apupauaa,

200 4766 491 4839 globosam
514 4782 609 4821 seu
636 4754 922 4823 retundam
956 4768 1335 4835 substantiam,
1368 4769 1500 4825 nihil
1526 4769 1671 4826 aliud
1707 4772 1808 4827 nisi

202 4859 479 4916 inﬁnitam
511 4846 796 4927 signiﬁcat.
830 4860 904 4915 Ea
937 4871 1118 4917 autem
1151 4862 1350 4919 idcirco
1387 4878 1513 4920 usus
1543 4874 1645 4929 est,
1686 4866 1807 4937 quia

206 4952 384 5022 ﬁgura
435 4953 663 5006 rotunda
707 4966 881 5023 neque
928 4950 1135 5009 initium
1188 4954 1344 5011 habet
1402 4971 1575 5027 neque
1622 4958 1805 5014 linem.

207 5045 553 5120 Quapropter
581 5062 768 5102 rursus
808 5047 998 5103 Cicero
1028 5050 1136 5104 alio
1176 5049 1227 5105 in
1258 5048 1396 5105 libro
1425 5052 1668 5109 eamdem
1701 5051 1809 5110 Xe-

210 5142 481 5211 nophanis
504 5141 828 5197 sententiam
874 5142 957 5197 his
1001 5144 1181 5198 retulit
1211 5144 1426 5199 verbis:
1471 5165 1491 5198 ι
1524 5146 1814 5218 Xenopha-

210 5248 313 5289 nes
341 5235 476 5289 dixit
502 5248 666 5289 unum
694 5249 817 5291 esse
845 5234 1022 5290 omnia
1041 5276 1056 5301 ,
1089 5251 1262 5307 neque
1290 5237 1340 5292 id
1370 5253 1489 5293 esse
1517 5239 1772 5296 mutabile
1791 5285 1807 5309 ,

210 5339 267 5384 ct
290 5329 343 5384 id
367 5344 488 5385 esse
513 5329 701 5395 Deum,
733 5345 909 5401 neque
938 5340 1119 5385 natum
1149 5347 1425 5402 umquam,
1453 5343 1504 5389 et
1525 5335 1812 5403 sempiter-

213 5440 368 5489 num,
393 5432 448 5478 et
472 5410 790 5496 conglobata
819 5416 984 5495 ﬁgura
1022 5444 1039 5477 ›
1079 5423 1197 5499 (lib.
1227 5442 1281 5481 ιν
1312 5427 1569 5482 Academ.
1598 5437 1814 5497 quaest,

213 5533 340 5589 pag.
369 5516 483 5589 55).
516 5517 655 5573 Ante
694 5518 908 5573 Minucii
953 5535 1111 5588 porro
1152 5528 1363 5574 aetatem
1402 5518 1651 5575 Clemens
1692 5521 1819 5576 Ale-

213 5609 519 5667 xandrinus
540 5619 726 5682 aperte
746 5609 929 5667 docuit
952 5612 1091 5667 hanc
1119 5610 1468 5683 Xenoplianis
1493 5612 1816 5668 sententiam

215 5713 641 5759 consentaneam
670 5718 792 5760 esse
814 5704 1122 5759 christianzc
1144 5706 1426 5771 doctrinm,
1458 5707 1648 5779 hisque
1671 5707 1821 5764 lsaim

217 5797 445 5854 verbis:
499 5816 520 5851 ι
546 5782 667 5853 [Cui
704 5798 1098 5857 assimilavistis
1124 5817 1232 5867 me,
1276 5800 1406 5857 dicit
1449 5800 1751 5859 Dominus?
1797 5823 1817 5859 ι

1912 4683 2160 4739 avunculi
2181 4685 2260 4739 sui
2284 4685 2534 4756 dogmata
2560 4686 2878 4755 perstitisse.
2911 4688 3108 4747 Verum
3134 4694 3201 4749 de
3231 4696 3332 4751 illis
3355 4701 3512 4756 abeo

1912 4777 2241 4835 labelaCtatis
2268 4778 2561 4834 Numenius
2582 4780 2720 4849 apud
2746 4780 3032 4839 Eusebium
3053 4790 3373 4856 ettpostulat.
3412 4793 3517 4849 lie-

1913 4870 2075 4940 nique
2120 4868 2363 4927 Laertius
2391 4869 2768 4927 animadvertit
2793 4874 2860 4928 ab
2887 4873 3005 4945 ipso
3048 4878 3302 4949 scriptum
3345 4883 3513 4942 fuisse

1916 4963 2286 5032 Deﬁnitionum
2338 4963 2551 5028 librum,
2580 4979 2737 5034 quem
2791 4968 3034 5024 nonnulli
3087 4987 3207 5027 cum
3249 4990 3369 5031 esse
3395 4980 3515 5048 opi-

1916 5068 2109 5112 nantur
2139 5059 2228 5127 qui
2260 5058 2400 5113 inter
2443 5067 2565 5114 nota
2600 5058 2837 5115 Platonis
2868 5078 3032 5132 opera
3074 5067 3125 5120 in
3173 5069 3347 5126 lucem
3388 5090 3513 5144 pro-

1916 5153 2010 5207 diit
2049 5153 2197 5208 illius
2217 5165 2396 5208 autem
2427 5154 2548 5209 libri
2579 5154 2728 5210 initio
2760 5153 2876 5210 haec
2901 5157 2989 5212 Dei
3009 5159 3249 5218 deﬁnitio
3284 5166 3519 5233 legitur:

1915 5252 2028 5307 Θεὸς
2054 5257 2171 5311 ςῶθν
2198 5248 2436 5302 ἀῦἂνατον
2454 5289 2468 5312 ,
2498 5252 2725 5318 ubi-6:91;;
2754 5259 2870 5320 πρὸς
2901 5254 3221 5320 vitam/aula,
3258 5263 3394 5314 ιῦςίει
3435 5270 3518 5319 αἶ.

1920 5344 2037 5408 διας,
2066 5346 2153 5395 vni}
2179 5342 2359 5407 ἀγαθοῦ
2383 5346 2561 5410 φύσεως
2584 5345 2762 5399 αἰτίοις
2797 5360 2815 5394 ‹
2854 5342 2996 5399 Deus
3045 5359 3127 5403 est
3164 5352 3363 5409 animal
3418 5356 3522 5412 im-

1919 5433 2144 5488 mortale
2193 5448 2252 5488 se
2307 5433 2427 5501 ipso
2470 5443 2780 5490 cantantum
2817 5476 2832 5501 ,
2882 5442 3115 5497 essentia
3169 5451 3527 5518 sempiterna,

1919 5538 2125 5581 naturae
2171 5526 2294 5581 boni
2334 5541 2495 5583 causa
2525 5547 2543 5580 ›
2580 5527 2802 5602 (Laert.,
2837 5530 2927 5587 lib.
2959 5550 3031 5589 iv.
3070 5535 3097 5607 §
3130 5539 3181 5606 l,
3208 5540 3279 5607 5;
3315 5542 3532 5616 Euscb.,

1922 5617 2009 5675 lib.
2041 5635 2097 5675 tv
2120 5617 2358 5687 Prwpar.
2390 5618 2616 5691 Evang.,
2639 5638 2756 5692 cap.
2784 5622 2838 5689 5,
2863 5642 2984 5696 pag.
3014 5627 3116 5682 727
3135 5634 3274 5702 apud
3298 5634 3537 5711 Pictam,

1947 5722 2068 5767 tom.
2094 5713 2146 5779 5,
2191 5729 2311 5785 pag.
2339 5713 2491 5783 411).

2002 5804 2233 5861 Rursum
2257 5820 2387 5862 vero
2414 5820 2481 5863 ex
2520 5806 2787 5869 Cicerone
2814 5827 2879 5870 ea
2900 5813 3166 5877 Minucius
3192 5819 3549 5900 delihaverat,
