4058 6316
464 293 565 351 451

1750 293 1836 349 DE
1877 292 2140 353 MlNUCll
2178 294 2478 354 OCTAVIO
2550 263 2555 267 ’

3660 304 3774 362 ιδε

451 427 573 483 quae
614 410 683 467 de
718 408 1023 466 Democrito
1067 407 1409 480 postmodum
1456 406 1695 478 adjecit:
1732 428 1751 461 ‹
1780 409 1920 478 Quid
1954 411 2058 467 De-
2082 414 2135 473 Α
2160 410 2282 468 bus.
2313 413 2402 469 Sic
2441 411 2530 468 ille
2574 412 2742 469 Deum
2793 393 2960 484 opere
3000 428 3199 488 magno
3226 415 3440 485 liberat,
3486 426 3543 476 et
3568 435 3657 476 me
3705 420 3775 476 ti-

456 506 735 571 mocritus,
758 503 1004 576 quamvis
1019 513 1319 559 atomorum
1347 503 1550 573 primus
1580 503 1843 569 inventor,
1871 520 2052 560 nonne

456 597 767 669 plerumque
793 606 1064 662 naturam,
1092 612 1212 667 qua:
1239 596 1507 667 imagines
1536 595 1746 662 fundat,
1776 606 1833 652 et
1855 597 2054 652 intelli-

454 692 712 763 gentiam,
747 691 914 745 Deum
959 689 1271 761 Ittquitttl‘?t
1308 688 1524 745 Etenim
1569 690 1761 746 Cicero
1808 690 2055 746 similiter

455 782 525 839 de
556 783 684 839 illo:
720 801 738 833 ι
764 782 903 851 Quid
936 782 1293 847 Democritus,
1319 783 1511 854 inquit,
1531 784 1620 855 qui
1653 792 1765 839 tum
1795 784 2055 856 imagines

454 892 746 947 earumque
799 876 1056 932 circuitus
1101 877 1153 931 in
1196 875 1421 933 deorum
1468 893 1693 934 numero
1723 878 1905 941 refert,
1942 889 2050 934 tum

456 971 601 1026 illam
655 978 901 1024 naturam
952 985 1072 1040 quae
1119 969 1380 1041 imagines
1410 969 1595 1026 fundat
1622 985 1685 1025 ac
1714 970 1906 1038 mittat,
1940 979 2050 1027 tum

452 1064 734 1119 scientiam
786 1063 1298 1135 intelligentiamque
1355 1075 1595 1120 nostram
1629 1084 1648 1118 ι
1686 1063 1705 1136 (
1736 1063 1925 1132 Cicer.,
1959 1064 2047 1120 lib.

449 1158 562 1224 cit.,
594 1174 712 1229 pag.
742 1156 873 1224 200,
904 1158 1000 1213 (in.
1024 1150 1113 1230 5).Δ
1129 1159 1392 1227 Quocirca
1451 1159 1779 1230 Augustinus
1824 1158 1941 1215 htec
1984 1159 2052 1215 ad

457 1251 770 1305 Dioscorum
796 1250 865 1306 de
882 1249 967 1305 illa
987 1250 1272 1307 Democriti
1294 1250 1548 1321 opinione
1560 1251 1778 1307 scribit:
1800 1270 1819 1303 ι
1840 1251 2052 1319 Quanto

454 1343 648 1398 melius
673 1358 743 1399 ne
763 1342 1034 1398 audissem
1063 1341 1279 1413 quidem
1309 1359 1505 1399 nomen
1543 1344 1855 1410 Democriti,
1886 1361 2048 1415 quant

446 1453 568 1492 cum
628 1436 817 1492 dolore
864 1437 1158 1506 cogitarem
1209 1437 1393 1493 nescio
1436 1453 1594 1509 quem
1637 1438 1751 1493 suis
1797 1441 2050 1510 tempori-

448 1530 547 1584 bus
593 1544 844 1599 magnum
886 1537 1130 1600 putatum
1156 1570 1171 1596 ,
1221 1531 1309 1599 qui
1343 1528 1484 1585 Deos
1527 1545 1649 1585 esse
1696 1531 2053 1587 arbitraretur

446 1623 709 1693 imagines
747 1638 869 1695 qnze
894 1623 963 1679 de
998 1623 1184 1678 solidis
1210 1625 1529 1695 corporibus
1555 1625 1810 1692 fluerent,
1837 1626 2051 1681 solida:-

442 1734 547 1789 que
578 1719 707 1788 ipsa:
761 1733 866 1772 non
916 1726 1124 1783 essent,
1174 1732 1374 1789 easque
1426 1717 1528 1773 hac
1580 1728 1741 1788 atque
1769 1718 1869 1775 hac
1897 1727 2046 1775 mottt

2159 522 2312 562 more
2350 527 2369 559 ›
2398 506 2541 567 (Lib.
2571 507 2628 574 4,
2674 508 2917 564 Academ.
2949 521 3157 582 quau,
3201 527 3322 583 pag.
3355 514 3446 577 55,
3480 512 3578 569 lin.
3614 514 3690 570 46
3721 515 3771 586 ).

2158 601 2334 656 Alium
2374 602 2466 657 tibi
2494 603 2648 658 citari
2680 603 2725 658 si
2752 604 3053 671 desideras,
3094 622 3162 662 en
3191 619 3390 679 pnesto
3424 618 3507 664 est
3557 608 3777 665 Plutar-

2156 693 2290 749 obus
2320 696 2412 765 qui
2438 695 2539 752 ltoc
2558 696 2626 752 de
2651 696 2919 755 Stratonis
2944 700 3198 769 Opinione
3223 701 3482 771 scriptum
3511 702 3768 775 reliquit:

2156 791 2258 842 Καὶ
2284 798 2381 856 μὶν
2404 799 2494 846 τῶν
2518 796 2672 847 ἄλλων
2698 804 3082 863 «speratarum
3101 800 3126 849 ὁ
3153 806 3521 867 “populat-atro;
3547 804 3774 869 Στράτων

2158 887 2260 938 οὔτε
2282 876 2581 954 Ᾱριστοτὲλιι
2604 892 2731 942 κατὰ
2757 892 2917 943 πολλὰ
2956 896 3264 961 συμφέρεται,
3300 892 3382 944 καὶ
3422 896 3642 948 Ilicith
3679 896 3774 954 τᾶς

2155 979 2364 1040 ἱππίας
2393 986 2563 1047 ἔσχηκε
2589 982 2726 1045 δόξας
2758 984 2864 1052 περὶ
2892 998 3135 1049 κινήσεως,
3157 986 3268 1055 περὶ
3296 990 3395 1048 νοῦ,
3424 988 3508 1039 καὶ
3540 988 3649 1057 περὶ
3673 995 3772 1055 ψυο

2156 1083 2265 1135 χες,
2291 1073 2374 1123 καὶ
2403 1074 2508 1142 περὶ
2528 1080 2760 1138 γενέσεως·
2788 1077 2951 1139 αὐτὸν,
2976 1085 3219 1140 τελωνῶν,
3248 1086 3329 1132 τὸν
3352 1079 3541 1145 κόσμον,
3564 1082 3619 1131 οὗ
3648 1083 3773 1145 ζῶον

2155 1164 2280 1215 eiul
2299 1187 2440 1234 φησι,
2468 1175 2521 1220 τό
2548 1168 2597 1220 δὲ
2622 1173 2749 1223 κα.τά
2789 1174 2929 1238 pinu
2968 1173 3167 1223 ἕπεσθαι
3193 1187 3259 1243 τῷ
3284 1177 3409 1226 ιωτὰ
3432 1177 3599 1240 τύχην.
3640 1188 3663 1224 ι
3700 1170 3773 1227 Ει

2155 1253 2371 1321 quidem
2399 1254 2891 1329 Peripateticorum
2916 1261 3247 1331 reliquorum
3281 1277 3524 1318 summus
3555 1265 3769 1330 Strato,

2155 1361 2329 1418 neque
2353 1363 2476 1405 cum
2510 1352 2800 1408 Aristotele
2828 1355 2992 1410 sentit
3041 1355 3224 1411 multis
3263 1355 3333 1411 de
3378 1358 3566 1424 rebus,
3612 1367 3667 1413 ct
3696 1358 3773 1415 de

2153 1453 2324 1510 motu,
2353 1453 2554 1511 mente,
2583 1446 2944 1515 anima,ortu,
2963 1449 3234 1506 contraria
3258 1449 3469 1508 Platoni
3496 1452 3768 1509 defendit.

2157 1534 2392 1607 Denique
2442 1539 2696 1594 mundum
2737 1543 2911 1611 ipsum
2957 1542 3158 1598 animal
3205 1558 3327 1600 esse
3362 1556 3541 1616 negat,
3579 1547 3771 1618 aitque

2153 1637 2397 1686 naturam
2425 1633 2577 1704 sequi
2609 1632 2839 1691 fortunat
2873 1637 3105 1707 impetus
3125 1680 3140 1702 ,
3184 1653 3311 1694 casu
3340 1640 3550 1696 initium
3581 1651 3769 1700 motus

2153 1731 2359 1777 natura:
2387 1726 2680 1794 praebente,
2709 1734 2764 1782 et
2790 1727 2985 1785 deinde
3010 1731 3089 1785 sic
3118 1744 3149 1785 a
3177 1742 3365 1786 natura
3414 1745 3592 1790 moms
3626 1733 3772 1807 phy-

410 1854 423 1866 .
444 1812 660 1881 proprio
688 1810 1094 1872 circumeundo.
1123 1821 1282 1881 atque
1311 1812 1582 1867 illabendo
1615 1814 1666 1867 in
1696 1815 1905 1869 animos
1947 1814 2041 1868 lto-
2071 1818 2117 1879 B
2147 1816 2289 1872 sicos
2316 1816 2521 1873 absolvi
2552 1837 2572 1873 ι
2607 1819 2932 1891 (Plutarcli.,
2962 1823 3053 1879 lib.
3082 1824 3284 1881 advers.
3311 1826 3479 1882 Colat.
3511 1826 3767 1899 Epirum,

444 1905 670 1970 minttm,
703 1903 882 1962 facere
908 1915 967 1960 ttt
996 1905 1078 1961 vis
1106 1904 1285 1960 divina
1316 1906 1603 1977 cogitetur,
1638 1921 1761 1963 cum
1802 1906 2044 1977 profecto

444 1998 574 2052 illud
632 2012 829 2068 corpus
881 1996 1027 2053 unde
1078 1998 1254 2069 imago
1301 1997 1513 2063 ﬂueret,
1563 2010 1767 2069 quanto
1820 1999 2046 2056 solidius

441 2099 543 2154 est,
575 2100 721 2144 tanto
749 2093 1091 2159 praestantius
1139 2105 1353 2161 quoque
1400 2105 1522 2147 esse
1566 2091 1858 2161 judicetur.
1890 2093 2045 2149 ldco-

442 2198 547 2252 que
568 2182 868 2251 lluctuavit,
898 2184 1037 2239 sicut
1063 2184 1150 2238 isti
1179 2183 1385 2250 dicunt,
1407 2186 1718 2255 nutavitque
1738 2186 2004 2242 sententia
2028 2203 2043 2253 ;

444 2286 500 2331 ιιι
547 2276 833 2347 aliquando
881 2284 1124 2332 naturam
1169 2277 1501 2345 quamdam,
1543 2278 1611 2334 de
1663 2294 1768 2350 qut
1815 2280 2045 2337 ﬂuerent

441 2370 739 2440 imagines,
784 2369 954 2425 Deum
1009 2384 1132 2425 esse
1185 2368 1402 2437 dicent,
1449 2371 1540 2441 qui
1591 2380 1769 2427 tamen
1819 2372 2043 2443 cogitari

437 2471 544 2511 non
595 2464 799 2526 posset,
847 2456 946 2511 nisi
994 2470 1088 2524 per
1131 2471 1224 2510 eas
1278 2455 1543 2526 imagines
1587 2472 1720 2527 quas
1770 2456 1945 2513 fundit
1990 2467 2046 2515 et

438 2549 656 2612 emittit,
686 2547 736 2603 id
765 2558 871 2613 est,
896 2563 1016 2619 qua:
1035 2547 1106 2604 de
1133 2548 1217 2602 illa
1245 2557 1458 2616 natura,
1481 2563 1640 2620 quam
1668 2550 1853 2605 nescio
1881 2565 2042 2621 quam

443 2657 762 2713 corpoream
801 2650 857 2697 et
886 2642 1273 2712 sempiternam
1296 2682 1312 2706 ,
1362 2655 1426 2697 ac
1454 2656 1549 2711 per
1578 2642 1681 2698 hoc
1705 2647 1869 2697 etiam
1900 2643 2041 2698 divi-

445 2751 568 2791 nam
598 2743 767 2806 putat,
800 2737 952 2806 quasi
980 2735 1226 2805 corporis
1253 2735 1628 2802 similitudine,
1662 2736 1914 2791 continua
1944 2751 2041 2791 ve-

438 2830 886 2885 lutemanationc
933 2828 1218 2894 ferrentur,
1264 2836 1319 2884 et
1366 2829 1642 2894 venirent,
1675 2838 1835 2899 atque
1876 2830 2044 2884 intra—

440 2934 560 2979 rent
594 2923 646 2978 in
676 2923 887 2977 animos
918 2930 1164 2989 nostros;
1200 2930 1259 2977 ut
1300 2921 1469 2978 Deum
1501 2922 1582 2978 vel
1624 2921 1759 2978 deos
1802 2922 2041 2994 cogitare

432 3033 717 3089 possemus
755 3037 774 3071 ι
812 3017 1148 3089 (Augustin.,
1194 3014 1390 3086 EpisL,
1421 3016 1546 3083 118,
1593 3031 1715 3088 pag.
1748 3016 1898 3090 510).
1933 3016 2040 3075 Sed

436 3109 784 3182 quantumvis
828 3108 1168 3166 ﬂuctuavcrit
1196 3108 1633 3179 vacillaveritque
1679 3107 2037 3178 Democritus,

2152 1925 2273 1980 pag.
2309 1908 2499 1983 1115).
2539 1910 2710 1980 Quam
2744 1929 2908 1984 porro
2941 1915 3123 1972 Strato
3154 1929 3401 1974 naturam
3447 1921 3764 1992 appellavit,

2144 2001 2256 2072 jam
2283 2018 2311 2055 a
2344 2002 2607 2061 Cicerone
2642 2007 2964 2077 explicatum
3016 2011 3269 2068 vidimus.
3303 2013 3410 2070 Sed
3456 2013 3525 2070 de
3566 2015 3665 2071 hac
3695 2016 3769 2071 il-

2148 2094 2252 2149 lius
2283 2096 2539 2166 opinione
2563 2099 2716 2156 nobis
2754 2101 2961 2174 aliquid
2990 2103 3166 2161 adhuc
3195 2105 3486 2164 dicendum
3507 2109 3633 2175 erit,
3664 2110 3765 2168 ubi

2148 2190 2422 2259 quomodo
2450 2207 2483 2247 a
2518 2191 2803 2251 Lactantio
2844 2195 3141 2265 refellatur,
3175 2199 3352 2272 palam
3377 2203 3629 2260 omnibus
3670 2204 3763 2260 fa-

2145 2295 2274 2337 cere
2297 2283 2633 2341 conabimur.

2217 2374 2513 2436 Minucium
2569 2390 2812 2437 nostrum
2861 2382 3076 2440 interim
3127 2400 3469 2458 sequamur:
3519 2408 3540 2444 t
3577 2389 3761 2447 Etiam

2146 2467 2411 2540 Epicurus
2439 2471 2548 2534 ille.
2587 2491 2607 2526 ι
2644 2472 2846 2546 inquit,
2880 2494 2899 2528 ι
2938 2476 3027 2548 qui
3058 2476 3191 2535 deos
3229 2490 3320 2535 aut
3347 2480 3550 2536 otiosos
3580 2481 3761 2554 lingit,

2123 2572 2238 2626 aut
2267 2563 2459 2630 nullos,
2493 2574 2736 2623 naturam
2768 2579 2944 2627 tamen
2971 2571 3383 2644 superimponit.
3422 2592 3442 2627 ι
3478 2573 3583 2632 Sed
3613 2577 3759 2633 lianc

2144 2654 2361 2727 Epicuri
2386 2658 2456 2715 de
2502 2659 2613 2717 Deo
2639 2662 2838 2732 opinio:
2861 2677 2948 2721 ein
2981 2664 3096 2722 fuse
3139 2668 3387 2725 euucleat
3413 2671 3552 2741 apud
3591 2668 3759 2728 Cice-

2146 2766 2334 2808 ronem
2362 2752 2599 2811 Velleius
2631 2755 2953 2825 Epicureus.
2986 2759 3275 2832 Postquam
3294 2763 3571 2820 enimvero
3602 2766 3754 2822 mul-

2147 2843 2215 2898 tis
2244 2845 2492 2915 probavit
2538 2847 2633 2904 Dei
2677 2851 2843 2907 vitam
2870 2867 2990 2908 eam
3031 2868 3172 2923 esse,
3218 2872 3321 2926 qua
3354 2856 3488 2913 nihil
3516 2857 3752 2929 beatius,

2144 2937 2278 2994 nihil
2300 2938 2523 2995 omnino
2551 2940 2709 2999 bonis
2733 2945 2983 3003 omnibus
3006 2946 3313 3005 afﬂuentius
3341 2953 3629 3024 excogitari
3656 2969 3758 3024 po-

2143 3038 2280 3098 test,
2333 3032 2477 3090 hauc
2514 3037 2803 3095 sententia:
2831 3054 2944 3096 sua:
2990 3041 3171 3098 reddit
3196 3047 3462 3102 rationein
3504 3062 3520 3101 :
3552 3065 3572 3099 ι
3604 3047 3754 3105 Nihil

2141 3125 2285 3181 enim
2308 3128 2435 3199 agit,
2468 3129 2629 3186 nullis
2662 3134 3105 3204 occupationibus
3132 3146 3216 3193 est
3242 3138 3572 3210 implicatus,
3602 3141 3753 3198 nulla

433 3188 616 3260 cx'liis
640 3214 789 3260 certe
829 3218 951 3274 qua:
976 3205 1089 3275 ipse
1121 3202 1451 3274 Augllslilms
1473 3218 1536 3257 ac
1566 3199 1757 3257 Cicer“
1785 3201 1853 3258 de
1891 3203 2036 3305 illius
2062 3220 2109 3286 ο
2141 3234 2303 3291 opera
2326 3188 2567 3288 molitur,
2594 3240 2689 3280 sua
2717 3188 2981 3296 sapientia
3008 3240 3064 3285 et
3090 3230 3288 3288 virtute
3308 3188 3507 3305 gaudet
3533 3251 3548 3289 :
3578 3232 3748 3291 habet

430 3301 685 3371 opinione
721 3299 936 3371 scriptis
958 3298 1316 3365 tradiderunt,
1349 3299 1469 3369 quis
1500 3312 1606 3352 non
1657 3297 1836 3353 videat
1863 3297 2034 3354 Mittit-

431 3395 573 3449 cium
619 3393 744 3463 jure
798 3392 942 3449 haud
992 3393 1263 3448 immerito
1313 3391 1517 3448 dixisse
1555 3391 1785 3462 quodam
1841 3393 2030 3448 saltem

430 3485 593 3542 modo
640 3487 873 3556 aguitam
919 3485 989 3541 ab
1036 3484 1128 3540 illo
1170 3484 1337 3541 fuisse
1388 3492 1629 3540 naturam
1664 3484 1923 3552 divinam,
1970 3500 2034 3542 ac

435 3579 601 3635 Deum
635 3596 820 3636 revera
849 3595 971 3637 esse
1010 3579 1217 3635 unum?
1260 3580 1420 3650 Atqui
1458 3579 1511 3635 id
1547 3579 1613 3634 ad
1658 3578 1898 3650 ejusdem
1938 3579 2034 3636 Mi-

433 3674 578 3730 nucii
606 3674 909 3731 sulliciebat
934 3675 1291 3746 propositum.

505 3769 775 3827 Stratonis
805 3768 1002 3825 dehinc
1024 3769 1335 3840 opinionem
1376 3769 1458 3824 Itis
1491 3768 1831 3840 paucissimis
1857 3769 2034 3827 verbis

430 3866 688 3937 exponit:
733 3883 753 3917 t
791 3862 1009 3921 Straton
1040 3878 1253 3935 quoque
1298 3873 1355 3919 et
1399 3864 1513 3936 ipse
1562 3875 1834 3919 naturam.
1871 3883 1893 3919 ι
1923 3862 2033 3921 Sed

430 3972 537 4030 quo
565 3957 840 4028 pauciora,
875 3973 942 4012 eo
987 3958 1163 4013 minus
1205 3957 1351 4012 clara
1391 3967 1515 4011 sunt
1561 3956 1677 4015 luec
1704 3957 1890 4014 verba.
1915 3959 2033 4015 Eo-

430 4066 550 4106 rum
579 4049 761 4118 itaque
789 4047 1168 4106 enodationem
1205 4049 1403 4119 saepius
1427 4048 1672 4105 laudatus
1700 4065 1730 4105 a
1760 4052 1915 4108 nobis
1941 4051 1999 4109 Ci
2016 4084 2031 4097 ο

429 4159 557 4200 ccro
595 4142 689 4200 tibi
726 4143 1083 4215 suppeditabit
1118 4159 1131 4196 :
1169 4161 1187 4195 t
1217 4142 1326 4198 Nec
1351 4142 1648 4200 audiendus
1670 4154 1808 4212 est,»
1841 4146 2031 4216 inquit,

436 4256 454 4290 ι
493 4237 633 4308 ejus,
657 4236 1037 4308 Tlte0pltrasti,
1070 4237 1287 4293 auditor
1316 4236 1518 4302 Strato,
1562 4239 1605 4293 is
1640 4239 1732 4309 qui
1780 4240 2034 4311 physicus

429 4330 756 4402 appellatur,
788 4331 877 4400 qui
908 4345 1123 4386 omuent
1154 4330 1261 4384 vim
1292 4329 1527 4385 divinam
1568 4330 1619 4385 in
1654 4342 1845 4387 natura
1873 4332 2031 4389 sitam

428 4439 553 4481 esse
583 4432 790 4490 censet,
822 4439 945 4492 qua:
973 4437 1166 4479 causas
1195 4421 1468 4494 gignendi,
1499 4425 1752 4493 augendi,
1783 4426 2032 4482 minuen-

431 4518 554 4573 dive
581 4514 913 4582 ltabeat,sed
958 4524 1139 4571 careat
1159 4514 1305 4569 omni
1334 4529 1497 4570 sensu
1532 4524 1586 4570 et
1610 4514 1778 4586 figura
1813 4535 1831 4567 ι
1867 4513 2030 4590 ((ἷίο.,

2139 3313 2479 3383 exploratum
2509 3314 2626 3373 fore
2654 3333 2715 3375 se
2743 3334 2961 3391 semper
2988 3337 3111 3378 cum
3140 3323 3193 3379 in
3236 3328 3506 3394 maximis,
3543 3338 3652 3383 tum
3691 3328 3753 3384 in

2115 3407 2352 3481 mter-uis
2402 3409 2783 3482 voluptatibus.
2826 3433 2847 3468 ι
2880 3414 3070 3473 Postea
3118 3415 3210 3473 ille
3256 3417 3454 3475 ibidem
3510 3419 3755 3479 declarat

2136 3499 2428 3570 Epicurum
2476 3502 2612 3559 falso
2650 3504 2898 3564 docuisse
2927 3518 3117 3566 natura
3141 3510 3394 3568 eil'ectum
3423 3527 3546 3570 esse
3590 3532 3751 3572 mun-

2136 3589 2263 3646 dum
2294 3609 2309 3648 :
2338 3592 2469 3648 nihil
2513 3610 2651 3665 opus
2694 3596 2861 3656 fuisse
2892 3600 3112 3670 fabrica,
3140 3617 3370 3674 eamque
3400 3621 3515 3662 rem
3539 3609 3589 3663 ei
3620 3623 3747 3666 esse

2138 3680 2445 3741 facillimam
2482 3704 2504 3740 ι
2540 3686 2678 3762 (Cic.
2717 3689 2811 3747 lib.
2856 3707 2875 3748 ι
2926 3693 2990 3749 de
3021 3691 3214 3750 Natur.
3248 3695 3433 3767 Deor.,
3464 3713 3584 3772 pag.
3614 3700 3748 3769 205,

2136 3778 2237 3836 lin.
2268 3779 2351 3855 8).
2392 3781 2524 3838 Nam
2561 3785 2763 3856 omnia,
2800 3788 2983 3859 utjant
3009 3789 3263 3856 diximus.
3294 3792 3513 3849 fortuito
3539 3803 3753 3852 atomo-

2139 3890 2258 3931 rum
2284 3891 2552 3934 concursu
2579 3877 2718 3937 facta
2749 3880 2917 3939 fuisse
2945 3885 3237 3954 garriebat.
3271 3885 3510 3959 Denique
3538 3888 3744 3947 ibident

2137 3970 2328 4028 Velleii
2365 3989 2459 4030 seu
2490 3974 2880 4045 Epicureorum
2910 3979 3132 4036 nomine
3157 3980 3361 4038 Tullius
3400 3981 3538 4038 dixit
3567 4000 3582 4038 :
3621 4001 3640 4035 t
3677 3984 3749 4041 Et

2136 4065 2224 4136 pie
2267 4076 2560 4140 sancteque
2607 4069 2834 4127 colimus
2873 4082 3120 4129 naturam
3167 4075 3545 4143 excellentem,
3574 4088 3740 4149 atque

2137 4165 2503 4225 praestantem.
2545 4179 2565 4213 ι
2598 4162 2667 4216 At
2683 4160 2942 4218 Minucius
2961 4174 3148 4220 noster
3171 4181 3291 4237 quae
3312 4164 3580 4236 Epicurus
3611 4170 3747 4227 falsa

2135 4262 2255 4305 esse
2280 4248 2530 4319 docebat,
2554 4252 2726 4310 abhis
2753 4253 3053 4328 distinguit,
3084 4258 3280 4330 quibus
3304 4263 3740 4331 praestantiorem

2134 4343 2345 4398 caeteris
2384 4346 2632 4402 omnibus
2658 4358 2923 4414 naturam,
2955 4358 3117 4420 atque
3146 4350 3316 4408 idirco
3347 4352 3610 4424 divinam,
3649 4371 3747 4413 vo-

2134 4435 2253 4493 lens
2282 4438 2491 4507 nolens,
2514 4440 2791 4498 confessus
2817 4453 2920 4499 est.
2947 4441 3071 4511 Adi,
3095 4444 3140 4499 si
3163 4444 3332 4512 lubet,
3362 4444 3661 4517 Laertium,
3689 4459 3748 4507 et

2134 4528 2361 4603 Menagii
2405 4548 2469 4589 ac
2511 4534 2773 4592 Gassendi
2822 4537 2874 4592 in
2920 4536 3072 4592 illum
3103 4549 3279 4607 notas,
3305 4549 3361 4596 et
3386 4541 3551 4597 alium
3583 4541 3745 4615 hujus

427 4610 521 4665 lib.
551 4609 668 4676 cit.,
699 4623 818 4680 pag.
847 4606 974 4702 ξοο,
1006 4606 1104 4661 lin.
1145 4606 1214 4702 «l5
1233 4606 1276 4677 ).
1331 4607 1491 4662 Visne
1515 4608 1712 4679 plura?
1737 4608 1877 4665 Audi
1908 4627 2027 4666 rur-
2055 4628 2109 4689 Β
2136 4621 2329 4679 librum
2356 4624 2560 4697 (Laert.
2589 4626 2755 4692 lib.x.
2780 4627 2809 4701 §
2836 4628 2963 4697 123;
2991 4630 3199 4702 Menag.
3222 4641 3277 4688 et
3297 4631 3560 4690 Gassend.
3587 4606 3744 4692 notas

428 4719 523 4760 sus
562 4700 811 4758 eumdem
843 4700 1125 4803 Oratorem
1157 4700 1225 4756 de
1259 4701 1368 4803 illo”
1394 4702 1699 4803 loquentem
1746 4722 1760 4759 :
1798 4723 1816 4757 ‹
1848 4704 2024 4778 Negas
2127 4714 2194 4770 ad
2225 4715 2383 4787 hujus
2403 4717 2496 4774 lib.
2516 4734 2589 4785 tv,
2608 4719 2677 4776 de
2697 4700 2802 4776 vita
2829 4730 2883 4777 et
2898 4722 3093 4779 morib.
3113 4700 3496 4797 Epicur.,cap.
3520 4727 3640 4791 1.2.
3660 4728 3740 4803 '5).

429 4796 548 4851 sine
596 4795 706 4850 Deo
757 4807 916 4863 posse
965 4792 1280 4863 quidquam.
1331 4792 1467 4849 Ecce
1508 4794 1606 4849 tibi
1652 4811 1683 4852 e
1715 4805 2026 4857 transverso

432 4887 834 4959 Lampsacenus
885 4887 1085 4953 Strato,
1116 4887 1203 4956 qui
1249 4886 1340 4942 det
1372 4887 1458 4942 isti
1493 4888 1603 4944 Deo
1629 4890 2024 4952 immunitatem

429 4980 609 5050 magni
632 4979 845 5050 quidem
874 4979 1132 5034 muneris.
1169 4978 1272 5033 Sed
1305 4993 1426 5034 cum
1469 4983 1777 5042 sacerdotes
1797 4986 2024 5045 deorum

427 5074 761 5128 vacationum
793 5071 1047 5138 habeant,
1081 5080 1280 5142 quanto
1310 5079 1393 5126 est
1431 5074 1636 5143 (nquius
1671 5076 1869 5134 habere
1896 5081 2027 5138 istos

434 5164 615 5220 Deos?
656 5163 823 5234 Negat
861 5179 1022 5233 opera
1054 5162 1276 5219 deorum
1318 5178 1377 5218 se
1420 5166 1497 5220 uti
1544 5165 1611 5222 ad
1653 5167 2022 5230 fabricandum

428 5256 711 5313 mundum.
741 5256 1108 5326 Quzrcumque
1150 5254 1259 5309 sint
1286 5255 1444 5312 docet
1484 5260 1660 5315 omnia
1689 5277 1810 5319 esse
1835 5266 2022 5326 effecta

430 5362 638 5412 natura,
673 5364 773 5405 nec
801 5356 860 5404 ut
899 5348 985 5404 ille
1012 5350 1101 5418 qui
1135 5349 1341 5419 asperis
1362 5359 1416 5404 et
1440 5350 1681 5417 lmvibus.
1712 5365 1766 5412 et
1795 5356 2025 5420 hamatis

429 5441 802 5512 uncinatisque
828 5442 1145 5511 corporibus
1175 5451 1425 5498 concreta
1463 5443 1578 5501 haec
1604 5463 1725 5505 esse
1744 5450 1907 5521 dicat,
1939 5456 2023 5512 in-

426 5536 650 5607 lerjecto
681 5535 822 5591 inani
865 5551 878 5588 :
912 5535 1117 5589 somnia
1158 5546 1343 5590 censet
1395 5536 1509 5594 biec
1554 5555 1673 5599 esse
1722 5546 2021 5608 υριηοοι-ηιί

427 5646 531 5688 n0n
555 5629 820 5695 docentis,
851 5629 943 5684 sed
964 5629 1219 5699 optantis.
1246 5629 1364 5701 Ipse
1380 5642 1558 5689 autem
1579 5636 1814 5708 singulas
1836 5646 2017 5704 mundi

428 5732 605 5795 parles
623 5737 969 5796 persequens,
1000 5721 1259 5793 quidquid
1297 5734 1389 5779 aut
1418 5726 1505 5791 sit,
1536 5738 1626 5784 aut
1657 5730 1766 5800 fiat,
1798 5747 2014 5797 natura~

421 5817 566 5881 libus
597 5816 710 5873 tieri
738 5826 828 5871 aut
858 5815 1050 5872 factum
1085 5829 1205 5871 esse
1232 5813 1391 5874 docet
1418 5821 1746 5893 ponderibus
1774 5839 1826 5886 et
1858 5835 2013 5893 moti-

2202 4807 2465 4879 Deinceps
2492 4826 2621 4867 vero
2647 4811 2907 4869 Minucius
2934 4813 3160 4885 plurima
3203 4818 3545 4885 transcripsit
3590 4819 3744 4878 Cice.

2128 4900 2277 4955 ronis
2305 4901 2491 4970 verba,
2522 4902 2715 4974 quibus
2764 4904 3070 4960 Aristotelis
3094 4904 3162 4962 de
3193 4904 3305 4964 Deo
3330 4907 3496 4965 refert
3523 4910 3742 4981 opinio-

2131 5010 2276 5051 nem.
2309 4996 2447 5052 Ecce
2488 4996 2753 5069 siquidem
2799 4999 3071 5069 quomodo
3108 4999 3199 5056 ille
3236 5001 3476 5074 loquitur
3510 5020 3574 5060 :t
3612 5006 3739 5062 Ari-

2129 5087 2356 5144 stoteles
2395 5090 2588 5157 variat,
2617 5099 2672 5146 et
2699 5090 2940 5163 assignat
2968 5100 3144 5149 tamen
3194 5108 3351 5149 unam
3386 5104 3737 5166 potestatem.

2129 5180 2261 5236 Nam
2296 5183 2512 5239 interim
2541 5194 2797 5249 mentem,
2830 5185 3089 5242 mundum
3131 5188 3344 5245 interim
3379 5190 3546 5247 Deum
3577 5190 3737 5260 dicit,

2127 5274 2340 5332 interim
2373 5276 2573 5333 mundo
2604 5277 2772 5335 Deum
2802 5278 3043 5348 praslicit.
3100 5299 3119 5333 ι
3150 5279 3241 5337 Sic
3278 5292 3457 5338 autent
3485 5283 3695 5342 Tullius
3722 5302 3737 5341 :

2135 5387 2153 5420 ι
2193 5369 2511 5427 Aristoteles
2537 5371 2588 5426 in
2614 5371 2772 5427 tertio
2795 5371 2863 5428 de
2892 5371 3239 5445 Philosophia
3267 5374 3410 5432 libro
3437 5377 3599 5432 multa
3627 5387 3744 5434 tur-

2129 5460 2241 5529 bat,
2274 5478 2302 5516 a
2332 5463 2589 5534 magistro
2616 5463 2840 5521 Platone
2869 5480 2976 5521 uno
3014 5466 3360 5524 dissentiens.
3401 5469 3558 5525 Modo
3584 5471 3733 5527 enim

2126 5557 2292 5612 menti
2351 5559 2535 5613 tribuit
2579 5574 2794 5615 omnem
2849 5559 3216 5628 divinitatem,
3274 5561 3435 5619 modo
3464 5564 3729 5622 mundum

2123 5646 2299 5717 ipsum
2328 5634 2497 5707 Deum
2531 5650 2664 5707 dicit
2708 5666 2851 5718 esse,
2883 5652 3044 5709 modo
3079 5654 3370 5724 quemdam
3396 5657 3561 5712 alium
3596 5673 3743 5729 prr-

2120 5738 2234 5795 ﬁcit
2278 5743 2477 5799 mundo
2504 5762 2524 5797 ι
2559 5743 2695 5818 (Cic.
2737 5745 2833 5801 lib.
2873 5746 3046 5812 citat.,
3084 5762 3205 5819 pag.
3251 5747 3509 5831 200,'lin.
3540 5750 3634 5817 26,
3680 5760 3739 5809 et

2118 5846 2269 5907 Seqq.
2301 5832 2344 5908 ).
2393 5837 2458 5894 Et
2487 5838 2603 5897 haec
2641 5838 2857 5915 quidem
2884 5838 3154 5914 decerpsit
3175 5840 3457 5915 Minucius,
3481 5843 3575 5901 sed
3608 5843 3737 5906 ινσειί-
