4058 6316
338 291 458 348 455

1752 286 2221 347 υιδδιῐιιτλτιο.

3547 308 3653 365 455

334 411 462 482 quit
490 408 807 482 sequentia:
845 426 864 462 ι
898 407 1070 482 Eique
1106 421 1201 463 eas
1227 414 1407 479 partes
1432 405 1639 473 tribuit,
1668 415 1726 462 ut
1769 404 1933 475 repli-
1959 402 2012 464 A
2040 415 2170 462 turae
2198 412 2359 467 menti
2387 421 2551 484 atque
2570 415 2752 471 animo
2780 417 2883 473 hoc
2916 433 3113 475 nomen
3150 422 3358 490 tribuit,
3389 433 3501 479 tum
3529 423 3652 480 niti—

334 504 556 560 catione
586 501 769 560 mundi
798 502 1023 574 quadam
1050 512 1255 558 motum
1301 510 1453 573 regat
1496 512 1657 571 atque
1684 509 1895 556 tueatur
1924 516 1938 553 :

333 606 455 655 tum
473 598 595 655 caeli
623 597 871 653 ardorem
905 596 1081 652 Deum
1115 594 1247 652 dicit
1286 609 1521 651 esse.....
1571 593 1705 649 Cum
1759 603 1937 649 autem

333 692 460 748 sine
496 705 723 762 corpore
748 689 887 744 idem
916 688 1164 744 vultesse
1194 687 1383 755 Deum,
1413 688 1561 743 omni
1602 687 1748 743 illum
1776 701 1939 741 sensu

333 787 521 857 privat
563 793 620 840 et
665 782 964 854 prudentia.
1011 800 1030 835 ι
1067 782 1319 838 Pauciora
1364 781 1732 848 nihilominus,
1777 796 1936 853 quam

331 888 588 952 uterque,
619 878 689 935 de
714 879 803 936 illa
829 876 1135 936 Aristotelis
1183 877 1448 933 sententia
1490 877 1674 933 retulit
1715 877 1855 930 hunc
1884 875 1935 930 in

330 973 559 1030 modum
618 973 925 1031 Lactantius
964 992 978 1029 :
1024 994 1043 1027 ‹
1096 971 1419 1031 Aristoteles
1458 969 1704 1042 quamvis
1750 981 1935 1024 secum

329 1066 453 1140 ipse
487 1065 766 1131 dissideat,
797 1083 860 1122 ac
890 1071 1238 1139 repugnantia
1266 1064 1369 1121 sibi
1391 1063 1536 1119 dieat
1558 1072 1613 1117 et
1641 1062 1866 1124 sentiat,
1893 1060 1937 1116 is

328 1176 603 1219 summam
655 1170 835 1218 tamen
864 1178 1024 1217 unam
1076 1173 1310 1218 mentem
1344 1158 1543 1214 mundo
1589 1169 1824 1228 praeesse
1854 1164 1937 1210 te-

327 1265 507 1314 statur
534 1254 833 1328 t(Lactant.
851 1256 945 1312 lib.
963 1272 1002 1312 tt
1026 1254 1257 1311 Institut.
1283 1253 1469 1316 dirim,
1492 1262 1615 1321 cap.
1642 1248 1735 1314 25,
1761 1264 1817 1319 p.
1841 1247 1933 1314 25;

326 1350 496 1407 etlib.
516 1353 580 1405 de
600 1347 690 1405 Ira
714 1349 810 1405 Dei
845 1365 965 1422 cap.
987 1351 1075 1416 ll,
1101 1365 1223 1421 pag.
1247 1348 1396 1419 796).
1422 1345 1488 1402 Et
1522 1344 1736 1400 brevius
1761 1341 1938 1397 adhuc

325 1445 440 1502 alio
466 1446 518 1502 in
567 1445 742 1504 libro:
776 1469 796 1503 ι
836 1446 1035 1504 Eadem
1075 1448 1208 1513 fere,
1244 1443 1437 1516 inquit,
1472 1453 1634 1510 atque
1665 1437 1937 1494 Antisthe-

325 1557 454 1612 nes,
489 1561 510 1597 ι
544 1542 612 1597 de
638 1558 747 1613 quo
779 1558 878 1600 nos
906 1543 1065 1614 paulo
1104 1549 1231 1597 ante
1267 1541 1501 1597 diximus
1543 1556 1562 1591 ι
1611 1534 1935 1593 Aristoteles

323 1653 454 1694 cum
487 1637 599 1694 suis
621 1638 1011 1709 Peripateticis.
1043 1656 1071 1691 ς»
1102 1636 1315 1693 Videsis
1338 1632 1708 1701 Plutarchum,
1740 1631 1935 1686 Lesca-

322 1729 615 1803 lopiernm,
647 1747 713 1787 ac
758 1733 802 1787 si
851 1732 986 1788 velis
1016 1748 1135 1800 qua:
1177 1731 1301 1786 alibi
1343 1729 1747 1787 observavimus
1778 1723 1931 1799 (Plu-

2044 518 2189 558 mum
2218 513 2276 560 et
2300 506 2639 569 altissimum.
2685 519 2846 582 atque
2875 512 3111 584 undique
3154 514 3556 578 circumfusum.
3595 526 3650 573 et

2043 608 2342 654 extremum
2367 601 2545 658 omnia
2574 604 2901 675 cingentem,
2931 616 3092 678 atque
3117 611 3457 681 complexum
3482 612 3647 667 ardo-

2042 707 2181 760 rem,
2218 694 2307 762 qui
2350 694 2523 751 aether
2554 699 2883 763 nominatur,
2913 702 3272 758 certissimum
3303 704 3468 759 Deum
3505 706 3649 774 judi-

2042 794 2129 841 cat
2164 804 2182 838 ι
2222 784 2356 858 (Cic.
2385 787 2480 843 lib.
2526 790 2643 857 cit.,
2667 806 2788 862 pag.
2821 792 2944 861 101,
2974 795 3068 849 lin.
3100 793 3212 868 10).
3254 798 3405 864 Quod
3433 798 3647 869 quidem

2044 878 2135 934 ille
2176 879 2346 935 fusius
2392 880 2567 937 adhuc
2611 885 2897 953 enucleat,
2940 888 3393 957 quemadmodum
3429 908 3457 946 a
3490 893 3647 948 nobis

2040 970 2166 1026 alibi
2193 983 2505 1030 anttotatum
2530 986 2614 1032 est
2634 978 2812 1050 (Tom.
2842 996 2859 1034 ι
2887 981 3161 1053 Apparat.,
3197 999 3314 1055 pag,
3345 984 3494 1058 782).

2112 1063 2416 1122 Secundum
2439 1068 2638 1126 dehinc
2666 1071 2839 1126 locum
2857 1071 3121 1129 Minucius
3142 1074 3344 1131 Zenoni
3370 1076 3646 1136 Cleantltis

2042 1160 2300 1230 magistro
2347 1162 2605 1233 assignat,
2654 1164 2910 1236 illiusque
2962 1165 3031 1221 de
3064 1168 3173 1224 Deo
3222 1171 3534 1240 opinionem
3565 1172 3646 1227 sic

2037 1254 2257 1324 exponit
2287 1272 2301 1308 :
2336 1273 2356 1307 ‹
2391 1255 2599 1323 Zenon,
2630 1257 2871 1327 ejusdem
2901 1248 3173 1333 magister,
3220 1266 3518 1321 naturalem
3565 1267 3645 1321 lc-

2036 1365 2157 1421 gem
2186 1360 2347 1423 atque
2371 1351 2631 1419 divinam,
2672 1364 2730 1410 et
2757 1354 2957 1411 aethera
2990 1357 3229 1424 interim,
3263 1342 3644 1432 interdumque

2039 1443 2301 1499 rationem
2332 1445 2443 1500 vult
2486 1446 2724 1502 omnium
2764 1462 2886 1503 esse
2924 1450 3267 1520 principium.
3298 1451 3443 1508 Idem
3474 1454 3642 1509 inter-

2038 1538 2319 1608 pretando,
2351 1537 2618 1596 iuuenem
2663 1555 2811 1606 aera,
2843 1541 3030 1598 Jovem
3073 1545 3293 1610 cmlum,
3334 1545 3640 1617 Neptunum

2038 1645 2187 1685 mare
2209 1671 2224 1693 ,
2274 1632 2449 1701 ignem
2505 1648 2626 1690 esse
2657 1634 2952 1691 Vulcanum
2973 1678 2987 1700 ,
3039 1647 3092 1692 et
3131 1646 3358 1694 cmteros
3388 1640 3640 1696 similiter

2038 1724 2181 1794 Vulgi
2207 1724 2350 1782 Deos
2371 1727 2638 1783 elementa
2668 1744 2789 1785 esse
2817 1730 3187 1797 monstrando,
3222 1727 3490 1802 publicum
3513 1714 3651 1803 grai

325 1823 503 1880 tarch.
533 1823 626 1879 lib.
654 1840 674 1880 ι
704 1824 769 1880 de
811 1823 1001 1881 Placit.
1032 1823 1364 1897 ΡΙιίΙοεορΙι..
1395 1838 1515 1891 cap.
1545 1824 1602 1887 7,
1632 1837 1753 1893 pag.
1783 1817 1882 1876 88i
1916 1835 1931 1883 ;
1964 1809 2014 1870 B
2043 1816 2181 1872 viter
2211 1819 2386 1888 arguit
2412 1828 2466 1875 et
2493 1821 2722 1877 revincit
2748 1839 3012 1879 errorem.
3052 1842 3072 1876 ι
3101 1823 3293 1879 Nonne
3322 1834 3499 1880 autem
3524 1825 3642 1883 inec

322 1918 613 1990 Lescalop.
647 1919 701 1974 in
746 1919 839 1976 cit.
868 1917 1042 1975 Cicer.
1080 1918 1108 1993 §
1138 1919 1239 1986 53,
1287 1933 1407 1989 pag.
1441 1917 1534 1983 54,
1576 1926 1631 1973 et
1668 1917 1736 1971 de
1767 1915 1924 1969 Arist.

320 2011 632 2085 Tltcolagt'a,
662 2028 779 2087 pag.
814 2014 919 2070 184
961 2022 1017 2071 et
1044 2029 1222 2086 seqq.,
1272 2023 1403 2069 tom.
1455 2031 1471 2067 ι
1506 2013 1782 2084 Apparat.,
1806 2025 1927 2082 pag.

323 2107 480 2180 781).
801 2091 813 2101 '

404 2201 669 2257 Pneterea
703 2221 722 2254 ι
756 2200 1067 2259 Heraclides
1097 2202 1373 2270 Ponticus,
1403 2202 1479 2258 ait
1505 2201 1785 2267 Minucius,
1818 2199 1930 2255 Deo

322 2292 563 2350 divinam
595 2306 852 2365 mentem,
879 2296 1124 2367 quamvis
1146 2297 1290 2352 varie
1316 2295 1594 2358 adscribit.
1618 2295 1753 2350 alias
1773 2309 1929 2349 mun-

324 2385 432 2454 do,
465 2389 596 2444 alias
640 2386 835 2445 divina:
875 2391 1038 2446 menti
1087 2390 1327 2446 tribuens
1374 2390 1751 2460 principatum.
1791 2406 1810 2440 ι
1856 2388 1929 2445 At

325 2480 448 2537 hare
489 2481 726 2552 quidem,
760 2490 816 2539 et
843 2482 944 2539 alia
993 2483 1215 2554 insuper
1241 2481 1311 2539 de
1351 2481 1448 2538 illo
1495 2481 1655 2536 tradit
1696 2479 1926 2536 Cicero:

332 2592 352 2626 ι
388 2574 465 2629 Ex
491 2574 735 2641 eadem,»
765 2575 989 2648 inquit.t
1021 2575 1255 2632 Platonis
1285 2575 1468 2631 schola
1494 2574 1746 2630 Ponticus
1768 2572 1932 2628 Hera-

325 2666 501 2725 clides
545 2669 838 2739 puerilibus
890 2669 1084 2727 fabulis
1138 2669 1351 2726 refersit
1399 2669 1596 2736 libros;
1646 2676 1700 2723 et
1752 2676 1930 2722 tamen

326 2763 495 2820 modo
542 2764 799 2821 mundum
823 2807 837 2833 ,
895 2773 1006 2820 tum
1040 2774 1273 2820 mentem
1322 2764 1555 2820 divinam
1587 2778 1707 2820 esse
1737 2770 1928 2833 putat:

329 2858 640 2915 errantibus
667 2860 830 2915 etiam
870 2858 1039 2915 stellis
1063 2858 1245 2914 tribuit
1272 2858 1632 2924 divinitatem,
1662 2870 1932 2926 sensuque

326 2951 503 3007 Deum
553 2957 745 3021 privat,
788 2961 844 3008 et
869 2950 985 3022 ejus
1033 2951 1261 3007 formam
1292 2950 1603 3005 mutabilem
1643 2963 1764 3004 esse
1796 2948 1928 3014 vult,

327 3046 634 3117 eodemque
687 3046 826 3101 libro
878 3061 1068 3102 rursus
1118 3054 1315 3101 terram
1344 3055 1397 3100 et
1426 3042 1624 3100 malum
1670 3042 1835 3099 refert
1876 3042 1930 3098 in

330 3138 476 3194 Deos
516 3158 534 3192 ι
560 3136 694 3212 (Cic.
718 3138 813 3194 lib.
842 3138 943 3194 Ide
972 3136 1167 3193 Natur.
1194 3137 1377 3200 Deam,
1412 3152 1531 3208 pag.
1560 3136 1686 3198 200.
1714 3135 1809 3190 lin.
1838 3135 1927 3203 59,

2032 1908 2208 1963 adhuc
2247 1910 2480 1967 delibata
2512 1924 2638 1968 sunt
2674 1929 2741 1970 ex
2784 1915 2884 1971 hoc
2910 1916 3189 1974 Ciceronis
3220 1918 3377 1973 loco?
3409 1938 3427 1971 α
3453 1918 3639 1975 Zenon
3666 1906 3671 1915 ’

2034 2004 2329 2059 naturalem
2368 2004 2545 2076 legem
2599 2007 2832 2064 divinam
2876 2025 2996 2066 esse
3035 2022 3242 2079 censet,
3273 2029 3499 2084 eamque
3530 2014 3640 2069 vim

2033 2096 2279 2151 obtinere
2308 2108 2454 2154 recta
2488 2100 2866 2171 imperantem,
2916 2104 3397 2177 prohibentemque
3425 2117 3641 2164 contra-

2032 2191 2229 2247 ria.....
2254 2192 2374 2248 Alio
2401 2193 2519 2249 loco
2541 2195 2739 2251 :ethera
2766 2197 2930 2252 Deum
2956 2198 3087 2254 dicit
3107 2214 3347 2257 csse.....
3380 2201 3519 2258 Aliis
3542 2217 3642 2255 au-

2036 2290 2143 2339 tem
2187 2284 2336 2339 libris
2376 2288 2637 2344 rationem
2666 2290 2957 2361 quamdam
2992 2307 3086 2362 per
3110 2308 3324 2348 omnem
3356 2296 3635 2365 pertinen-

2036 2385 2141 2432 tem
2174 2388 2453 2445 uaturam,
2489 2390 2543 2435 ut
2580 2381 2813 2438 divinam
2845 2398 2965 2439 esse
3009 2384 3253 2441 affectam
3284 2397 3454 2457 putat.
3487 2387 3636 2445 hiem

2034 2470 2195 2525 astris
2224 2473 2322 2525 hoc
2367 2471 2507 2528 idetn
2538 2474 2742 2542 tribuit,
2771 2487 2881 2530 tum
2913 2477 3090 2541 annis,
3132 2480 3431 2543 mensibus,
3462 2495 3635 2536 annor

2035 2579 2264 2637 rumque
2290 2568 2695 2625 mutationibus.
2713 2570 2847 2625 Cutn
2878 2587 3004 2626 vero
3028 2572 3244 2629 Hesiodi
3267 2574 3637 2647 Theogoniam

2011 2659 2439 2725 interpretatur.
2466 2660 2601 2716 tollit
2623 2664 2846 2717 omnino
2876 2662 3100 2743 usitatas
3129 2678 3515 2739 perceptasque
3545 2683 3638 2724 co-

2035 2752 2302 2824 gnitiones
2330 2753 2578 2812 deorum.
2612 2755 2795 2829 Neque
2825 2758 2968 2813 enim
3005 2759 3217 2825 Jovem,
3267 2776 3444 2832 neque
3470 2761 3636 2819 Juno-

2038 2860 2183 2911 nem,
2208 2862 2381 2919 neque
2411 2847 2650 2917 Vestam,
2692 2866 2868 2923 neque
2923 2867 3247 2923 quemquam
3290 2854 3378 2925 qni
3417 2853 3488 2910 ita
3536 2870 3635 2926 ap-

2038 2941 2269 3012 pelletur
2313 2943 2364 2998 in
2402 2942 2626 2999 deorttm
2660 2945 2819 3002 habet
2866 2962 3112 3015 numero,
3137 2947 3231 3003 sed
3262 2949 3425 3004 rebus
3465 2952 3637 3006 inani-

2036 3038 2196 3093 matis
2243 3046 2403 3109 atque
2450 3038 2612 3094 mntis
2644 3082 2659 3106 ,
2711 3056 2807 3111 per
2853 3042 3143 3111 quamdam
3183 3043 3634 3113 signiﬁcationem

2037 3128 2152 3185 ha'c
2181 3132 2366 3187 tribuit
2387 3132 2600 3187 nomina
2627 3153 2646 3186 ι
2670 3132 2916 3207 (Cic.lib.
2945 3140 3038 3190 cit.
3070 3151 3190 3206 pag.
3216 3136 3345 3201 200,
3370 3137 3462 3192 litt.
3487 3138 3556 3194 47
3584 3148 3640 3194 et

326 3242 387 3289 et
412 3246 528 3304 seq.
627 3232 891 3289 Minucius
928 3232 1127 3303 itaque,
1160 3231 1319 3288 sicuti
1343 3230 1510 3296 vides,
1541 3229 1610 3285 de
1634 3228 1928 3286 Heraclidis
1954 3208 2001 3273 Ο
2034 3225 2235 3299 seqq.).
2279 3226 2525 3283 Laertius
2555 3243 2686 3283 vero
2715 3238 2964 3284 testatum
2986 3229 3143 3285 nobis
3166 3228 3290 3299 facit
3321 3247 3438 3286 eam
3467 3230 3636 3287 fuisse

328 3326 590 3397 opinione
629 3341 689 3381 ea
724 3336 928 3381 tantum
958 3326 1143 3390 refert,
1190 3339 1311 3396 qua:
1339 3322 1404 3379 ad
1434 3338 1549 3379 rem
1579 3335 1731 3378 suam
1765 3320 1929 3376 facie-

329 3424 485 3475 bant.
518 3420 664 3475 Illius
704 3421 865 3475 vitam
913 3419 1123 3491 scripsit
1167 3417 1432 3485 Laertius,
1482 3431 1687 3489 nosque
1732 3416 1800 3472 de
1841 3415 1931 3472 illo

331 3521 481 3567 tomo
530 3512 795 3581 superiori
850 3512 968 3568 loco
1014 3510 1173 3581 paulo
1216 3518 1342 3566 ante
1369 3511 1532 3565 citato
1574 3509 1932 3567 disseruimus

329 3606 552 3682 (Lacrt.
583 3606 682 3661 sub
708 3605 868 3662 linem
910 3605 1002 3662 lib.
1028 3621 1061 3661 v
1088 3616 1218 3662 tom.
1265 3620 1281 3660 I
1324 3603 1600 3677 Apparat.,
1627 3619 1747 3675 pag.
1777 3600 1925 3675 779).

405 3699 648 3769 Quatuor
682 3699 910 3755 subinde
935 3701 1072 3755 alios
1102 3698 1453 3771 philosophus
1475 3700 1634 3754 simul
1667 3698 1930 3753 Minucius

329 3794 406 3849 ita
434 3792 710 3864 coniungit
741 3816 754 3851 :
783 3812 803 3846 ι
845 3793 1244 3863 TheOphrastus
1275 3802 1330 3849 ct
1354 3792 1555 3853 thon.
1589 3802 1643 3848 ct
1668 3792 1930 3864 Chrysip-

331 3901 457 3958 pus,
501 3895 556 3942 et
581 3885 870 3943 Cleanthes
916 3896 1044 3944 sunt
1080 3897 1136 3943 et
1182 3887 1281 3958 ipsi
1321 3885 1707 3950 multiformes,
1740 3886 1834 3941 sed
1864 3886 1929 3941 ad

329 3983 594 4038 unitatem
655 3982 1007 4053 providentia.-
1060 3997 1249 4037 omues
1298 3981 1664 4038 revolvuntur.
1715 3999 1734 4032 ι
1793 3980 1928 4035 Tum

327 4077 589 4132 continuo
615 4076 774 4132 trium
808 4076 1161 4147 posteriorum
1192 4075 1474 4146 opiniones
1499 4072 1806 4144 singillatim
1846 4087 1932 4128 re-

326 4178 539 4234 censet,
574 4168 667 4225 sed
700 4168 826 4224 mhil
868 4170 934 4225 de
968 4171 1140 4239 primo
1170 4168 1397 4238 amplius
1422 4167 1577 4222 dixit.
1611 4165 1799 4223 Utrum
1830 4180 1928 4219 au-

330 4273 444 4317 tcm
498 4261 550 4316 id
597 4261 665 4316 ab
693 4262 925 4333 ipsumet
962 4261 1214 4325 Minucio,
1256 4261 1340 4316 vel
1392 4259 1597 4315 librarii
1641 4258 1927 4313 oscitantia

328 4358 593 4412 omissum
626 4355 826 4424 fuerit,
872 4354 993 4427 quis
1019 4359 1264 4411 abserere
1295 4352 1530 4409 audeat?
1568 4350 1929 4425 Theophrasti

331 4465 499 4521 porro
528 4451 835 4520 opinionem
882 4452 926 4505 si
954 4451 1094 4527 scire
1125 4464 1307 4514 avens,
1336 4464 1454 4504 eam
1486 4449 1580 4504 tibi
1608 4448 1931 4520 patefacient

331 4545 452 4599 haec
481 4543 759 4599 Ciceronis
810 4541 972 4599 verba
1011 4561 1024 4599 :
1059 4562 1078 4596 ‹
1116 4541 1226 4598 Nec
1274 4556 1402 4598 vero
1437 4538 1795 4611 Theophrasti
1849 4541 1933 4595 in-

330 4638 634 4692 constantia
685 4635 899 4693 ferenda
932 4651 1044 4703 eSt;
1092 4635 1252 4691 modo
1277 4636 1422 4691 enim
1473 4634 1639 4690 menti
1689 4615 2009 4690 divinumD

332 4716 521 4786 tribuit
568 4731 943 4802 principatum,
974 4729 1137 4786 modo
1180 4729 1341 4795 ccelo,
1380 4739 1492 4783 tum
1538 4740 1716 4783 autem
1743 4728 1930 4798 signis,

292 4836 295 4837 '
331 4824 711 4896 sideribusque
739 4825 1047 4883 ctelestibus
1089 4844 1109 4879 ι
1145 4822 1302 4898 (Cic.
1334 4822 1487 4889 ibid.,
1522 4838 1642 4895 pag.
1674 4823 1802 4886 200,
1834 4823 1931 4879 lin.

328 4917 452 4990 42).
493 4917 643 4983 \‘ide,
686 4919 730 4974 si
768 4919 936 4986 lubet,
961 4935 1079 4991 qua!
1100 4918 1166 4975 de
1188 4920 1279 4975 illo
1303 4916 1428 4973 alibi
1454 4916 1933 4973 animadvertimus

333 5008 514 5081 (Tum.
547 5027 562 5066 t
588 5010 859 5082 Apparat.,
891 5026 1011 5084 pag.
1040 5009 1189 5082 78l).
1938 5005 1943 5010 ’

404 5104 503 5159 llis
532 5103 849 5171 observatis,
880 5103 984 5175 iam
1027 5104 1154 5176 quid
1203 5104 1271 5161 de
1314 5104 1485 5161 tribus
1511 5104 1628 5160 aliis
1669 5104 1931 5161 Minucius

331 5206 553 5264 statuat,
581 5200 970 5256 examinemus.
1002 5203 1045 5255 A
1072 5196 1332 5255 Cleanthe
1375 5207 1556 5254 autem
1593 5199 1670 5254 sic
1698 5198 1884 5270 incipit
1911 5217 1926 5255 :

339 5308 361 5341 ι
397 5289 685 5348 Cleanthes
731 5302 989 5361 mentem,
1036 5292 1195 5349 modo
1231 5293 1487 5362 animum,
1518 5293 1679 5349 modo
1704 5293 1927 5360 aethera,

334 5383 653 5457 plerumque
698 5388 983 5453 rationem,
1018 5387 1183 5443 Deum
1212 5389 1425 5445 asserit.
1466 5407 1484 5442 ι
1533 5387 1610 5445 Ita
1641 5389 1734 5445 ille
1757 5390 1826 5445 ab
1851 5388 1932 5443 ul-

336 5485 470 5540 timo
501 5500 729 5542 exorsus
754 5496 860 5552 est,
888 5486 1131 5557 quamvis
1175 5501 1321 5549 eum,
1353 5485 1510 5540 sicuti
1536 5485 1748 5550 Cicero,
1778 5485 1932 5557 eujus

336 5579 577 5649 vestigiis
603 5595 756 5635 more
778 5594 877 5635 suo
914 5580 1127 5643 insistit,
1164 5578 1396 5634 Zenonis
1420 5577 1743 5645 discipulum
1770 5576 1935 5634 fuisse

336 5672 589 5730 fateatur.
637 5674 711 5729 De
740 5674 881 5730 illius
915 5684 1092 5729 autem
1119 5672 1387 5730 sententia
1421 5673 1536 5726 lure
1567 5672 1783 5741 scriptis
1822 5672 1938 5743 ipse

334 5768 530 5825 Cicero
558 5768 867 5825 mandavit:
905 5785 926 5821 ‹
954 5766 1237 5825 Cleanthes
1279 5766 1370 5838 qui
1406 5764 1681 5821 Zenonem
1713 5763 1939 5832 audivit,

339 5868 453 5917 tum
480 5861 653 5934 ipsum
681 5861 941 5918 mundum
974 5861 1142 5917 Deum
1175 5858 1304 5917 dicit
1344 5873 1486 5926 esse,
1511 5869 1621 5915 tttttt
1654 5859 1817 5917 totius
1843 5873 1941 5917 na-

2035 3316 2269 3374 Zs:nonis
2299 3321 2606 3390 opinionem
2638 3339 2650 3375 :
2681 3310 2785 3377 ἐνα
2812 3346 2867 3378 τε
2897 3323 3021 3378 εἶναι
3071 3331 3227 3393 Θεόνι
3256 3335 3339 3378 ut
3388 3334 3513 3390 νοῦν,
3552 3335 3634 3380 καὶ

2035 3418 2339 3487 εἱμαρμένην.
2370 3419 2452 3469 καὶ
2482 3426 2593 3482 Δία,
2624 3422 2825 3480 πολλαῖς
2865 3440 2916 3473 τι
2942 3405 3128 3490 Eripere
3157 3424 3431 3486 ὂνθμασίαις
3463 3441 3637 3490 «pavo»

2036 3514 2345 3578 νομίζεσθαι.
2383 3529 2402 3562 ί
2430 3509 2602 3567 Unum
2632 3525 2754 3566 esse
2782 3511 2969 3576 Deum,
2994 3522 3048 3566 et
3078 3524 3332 3581 mentem,
3367 3522 3421 3569 et
3441 3512 3630 3580 fatum,

2035 3616 2087 3659 et
2105 3603 2316 3670 Jovem,
2338 3603 2625 3673 multisque
2644 3604 2764 3658 aliis
2780 3604 3036 3674 appellari
3070 3605 3377 3685 nominibus
3396 3604 3632 3679 3(Laerl.

2035 3697 2129 3754 lib.
2162 3715 2235 3754 vtt
2267 3700 2319 3754 in
2360 3698 2474 3753 Vita
2513 3698 2734 3768 lenam,
2776 3699 2804 3772 §
2852 3699 2956 3755 155
2999 3708 3054 3755 et
3104 3701 3200 3755 M7
3230 3702 3276 3772 ).
3334 3700 3465 3769 Quae
3514 3702 3633 3772 qui.

2035 3790 2157 3847 dent
2183 3793 2400 3848 nomina
2426 3793 2515 3850 ille
2547 3803 2730 3865 postea
2761 3794 3051 3850 recensuit.
3072 3792 3208 3850 llinc
3235 3795 3630 3850 Tertullianus:

2041 3900 2061 3934 ι
2094 3884 2245 3954 Apud
2277 3895 2483 3940 vestros
2503 3901 2719 3958 quoque
2739 3887 3010 3957 sapientes
3034 3892 3184 3955 λόγον,
3217 3888 3266 3942 id
3290 3896 3392 3952 est,
3426 3903 3635 3943 sermo-

2037 3990 2158 4030 nem
2189 3984 2350 4046 atque
2380 3977 2665 4047 rationem,
2696 3989 2909 4036 constat
2937 3982 3196 4036 artiﬁcem
3221 3979 3388 4036 videri
3422 3982 3633 4037 univer—

2034 4068 2228 4124 sitatis.
2259 4068 2412 4125 Hunc
2435 4072 2577 4126 enim
2611 4071 2758 4128 Zeno
2786 4057 3109 4128 determinat
3129 4071 3507 4143 factitatorem,
3538 4076 3633 4146 qui

2035 4174 2227 4218 cuneta
2257 4164 2309 4218 in
2357 4166 2709 4234 dispositione
2741 4168 3072 4235 formaverit,
3105 4168 3352 4225 eumdem
3384 4182 3436 4225 et
3469 4173 3630 4225 t’atum

2034 4257 2239 4321 Vocat-i,
2272 4269 2324 4312 et
2362 4258 2565 4324 Deum,
2610 4270 2667 4316 et
2691 4261 2928 4316 animum
2974 4262 3143 4329 Jovis,
3177 4272 3232 4318 et
3258 4264 3632 4320 necessitatem

2034 4352 2274 4405 omnium
2304 4368 2484 4409 verum
2511 4372 2530 4406 ι
2571 4353 2821 4425 (Tertull.
2850 4354 3099 4426 Apolag.,
3128 4370 3247 4426 cap.
3275 4355 3392 4428 21).
3423 4356 3636 4412 Tertul-

2036 4444 2236 4501 lianum
2267 4448 2507 4518 sequitur
2528 4445 2839 4502 Lactantius
2864 4447 3130 4519 (Lactant.
3166 4449 3257 4503 lib.
3288 4464 3342 4503 tv
3367 4447 3630 4514 lnstitut.,

2035 4555 2156 4610 cap.
2202 4542 2269 4604 7,
2318 4556 2434 4612 pag.
2486 4538 2636 4613 375).
2684 4541 2789 4597 Sed
2838 4542 3084 4614 quaadatn
3128 4558 3192 4597 ex
3249 4543 3311 4597 iis
3350 4542 3456 4612 iam
3500 4542 3628 4596 atti-

2036 4634 2212 4706 gimus
2241 4635 2292 4690 in
2320 4637 2601 4707 superiore
2631 4635 2935 4706 Apparatus
2962 4636 3129 4690 nostri
3183 4645 3330 4691 tomo
3381 4635 3581 4706 (Tom.
3623 4650 3643 4689 ι

2036 4731 2321 4803 Apparat.,
2357 4749 2475 4805 pag.
2504 4732 2657 4805 780).
2688 4718 2802 4802 Qua
2847 4741 3024 4788 autem
3068 4734 3272 4788 ratione
3301 4732 3458 4788 iidem
3487 4732 3635 4788 Zeno

2036 4836 2091 4883 et
2122 4826 2285 4883 Stoici
2309 4826 2440 4883 deos
2469 4827 2609 4898 vulgi
2641 4827 2907 4882 elementa
2936 4840 3057 4882 esse
3088 4826 3421 4895 putaverint,
3457 4825 3510 4880 in
3537 4839 3630 4881 se-

2036 4921 2220 4992 quenti
2256 4918 2634 4976 dissertatione
2661 4920 3008 4976 ostendemus
3039 4919 3284 4989 (Dissert.
3327 4919 3380 4975 in
3428 4919 3632 4977 Arnob.

2034 5030 2083 5071 c.
2116 5016 2204 5081 17,
2232 5024 2337 5071 art.
2368 5012 2447 5088 5).

2108 5110 2321 5165 Tertius
2345 5124 2375 5164 a
2400 5107 2632 5165 Minucio
2660 5108 2959 5179 appellatur
2981 5106 3316 5179 Chrysippus
3357 5105 3448 5178 qui
3488 5125 3507 5159 ι
3537 5120 3636 5162 ea-

2035 5203 2157 5260 dem
2191 5202 2358 5270 fere,»
2387 5202 2574 5272 inqttit,
2590 5201 2726 5257 «vim
2746 5202 3009 5266 divinam,
3030 5200 3345 5261 rationalem
3364 5210 3634 5266 naturam,

2036 5305 2091 5352 et
2140 5294 2353 5351 fatalem
2384 5296 2759 5352 necessitatem
2804 5295 2970 5350 Deum
3008 5294 3181 5367 credit
3211 5312 3225 5348 :
3256 5293 3638 5365 Zenonemque

2038 5390 2484 5460 interpretatione
2513 5387 2861 5461 physiologia:
2908 5387 2960 5442 in
2994 5386 3229 5463 Hesiodi.
3259 5386 3497 5455 Homeri,
3531 5386 3638 5442 0r-

2039 5482 2275 5552 pheique
2299 5481 2628 5536 carminibus
2664 5481 2920 5535 imitatur.
2959 5498 2978 5532 ›
3013 5480 3332 5556 Atqueltmc
3363 5480 3520 5549 longe
3549 5476 3638 5534 fu-

2041 5578 2153 5632 sius
2197 5577 2389 5631 Cicero
2429 5572 2954 5647 prosequittttﬁ(Cic.,
2987 5573 3083 5629 lib.
3118 5575 3209 5629 cit.
3236 5588 3355 5645 pag.
3377 5573 3508 5639 201,
3537 5573 3635 5629 lin.

2041 5669 2111 5725 27
2136 5667 2177 5743 ).
2213 5669 2289 5723 Ex
2320 5668 2493 5737 primo
2520 5667 2718 5722 etenim
2751 5658 2992 5736 ejusdem
3025 5667 3310 5738 Chrysippi
3350 5667 3416 5721 de
3450 5675 3640 5720 natura

2043 5762 2268 5819 deorum
2300 5762 2455 5827 libro,
2486 5759 2601 5814 Inec
2629 5761 2819 5816 litteris
2835 5762 3147 5832 consignata
3185 5769 3446 5816 memorat
3476 5778 3530 5813 ιο
3552 5758 3645 5814 Ait

2045 5859 2153 5916 vim
2184 5858 2418 5916 divinam
2444 5857 2495 5914 in
2520 5857 2726 5916 ratione
2753 5872 2873 5913 cssc
2901 5857 3146 5930 positam,
3173 5866 3223 5915 ct
3254 5856 3514 5914 universa:
3548 5868 3648 5909 tta-
