3972 6310
449 345 559 427 4'35

1706 365 1791 421 DE
1829 361 2085 421 MINUCII
2123 363 2439 424 OCTAVIO.

3658 377 3755 434 436

450 496 587 541 tura:
608 486 808 553 animo,
839 494 998 555 atque
1024 493 1231 548 metite;
1263 482 1544 554 ipsumque
1569 482 1847 547 mundum,
1879 482 2043 537 Deum
2074 483 2127 542 Α
2151 481 2292 548 802ς
2344 483 2611 549 Lactant..
2642 486 2736 542 lib.
2765 486 2829 543 de
2870 485 2959 542 Ira
3005 487 3133 555 Dei,
3177 505 3294 563 cap.
3344 491 3433 551 ll.
3471 507 3591 563 pag.
3621 493 3752 557 793;

451 578 587 633 dicit
630 593 772 644 esse,
814 590 867 632 et
892 578 1008 648 ejus
1038 577 1199 631 animi
1241 576 1508 631 fusionem
1550 576 1855 630 universam
1891 592 1904 629 :
1937 585 2047 629 tum

450 671 574 742 ejus
603 671 767 741 ipsius
799 671 1176 741 principatum,
1206 670 1294 738 qui
1325 671 1376 723 in
1418 677 1596 724 mente
1622 677 1675 724 et
1698 669 1904 723 ratione
1931 682 2052 724 ver-

452 776 625 827 setur,
656 780 1103 834 communemque
1131 779 1307 818 rerum
1340 775 1581 818 naturam
1610 804 1623 827 ,
1684 764 1934 819 universa
1964 771 2049 818 at-

453 874 563 930 que
607 859 782 913 omnia
831 858 1231 921 continentem;
1289 867 1397 910 tum
1443 855 1660 911 fatalem
1700 856 1965 917 umbram,
1998 864 2052 911 et

456 954 830 1006 necessitatem
863 966 1038 1005 rerum
1069 950 1422 1005 futurarum.»
1455 950 1659 1019 Quibus
1685 948 1898 1021 quidem
1923 950 2048 1016 alia,

454 1062 574 1115 quae
623 1044 815 1100 ibidem
865 1044 1041 1113 legere
1092 1046 1325 1114 poteris,
1355 1060 1475 1099 cum
1504 1044 1813 1114 adjecissm,
1845 1046 1958 1099 haec
1985 1060 2049 1101 ex

454 1139 692 1195 secundo
716 1139 857 1193 illius
882 1138 946 1193 de
975 1137 1180 1192 Natura
1211 1137 1632 1193 itidemDeorum
1663 1138 1798 1193 libro
1830 1138 2046 1194 retulit:

459 1250 478 1283 ι
536 1230 589 1285 In
622 1231 860 1285 secundo
912 1241 1090 1286 autem
1133 1232 1243 1285 vult
1272 1230 1504 1300 Orphei,
1540 1230 1757 1297 Musrei,
1808 1229 2046 1296 Hesiodi,

451 1324 785 1395 Homerique
856 1323 1079 1380 fabellas
1157 1323 1568 1379 accommodare
1641 1323 1710 1379 ad
1773 1340 1874 1390 ea,
1929 1341 2047 1396 qua:

450 1418 567 1487 ipse
614 1418 784 1485 primo
822 1416 960 1473 libro
1006 1416 1073 1471 de
1111 1414 1216 1471 diis
1260 1415 1652 1472 immortalibus
1693 1416 1940 1480 dixerat,
1994 1428 2051 1474 ut

449 1509 613 1564 etiam
641 1511 913 1564 veterrimi
948 1520 1138 1580 poetae,
1163 1510 1251 1578 qui
1283 1509 1409 1577 haec
1440 1525 1507 1564 ne
1533 1510 1787 1579 suspicati
1830 1511 2045 1580 quidem

447 1599 581 1666 sint,
611 1598 776 1656 Stoici
810 1600 975 1656 fuisse
1004 1603 1305 1656 videantur.
1338 1621 1358 1655 ι
1397 1601 1471 1657 De
1498 1601 1581 1657 his
1608 1612 1788 1659 autem
1819 1601 2049 1675 aliisque

450 1692 651 1748 Stoicis
692 1693 888 1748 videsis
914 1693 1207 1759 Laertium,
1237 1694 1329 1767 qui
1354 1712 1539 1752 eorum
1570 1699 1705 1752 vitas
1736 1697 2047 1769 publicavit,

448 1784 822 1853 Plutarchum,
844 1784 1102 1858 Lipsium.
1129 1803 1191 1842 ac
1214 1804 1332 1859 qua}
1361 1804 1390 1843 a
1414 1790 1567 1844 nobis
1598 1800 1743 1843 tomo
1773 1792 2051 1857 superiore

2155 576 2451 648 Theodon,
2472 591 2600 635 tum.
2624 582 2678 647 4,
2702 597 2853 636 serm.
2883 583 2946 636 de
2975 581 3125 653 Fide,
3155 572 3274 655 pag.
3301 584 3455 660 477).

2227 670 2398 726 Pauca
2430 670 2641 728 Minucii
2673 673 2739 728 de
2776 666 3044 729 Aristoais
3071 675 3327 746 Opinione
3365 674 3555 745 verba,
3589 678 3753 749 pluri-

2154 762 2255 819 bus
2284 763 2366 819 his
2389 765 2599 828 Cicero,
2627 782 2689 822 ac
2710 767 3026 823 clarioribus
3051 774 3302 842 exposuit
3337 791 3350 827 :
3390 794 3409 824 ε
3445 773 3629 847 Neque
3656 774 3756 830 for-

2156 872 2296 911 mam
2330 855 2419 912 Dei
2449 858 2668 931 intelligi
2696 876 2852 930 posse
2878 872 3083 927 censiet,
3116 880 3290 935 neque
3319 866 3370 920 in
3405 866 3508 920 diis
3540 882 3753 921 sensum

2155 964 2276 1005 esse
2305 949 2456 1018 dicit,
2499 951 2814 1025 dubitatque
2843 957 3065 1010 omnino
3112 958 3250 1013 Deus
3294 960 3545 1015 animans
3593 977 3755 1016 neCue

2155 1042 2268 1107 sit(
2298 1042 2451 1097 Tom.
2483 1061 2501 1099 ι
2529 1051 2810 1114 Apparat.,
2856 1064 2976 1119 pag.
3010 1042 3114 1104 782
3140 1066 3154 1116 ;
3181 1050 3320 1119 Cic.,
3358 1053 3452 1107 lib.
3485 1069 3501 1106 ι
3531 1053 3597 1106 de
3629 1051 3751 1107 Nat.

2154 1135 2334 1202 θεον..
2369 1155 2488 1209 pag.
2533 1140 2660 1201 201,
2710 1140 2802 1196 lin.
2845 1140 2922 1213 8).
2963 1164 2982 1195 ι
3030 1144 3436 1200 Observandum
3480 1146 3658 1202 obiter
3704 1149 3751 1200 in

2154 1230 2303 1301 regio
2330 1229 2449 1285 cod.
2485 1247 2584 1287 nis.
2617 1222 2827 1288 Minucii
2855 1251 2957 1289 non
2991 1235 3091 1304 legi
3118 1238 3254 1291 sient
3281 1238 3330 1291 in
3360 1238 3521 1293 editis
3540 1240 3749 1294 (Aristo

2152 1314 2339 1380 Citius,
2376 1335 2396 1368 ι
2433 1314 2540 1373 Sed
2577 1336 2595 1369 ι
2636 1320 2817 1373 Aristo
2845 1320 3078 1376 Stoicus.
3118 1341 3137 1373 ι
3172 1324 3512 1395 Quapropter
3545 1326 3752 1394 rogabis

2154 1406 2401 1473 fortasse,
2446 1426 2513 1464 an
2553 1408 2622 1464 ibi
2656 1431 2675 1463 ι
2722 1412 2936 1468 Stoicus
2972 1432 2992 1466 ι
3032 1416 3204 1483 potius
3227 1458 3241 1480 ,
3290 1433 3451 1487 quam
3485 1437 3505 1470 ι
3538 1417 3704 1473 (Zhius
3731 1440 3747 1471 ι

2155 1499 2437 1571 legendum
2465 1502 2489 1555 ?
2518 1502 2623 1558 Sed
2646 1503 2885 1574 quolibet
2908 1504 3067 1561 modo
3095 1506 3263 1579 legas,
3293 1524 3481 1578 parum
3513 1511 3748 1565 interest.

2154 1593 2335 1648 Aristo
2358 1590 2622 1663 siquidem
2648 1607 2701 1649 et
2733 1598 2901 1666 patria
2924 1594 3111 1664 Chiis,
3147 1607 3197 1653 et
3232 1600 3590 1671 philosiipbia:
3613 1610 3750 1658 secta

2153 1686 2363 1743 Stoicus
2390 1686 2506 1742 fuit.
2539 1688 2592 1743 Id
2619 1697 2796 1745 atttetn
2825 1693 2959 1747 satis
2989 1692 3135 1761 patet
3177 1709 3243 1749 cx
3290 1694 3357 1750 iis
3394 1710 3514 1765 qua:
3547 1695 3613 1751 de
3666 1696 3750 1752 illo

2153 1777 2278 1833 alibi
2332 1777 2808 1838 animadvertimus
2857 1778 3056 1858 (Tom.
3095 1801 3109 1840 t
3143 1782 3421 1858 Apparet"
3455 1789 3490 1844 ὅ
3539 1788 3747 1845 dissert.

445 1877 731 1932 observata
761 1888 903 1934 sunt.
938 1882 953 1945 (
989 1879 1193 1946 Laert.,
1230 1880 1323 1935 lib.
1357 1897 1431 1936 vn
1463 1880 1526 1936 de
1589 1879 1713 1937 Vitis
1738 1894 1784 1937 et
1816 1882 2042 1955 dogmat.

2154 1872 2208 1940 2,
2239 1888 2358 1942 cap.
2386 1874 2474 1941 18,
2504 1884 2609 1930 art.
2633 1872 2687 1933 ‘2.
2713 1878 2829 1947 pag.
2853 1872 3013 1945 “$5,
3048 1889 3103 1936 et
3132 1898 3245 1943 seq.
3275 1878 3297 1952 )

448 1967 581 2022 clar.
634 1970 952 2041 pliilosopli.,
979 1970 1273 2039 Plutarch.,
1305 1972 1395 2028 lib.
1442 1990 1457 2029 ι
1488 1975 1551 2028 de
1585 1973 1772 2031 Placrt.
1814 1976 2051 2033 Philoso-

449 2062 568 2134 pli.,
599 2064 759 2133 eap.7
786 2074 839 2119 et
860 2065 922 2130 8;
953 2082 1016 2121 ac
1046 2065 1137 2121 lib.
1159 2065 1222 2121 de
1245 2067 1468 2123 Stoicor.
1497 2080 1830 2141 repugnant.;
1858 2062 2047 2140 Lipsi.,

448 2155 547 2211 lib.
581 2172 597 2211 l
632 2155 934 2230 Pliysiolog.
967 2158 1154 2226 Stoic.,
1192 2158 1447 2217 dissertet.
1478 2164 1534 2231 5,
1561 2173 1616 2218 et
1644 2179 1822 2236 seqq.;
1871 2176 2000 2222 tom.
2034 2184 2050 2221 ι

447 2245 724 2318 Apparat.,
755 2266 877 2320 pag.
909 2250 1063 2324 780.)

523 2339 872 2412 Prosequitur
903 2341 1163 2399 Minucius
1210 2356 1412 2413 noster,
1453 2358 1508 2401 et
1536 2348 1610 2402 ait
1648 2366 1661 2402 :
1696 2368 1715 2399 ‹
1756 2349 2051 2421 Babylonio

446 2433 609 2489 etiam
644 2432 881 2505 Diogeni,
916 2435 1195 2508 disciplina
1219 2449 1301 2494 est
1332 2438 1635 2510 exponendi
1668 2451 1722 2497 et
1750 2441 2051 2501 dis~erendi

445 2524 598 2582 Jovis
632 2538 859 2596 partum,
889 2539 944 2584 et
991 2541 1168 2585 ortum
1202 2528 1456 2588 Minerva:
1477 2576 1490 2601 ,
1535 2546 1588 2588 et
1620 2534 1721 2591 hoc
1752 2552 1920 2606 genus
1946 2552 2052 2593 ca:-

446 2628 583 2682 tera,
614 2636 791 2674 rerum
824 2621 1081 2677 vocabula
1098 2639 1253 2684 esse.
1289 2642 1394 2679 non
1420 2626 1670 2682 deorum.
1703 2648 1721 2680 ι
1758 2628 2051 2687 Prwiveriit

447 2710 641 2767 Cicero
679 2712 760 2767 bis
795 2713 974 2768 verbis
1007 2732 1019 2766 :
1060 2733 1079 2766 ‹
1119 2716 1382 2786 DiOgenes
1434 2716 1795 2792 Babylonius,
1839 2742 1857 2775 ι
1889 2739 2049 2794 quem

446 2798 575 2859 alibi
620 2821 868 2872 magnum
900 2814 955 2860 et
983 2823 1203 2876 gravem
1243 2810 1484 2865 Stoicum
1532 2822 1718 2878 vocat,
1756 2833 1774 2866 ε
1805 2814 1858 2870 in
1888 2832 1955 2871 eo
1980 2816 2047 2871 li-

447 2898 567 2959 bro,
599 2901 686 2969 qui
711 2898 1023 2955 inscribitur
1046 2900 1115 2957 de
1142 2901 1398 2966 Minerva,
1432 2916 1640 2974 partum
1668 2906 1816 2964 Jovis
1846 2919 2050 2966 ortum-

448 3007 555 3059 que
587 2992 804 3061 virginis
834 2991 898 3045 ad
931 2992 1322 3064 philoSOphiam
1365 2997 1651 3054 traducens
1673 3041 1687 3064 ,
1741 3000 1993 3075 disjungit
2018 3019 2049 3057 a

450 3083 630 3138 fabula
668 3084 686 3153 (
717 3083 855 3151 Cic.,
890 3085 986 3140 ltb.
1030 3104 1041 3138 ι
1076 3087 1137 3140 de
1176 3085 1365 3141 Nutur.
1412 3087 1593 3157 Deor.,
1623 3108 1746 3164 pag.
1789 3093 1916 3157 2‘20,
1949 3094 2045 3152 lin.

446 3179 538 3241 4i,
564 3184 620 3232 et
648 3177 738 3231 lib.
772 3179 826 3243 5,
862 3181 926 3234 de
956 3176 1125 3250 0/ﬁc.,
1158 3197 1275 3251 pag.
1306 3181 1437 3253 594)
1475 3203 1492 3236 ι
1531 3186 1676 3241 Alius
1720 3184 1836 3257 ejus
1881 3189 2050 3245 libros

2231 1967 2433 2024 Horum
2461 1960 2691 2043 denique
2713 1970 3155 2046 philosivphorum
3183 1991 3373 2047 agmen
3399 1962 3594 2033 incrito
3611 1976 3745 2033 clau-

2156 2062 2233 2119 dit
2269 2064 2438 2131 Plato,
2487 2075 2807 2123 caeterorum
2837 2071 3076 2125 omnium
3120 2069 3273 2126 facile
3306 2073 3581 2145 princeps.
3614 2070 3747 2127 illius

2155 2166 2334 2212 autem
2362 2158 2427 2214 de
2449 2158 2559 2215 Deo
2586 2162 2909 2217 sententiam
2932 2167 3010 2219 sic
3037 2164 3302 2221 Minucms
3330 2180 3580 2222 enarrat:
3605 2188 3624 2219 ‹
3646 2167 3747 2223 Pla-

2157 2249 2267 2305 toni
2298 2252 2350 2307 in
2394 2248 2583 2307 Tintwo
2609 2254 2747 2309 Dens
2776 2264 2879 2320 est,
2914 2255 3029 2325 ipso
3055 2272 3154 2312 suo
3194 2260 3414 2315 nomine
3444 2262 3627 2315 mundi
3660 2272 3743 2331 pa-

2158 2358 2301 2409 rens,
2326 2345 2522 2400 artifex
2551 2347 2770 2415 animze,
2790 2351 3092 2405 caelestium
3120 2354 3568 2424 terrestriumque
3595 2352 3746 2408 fabri-

2154 2446 2324 2504 cator,
2354 2455 2514 2509 quem
2542 2447 2597 2496 et
2633 2441 2875 2498 invenire
2900 2443 3122 2501 difficile
3150 2436 3259 2517 prae
3292 2449 3456 2503 nimia
3486 2454 3543 2504 et
3579 2451 3741 2503 incre-

2154 2531 2301 2586 dibili
2330 2542 2611 2602 potestate,
2637 2538 2691 2591 ei
2711 2552 2832 2592 cum
2863 2526 3155 2607 inveneris,
3188 2543 3239 2595 in
3276 2540 3546 2610 publicum
3574 2546 3746 2598 dicere

2154 2626 2488 2696 impossibile
2518 2631 2790 2699 pr.efatur.
2835 2654 2854 2686 ι
2891 2634 3151 2701 Quorirea
3184 2636 3356 2707 palam
3403 2637 3494 2693 ille
3519 2639 3745 2694 declarat

2154 2720 2293 2776 hanc
2320 2709 2559 2778 Platonis
2579 2734 2901 2782 sententiam
2932 2726 3057 2784 aliis
3076 2731 3329 2786 omnibus
3359 2748 3482 2787 esse
3515 2735 3741 2802 apertio-

2155 2824 2288 2877 rem.
2317 2822 2591 2885 totamque
2618 2819 2729 2875 fere
2758 2819 3059 2885 caelestem,
3099 2841 3117 2875 ι
3148 2825 3247 2878 nisi
3272 2825 3361 2879 ille
3393 2824 3744 2895 persuasionis

2152 2902 2326 2962 civilis
2375 2926 2774 2982 nonnumquam
2817 2913 3149 2972 admixtione
3185 2919 3545 2987 sordesceret,
3583 2940 3603 2973 ι
3651 2918 3743 2976 hoc

2154 3009 2254 3068 est,
2286 3003 2388 3057 nisi
2429 3003 2664 3059 Socratis
2702 3009 3046 3078 pneeeptoris
3076 3010 3157 3065 sui
3191 3010 3419 3066 cicutam
3456 3028 3741 3084 necemque

2155 3095 2377 3161 vetitds,
2413 3095 2557 3152 falsis
2610 3099 2866 3170 vanisque
2919 3103 3150 3170 imperiti
3204 3104 3341 3176 vulgi
3404 3108 3741 3177 opinionibus

2154 3187 2343 3251 ignave
2372 3184 2744 3262 serviliterque
2769 3195 3035 3250 interdum
3060 3188 3264 3252 adulari
3288 3214 3509 3254 coactus
3541 3200 3739 3255 fuisset.

448 3272 516 3324 de
588 3269 949 3337 Divinatione,
1003 3271 1313 3340 Nobilitate,
1360 3287 1405 3330 et
1448 3275 1665 3347 Legibus
1730 3280 1797 3335 ab
1855 3281 2042 3337 eodem

2153 3276 2307 3334 Unde
2352 3272 2591 3337 Justinus
2636 3282 2837 3357 Martyr
2892 3304 2906 3341 :
2955 3277 3183 3344 ἐνταῦθα
3228 3295 3252 3344 ὁ
3297 3298 3497 3347 Πλάτων
3533 3302 3638 3353 τοὺς
3660 3304 3743 3348 τὶν

449 3362 739 3428 Cicerone,
788 3365 1079 3431 Atbonzeo,
1122 3360 1176 3420 et
1224 3364 1512 3424 Plutarcho
1557 3372 1747 3425 citatos
1788 3370 2046 3442 reperies.

452 3458 669 3514 Laertio
714 3464 893 3514 autem
943 3460 985 3514 si
1018 3454 1228 3528 credas,
1265 3482 1282 3513 ι
1322 3460 1555 3531 Stoicus,
1598 3486 1617 3518 ι
1656 3462 1755 3521 fuit
1798 3487 1815 3519 ο
1851 3483 1917 3522 ex
1946 3460 2049 3524 Se-

453 3552 649 3620 leucia,
679 3554 1083 3623 appellatusque
1129 3564 1212 3609 cst
1250 3542 1578 3628 Babylonius
1622 3558 1690 3613 ob
1729 3561 1937 3616 urbinnt
1968 3558 2049 3618 vi-

450 3646 725 3701 cinitatem
762 3665 773 3701 :
815 3666 834 3698 ι
870 3646 924 3703 Si
954 3634 1128 3702 Gellio
1161 3647 1318 3701 [idem
1353 3650 1571 3712 habeas,
1604 3650 1692 3707 ille
1723 3650 1889 3708 Plauti
1918 3672 2048 3725 poe-

453 3752 543 3805 tae,
577 3734 979 3808 Carneadisque
1011 3730 1321 3797 Araileniici
1368 3743 1499 3799 vixit
1546 3754 1787 3815 tempore
1822 3767 1835 3802 :
1865 3744 1908 3802 si
1940 3748 2046 3804 Lu-

448 3834 624 3893 riano,
673 3849 841 3902 usque
888 3833 953 3887 ad
996 3832 1291 3889 secundum
1340 3850 1502 3907 supra
1547 3841 1833 3910 nonaginta
1877 3857 2047 3899 annos

447 3927 613 3982 vitam
645 3942 795 3982 suam
839 3926 1085 3998 proddxit
1119 3926 1302 4003 (Cic.,
1333 3926 1428 3987 lib.
1464 3946 1479 3986 ι
1525 3928 1599 4017 ὀρθ
1630 3932 1883 4017 Divinat.,
1923 3954 2043 4009 pag.

444 4022 588 4087 255;
622 4024 844 4093 Atheu.,
872 4026 967 4082 lib.
1000 4042 1056 4082 tv
1086 4026 1458 4100 Deipnosoplt.,
1484 4050 1540 4103 p.
1580 4010 1707 4097 λῦε,
1739 4045 1795 4090 et
1820 4010 1914 4091 lib.
1944 4054 2042 4103 xu,

446 4129 571 4183 pag.
596 4114 702 4170 526
729 4133 743 4182 ;
777 4116 1073 4185 Plutarch.,
1104 4118 1192 4174 lib.
1212 4120 1275 4175 de
1311 4119 1478 4188 Emi,
1506 4140 1623 4194 pag.
1665 4125 1772 4183 605
1795 4145 1809 4185 ε
1836 4126 2043 4197 Laert.,

446 4202 545 4257 lib.
576 4220 651 4268 vr.
684 4204 782 4261 sub
813 4208 969 4263 linem
1003 4210 1135 4264 Vitze
1165 4212 1340 4283 Diog.,
1376 4213 1404 4286 §
1431 4214 1522 4281 8|;
1550 4215 1774 4285 Gellius,
1808 4219 1902 4274 lib.
1937 4238 2044 4278 xvu

449 4294 605 4351 Noct.
657 4300 798 4366 atti.,
829 4314 945 4367 cap.
970 4296 1072 4368 ei;
1103 4302 1347 4372 Lucian.,
1372 4307 1436 4361 de
1462 4298 1716 4372 Macrob.
1747 4326 1869 4383 pag.
1890 4313 2043 4386 916).

517 4389 653 4458 Quid
705 4393 895 4461 plura?
928 4396 1070 4451 Duos
1100 4396 1236 4452 alios
1285 4398 1547 4456 Minucius
1580 4403 1780 4472 profert
1829 4404 1881 4460 in
1926 4424 2041 4462 me-

444 4481 614 4547 dium,
652 4480 741 4553 qui
803 4484 896 4540 Dei
953 4488 1288 4558 majestatem
1343 4491 1412 4546 ab
1461 4494 1769 4551 hominibus
1817 4490 2040 4570 intelligi

442 4578 603 4644 posSe
631 4590 1011 4648 pernegarunt.
1045 4581 1195 4637 Alter
1235 4582 1377 4661 enim
1399 4629 1411 4644 .
1447 4588 1503 4640 ut
1550 4578 1692 4644 illius
1720 4592 1895 4646 verbis
1927 4600 2039 4647 u'tao

2155 3374 2479 3435 πολυθεὸτητοι
2518 3380 2872 3446 ἀσπαςςμένους
2921 3383 3100 3442 δεδιὼς.
3154 3390 3217 3439 τὰ
3250 3382 3439 3440 ἔνχντία.
3475 3394 3628 3455 ἑαυτῷ
3672 3397 3744 3441 τεν

2152 3465 2261 3521 κατ’
2287 3470 2431 3522 αὑτὸν
2458 3462 2742 3541 δημιτιυργόν
2766 3472 2942 3540 εἰσάγει
2970 3468 3181 3540 λέγονται.
3222 3494 3240 3527 ι
3292 3477 3439 3531 Pii-lt)
3467 3481 3741 3534 Iltllllltl'mtl

2154 3560 2375 3616 deorum
2422 3564 2620 3619 cultum
2652 3567 2928 3636 amplettos
2961 3570 3183 3633 veritus,
3218 3570 3490 3625 contraria
3525 3575 3663 3627 inter
3689 3588 3743 3627 se

2152 3656 2396 3725 opificem
2449 3654 2615 3714 Deum
2656 3674 2810 3715 suum
2867 3661 3071 3717 inducit
3115 3665 3466 3735 loquentenu
3504 3667 3739 3736 (Jttstiu.,

2151 3747 2372 3805 Coiturt.
2399 3751 2465 3804 ad
2511 3751 2708 3818 Gr:ec.,
2738 3768 2854 3825 pag.
2882 3754 2973 3819 2i;
3002 3750 3153 3811 Plato
3176 3760 3227 3812 iu
3259 3757 3478 3826 Timaeo,
3511 3777 3632 3832 pag.
3652 3763 3738 3824 Η,

2153 3851 2279 3896 tom.
2317 3844 2348 3898 5
2379 3840 2419 3913 ),
2461 3860 2581 3898 eum
2632 3846 2749 3900 aliis
2790 3848 2970 3918 utique
3021 3849 3158 3918 diis,
3189 3866 3325 3922 quos
3349 3852 3419 3907 ab
3445 3868 3513 3909 eo
3537 3859 3741 3924 genitus

2150 3932 2315 3989 fuisse
2345 3933 2540 3991 ibidem
2570 3937 2798 3994 dixerat.

2220 4027 2408 4084 Cicero
2428 4040 2604 4085 autern
2624 4026 2709 4086 ubi
2742 4030 2884 4089 illius
2909 4036 3218 4104 Opinionem
3246 4049 3487 4105 enarrat,
3515 4040 3739 4110 primum

2146 4122 2437 4192 exprobrat
2478 4124 2932 4189 inconstantiam;
2968 4146 2986 4182 ί
3019 4122 3135 4186 Jam
3179 4133 3247 4188 de
3284 4130 3529 4191 Platonis
3560 4138 3741 4191 incun—

2147 4214 2764 4288 siantia,»ait.rl0ngunt
2794 4229 2874 4274 est
2898 4214 3201 4292 dicere,qui
3236 4226 3287 4279 in
3317 4224 3508 4281 Tintteo
3539 4239 3738 4298 patrem

2148 4305 2306 4376 huius
2333 4304 2517 4363 mundi
2546 4310 2807 4367 nominari
2837 4324 2994 4385 negat
3024 4330 3203 4387 posse,
3245 4317 3301 4373 in
3346 4317 3539 4390 Legum
3568 4332 3738 4376 autem

2147 4397 2297 4454 libris
2343 4398 2470 4471 Quid
2510 4402 2577 4457 sit
2619 4398 2839 4459 omnino
2893 4404 3051 4475 Deus,
3083 4408 3279 4480 inquiri
3327 4425 3581 4482 oportere
3638 4431 3737 4469 non

2145 4503 2329 4549 censet
2367 4496 2385 4549 ὁ
2418 4493 2601 4569 (Cic.,
2663 4496 2758 4556 lib.
2806 4517 2819 4555 t
2866 4501 2929 4556 de
2963 4502 3153 4559 Natur.
3202 4500 3381 4574 θέοι,
3432 4524 3552 4578 pag.
3613 4508 3733 4574 200,

2144 4585 2239 4640 lin.
2277 4580 2389 4661 li).
2451 4587 2713 4647 Eumdent
2766 4586 3005 4650 Platonis
3057 4590 3254 4654 librum”
3284 4642 3297 4664 ,
3326 4614 3390 4654 ac
3418 4604 3735 4657 sententiam

438 4678 584 4732 mur,
622 4686 641 4720 ι
677 4668 983 4726 Socraticus
1014 4671 1313 4740 XenOphon
1346 4667 1572 4732 formam
1620 4666 1710 4736 Dei
1739 4683 1848 4739 veri
1882 4698 2040 4755 ιιι-ειη
2065 4684 2116 4750 D
2143 4682 2326 4739 citavit
2355 4676 2665 4742 Lactantius
2704 4708 2722 4742 ι
2761 4690 2780 4761 (
2808 4687 3073 4758 Lactant.,
3108 4692 3199 4747 lib.
3235 4708 3250 4748 ι
3299 4693 3495 4762 Instit.,
3526 4712 3644 4767 cap.
3678 4695 3730 4759 8.

438 4754 611 4816 videri
661 4777 839 4832 posse,
890 4773 945 4819 et
996 4766 1116 4821 ideo
1153 4769 1321 4839 quzrri
1367 4770 1473 4825 non
1513 4783 1783 4844 oportere.
1834 4799 1852 4831 ι
1889 4754 2039 4838 Alter

439 4867 622 4917 vero,t
638 4853 818 4910 Aristo
842 4850 1007 4911 Chius
1029 4859 1413 4928 comprehendi
1441 4866 1662 4921 omnino
1689 4885 1794 4924 non
1818 4888 1994 4942 posse.
2011 4896 2029 4928 ι

437 4943 518 4999 De
551 4946 727 5011 priore
756 4947 1037 5006 enodatius
1065 4950 1255 5008 Cicero
1284 4970 1296 5006 :
1333 4972 1351 5007 t
1389 4954 1699 5035 Xenophon
1713 4962 1837 5018 facit
1869 4966 1919 5021 in
1946 4966 2032 5035 iis,

436 5050 558 5103 quae
595 5054 625 5091 a
663 5040 884 5097 Socrate
914 5043 1055 5098 dicta
1088 5046 1289 5111 retulit,
1336 5047 1612 5105 Socratem
1645 5052 2029 5129 disputantem,

431 5128 661 5185 fortnam
706 5134 796 5188 Dei
837 5137 1002 5206 quzrri
1036 5153 1141 5192 non
1174 5151 1444 5210 oportere,
1477 5144 1834 5219 eutndentque
1861 5161 1913 5208 et
1938 5169 2033 5209 so-

429 5223 558 5288 lem,
586 5230 641 5279 et
668 5222 903 5283 animum
936 5228 1103 5287 Deum
1153 5231 1354 5300 dicere,
1396 5246 1452 5292 et
1492 5236 1654 5294 modo
1698 5254 1887 5309 unum,
1917 5254 2027 5303 tum

428 5325 607 5371 autem
636 5314 815 5388 plures
849 5319 1000 5379 deos.
1041 5344 1061 5378 ι
1098 5325 1155 5380 In
1196 5337 1388 5397 quarto
1433 5341 1610 5387 autem
1656 5333 2027 5407 Xenophontis

429 5408 841 5467 Memorabilium
863 5415 1020 5484 libro,
1046 5418 1098 5473 id
1127 5421 1271 5490 quod
1299 5423 1370 5480 de
1394 5440 1460 5481 eo
1482 5440 1662 5485 narrat
1689 5430 1897 5500 Cicero,
1933 5450 2022 5491 re-

424 5516 553 5557 vera
607 5502 895 5560 invenitur.
945 5506 1180 5568 Primam
1246 5531 1375 5572 vero
1427 5519 1587 5588 hujus
1641 5524 2024 5593 prepositionis

421 5592 631 5662 partem
663 5596 713 5651 in
744 5611 872 5653 usus
894 5612 1020 5654 suos
1047 5608 1275 5676 sumpsit
1304 5605 1564 5666 Minucius
1588 5592 1791 5681 noster,
1822 5626 1876 5672 et
1904 5627 2023 5687 post

420 5686 574 5740 illum
610 5687 938 5758 Lactantius,
968 5704 1128 5763 atque
1170 5696 1329 5754 etiam
1374 5700 1768 5762 Theodoretus.
1793 5686 2021 5766 Nosau-

417 5789 530 5835 tem
557 5781 626 5837 de
659 5799 719 5837 ea
752 5786 877 5841 alibi
919 5788 1125 5858 egimus
1171 5789 1305 5863 (Cic.
1341 5794 1430 5849 lib.
1457 5812 1473 5850 ι
1503 5797 1566 5851 de
1616 5798 1803 5855 Λαίαν.
1837 5801 2016 5874 Deor.,

408 5884 533 5945 pag.
572 5873 703 5947 200,
747 5876 842 5936 lin.
875 5878 978 5949 18;
1019 5878 1297 5956 Xenopb.,
1326 5885 1420 5946 lib.
1448 5902 1502 5946 tv
1541 5887 1851 5971 Memorat,
1890 5911 2013 5971 pag.

2143 4793 2259 4849 pag.
2294 4778 2385 4846 4i,
2414 4778 2468 4834 et
2508 4772 2600 4837 lib.
2625 4776 2692 4839 de
2722 4783 2802 4839 lra
2834 4782 2945 4854 Dei,
2980 4796 3100 4856 cap.
3133 4786 3222 4854 ll,
3259 4805 3378 4859 pag.
3416 4790 3521 4846 795
3542 4789 3583 4863 ).
3631 4790 3731 4847 Sed

2143 4873 2291 4943 plura
2321 4873 2389 4930 ibi
2417 4876 2606 4932 Cicero
2630 4919 2644 4943 ,
2675 4886 2729 4934 et
2765 4880 2948 4951 postea
2974 4878 3239 4940 Eusebius
3258 4876 3326 4940 de
3354 4886 3470 4955 ipso
3493 4886 3727 4952 Platone,

2139 4962 2364 5038 ejusque
2409 4964 2766 5026 inconstantia
2813 4984 3138 5057 memorant,
3184 4977 3377 5048 quibus
3413 4981 3731 5049 respondere

2139 5061 2563 5133 Lescaloiiierius
2589 5077 2813 5123 conatus
2838 5078 2919 5124 est
2950 5070 2970 5141 (
3000 5068 3221 5139 Euseb.,
3255 5072 3348 5127 lib.
3378 5089 3469 5129 xm
3494 5072 3725 5143 Pnepar.

2138 5152 2316 5225 Evang
2346 5199 2360 5221 ,
2393 5156 2511 5227 cap.
2548 5152 2611 5213 i4
2638 5172 2652 5223 ;
2682 5152 2985 5228 Lescalop.,
3018 5159 3253 5233 Exposit.
3306 5164 3358 5217 in
3403 5160 3496 5218 lib.
3549 5180 3563 5220 ι
3616 5163 3725 5219 Cic.

2134 5246 2203 5303 de
2252 5238 2376 5304 Nat.
2429 5236 2610 5318 Deoia,
2646 5248 2673 5323 ᾗ
2707 5253 2793 5314 50.
2830 5268 2947 5325 pag.
2991 5250 3107 5329 50).
3147 5256 3217 5314 Ea
3246 5266 3422 5313 autem
3470 5258 3727 5314 Minucius

2132 5336 2199 5395 ad
2219 5341 2519 5398 institutum
2540 5356 2695 5400 suum
2729 5362 2834 5402 non
2858 5348 3213 5406 conducentia
3241 5355 3599 5422 pra-torruisit.

2204 5432 2371 5489 Porro
2425 5444 2602 5490 autent
2655 5432 2814 5494 citata
2854 5452 2882 5492 a
2937 5436 3165 5495 Minucio
3226 5453 3281 5500 et
3325 5444 3445 5499 aliis
3489 5444 3723 5502 Platonis

2128 5528 2294 5583 verba
2340 5531 2391 5585 in
2435 5531 2553 5599 ejus
2590 5528 2793 5598 'l‘imzeo
2824 5535 2901 5589 sic
2944 5551 3130 5592 revera
3169 5536 3421 5609 leguntur
3454 5558 3467 5593 :
3501 5535 3723 5609 (Atque

2129 5618 2275 5674 illum
2307 5618 2521 5691 qtlidcm
2573 5636 2845 5693 parentem
2888 5630 3046 5699 hujus
3088 5630 3452 5687 universitatis
3483 5632 3720 5689 invenire

2126 5711 2366 5781 diflicile,
2394 5726 2588 5771 etcum
2621 5718 2910 5797 inveneris,
2944 5722 3181 5780 indicare
3219 5724 3271 5779 in
3304 5725 3495 5796 vulgus
3521 5728 3719 5797 impos-

2121 5794 2302 5873 sibile,
2353 5811 2621 5869 inoratare,
2650 5794 2883 5867 ἇόὐλατθν
2903 5821 3052 5885 λέγειν
3090 5833 3109 5868 ι
3142 5814 3340 5886 (Plato,
3378 5827 3506 5873 tom.
3544 5834 3621 5879 Ill,
3649 5836 3705 5888 p.

2121 5899 2193 5959 28
2223 5900 2261 5974 ).
2314 5898 2519 5962 Eodem
2564 5907 2902 5979 transcripsit
2967 5906 3379 5983 Athenagoras,
3439 5914 3525 5971 ubi
3576 5915 3711 5969 sicut
