4058 6316
349 322 457 385 457

1734 316 2213 386 DISSERTATIO.

3547 326 3656 391 458

347 440 614 499 Minucius
640 449 845 510 noster,
877 439 1038 513 plane
1063 442 1299 499 ostendit
1326 441 1572 499 ethnicos
1598 441 1952 515 philosophos
1977 443 2033 504 A
2129 444 2172 499 A
2203 432 2387 505 Persis
2412 448 2591 520 itaque
2610 446 2987 506 initlumhisce
3009 432 3160 503 duxit
3185 436 3397 506 verbis:
3423 446 3655 506 «Omitto

348 550 519 591 unum
560 536 840 607 agnovisse
869 549 1140 591 summum
1191 537 1357 593 Deum
1400 535 1727 608 (Athenag.,
1771 533 1951 608 Legat.

350 648 444 699 pro
484 618 788 699 Christidn.,
818 646 939 702 pag.
967 630 1024 692 6.
1056 640 1111 688 et
1135 634 1302 703 seq.).
1336 632 1541 688 Rursus
1566 646 1694 687 vero
1725 631 1815 685 illa
1846 630 1955 700 phi-

346 723 567 795 Iosephi
595 725 756 781 verba
783 725 1017 780 citaruut
1039 720 1230 781 Cicero
1261 725 1312 779 in
1350 722 1709 796 Fragmentis,
1739 733 1794 779 et
1820 724 1955 780 Ter-

349 816 625 878 tullianus.
674 834 876 887 nosque
932 819 1060 874 alibi
1098 835 1161 875 ea
1193 819 1477 874 retulimus
1517 818 1675 891 (Cic.,
1708 817 1949 891 Fragm.,

346 896 473 982 pag.
505 908 578 966 26
600 926 615 974 ;
640 908 893 979 Tertull.,
928 912 1147 986 Apalog.
1178 928 1296 985 cap.
1330 915 1420 973 46.
1456 928 1577 985 pag.
1605 912 1712 980 40;
1751 909 1907 969 Tom.
1936 929 1955 968 1

343 1006 632 1076 Apparut.,
666 1022 783 1077 pag.
814 1007 913 1063 781
954 1018 1009 1063 et
1037 1008 1162 1073 948,
1197 1024 1317 1080 pag.
1351 1008 1499 1078 155).

420 1099 559 1154 Tum
606 1099 802 1156 deinde
838 1099 1102 1156 Minucius
1154 1102 1269 1155 haec
1315 1101 1586 1158 sulmemit
1632 1119 1646 1155 :
1683 1119 1703 1154 ι
1748 1100 1949 1157 Eadem

344 1193 465 1251 fere
490 1205 543 1249 et
567 1194 689 1261 ista,
714 1210 831 1263 quze
869 1206 1050 1250 nostra
1074 1204 1199 1249 sunt
1245 1193 1381 1250 Nam
1410 1204 1464 1249 et
1491 1194 1655 1250 Deum
1680 1195 1947 1261 novimus,

340 1297 402 1343 et
443 1295 717 1357 parentem
757 1288 995 1342 omnium
1042 1287 1307 1344 diximus.
1347 1306 1366 1340 ι
1413 1287 1677 1345 Similiter
1704 1287 1948 1343 Athena-

337 1396 506 1453 goras
537 1400 551 1437 :
579 1386 619 1436 εὶ
650 1393 798 1440 eoi-it»
825 1386 907 1438 θῦιι
933 1389 1055 1437 Ι⁹στιιν
1099 1387 1229 1443 ideo;
1270 1388 1485 1443 Πλᾶτων.
1513 1388 1597 1435 ἕνα.
1618 1391 1697 1440 τὸν
1723 1385 1953 1454 δημιουρο

333 1484 423 1546 τὸν
463 1484 552 1530 τῶν
593 1476 710 1528 ὅλοιν)
755 1492 866 1529 νοῶν
912 1478 1161 1545 obitu-qtae
1206 1480 1343 1539 Θεὸν,
1391 1477 1494 1530 οὐδὲ
1525 1478 1657 1542 ἡμεῖς
1688 1481 1843 1538 aetat,
1875 1472 1952 1545 ψ’

339 1571 401 1621 οὗ
432 1572 552 1639 λόγῳ
581 1571 1003 1639 δεδημιούργητιι,
1036 1571 1117 1621 καὶ
1144 1578 1209 1637 τῷ
1234 1568 1350 1639 ’παρ’
1379 1569 1526 1623 εὖτ-οῦ
1552 1571 1792 1633 πνεύμιτι
1812 1574 1947 1622 συνέ-

337 1683 485 1729 χιταιι
508 1665 569 1717 τὰ
598 1666 775 1726 πάθται,
790 1671 954 1716 τοῦτον
976 1663 1150 1720 εἱδοτες
1181 1661 1264 1713 καὶ
1288 1666 1564 1731 κρατοῦντες
1582 1663 1716 1713 Θεόν.
1752 1676 1771 1710 t
1795 1658 1948 1726 Quod

335 1755 387 1808 si
420 1767 525 1806 non
558 1752 716 1822 impia
762 1761 846 1807 est
876 1752 992 1806 hmc
1040 1752 1282 1806 Platonis
1323 1755 1389 1805 de
1422 1767 1529 1806 uno
1578 1751 1947 1807 universitatis

2058 538 2285 604 Persas,
2335 541 2405 599 de
2446 557 2708 615 equorum
2759 542 2965 598 hinnitu
3008 552 3339 615 augurantes
3383 546 3655 617 principa-

2059 643 2191 690 tum.
2220 655 2239 689 ι
2274 636 2474 693 Verum
2504 639 2623 709 quis
2669 638 2784 694 inec
2813 638 3097 711 intelliget,
3147 640 3248 695 nisi
3284 641 3426 696 Darii
3456 641 3653 699 Persa-

2057 742 2174 781 rum
2209 729 2348 798 regis
2379 729 2655 785 historiam
2688 731 2897 807 noverit
2943 740 3036 786 aut
3078 735 3346 788 revocarit
3374 734 3425 789 in
3452 749 3653 791 memo-

2056 818 2191 874 riam
2219 819 2241 873 ?
2273 820 2480 877 Occisis
2509 822 2772 893 siquidem
2806 812 2994 893 Magis,
3024 840 3389 896 oppressaque
3412 826 3651 893 Sordida,

2058 924 2115 972 ut
2140 914 2213 969 ait
2242 914 2483 972 Valerius
2512 917 2796 985 Maximus,
2827 935 3015 973 eorum
3045 919 3431 987 dominatione,
3465 921 3655 977 Darius

2055 1024 2121 1064 ex
2146 1019 2301 1079 pacto
2336 1020 2389 1065 et
2410 1025 2678 1067 conventu
2702 1028 2796 1069 rex
2825 1013 2973 1069 solus
3000 1022 3213 1069 creatus
3235 1023 3336 1077 est,
3372 1022 3654 1087 postquam

2055 1103 2171 1170 ejus
2205 1118 2376 1173 equus
2407 1104 2506 1159 sub
2538 1106 2713 1175 ipsam
2741 1106 2872 1161 solis
2902 1116 3080 1161 ortum
3119 1106 3245 1163 dolo
3281 1107 3500 1163 {Eliaris
3536 1109 3651 1164 hin-

2054 1193 2221 1249 nitum
2252 1194 2504 1251 edidisset
2524 1194 2728 1269 (Valer.
2775 1196 2937 1260 illam,
2962 1188 3055 1253 lib.
3081 1214 3172 1264 vn,
3200 1214 3320 1270 cap.
3343 1200 3378 1253 2
3398 1240 3412 1264 ,
3439 1194 3650 1269 Exter.,

2054 1284 2100 1359 §,
2132 1284 2212 1359 ‘2).
2240 1286 2451 1344 Videsis
2479 1288 2829 1349 Herodotum.
2860 1282 3127 1345 Iustinum
3168 1290 3506 1355 historicum,
3548 1289 3656 1346 Va-

2052 1380 2243 1435 lerium
2265 1380 2573 1438 Maximum.
2606 1392 2660 1438 et
2689 1382 2824 1439 alios
2850 1381 3123 1456 (Herodot.
3158 1384 3241 1440 lib.
3275 1401 3356 1446 ιιι.
3392 1384 3421 1456 §
3452 1383 3541 1448 82,
3579 1382 3653 1440 85

2052 1484 2097 1528 et
2126 1490 2269 1546 seq.;
2295 1474 2512 1538 lusum,
2542 1472 2634 1530 sub
2664 1474 2757 1544 ﬁn.
2789 1476 2879 1531 lib.
2912 1493 2965 1543 t;
3009 1472 3178 1531 ναῖεν.
3217 1474 3360 1535 Max.
3392 1481 3484 1531 loc.
3513 1474 3654 1546 cit.).

2123 1564 2235 1623 Nec
2285 1569 2453 1639 magis
2478 1570 2623 1625 clara
2677 1578 2802 1624 sunt
2848 1569 2964 1627 btec
3005 1570 3384 1642 subsequentia
3436 1568 3653 1627 Minucii

2051 1662 2265 1717 verba:
2303 1681 2322 1715 ι
2374 1663 2442 1718 Ει
2490 1662 2867 1718 Thebanorum
2923 1679 3017 1732 par
3068 1674 3378 1730 mortuum,
3418 1661 3653 1719 fabulam

2054 1765 2271 1811 transvo
2300 1772 2315 1812 :
2355 1775 2374 1809 ι
2408 1757 2492 1812 vel
2519 1756 2799 1812 obscurius
2830 1772 2893 1812 ac
2920 1768 3177 1825 corrupte
3230 1754 3283 1811 in
3332 1754 3521 1811 codice
3569 1770 3657 1812 rev

337 1846 588 1919 ingenito
624 1847 732 1902 Deo
752 1848 1040 1912 sententia,
1070 1861 1139 1901 ne
1180 1852 1277 1900 nes
1303 1845 1515 1914 quidem
1545 1844 1805 1900 fuerimus
1844 1845 1945 1900 im-
1976 1845 2022 1907 Β
2049 1852 2139 1922 gio
2171 1870 2191 1904 ‹
2219 1867 2318 1924 per
2348 1861 2619 1907 mortuam
2664 1851 2918 1907 fabttlam.
2957 1848 2976 1903 ὑ
3017 1846 3207 1905 Paucis
3238 1849 3322 1906 his
3350 1849 3531 1905 verbis
3560 1840 3656 1904 Mi-

338 1942 445 2013 pii,
468 1940 557 2011 qui
587 1940 738 1997 illum
777 1944 1120 2010 agnoscimus
1145 1947 1201 1993 et
1240 1939 1590 1995 observamus
1622 1939 1810 2006 Deum,
1847 1954 1945 1993 cu-

330 2036 430 2106 jus
453 2044 511 2091 ut
558 2034 726 2090 verbo
773 2034 1026 2090 fabricata
1073 2043 1219 2100 sunt,
1269 2036 1349 2089 sic
1386 2034 1576 2106 spiritu
1603 2033 1945 2089 continentur

336 2128 458 2184 haec
489 2130 756 2207 universa.
790 2148 809 2182 ι

416 2222 498 2279 Ex
555 2226 638 2280 his
687 2223 941 2279 omnibus
990 2221 1432 2295 philosophorum
1483 2221 1828 2293 opinionibus
1870 2220 1943 2277 ita

344 2316 629 2389 explicatis
650 2316 787 2373 hanc
808 2316 1068 2371 Minucius
1090 2317 1490 2373 conclusionem
1514 2315 1661 2372 elicit
1685 2332 1699 2371 :
1731 2332 1750 2367 ι
1766 2314 1943 2384 Expo-

337 2412 426 2467 sui
452 2412 739 2483 opiniones
766 2412 1006 2467 omnium
1049 2413 1217 2467 ferme
1257 2411 1722 2482 philosophorum,
1747 2410 1938 2480 quibus

336 2505 602 2561 illustrior
648 2506 819 2578 gloria
856 2515 962 2570 est,
999 2507 1167 2560 Deum
1202 2523 1364 2561 unum
1408 2505 1588 2560 multis
1640 2505 1765 2561 licet
1795 2505 1939 2560 desi~

336 2615 538 2672 gnasse
567 2601 895 2667 nominibus,
926 2610 984 2656 ut
1010 2599 1186 2670 quivis
1204 2600 1494 2655 arbitretur
1514 2609 1604 2654 aut
1624 2615 1764 2654 nunc
1783 2598 1940 2655 Citri-

334 2693 550 2748 stianos
579 2706 701 2749 esse
732 2691 1102 2765 philosophos,
1135 2702 1224 2748 aut
1263 2691 1608 2763 philosnphos
1643 2692 1810 2748 fuisse
1831 2694 1942 2761 jam

338 2796 472 2841 tunc
516 2785 877 2854 Christianos,
916 2805 934 2839 ι
970 2800 1037 2842 eo
1066 2770 1317 2842 videlicet
1355 2801 1536 2851 sensu,
1570 2802 1730 2856 quem
1778 2801 1941 2857 supe-

334 2879 455 2935 rius
503 2876 909 2948 cxplicnvimus.
965 2878 1037 2934 At.
1068 2879 1362 2950 perpende,
1412 2896 1615 2952 qna-so,
1652 2891 1829 2937 utrum
1875 2879 1943 2936 ab

333 2972 443 3029 hac
481 2974 832 3029 COIICIUSlOlle
862 2974 1018 3045 longe
1048 2974 1331 3030 recesserit
1360 2972 1713 3046 Augustinus,
1754 2975 1843 3044 qui
1876 2972 1943 3031 de

336 3067 534 3123 iisdem
566 3066 901 3139 philosnphis
942 3066 1056 3121 haec
1086 3066 1395 3138 pronuntiat
1429 3083 1441 3097 σ
1479 3082 1497 3119 t
1533 3064 1716 3138 Itaque
1737 3068 1780 3121 si
1808 3056 1945 3122 hanc

335 3161 504 3215 vitam
535 3159 607 3214 illi
631 3159 730 3215 viri
761 3159 1038 3215 nobiscum
1068 3176 1283 3215 rursum
1315 3176 1473 3233 agere
1506 3159 1826 3231 potuissent,
1859 3161 1943 3216 vi-

2054 1952 2241 2001 nucius
2284 1945 2622 2001 decantatam
2675 1960 2704 1998 a
2771 1943 2943 2001 Statio
3006 1943 3273 2017 Polynicis
3315 1953 3370 2000 et
3418 1942 3657 1999 Eteoclis

2052 2039 2305 2107 fratrum,
2326 2053 2488 2111 atque
2507 2034 2701 2108 (Edipi
2725 2038 3107 2094 Thebanorum
3137 2040 3276 2110 regis
3307 2039 3540 2094 ﬁliorum
3572 2037 3654 2094 fa-

2048 2132 2227 2187 bulam
2285 2133 2594 2203 perstringit
2636 2130 2899 2204 (Statius,
2933 2131 3022 2188 lib.
3058 2148 3112 2188 ιι
3143 2143 3197 2187 et
3235 2148 3307 2189 xu
3347 2128 3644 2203 Thebaid.).

2054 2223 2181 2279 Haec
2230 2234 2407 2279 autem
2436 2224 2515 2279 sic
2560 2231 2830 2280 narratur.
2873 2224 3007 2279 Cum
3038 2223 3281 2296 OEdipus
3312 2225 3364 2280 in
3392 2224 3645 2280 exsilium

2049 2326 2241 2388 Sponte
2284 2318 2736 2387 proﬁcisceretur,
2789 2316 2993 2375 eisdem
3048 2319 3153 2373 illis
3192 2317 3318 2374 ﬁliis
3346 2320 3458 2374 suis
3485 2334 3655 2390 regno

2048 2424 2147 2465 suo
2172 2426 2231 2466 ea
2253 2411 2368 2481 lege
2395 2412 2579 2476 cessit,
2612 2422 2669 2467 ut
2693 2412 2917 2467 alternis
2942 2412 3290 2477 imperarent.
3322 2409 3459 2467 Natu
3492 2425 3652 2480 porro

2050 2503 2223 2573 major
2252 2503 2501 2559 Eteocles
2529 2513 2809 2573 pestquatu
2835 2518 2979 2558 anno
3011 2503 3185 2574 primo
3224 2512 3521 2574 regnasset,
3549 2494 3649 2557 Po-

2051 2595 2209 2668 lynici
2242 2596 2594 2668 subsequenti
2620 2612 2762 2652 anno
2790 2596 3087 2667 imperandi
3120 2597 3297 2652 locum
3342 2595 3645 2665 denegavit.

2048 2689 2339 2760 Repulsam
2371 2688 2460 2745 ille
2485 2705 2695 2761 passus.
2727 2704 2786 2746 se
2811 2689 3035 2746 contulit
3064 2686 3132 2743 ad
3167 2688 3451 2744 Adrastum
3490 2686 3649 2759 Argb

2048 2797 2237 2837 verum
2265 2797 2467 2852 regem,
2504 2792 2555 2836 et
2583 2779 2800 2853 Argiam
2835 2780 2979 2836 illius
3009 2778 3174 2836 ﬁliam
3203 2772 3307 2835 sibi
3337 2776 3647 2847 deSpondit.

2048 2871 2184 2927 Tum
2216 2880 2403 2928 coacto
2425 2872 2687 2936 exercitu,
2718 2870 2990 2926 Thebanis
3022 2871 3113 2926 ille
3150 2886 3270 2926 cum
3312 2868 3534 2943 Tydteo.
3564 2869 3648 2925 al-

2050 2973 2168 3021 tero
2220 2964 2432 3021 Adrasti
2488 2979 2713 3036 genero,
2757 2964 2935 3019 intulit
2985 2962 3206 3019 bellum.
3259 2962 3315 3019 In
3362 2977 3429 3019 eo
3466 2970 3648 3018 autem

2051 3058 2209 3114 ambo
2259 3055 2453 3113 fratres
2504 3052 2753 3112 Eteocles
2801 3052 3163 3129 etPnlyniccs
3193 3054 3447 3124 singulari
3474 3062 3650 3111 certa-

2054 3144 2199 3207 nune
2230 3151 2363 3205 inito
2389 3193 2403 3215 ,
2447 3150 2645 3205 mutuis
2694 3148 3005 3204 vulneribus
3033 3147 3368 3204 occiderunt.
3411 3146 3649 3219 Denique

334 3253 534 3310 dereut
565 3254 803 3326 profecto
832 3257 986 3322 cujus
1021 3258 1346 3310 auctoritate
1385 3253 1595 3309 facilius
1631 3255 1940 3311 consulerc-
1969 3238 2014 3314 C
2047 3260 2233 3300 eorum
2276 3242 2627 3298 cadaveribus
2669 3257 2800 3312 rogo
2833 3241 3121 3313 impositis,
3168 3239 3381 3296 flamma
3418 3240 3551 3295 duas
3593 3240 3648 3295 in

337 3359 429 3404 tur
473 3348 808 3415 hominibus,
862 3358 915 3404 et
944 3349 1127 3420 paucis
1156 3350 1374 3404 mutatis
1404 3350 1580 3404 verbis
1611 3359 1771 3420 atque
1818 3363 1942 3404 Sen-

341 3443 550 3509 tentiis,
572 3438 858 3498 Cbrisﬁani
888 3442 1097 3506 fierent,
1128 3444 1267 3497 sicut
1298 3441 1543 3513 plerique
1576 3441 1940 3498 recentiorum

339 3546 759 3605 nostrorumque
783 3545 1083 3605 temporum
1115 3532 1374 3590 Platonici
1397 3535 1640 3591 fecerunt
1672 3554 1691 3587 ι
1726 3528 1747 3607 (
1774 3534 1940 3607 Aug.,

341 3628 437 3685 lib.
482 3629 547 3683 de
604 3644 720 3683 veta
775 3620 973 3700 Relig.,
1032 3644 1150 3698 cap.
1196 3629 1257 3696 4,
1293 3624 1422 3685 tom.
1481 3628 1551 3692 7,
1601 3645 1721 3701 pag.
1765 3628 1944 3703 750).

340 3723 523 3780 Unum
550 3740 711 3795 porro
755 3723 839 3779 bis
879 3723 1117 3795 adjicere
1141 3724 1322 3791 liccat,
1356 3723 1636 3794 plerosque
1668 3723 1789 3779 illos
1821 3723 1941 3793 pbi.

339 3816 602 3885 losophos
649 3814 895 3872 eamdem
941 3815 1010 3870 ob
1044 3831 1260 3871 causam
1309 3816 1458 3870 citari
1506 3831 1536 3869 a
1588 3810 1941 3883 Tertulliano,

339 3907 642 3975 Lactantio,
671 3917 726 3963 et
751 3906 891 3970 aliis.
915 3917 1076 3979 atque
1108 3922 1175 3962 ex
1215 3921 1399 3960 eorum
1429 3906 1774 3976 opinionibus
1800 3900 1945 3961 idem

341 4003 506 4075 plane
535 4000 725 4059 conﬁci
760 4018 825 4059 ac
845 3996 1242 4058 concludi.Sed
1264 3999 1329 4056 dc
1362 3998 1467 4057 illis
1496 4010 1677 4071 postea
1701 4013 1940 4071 agemus.

938 4150 1234 4192 Αιιτιαυωε
1272 4150 1349 4191 ΙΙΙ.

342 4251 674 4323 Ezpendllur
710 4249 857 4306 aliud
888 4249 1086 4306 Octavii
1116 4249 1179 4304 de
1207 4247 1318 4304 Deo
1342 4256 1444 4303 uno
1470 4252 1846 4320 argumentum,
1884 4262 1951 4303 ea:

418 4349 731 4400 terrenarum
767 4358 1061 4417 regnorum,
1094 4350 1142 4398 et
1164 4356 1330 4397 rerum
1360 4340 1676 4396 Naturalium
1701 4340 1949 4412 exemplis

417 4438 760 4512 desumplum.

419 4578 499 4634 Ex
533 4578 763 4633 terrenis
806 4576 1069 4648 imperiis,
1102 4575 1190 4630 ubi
1219 4575 1394 4630 nullus
1416 4559 1570 4645 regni
1598 4573 1804 4629 socium
1836 4575 1945 4643 pati

2047 3347 2227 3409 partes
2264 3352 2386 3393 sese
2418 3336 2468 3390 in
2496 3335 2604 3391 odii
2638 3334 2994 3406 implacabilis
3024 3336 3235 3402 signum
3266 3334 3516 3391 divisisse
3541 3333 3647 3390 fer-

2048 3443 2153 3488 tur.
2185 3432 2346 3501 Audi,
2372 3431 2417 3487 si
2440 3431 2606 3499 lubet,
2631 3428 2886 3487 Ovidium
2912 3431 3041 3488 illud
3061 3431 3146 3489 his
3175 3432 3420 3489 versibus
3445 3446 3645 3487 cauen-

2045 3534 2153 3581 ῑειη
2186 3543 2200 3582 2

2202 3639 2429 3699 Consilio,
2452 3654 2712 3692 commune
2735 3656 2926 3694 sacrum
2948 3654 3058 3691 eum
3082 3640 3164 3693 ﬁat
3180 3642 3230 3692 in
3255 3656 3343 3693 ara

2268 3703 2538 3770 Fratribus.
2562 3705 2755 3755 alterna
2777 3706 2860 3770 qui
2888 3706 3089 3770 periere
3116 3717 3280 3755 manu.

2200 3764 2308 3832 Ipsa
2332 3768 2422 3832 sibi
2446 3768 2647 3826 discors,
2668 3764 2904 3832 tanqtiam'
2918 3768 3176 3832 mandetur
3197 3770 3261 3818 ab
3282 3765 3380 3819 illts

2263 3828 2509 3893 Scinditur
2520 3833 2580 3893 in
2607 3828 2830 3893 partes'at
2842 3845 2892 3879 ra
2916 3828 3078 3880 favilla
3094 3831 3237 3893 duas.

2296 3889 2495 3956 (0vid.,
2515 3892 2548 3942 Ι.
2574 3884 2618 3943 ν’
2635 3891 2803 3957 Trist.,
2839 3893 2961 3959 eleg.
2989 3894 3037 3954 5,
3057 3906 3103 3943 υ.
3128 3884 3192 3943 33
3213 3896 3260 3945 et
3281 3893 3441 3956 seqq.)

2122 4016 2348 4073 Exstant
2374 4018 2511 4074 hanc
2546 4019 2598 4074 iu
2632 4035 2745 4076 rem
2777 4019 2950 4076 Graeci
2983 4019 3239 4075 Brauoris
3269 4032 3472 4084 versus,
3506 4030 3646 4089 quos

2050 4111 2322 4169 Ausonius
2348 4112 2542 4169 latinos
2581 4112 2748 4187 fecit(
2769 4118 2997 4179 Ausum,
3030 4113 3217 4185 Epigr.
3274 4113 3378 4170 129
3396 4110 3437 4185 ).
3472 4113 3649 4185 Atque

2050 4214 2108 4259 ut
2136 4204 2474 4271 Pausaniam,
2504 4205 2798 4263 Diodorum
2817 4207 3082 4274 Siculum,
3114 4207 3378 4265 Senecam
3400 4205 3646 4277 aliosque

2049 4302 2379 4367 omittamus,
2411 4298 2656 4356 Lucanus
2683 4299 2750 4355 ad
2781 4300 2832 4357 id
2852 4299 3032 4356 allusit
3057 4300 3139 4355 his
3162 4300 3410 4357 versibus
3439 4320 3452 4356 :

2382 4412 2677 4464 'Ostendens
2698 4413 2946 4466 confectas
2963 4416 3153 4466 ﬂamma
3186 4416 3366 4467 latinas

2176 4473 2424 4543 Scinditur
2448 4482 2498 4526 in
2525 4485 2708 4543 partes,
2735 4492 3038 4542 geminoque
3055 4482 3311 4531 cacumine
3327 4482 3490 4543 surgit.

2176 4537 2437 4588 Thebanos
2462 4539 2647 4590 imitata
2681 4537 2844 4605 rogos.

342 4678 547 4742 potest,
577 4671 718 4724 aliud
750 4668 1011 4724 Minucius
1052 4669 1184 4737 petit
1212 4677 1584 4738 argumentum
1614 4708 1629 4733 ,
1681 4683 1787 4732 quo
1837 4682 1945 4720 non
1968 4652 2023 4717 D
2123 4664 2324 4720 Deinde
2349 4681 2477 4722 vero
2499 4666 2789 4724 Minucius:
2814 4687 2834 4722 ι
2867 4667 2947 4724 Ob
2970 4679 3298 4739 pastorum,»
3327 4670 3515 4742 inquit,
3552 4680 3651 4727 «et

344 4763 511 4819 modo
560 4778 722 4817 unum
759 4763 1034 4817 dumtaxat
1092 4761 1255 4815 licam
1287 4775 1426 4826 esse,
1470 4758 1564 4814 sed
1609 4757 1750 4812 illius
1792 4756 1948 4812 unius

345 4866 555 4910 tantum
589 4856 814 4927 imperio
843 4854 1024 4910 omnia
1053 4854 1339 4925 gubernari
1385 4853 1670 4908 conﬁrmat
1708 4867 1771 4906 ac
1813 4867 1947 4906 con-

344 4949 515 5005 vincit
547 4966 558 5002 :
595 4966 616 5001 t
650 4947 874 5016 Quando
902 4948 1099 5012 enim,»
1140 4948 1309 5017 inquit
1339 4945 1448 5009 ille,
1474 4963 1494 4997 ι
1521 4959 1770 5015 umquam
1799 4941 1947 5013 regni

346 5044 579 5099 societas
617 5052 710 5098 aut
740 5058 860 5098 cum
902 5042 1007 5098 fide
1033 5042 1196 5112 coepit
1221 5051 1313 5096 aut
1340 5040 1454 5096 sine
1480 5055 1675 5096 cruore
1702 5054 1951 5110 perman-

346 5136 464 5192 sit?
496 5155 519 5190 ι
552 5138 722 5192 Antea
752 5137 955 5192 Ennius
990 5135 1130 5207 apud
1151 5134 1466 5191 Ciceronem
1502 5152 1516 5189 :

506 5248 647 5300 Nulla
672 5255 839 5300 sancta
863 5251 1094 5312 societas,
1119 5262 1215 5300 nec
1231 5251 1353 5300 ﬁdes
1374 5249 1634 5312 regni‘est.

598 5312 742 5375 (Cie,
770 5312 847 5362 1.1
877 5313 940 5364 de
959 5306 1119 5378 0/ﬁc.,
1146 5328 1194 5377 p.
1220 5314 1331 5375 sat,
1360 5306 1547 5374 lania.)

423 5416 687 5473 Minucius
723 5433 851 5475 vero
882 5427 1065 5473 noster
1091 5417 1141 5472 id
1169 5427 1398 5487 quatuor
1429 5416 1622 5487 probat
1646 5416 1910 5485 exemplis
1932 5458 1948 5484 ,

346 5526 581 5584 quorum
613 5511 856 5565 ultimum
879 5526 908 5565 a
952 5509 1211 5566 Cicerone
1243 5510 1439 5566 ibidem
1472 5510 1807 5580 proponitur.
1844 5507 1949 5564 Sed

348 5618 413 5659 ea
452 5612 643 5657 auctor
668 5613 851 5658 noster
891 5618 997 5669 quo
1044 5602 1279 5670 brevius,
1326 5617 1392 5657 eo
1436 5600 1717 5656 obscurius
1749 5599 1951 5659 retulit.

349 5694 484 5751 Nam
512 5711 580 5750 ne
609 5697 823 5749 nomine
855 5695 1067 5764 quidem
1093 5710 1191 5748 suo
1219 5694 1368 5755 illos,
1416 5692 1607 5764 quibus
1653 5691 1719 5746 de
1750 5694 1946 5762 agitur,

354 5804 606 5860 umquam
637 5788 893 5858 appellat.
926 5789 1036 5843 Non
1068 5787 1163 5843 abs
1192 5803 1250 5843 re
1281 5786 1457 5857 itaque
1502 5784 1605 5841 erit.
1635 5783 1752 5840 haec
1793 5785 1951 5856 paulo

352 5884 642 5945 enodatius
669 5882 960 5956 explicare.

2052 4772 2191 4813 casae
2225 4774 2470 4829 regnum,
2500 4759 2569 4814 de
2595 4760 2824 4831 geminis
2867 4762 3125 4818 memoria
3183 4762 3461 4819 notissima
3490 4772 3593 4819 est.
3623 4782 3644 4817 ι

2054 4850 2220 4909 Recte
2250 4853 2488 4925 quidem,
2521 4854 2615 4910 sed
2641 4854 2800 4926 longe
2818 4856 3037 4919 clarius,
3085 4856 3128 4911 si
3173 4856 3384 4911 Romuli
3409 4867 3463 4913 et
3494 4856 3654 4913 Remi

2053 4960 2251 5001 nomen
2301 4945 2617 5002 addidisset.
2650 4946 2822 5002 Nemo
2843 4949 2985 5003 enim
3031 4949 3198 5004 nescit
3229 4948 3455 5004 Remum
3481 4989 3497 5014 ,
3532 4962 3657 5019 pro-

2055 5046 2235 5108 pterea
2259 5037 2399 5109 quod
2424 5039 2601 5093 fratris
2623 5038 2853 5093 ludibrio
2874 5054 3043 5095 novos
3060 5040 3434 5096 transilivisset
3464 5040 3654 5096 Roma:

2056 5144 2260 5197 muros,
2294 5130 2360 5185 ab
2381 5130 2515 5184 irato
2545 5129 2711 5187 fratre
2736 5131 2984 5199 Romulo,
3009 5140 3101 5187 aut
3123 5132 3264 5188 illius
3292 5133 3653 5204 saltemjussu

2055 5220 2394 5279 interfectum
2429 5221 2657 5296 (Livius,
2686 5224 2762 5279 lib
2809 5240 2860 5290 ις
2887 5224 3210 5290 Florus,lib.
3238 5241 3274 5289 ι,
3299 5235 3353 5281 et
3373 5226 3512 5297 alii).

2129 5316 2328 5372 Eorum
2355 5332 2601 5387 quoque,
2639 5332 2775 5388 quos
2805 5326 2992 5373 auctor
3022 5328 3206 5373 noster
3248 5318 3493 5374 ultimum
3522 5332 3650 5388 pro-

2056 5405 2160 5462 fert
2196 5408 2248 5461 itt
2278 5406 2607 5475 exemplum,
2657 5409 2871 5463 nomina
2900 5409 3115 5463 reticuit
3147 5426 3158 5462 :
3208 5427 3227 5461 ι
3257 5408 3455 5466 Generi
3481 5419 3536 5466 et
3562 5423 3650 5464 so-

2057 5501 2187 5567 ceri,
2203 5520 2222 5553 ι
2242 5501 2314 5555 ait
2336 5500 2476 5568 ille,t
2500 5500 2632 5555 bella
2662 5511 2775 5557 toto
2801 5500 2934 5557 orbe
2957 5500 3147 5558 diﬁ'usa
3165 5512 3377 5569 sunt,et
3403 5513 3510 5559 tam
3539 5518 3655 5558 ma-

2055 5596 2143 5665 gni
2186 5594 2395 5665 imperii
2434 5593 2571 5650 duos
2598 5596 2806 5650 fortuna
2842 5612 2945 5650 non
2977 5597 3119 5666 cepit
3175 5617 3194 5650 ι
3232 5599 3300 5652 At
3321 5596 3645 5670 Cyprianus,

2057 5693 2145 5757 qui
2189 5686 2304 5743 bam
2351 5690 2445 5742 tria
2480 5689 2775 5759 posteriora
2804 5690 3079 5761 exempla,
3111 5691 3250 5747 sicut
3285 5700 3339 5747 et
3366 5692 3468 5746 alia
3501 5690 3651 5762 plura

2058 5798 2124 5836 ex
2153 5778 2405 5846 Μηιιιοῑο,
2448 5781 2519 5834 ιιιὶ
2561 5780 2829 5849 diximus,
2862 5781 3203 5853 compilavit;
3234 5792 3523 5853 utrumque
3552 5796 3652 5837 suo

2056 5875 2289 5949 appellat
2307 5874 2524 5935 nomine
2550 5894 2564 5934 :
2594 5896 2612 5932 t
2642 5876 2983 5953 Pompeius,»
3007 5877 3197 5953 inquit,
3219 5897 3238 5933 t
3258 5890 3311 5940 et
3334 5878 3517 5942 Caesar
3543 5875 3661 5938 affi-
