4058 6316
348 251 456 309 459

1613 246 1699 302 DE
1735 239 1996 301 MINUCII
2032 240 2333 301 OCTAVIO

3550 246 3663 304 υ)

344 382 445 424 nes
470 365 707 435 fuerunt,
724 380 823 422 nec
841 372 1021 421 tamen
1037 362 1450 420 necessitudinis
1470 360 1646 419 foedus
1673 361 1726 417 in
1750 361 1944 417 aemula
1971 361 2025 423 Α
2050 359 2340 430 imperaret
2366 369 2420 416 et
2444 359 2830 425 dominaretur,
2847 376 3008 417 nemo
3031 363 3119 433 qui
3144 370 3356 434 regeret
3377 370 3433 419 et
3459 363 3665 435 guber—

346 472 618 533 potcsmte
648 471 937 516 tenuerunt
974 477 993 512 ι
1018 459 1038 527 (
1065 459 1340 531 tiyprian.,
1370 455 1465 512 lib.
1511 456 1575 510 de
1602 454 1806 511 Idolor.
1848 453 1951 509 Va-

346 559 525 624 nitat.,
576 572 700 628 pag.
757 557 823 612 ll
856 555 898 627 ).
954 553 1237 624 Quomodo
1278 561 1458 607 autem
1513 549 1733 615 afﬁnes,
1791 558 1951 620 atque

346 665 489 705 unus
543 664 720 713 socer,
767 663 1039 719 generque
1089 647 1228 701 alius
1275 644 1456 711 fuerit,
1499 643 1585 699 his
1613 644 1853 700 Suetonii
1881 642 1949 699 de

350 742 566 799 Cmsare
613 743 794 798 verbis
815 743 964 798 dices
997 759 1010 794 :
1053 759 1071 792 ι
1112 739 1191 795 Ad
1220 738 1555 794 retinendam
1582 735 1819 807 Pompeii
1851 750 1948 791 ne-

349 836 735 891 cessitudinem
775 850 837 891 ac
878 836 1209 889 voluntatem
1234 874 1250 899 ,
1296 830 1574 888 Octaviam
1606 829 1811 885 sororis
1835 844 1949 884 suae

350 938 590 1000 neptem,
621 944 741 999 qua:
780 926 841 982 C.
898 924 1149 982 Marcello
1180 937 1342 997 nupta
1372 931 1508 987 erat,
1555 921 1863 977 conditione
1898 920 1948 976 ei

348 1023 567 1091 detulit,
600 1023 825 1094 sibique
849 1021 1013 1077 ﬁliam
1059 1020 1176 1092 ejus
1207 1022 1258 1075 in
1288 1019 1690 1075 matrimonium
1735 1016 1888 1089 petiit
1926 1035 1944 1069 ι

346 1119 621 1190 (Sueton.,
644 1119 699 1174 in
736 1117 850 1173 Vita
874 1117 1093 1183 Cresam,
1132 1116 1160 1190 ᾗ
1190 1116 1308 1185 9.7),
1352 1115 1552 1171 Fausto
1582 1114 1746 1187 Sylla:
1781 1112 1949 1167 desti-

348 1223 555 1267 natam.
592 1212 744 1268 Prius
767 1226 895 1266 vero
923 1210 1134 1265 dixerat
1160 1225 1176 1264 :
1207 1227 1225 1261 ι
1261 1207 1374 1264 Sub
1407 1208 1550 1263 idem
1582 1215 1793 1276 tempus
1821 1202 1944 1259 Cal-

348 1305 634 1376 pbnrniam
667 1304 731 1361 L.
760 1305 968 1360 Pisonis
990 1303 1175 1369 filiam,
1209 1303 1508 1358 successuri
1542 1301 1645 1356 sibi
1672 1301 1724 1354 in
1762 1314 1952 1354 consu-

347 1398 483 1465 latu,
509 1399 658 1453 duxit
707 1414 953 1465 uxorem,
1010 1412 1270 1467 suamque
1317 1395 1512 1451 Juliam
1556 1393 1657 1449 Cn.
1691 1393 1949 1464 Pompeio

342 1491 648 1557 collocavit,
677 1491 955 1562 repudiato
979 1492 1158 1561 priore
1178 1504 1380 1560 sponso
1402 1488 1632 1545 Servilio
1651 1487 1903 1558 Ctepione
1924 1506 1943 1540 ι

343 1584 400 1655 (§
425 1584 544 1656 21).
575 1583 712 1641 Vide
740 1598 1022 1655 prmterea,
1054 1584 1099 1639 si
1154 1583 1323 1649 lubet,
1364 1581 1711 1638 Plutarchum
1741 1583 1794 1636 in
1833 1580 1951 1636 Vita

345 1677 622 1750 Pompeii,
669 1686 724 1734 et
754 1678 891 1733 alios
921 1678 1178 1733 Romanae
1208 1677 1446 1733 historias
1480 1677 1776 1747 scriptores
1805 1674 1946 1747 (Plu-

346 1769 549 1835 tarch.,
575 1778 708 1849 tom.
735 1786 774 1833 ι.
805 1785 925 1841 pag.
957 1769 1027 1825 64
1040 1768 1111 1843 ί).

419 1861 607 1933 Neque
629 1877 790 1934 porro
817 1862 1067 1919 homines
1098 1871 1326 1930 tantum,
1355 1860 1513 1918 sicuti
1539 1861 1801 1918 Minucius
1826 1874 1948 1932 per-

347 1956 448 2026 git,
475 1956 581 2026 pati
607 1965 899 2026 potuerunt
924 1971 1147 2027 regnum
1168 1955 1305 2013 duos
1326 1955 1487 2025 inter,
1514 1956 1678 2012 etiam
1704 1954 1951 2010 aretiori-

347 2051 451 2104 bus
496 2061 702 2105 natura:
729 2050 957 2106 vinculis
1002 2050 1338 2122 cenjunctos,
1369 2049 1557 2116 dividi,
1587 2048 1681 2104 sed
1712 2062 1813 2105 nec
1834 2049 1948 2119 ipsa

346 2156 563 2212 quoque
588 2150 799 2198 natura.
835 2160 855 2194 ι
891 2141 1045 2206 Vide,
1080 2162 1099 2195 ›
1134 2142 1324 2213 inquit,
1354 2161 1373 2195 ι
1409 2150 1607 2197 cetera
1634 2141 1781 2197 :Rex
1813 2154 1951 2195 unus

345 2234 578 2305 apibus,
625 2236 730 2289 dux
763 2250 900 2290 unus
952 2235 1003 2288 in
1051 2234 1337 2306 gregibus,
1382 2233 1435 2289 in
1481 2233 1743 2289 armentis
1768 2241 1951 2288 rector

349 2344 509 2384 unus.
551 2346 573 2380 ι
604 2327 734 2397 Qua:
762 2329 978 2398 quidem
1018 2325 1318 2398 Cyprianus
1345 2326 1565 2383 totidem
1593 2325 1771 2381 verbis
1796 2336 1948 2381 retu-

341 2420 411 2476 lit
437 2419 649 2492 (Cypr.,
672 2420 763 2475 lib.
790 2422 854 2474 de
884 2418 1235 2487 Idol.Vanit.,
1267 2435 1367 2493 pag
1422 2420 1534 2483 ll).
1555 2418 1794 2489 Uterque.
1820 2434 1950 2474 vero

348 2511 478 2569 inde
504 2512 802 2579 concludit,
852 2528 1027 2583 neque
1061 2529 1327 2568 summam
1370 2514 1422 2569 in
1461 2514 1602 2569 cmlo
1653 2512 1815 2568 dividi
1848 2527 1949 2583 po-

348 2619 633 2677 testatem,
679 2620 842 2682 atque
886 2611 1054 2666 idirco
1105 2626 1266 2665 unum
1294 2609 1571 2666 dumtaxat
1601 2625 1722 2665 esse
1758 2609 1946 2665 Deum.

348 2703 515 2759 Plura
563 2720 628 2758 ex
661 2702 746 2759 bis
774 2704 879 2759 alia
920 2703 1294 2774 hujuscemodi
1341 2712 1464 2775 post
1494 2704 1852 2772 Lactantium,
1881 2703 1951 2761 de

350 2813 460 2869 quo
485 2813 584 2854 nos
612 2814 712 2855 suo
739 2799 881 2866 loco,
912 2799 1275 2873 Hieronymus
1304 2800 1508 2871 profert
1534 2801 1801 2871 exempla,
1827 2801 1949 2872 qui-

347 2890 452 2947 bus
480 2892 814 2960 probandmn
863 2902 1176 2961 susceperat
1205 2908 1368 2948 unum
1401 2894 1454 2948 in
1490 2895 1820 2950 monasterio
1854 2892 1951 2949 de-

349 2983 481 3040 bere
509 2998 631 3041 esse
655 2994 954 3041 rectorem:
980 3006 999 3038 ‹
1032 2986 1203 3042 Etiam
1231 2997 1430 3053 muta,»
1460 2987 1585 3054 :til,t
1607 2988 1877 3051 animalia,
1899 2997 1953 3043 et

352 3075 587 3131 ferarum
617 3091 808 3148 greges
830 3078 993 3134 duces
1022 3088 1324 3150 sequuntur
1343 3093 1490 3134 suos.
1514 3080 1571 3135 In
1597 3080 1786 3151 apibus
1814 3080 1955 3150 prin-

1977 1767 2026 1830 B

2053 463 2207 509 naret
2237 472 2257 506 ›
2304 453 2589 529 (Athanas.
2624 454 2773 511 Orat.
2798 466 2960 509 contr.
2995 454 3172 523 Gent.,
3207 453 3353 528 §38,
3387 472 3508 527 pag.
3540 454 3664 525 57).

2122 547 2252 612 Quis
2295 556 2471 602 autem
2520 564 2625 603 non
2672 547 2852 603 videat
2902 548 3041 603 idem
3088 550 3302 618 penitus
3346 564 3377 603 a
3425 548 3668 605 Minucio

2051 646 2237 693 nostro
2264 639 2364 694 hac
2385 640 2599 709 probari
2628 638 2880 696 ratione?
2921 659 2942 693 ί
2972 638 3110 697 Cum
3155 641 3331 713 palam
3367 641 3437 698 sit
3466 657 3669 713 paren-

2053 739 2160 786 tem
2212 733 2451 787 omnium
2499 732 2666 789 Deum
2701 748 2799 789 nec
2828 734 3149 804 principium
3182 733 3384 791 habere
3414 750 3514 791 nec
3547 747 3666 790 ter-

2052 828 2279 893 minum,
2312 829 2405 899 qui
2448 830 2779 886 nativitatem
2819 831 3073 886 omnibus
3104 840 3344 902 przestet,
3388 831 3493 887 sibi
3533 845 3668 904 per-

2052 920 2389 991 petuitatem,
2420 923 2511 993 qui
2559 932 2686 979 ante
2727 924 2988 979 mundum
3021 924 3201 991 fuerit,
3244 924 3347 980 sibi
3392 925 3507 994 ipse
3558 938 3663 994 pro

2051 1014 2275 1083 mundo,
2304 1015 2392 1086 qui
2433 1016 2683 1072 universa
2707 1032 3063 1089 qumeumque
3107 1027 3235 1073 sunt
3277 1016 3444 1072 verbo
3486 1017 3664 1086 jubet,

2051 1107 2261 1163 ratione
2324 1107 2624 1179 dispensat,
2696 1110 2897 1165 virtute
2957 1121 3314 1166 consummat.
3366 1128 3386 1162 ο
3458 1108 3669 1165 Eadem

2056 1212 2218 1268 porro
2253 1209 2308 1255 et
2332 1210 2490 1257 antea
2550 1216 2578 1255 a
2632 1200 2968 1257 Tertulliano
2997 1213 3051 1257 et
3095 1211 3281 1274 postea
3312 1218 3341 1257 a
3392 1200 3670 1275 Cypriauo

2051 1291 2193 1347 dicta
2224 1308 2345 1348 cs>e
2370 1292 2623 1349 vidimus.
2654 1295 2917 1351 Cernisne
2942 1296 3129 1366 quanti
3157 1295 3372 1350 roboris
3400 1295 3473 1349 sit
3525 1293 3673 1351 istud

2050 1396 2451 1456 argumentum,
2509 1401 2618 1457 quo
2662 1385 2958 1442 doctissimi
2993 1386 3071 1442 illi
3123 1387 3222 1442 viri
3267 1386 3549 1443 evidenter
3575 1385 3671 1441 dc-

2051 1487 2355 1534 monstrant
2396 1478 2574 1534 nullos
2620 1479 2800 1551 plane,
2850 1479 2898 1534 si
2944 1479 3123 1550 plures
3162 1480 3287 1546 sint,
3346 1492 3504 1550 posse
3543 1494 3672 1534 esse

2051 1571 2205 1640 deos,
2236 1584 2399 1645 atque
2421 1573 2623 1631 idcirco
2653 1584 2710 1629 ut
2741 1588 2880 1630 unus
2907 1572 3303 1643 tantummodo,
3341 1588 3442 1630 nec
3481 1572 3668 1644 plures

2052 1667 2164 1725 sint
2191 1667 2288 1740 dii,
2321 1682 2445 1726 esse
2475 1684 2699 1740 prorsus
2725 1670 3130 1726 necessarium?

2691 1804 2921 1864 CAPUT
2958 1806 3024 1863 V.

2228 1938 2297 1978 DE
2346 1937 2435 1979 DEI
2487 1937 2707 1991 NOIINB,
2748 1937 2984 1989 NATURA,
3036 1938 3104 1979 ΕΤ
3159 1938 3492 1980 Αττκιιιυτιε.

2593 2077 2888 2119 ARTICULUS
2917 2078 3001 2119 PRI
3008 2077 3129 2120 IIIS.

2062 2200 2192 2268 Quis
2218 2208 2264 2255 et
2290 2198 2415 2269 quid
2440 2201 2505 2255 sit
2530 2197 2691 2266 Deus,
2718 2201 2917 2272 quodue
2942 2201 3053 2272 ejus
3089 2217 3293 2269 nomen,
3321 2218 3383 2256 ac
3406 2202 3664 2274 quomodo

2125 2293 2188 2348 ab
2215 2293 2421 2349 homine
2443 2304 2779 2366 cognoscatur
2804 2312 2824 2362 ;
2852 2296 3052 2351 tametsi
3080 2296 3343 2370 corporeis
3385 2298 3545 2353 oculis
3591 2299 3669 2353 ui-

2140 2386 2248 2442 deri
2275 2403 2377 2443 nan
2405 2390 2584 2459 possit.

2126 2522 2382 2592 Quamvis
2422 2523 2678 2581 Octavius
2721 2534 2828 2580 tam
2858 2526 3046 2593 certis,
3098 2542 3259 2599 quam
3307 2527 3671 2598 evidentibus,

2053 2618 2389 2688 argumentis
2417 2616 2727 2688 probaverit
2773 2618 2938 2673 Deum
2979 2618 3237 2686 existere,
3270 2635 3503 2692 eumque
3538 2606 3671 2676 esse

2055 2712 2307 2779 unicum,
2337 2711 2587 2768 (Ia-cilius
2630 2722 2808 2768 tamen
2838 2712 3015 2768 Solita.
3040 2712 3320 2785 gentilium
3368 2714 3672 2786 pervicacia

2054 2804 2231 2861 adhuc
2261 2815 2474 2871 nutans,
2518 2820 2730 2869 eorum,
2777 2808 2822 2860 si
2867 2816 3043 2861 tamen
3097 2807 3360 2876 potuisset
3389 2823 3665 2879 umquam,

2053 2901 2164 2955 vim
2192 2908 2248 2954 et
2271 2901 2436 2955 robur
2467 2899 2743 2956 infirmare
2773 2900 2873 2956 hac
2928 2901 3365 2971 percunctatione
3399 2913 3628 2956 conatur
3655 2918 3671 2957 :

2062 3009 2082 3044 ι
2120 2990 2295 3058 Unde,
2324 3011 2344 3044 ι
2378 2992 2569 3063 inquit,
2607 3011 2626 3045 ι
2659 2991 2742 3047 vel
2781 2994 2901 3062 quis
2928 2991 3040 3056 ille.
3058 3002 3147 3047 aut
3173 2993 3262 3048 ubi
3289 2991 3430 3049 Dens
3460 2992 3672 3058 unicus,

2056 3087 2346 3155 solitarius,
2372 3086 2680 3153 destitutus,
2712 3101 2872 3158 quem
2901 3103 3008 3141 non
3044 3101 3179 3157 gens
3206 3085 3398 3153 libera,
3434 3101 3540 3141 non
3587 3102 3676 3143 re-

354 3169 504 3239 cipes
541 3178 683 3224 sunt.
719 3169 893 3228 Grues
925 3187 1083 3226 unam
1115 3180 1414 3242 sequuntur
1458 3171 1648 3228 ordine
1694 3173 1946 3229 litterato.
1980 3172 2026 3236 C
2058 3194 2183 3251 gna,
2228 3196 2333 3234 non
2358 3180 2547 3235 saltem
2602 3180 2842 3236 Romana
2891 3178 3206 3250 superstitio
3250 3177 3672 3235 noverantUu-

354 3260 652 3332 imperator
697 3278 865 3328 unus;
909 3262 1080 3334 judex
1128 3278 1267 3319 unus
1323 3265 1632 3334 provinciam
1690 3264 1854 3319 [tertia
1898 3274 1955 3320 ut

355 3354 569 3410 condita
613 3365 716 3422 cst,
749 3356 884 3411 duos
914 3355 1114 3412 fratres
1140 3357 1297 3412 simul
1328 3355 1526 3413 habere
1547 3373 1701 3428 reges
1723 3374 1830 3413 non
1860 3374 1955 3427 po-

358 3451 481 3516 tuit,
512 3458 568 3506 et
595 3449 880 3521 parricidio
924 3449 1225 3506 dedicatur.
1256 3451 1313 3506 lu
1340 3450 1601 3507 Rebeccw
1631 3459 1785 3506 utero
1813 3450 1954 3506 Esau

361 3551 418 3599 ct
440 3541 609 3598 Jacob
659 3542 799 3599 bella
843 3554 1244 3615 gesserunt.....
1279 3543 1337 3599 lu
1376 3543 1498 3599 navi
1529 3557 1666 3598 unus
1690 3544 1957 3614 guberna-

359 3644 483 3699 tor;
513 3635 565 3690 in
590 3634 752 3691 domo
776 3652 913 3693 unus
942 3636 1213 3693 dominus.
1234 3637 1291 3693 In
1317 3637 1563 3708 quamvis
1586 3636 1772 3707 grandi
1802 3652 1957 3692 excr-

361 3728 472 3784 citu
520 3728 676 3784 unius
722 3729 933 3801 signum
985 3739 1346 3800 exspectatur.
1384 3749 1404 3782 ι
1432 3728 1746 3797 (Lactant.,
1794 3728 1889 3785 lib.
1939 3746 1956 3786 ι

360 3820 589 3878 Institut.
624 3822 808 3891 dirim,
848 3839 968 3895 cap.
1002 3825 1058 3890 5,
1086 3832 1142 3880 et
1166 3838 1308 3894 seq.,
1338 3824 1431 3880 lib.
1460 3828 1525 3879 de
1552 3822 1646 3878 Ira
1676 3822 1805 3889 Dei,
1833 3839 1955 3895 cap.

353 3917 446 3984 ll,
481 3931 600 3989 pag.
631 3916 759 3983 793;
790 3917 1124 3990 llier0nym.,
1151 3917 1324 3989 Epist.
1358 3916 1446 3985 95,
1480 3916 1547 3972 ad
1580 3916 1787 3973 Rustic.
1840 3915 1954 3973 Mo-

352 4008 512 4066 nach.
525 4052 540 4075 ,
575 4025 694 4081 pag.
728 4010 881 4080 775).

424 4101 505 4157 Ex
535 4103 598 4157 iis
622 4113 799 4158 autem
829 4104 907 4159 sic
956 4112 1141 4159 contra
1184 4101 1456 4161 Ctreilium
1501 4104 1754 4175 gentilem
1798 4102 1959 4158 Octa-

352 4194 471 4250 vius
490 4193 704 4251 Minucii
731 4198 945 4252 nomine
973 4207 1377 4269 argumentatur
1400 4216 1445 4253 τι
1465 4198 1545 4254 Tu
1573 4199 1626 4253 in
1652 4199 1792 4255 caelo
1813 4211 1957 4251 sum-

352 4303 499 4343 mam
528 4298 847 4359 potestatem
869 4291 1030 4346 dividi
1055 4293 1251 4356 credis,
1295 4300 1351 4347 et
1378 4291 1547 4347 scindi
1578 4291 1694 4347 veri
1732 4289 1871 4345 illius
1896 4304 1959 4344 ac

351 4385 517 4441 divini
540 4385 749 4457 imperii
783 4395 945 4441 totam
971 4387 1328 4457 potestatem?
1363 4406 1383 4439 ι
1416 4386 1716 4458 Cyprianus
1744 4383 1959 4453 paucio-

349 4479 502 4535 ribus
526 4480 705 4535 verbis
729 4499 741 4533 :
782 4498 802 4530 ι
836 4479 999 4535 Multo
1027 4482 1217 4550 magis.
1233 4498 1250 4531 ι
1272 4479 1492 4549 inquit,r
1514 4477 1696 4533 mundi
1721 4493 1855 4531 unus
1878 4484 1961 4532 est

2058 3271 2298 3328 datorum
2330 3273 2444 3328 sola
2472 3282 2528 3329 et
2558 3274 2753 3328 misera
2784 3271 3059 3343 gentilitas
3086 3287 3253 3327 unum
3279 3280 3335 3327 et
3373 3272 3472 3342 ipsi
3504 3272 3671 3327 Deum

2059 3364 2360 3421 coluerunt.
2391 3383 2411 3417 ι
2445 3365 2525 3420 Ad
2560 3365 2676 3420 haec
2695 3372 2873 3420 autem
2900 3361 3123 3431 Caecilii,
3153 3363 3490 3435 aliorumque
3518 3361 3669 3419 Gen-

2061 3460 2254 3526 tilium,
2304 3448 2631 3530 intérrogata
2682 3457 2944 3513 Minucius
3006 3466 3316 3513 constanter
3382 3455 3674 3528 reSpondet

2059 3552 2373 3608 eorumdem
2424 3553 2648 3608 omnino
2711 3550 3020 3607 Iudaeorum
3095 3550 3261 3606 Deum
3330 3565 3453 3606 esse
3511 3559 3673 3620 atque

2060 3647 2507 3719 Christianorum,
2541 3662 2678 3717 quos
2705 3644 2954 3701 Caecilius
2985 3646 3098 3714 ipse
3131 3644 3243 3714 jam
3304 3652 3415 3698 tum
3463 3658 3561 3714 per
3586 3652 3671 3697 to»

2061 3748 2171 3795 tum
2204 3752 2465 3795 terrarum
2496 3738 2682 3795 orbem
2727 3739 3021 3809 dispersos,
3064 3750 3127 3791 ac
3166 3735 3552 3801 Tertullianus,
3592 3736 3669 3790 uti

2061 3832 2482 3897 observavimus,
2517 3830 2632 3887 loca
2659 3830 2835 3884 onnlia
2859 3828 3168 3898 implevisse
3196 3827 3581 3883 declat-avertit.

2133 3924 2486 3997 lutet-roganti
2526 3932 2705 3979 autem
2749 3922 2867 3994 quis
2908 3921 2997 3977 ille
3051 3921 3191 3976 Deus
3239 3921 3330 3986 sit,
3378 3918 3672 3989 reSpondet

2060 4018 2352 4075 Octavius:
2391 4037 2410 4071 ι
2444 4016 2555 4073 Nec
2577 4030 2771 4070 nomen
2824 4014 2935 4069 Deo
2985 4027 3199 4084 qua-ras
3234 4030 3247 4067 :
3281 4011 3422 4068 Deus
3473 4027 3667 4067 nomen

2060 4121 2162 4168 est.
2195 4111 2308 4167 Illic
2329 4108 2600 4166 vocabulis
2621 4122 2759 4178 epus
2773 4116 2877 4171 est,
2905 4121 3029 4161 cum
3057 4090 3152 4176 per
3172 4104 3415 4176 singulos
3438 4104 3669 4173 propriis

2059 4203 2480 4276 appellationum
2532 4200 2832 4270 insignibus
2875 4196 3159 4253 multitudo
3213 4195 3515 4252 dirimenda
3546 4205 3665 4260 est,

2062 4294 2174 4355 Deo
2202 4297 2291 4369 qui
2321 4296 2471 4351 solus
2495 4304 2599 4364 est,
2646 4292 2744 4348 Dei
2771 4291 3087 4348 vocabulum
3136 4297 3304 4345 totum
3347 4300 3460 4356 est;
3510 4304 3667 4357 quem

2061 4394 2106 4450 si
2133 4402 2338 4465 patrem
2369 4390 2576 4454 dixero,
2612 4398 2884 4445 terrenum
2929 4385 3198 4456 opineris;
3239 4383 3287 4439 si
3316 4399 3520 4456 regem,
3551 4398 3672 4439 car-

2062 4486 2239 4542 nalem
2270 4482 2592 4555 suspiceris;
2625 4483 2671 4536 si
2697 4480 2999 4546 dominum,
3031 4477 3296 4555 intelliges
3319 4481 3503 4548 utique
3528 4492 3671 4533 mor-

350 4580 531 4627 rector
579 4570 971 4643 (tiypr.ibid.).
1013 4590 1032 4624 ›
1070 4571 1136 4625 Et
1187 4570 1291 4625 hoc
1337 4569 1553 4640 quidem
1589 4577 1952 4640 argumentum

2064 4581 2246 4637 talem.
2289 4577 2457 4635 Aufer
2512 4575 2872 4633 additamenta
2924 4574 3224 4637 nominum,
3269 4582 3327 4629 et
3379 4573 3671 4643 perspicies

350 4668 678 4723 Athanasius
702 4671 843 4722 nunc
869 4677 1023 4738 urget
1054 4666 1106 4720 in
1148 4665 1389 4732 modum,
1437 4679 1543 4735 quo
1571 4664 1713 4720 illius
1767 4665 1875 4720 vim
1902 4674 1957 4720 et

348 4763 560 4833 pondus
599 4777 790 4818 omnes
830 4762 1007 4817 adhuc
1069 4760 1275 4815 facilius
1324 4762 1525 4816 sentire
1574 4764 1958 4832 percipereque

348 4866 595 4927 possunt.
621 4875 641 4907 ί
673 4858 811 4928 Ipse,
845 4875 864 4908 ι
885 4854 1108 4926 ἰιηιυίι.‹
1129 4851 1496 4923 dispositionis
1524 4852 1676 4920 ordo,
1692 4852 1958 4908 omniurn-

346 4966 452 5022 que
499 4952 731 5022 partium
771 4965 1000 5006 concors
1043 4947 1392 5017 conspiratio,
1440 4961 1545 5000 non
1592 4946 1812 5013 multos,
1860 4947 1955 5003 sed

347 5062 511 5102 unum
546 5047 727 5101 mundi
760 5045 950 5102 ducem
987 5052 1042 5100 et
1096 5043 1495 5097 moderatorem
1530 5054 1651 5096 esse
1676 5039 1959 5096 manifeste

345 5139 603 5197 Ostendit.
627 5140 760 5196 Nam
789 5142 833 5197 si
883 5140 1064 5212 plures
1096 5135 1300 5194 mundo
1336 5145 1652 5206 pratessent,
1702 5133 1837 5189 ordo
1869 5134 1959 5191 ille

344 5234 554 5290 servari
583 5249 691 5288 non
723 5246 935 5304 posset;
966 5234 1060 5291 sed
1084 5233 1265 5288 omnia
1298 5230 1615 5287 confusione
1657 5240 1711 5286 et
1740 5240 1957 5300 pertur-

343 5326 565 5383 batione
609 5327 768 5396 plena
818 5340 1023 5397 essent,
1084 5328 1209 5384 dum
1239 5326 1607 5398 unusquisque
1659 5326 1838 5381 omnia
1890 5326 1959 5382 ad

342 5436 500 5478 suum
529 5419 808 5476 arbitrium
837 5426 1092 5490 traheret,
1124 5434 1178 5478 et
1206 5421 1462 5478 adversus
1482 5420 1644 5475 alium
1676 5430 1958 5491 pugnaret.

344 5518 590 5589 Namque
618 5526 672 5571 et
721 5516 914 5571 multos
943 5517 1095 5584 deos,
1126 5518 1301 5573 nullos
1335 5517 1466 5572 deos
1503 5530 1643 5580 esse,
1680 5526 1769 5574 τὴν
1807 5525 1953 5571 πολυ·

348 5620 555 5673 θεότητα.
580 5612 816 5671 ἀθεότητα.
840 5609 982 5669 εἶναι.
1013 5610 1362 5676 dueebamus,
1395 5610 1473 5666 sic
1496 5609 1689 5664 multos
1717 5618 1952 5663 rectores

343 5706 525 5761 nullos
541 5715 798 5769 rectores,
822 5718 941 5758 esse
958 5702 1247 5760 dicendum
1273 5713 1372 5759 est.
1400 5704 1537 5760 Cum
1554 5703 1698 5759 enim
1717 5704 1853 5759 alter
1870 5702 1949 5758 al-

353 5802 501 5859 crius
555 5800 843 5874 imperium
891 5810 1178 5867 everteret,
1229 5801 1408 5861 nullus
1439 5810 1587 5860 certe
1626 5808 1793 5869 esset,
1845 5800 1938 5872 qui

2058 4673 2381 4730 claritatem.
2409 4690 2428 4724 ι
2464 4671 2618 4741 Apud
2640 4668 2989 4742 Cyprianum,
3021 4668 3111 4738 qui
3156 4667 3380 4738 primam
3426 4665 3667 4737 pbrasim

2058 4766 2282 4824 totidem
2305 4763 2484 4820 verbis
2500 4760 2860 4830 transcripsit,
2877 4760 3077 4814 omissa
3098 4769 3223 4813 sunt
3243 4760 3355 4814 haec
3371 4758 3479 4815 duo
3506 4758 3671 4815 verba

2064 4879 2083 4913 ι
2114 4874 2209 4931 per
2251 4857 2511 4929 singulos,
2545 4874 2565 4909 ι
2593 4867 2754 4926 atque
2798 4852 2993 4909 ibidem
3016 4852 3274 4922 scriptum
3315 4860 3439 4907 est:
3474 4869 3494 4903 ι
3531 4849 3671 4906 Deus

2059 4969 2254 5011 nomen
2279 4953 2374 5019 illi;
2408 4952 2518 5007 illic
2534 4947 2809 5004 vocabulis
2826 4961 2963 5018 opus
2978 4954 3081 5008 est,
3102 4944 3189 4999 ubi
3218 4944 3448 5017 prepriis
3475 4944 3668 5014 appel-

2064 5048 2324 5104 latioiium
2354 5045 2649 5116 insignibus
2679 5039 2965 5096 multitudo
2979 5037 3278 5093 dirimenda
3293 5047 3373 5091 est
3399 5054 3419 5088 ι
3455 5035 3667 5109 (Cypr.,

2058 5141 2154 5199 lib.
2178 5140 2242 5196 de
2265 5139 2464 5195 Idolor.
2494 5136 2694 5203 Vanit.,
2714 5151 2833 5207 pag.
2878 5134 2946 5190 l5
2967 5130 3008 5205 ).
3051 5131 3238 5203 Neque
3263 5130 3333 5186 ibi
3363 5130 3452 5186 ille
3491 5131 3668 5202 plura.

2129 5231 2438 5289 Lactantius
2466 5240 2644 5286 autem
2669 5228 2736 5284 de
2784 5225 3135 5296 Trismegisto
3164 5242 3179 5279 :
3214 5242 3234 5277 ι
3276 5223 3392 5289 llic,
3428 5241 3448 5276 ι
3470 5223 3666 5292 inquit,

2065 5344 2087 5379 ι
2120 5325 2334 5395 scripsit
2359 5324 2544 5389 libros,
2569 5331 2623 5377 et
2660 5319 2876 5393 quidem
2908 5321 3124 5384 multos,
3150 5316 3203 5371 in
3232 5315 3427 5388 quibus
3471 5315 3670 5385 majes-

2060 5429 2225 5476 tatem
2256 5417 2449 5475 summi
2472 5430 2536 5472 ac
2564 5413 2850 5485 singularis
2872 5412 2966 5467 Dei
2991 5410 3208 5477 asserit,
3233 5409 3530 5478 iisdemque
3569 5421 3669 5463 no-

2058 5514 2290 5570 minibus
2316 5511 2573 5582 appellat.
2605 5508 2800 5579 quibus
2836 5521 2956 5569 nos,
3001 5504 3167 5559 Deum
3195 5512 3251 5557 et
3299 5501 3513 5557 Patrem
3542 5519 3555 5553 :
3601 5515 3668 5556 ac

2055 5625 2123 5665 ne
2163 5609 2284 5679 quis
2318 5621 2513 5661 nomen
2552 5604 2669 5673 ejus
2713 5601 3034 5672 requireret,
3075 5602 3317 5665 ἀνώνυμον
3362 5609 3481 5650 esse
3527 5593 3668 5649 dixnt

2056 5718 2123 5760 eo
2151 5700 2294 5774 quod
2323 5700 2555 5756 nominis
2603 5696 2933 5771 proprietate
2983 5708 3088 5748 non
3140 5700 3315 5763 egeat,
3362 5688 3433 5744 ob
3489 5688 3663 5757 ipsam

2052 5799 2312 5857 unitatem
2353 5816 2373 5850 ι
2402 5792 2695 5867 (l.actant.,
2725 5790 2798 5847 lib
2820 5806 2856 5858 ι,
2890 5804 3007 5860 cap.
3042 5787 3096 5851 6,
3125 5801 3248 5859 pag.
3279 5781 3393 5856 50).
3423 5783 3663 5840 Trisme-
