3972 6310
218 251 320 308 441

1588 239 2067 301 DISSERTATIO.

3421 248 3529 304 ΗΞ.

216 368 341 440 gisti
368 366 530 424 verba
559 381 589 421 a
617 364 894 424 Lactantio
920 362 1000 419 sic
1021 362 1184 421 citata
1211 369 1336 417 sunt
1364 377 1379 415 :
1412 350 1455 415 ὁ
1496 363 1547 414 δι
1580 366 1697 421 Θεὸς
1736 358 1822 427 εἷς,
1855 358 1904 419 Α
1932 356 1998 412 ad
2045 356 2276 430 aliquam
2307 359 2668 430 cognitionem
2696 356 2790 417 Dei
2819 360 3203 429 manuducere,
3270 371 3528 433 quantum

216 470 241 519 ὁ
266 468 320 520 ὂὶ
363 464 452 530 εἷς,
481 468 706 533 ὃνόμιτυς
735 466 787 518 οὗ
818 464 1119 532 πριισδίεταιο
1152 467 1252 514 ἔστι
1278 463 1364 531 γὰρ
1415 463 1440 512 ὁ
1483 462 1543 511 ὢν
1570 459 1821 524 ἀνώνυμος.

214 557 353 615 Tum
382 557 579 614 deinde
607 558 836 628 ipsemet
879 555 1189 611 Lactantius
1225 554 1302 610 sic
1326 552 1606 624 disputat:
1660 571 1679 604 ι
1718 551 1827 607 Deo

214 650 379 722 igitur
402 665 599 706 nomen
617 666 721 704 non
743 658 847 711 est.
876 652 998 718 quia
1021 649 1188 704 solus.
1220 647 1333 705 Nec
1350 662 1488 717 Opus
1513 657 1593 702 est
1610 646 1826 717 proprio

211 746 503 813 vocabulo,
542 745 645 801 nisi
690 760 813 802 cum
861 744 1152 800 discrimen
1180 741 1711 814 exigit‘multitudo;
1769 753 1826 800 ut

212 854 655 911 unamquamque
705 854 992 910 personam
1040 852 1134 893 sua
1183 846 1309 892 nota
1358 844 1413 892 et
1463 833 1823 906 appellatione

211 934 487 1008 designes.
519 935 631 990 Deo
667 946 868 1001 autem,
916 933 1040 1003 quia
1100 946 1316 1002 semper
1369 943 1508 985 unus
1555 938 1656 994 est,
1701 942 1821 998 pro-

210 1030 390 1101 prium
445 1043 639 1085 nomen
695 1039 778 1085 est
838 1028 996 1085 Dens.
1030 1047 1049 1081 ι
1084 1028 1155 1084 At
1181 1027 1321 1098 quod
1368 1027 1438 1081 ibi
1482 1034 1605 1096 post
1646 1039 1819 1095 graeca

207 1121 554 1193 Trismegisti
601 1122 762 1179 verba
802 1121 1018 1193 adjecit,
1061 1119 1189 1176 illud
1237 1117 1476 1189 profecto
1522 1134 1586 1172 ex
1638 1128 1822 1172 nostro

207 1224 453 1280 auctore,
509 1216 646 1272 sicut
697 1226 752 1271 et
804 1216 907 1271 alia
943 1220 1117 1286 plura,
1168 1212 1439 1269 delibasse
1484 1210 1714 1278 videtur,
1765 1219 1821 1265 et

206 1324 432 1366 sensum
467 1309 614 1365 illius
643 1309 876 1367 reddidit
903 1308 1213 1366 clariorem.

277 1401 451 1457 Docet
499 1401 680 1473 itaque
720 1400 984 1457 Minucius
1034 1400 1211 1471 primo
1262 1409 1507 1454 naturam
1561 1395 1658 1451 Dei
1696 1409 1819 1452 esse

202 1493 683 1564 simplicissimam.
704 1510 825 1567 qua:
844 1494 992 1550 nullo
1017 1493 1231 1566 penitus
1252 1492 1415 1547 modo
1439 1490 1603 1547 dividi
1631 1498 1815 1560 queat,

203 1586 385 1655 ipsum
418 1603 548 1643 vero
573 1603 747 1660 neque
774 1597 1069 1655 terrenum,
1110 1602 1283 1657 nrgue
1325 1600 1666 1657 corporeum,
1720 1600 1817 1641 ne-

203 1697 313 1752 que
338 1683 651 1750 mortalem,
705 1693 866 1754 atque
907 1682 1029 1739 ideo
1072 1681 1333 1753 spiritalis
1388 1679 1814 1752 immortalisque

200 1788 329 1830 esse
359 1775 695 1832 substantim.

275 1869 485 1926 Deinde
516 1885 644 1927 vero
676 1870 840 1926 Deum
881 1870 1120 1942 quidem,
1145 1869 1321 1942 qualis
1374 1878 1711 1941 quantusque
1754 1869 1806 1923 in

196 1975 260 2017 se
290 1971 396 2027 est,
429 1977 461 2017 a
490 1961 646 2018 nobis
677 1977 782 2017 non
814 1962 1063 2033 cognosci
1098 1979 1113 2015 :
1146 1961 1440 2033 qttemlibet
1481 1971 1656 2017 tamen
1714 1960 1809 2016 ho-

197 2055 406 2110 minem
439 2053 509 2108 ab
540 2054 684 2110 illius
711 2054 848 2117 idea,
875 2070 1236 2126 qumcuntque
1264 2065 1478 2110 terrena
1509 2065 1564 2110 et
1611 2053 1809 2124 imper-

195 2146 338 2204 fecta
360 2158 487 2204 sunt
512 2148 858 2217 removendo,
884 2150 951 2206 ad
977 2149 1314 2206 manifeStam
1345 2148 1486 2204 illius
1527 2147 1808 2219 pervenire

192 2242 588 2312 cognitionem.

268 2333 479 2402 Tertio,
506 2335 724 2391 nomina
756 2335 820 2392 iis
848 2345 1054 2392 tantum
1082 2337 1245 2392 rebus
1274 2335 1497 2405 imponi,
1528 2350 1646 2407 qua:
1673 2350 1703 2390 a
1748 2349 1807 2392 se

194 2425 438 2483 invicem
483 2428 768 2496 distincta},
816 2444 881 2485 ac
940 2429 1167 2485 diversa:
1215 2437 1369 2494 sunt;
1421 2437 1480 2483 ut
1530 2443 1652 2499 qua:
1702 2443 1806 2483 una

192 2536 431 2593 qumque
479 2524 571 2588 sit,
628 2523 957 2595 designetur.
1001 2523 1361 2592 Quamobrem
1435 2523 1564 2590 Deo,
1613 2522 1804 2594 inquit,

194 2614 288 2684 qui
317 2614 750 2685 simplicissimus
787 2626 888 2681 est,
916 2632 980 2672 ac
1017 2616 1164 2672 solus
1203 2625 1329 2672 ante
1359 2630 1549 2671 omnes
1596 2626 1805 2671 creatu-

194 2720 285 2759 ras
315 2720 642 2779 semperque
678 2709 905 2774 exstitit,
952 2709 1180 2774 nullum,
1237 2709 1311 2765 uti
1380 2723 1505 2765 mox
1551 2708 1746 2763 citatus
1774 2722 1805 2763 a

193 2796 485 2855 Lactantio
512 2800 894 2872 Trismegistus
943 2801 1155 2868 aiebat,"
1185 2815 1380 2857 nomen
1435 2800 1549 2856 dari
1605 2809 1802 2872 potest.

193 2892 390 2966 Neque
443 2894 679 2951 absimili
750 2910 970 2967 prorsus
1025 2896 1185 2952 modo
1246 2896 1489 2953 Justinus
1559 2897 1802 2968 Martyr:

193 2996 302 3059 Θεῷ
328 2993 380 3043 δὲ
412 2996 523 3045 οὔτε
563 2995 589 3044 ὁ
616 2994 764 3054 τιθεὶς
806 2997 957 3059 ὄνομα
982 3001 1305 3063 προῦπηκεν,
1334 2996 1439 3046 οὔτε
1468 2995 1610 3052 αὐτὸς
1639 2996 1806 3045 immiti

190 3087 449 3152 ὀνομάζειν
470 3090 603 3156 ᾠήθη
630 3089 745 3149 δεῖν,
775 3085 842 3149 εἷς
868 3088 953 3139 καὶ
972 3088 1107 3153 μόνος
1133 3089 1373 3155 ὑπάρχων.
1391 3083 1561 3139 rFieri
1584 3083 1805 3137 omnino

1931 460 2136 507 naturae
2178 451 2430 507 humanm
2470 451 2595 510 licet
2630 453 3112 523 comprehendere,
3156 470 3262 513 non
3293 454 3528 515 absurde

1929 543 2137 601 dicetur
2180 546 2518 603 nominabilis
2560 546 2825 622 (0rigeu.,
2876 548 2971 604 lib.
3013 564 3100 604 ut
3145 560 3310 604 contr.
3362 548 3525 617 (λειω,

1930 654 2050 712 pag.
2081 639 2207 709 520,
2238 641 2289 696 in
2312 640 2416 713 4°).
2452 661 2473 695 ι
2508 641 2725 698 Fatetur
2762 642 3022 714 siquidem
3050 643 3307 715 Origenes
3351 659 3384 699 a
3427 658 3526 701 ne-

1928 735 2073 788 mine
2113 749 2271 805 posse
2319 734 2429 790 Deo
2472 735 2743 805 proprium
2801 750 2996 790 nomen
3041 734 3262 805 imponi,
3314 749 3415 791 nec
3458 735 3528 791 ab

1927 826 2037 883 ullo
2068 826 2354 892 nominari,
2384 827 2485 883 nisi
2514 837 2780 899 quatenus
2804 826 3079 899 fragilitati
3118 826 3370 885 humanm
3422 827 3526 886 da-

1927 929 2037 975 tum
2064 930 2165 975 est.

1996 1014 2069 1069 At
2111 1011 2175 1067 iis
2203 1011 2418 1084 quidem
2457 1013 2526 1068 ita
2570 1028 2697 1069 vere
2726 1028 2962 1084 prorsus
3007 1030 3072 1069 ac
3114 1021 3260 1071 recte
3312 1014 3520 1086 positis,

1921 1102 2186 1173 Minucius
2223 1115 2427 1166 uoster.
2456 1121 2521 1164 ac
2559 1121 2681 1163 cum
2733 1106 2825 1163 illo
2850 1108 3170 1180 Cyprianus,
3201 1119 3255 1164 et
3299 1108 3525 1165 Lactan-

1924 1197 2029 1253 tius
2073 1208 2323 1257 asserunt
2404 1198 2507 1255 hoc
2552 1200 2871 1256 vocabulum
2925 1200 3085 1269 Deus,
3132 1216 3321 1257 revera
3369 1216 3516 1269 esse,

1921 1301 2177 1364 quantum
2206 1292 2429 1362 homini,
2461 1305 2518 1349 ut
2544 1294 2618 1350 ait
2645 1294 2921 1365 Origenes,
2954 1310 3077 1350 eum
3125 1296 3404 1353 nominare
3441 1295 3521 1352 fas

1921 1395 2022 1452 est,
2059 1395 2228 1444 tntum
2258 1402 2322 1443 ac
2354 1386 2625 1458 proprium
2652 1403 2763 1443 vert
2789 1387 2884 1444 Dei
2925 1402 3144 1443 nomen.
3174 1386 3344 1444 Antea
3392 1402 3521 1445 vero

1919 1479 2049 1535 iilud
2076 1495 2106 1535 a
2135 1479 2465 1537 Tertulliano
2494 1481 2577 1535 bis
2601 1481 3007 1552 comprobatum
3039 1480 3217 1538 verbis
3247 1481 3473 1553 legimus
3501 1501 3515 1539 :

1918 1573 2113 1630 Anima
2150 1593 2189 1637 α,
2205 1573 2325 1630 licet
2373 1590 2600 1647 corpore
2627 1590 2833 1646 pressa,
2886 1575 3099 1632 licet....
3127 1576 3292 1631 Deum
3346 1576 3519 1632 nomi-

1919 1677 2031 1734 nat.
2065 1669 2166 1726 hoc
2186 1670 2320 1738 solo,
2352 1674 2474 1742 quia
2505 1671 2720 1742 proprie
2740 1686 2901 1726 verus
2946 1670 3034 1726 hic
3067 1670 3208 1727 Deus
3246 1671 3419 1726 bonus
3460 1678 3520 1726 et

1839 1765 2139 1834 Bmagnus
2197 1762 2453 1837 (Tertul.,
2495 1765 2791 1837 Apologet.,
2842 1780 2961 1837 cap.
3014 1765 3104 1831 i7,
3156 1781 3277 1837 pag.
3333 1763 3448 1838 24).
3490 1783 3511 1818 ι

1911 1857 2250 1929 Quapropter
2281 1859 2381 1915 hoc
2410 1857 2506 1913 Dei
2533 1873 2729 1915 nomen
2768 1858 2868 1930 ipsi
2924 1858 3024 1915 soli
3056 1873 3156 1917 nec
3198 1859 3352 1916 alteri
3378 1859 3516 1916 dan-

1909 1950 2035 2008 dum
2066 1967 2188 2008 esse
2214 1962 2505 2008 asseverat.

1980 2044 2112 2114 Quis
2139 2053 2319 2101 autem
2343 2046 2431 2101 ille
2458 2046 2544 2111 sit,
2573 2046 2619 2102 si
2649 2046 2768 2118 quis
2796 2062 2828 2102 a
2858 2045 3089 2103 Minucio
3134 2057 3339 2116 nostro,
3387 2064 3519 2121 que-

1908 2138 2256 2196 madmodum
2301 2140 2572 2208 Caecilius,
2625 2140 2950 2210 sciscitatur,
2991 2142 3094 2198 huc
3152 2144 3398 2215 protinus
3447 2143 3517 2200 ab

1908 2248 1980 2304 eo,
2003 2222 2322 2302 responsum
2348 2234 2576 2306 accipiet
2604 2252 2620 2293 :
2650 2254 2669 2289 ι
2707 2236 2804 2294 Hic
2837 2252 2936 2293 nec
2962 2236 3128 2294 videri
3168 2248 3365 2309 potest,
3398 2240 3515 2295 visu

1907 2328 2106 2385 clarior
2128 2339 2230 2394 est,
2274 2345 2373 2386 nec
2406 2330 2813 2400 comprehendi,
2847 2342 2988 2389 tactu
3022 2333 3207 2403 purior
3243 2342 3325 2390 est
3356 2333 3512 2408 (haec

1910 2422 2008 2478 tria
2038 2423 2335 2495 posteriora
2357 2424 2521 2479 verba
2565 2424 2667 2480 etsi
2692 2440 2721 2478 a
2751 2422 3021 2497 Cypriano
3071 2426 3410 2497 transcripta,
3457 2425 3514 2481 in

1907 2535 2012 2593 ms.
2044 2520 2230 2577 codice
2252 2521 2399 2592 regio
2426 2521 2642 2588 desunt)
2681 2536 2780 2577 nec
2806 2522 3084 2588 aestimari,
3117 2522 3363 2578 sensibus
3398 2537 3516 2578 ma-

1902 2615 1989 2687 jor
2009 2627 2091 2670 est
2119 2614 2414 2687 (inﬁnitus,
2444 2615 2759 2675 immensus,
2789 2624 2843 2670 et
2863 2614 2962 2669 soli
3007 2614 3110 2671 sibi
3159 2626 3393 2685 quantus
3431 2622 3516 2671 est

1907 2717 2086 2763 notus.
2117 2705 2283 2762 Nobis
2332 2720 2462 2762 vero
2505 2706 2572 2761 ad
2621 2706 2951 2763 intellectum
2992 2718 3179 2778 pectus
3227 2716 3513 2779 angustum

1907 2800 2035 2874 est),
2066 2811 2120 2857 et
2148 2801 2269 2858 ideo
2296 2802 2375 2858 sic
2404 2817 2526 2857 eum
2553 2801 2713 2872 digne
2741 2800 3090 2867 :rstimamus,
3139 2800 3267 2857 dum
3306 2802 3515 2857 inaesti-

1908 2898 2160 2955 mabilem
2187 2897 2417 2954 dicimus
2454 2919 2473 2952 ι
2508 2897 2721 2971 (Cypr.,
2751 2897 2847 2955 lib.
2879 2897 2947 2953 de
2978 2896 3118 2953 Idol.
3161 2897 3357 2965 νηδύι,
3389 2912 3511 2970 pag.

1908 2991 2039 3065 Η).
2095 2993 2167 3048 Ea
2214 3003 2392 3048 autem
2439 2993 2618 3049 omnia
2646 3035 2662 3061 ,
2707 2993 2790 3048 his
2837 3001 3040 3048 tantum
3089 2993 3349 3059 exceptis,
3392 3007 3514 3062 qua:

1913 3088 2125 3144 uncinis
2155 3088 2493 3152 clauduntur,
2525 3088 2747 3145 totidem
2777 3089 2956 3145 verbis
2977 3087 3265 3159 descripsit
3290 3087 3513 3159 Cypria-

191 3190 306 3232 nOtt
338 3187 536 3244 potem,
571 3188 627 3233 ιιι
678 3179 952 3247 preprium
1001 3177 1219 3248 aliquod
1267 3179 1375 3233 Deo
1404 3191 1597 3233 nomen
1648 3174 1804 3231 attri-
1834 3171 1880 3235 C
1915 3198 2035 3238 uns.
2062 3183 2128 3237 At
2156 3191 2384 3253 utroque
2407 3183 2557 3254 prior
2584 3181 2965 3244 Tertulliauus,
3000 3181 3139 3237 ident
3169 3180 3289 3236 aliis
3332 3180 3511 3236 verbis

192 3267 416 3333 buatur,
450 3279 733 3341 propterea
762 3270 906 3341 quod
950 3272 1164 3325 nomina
1193 3270 1258 3325 ad
1288 3270 1716 3341 designationem
1754 3276 1809 3325 et

191 3359 582 3418 discretionem
613 3362 975 3433 subjectarum
1034 3378 1212 3419 rerum
1267 3363 1630 3432 imponantur,
1688 3377 1809 3431 qua:

192 3456 368 3509 varia:
397 3465 524 3510 sunt
549 3465 603 3512 et
630 3457 828 3513 multae.
864 3458 973 3512 Deo
993 3466 1194 3523 autem,
1231 3457 1319 3525 qui
1346 3472 1540 3513 nomen
1576 3456 1805 3523 inderet,

192 3562 362 3603 nemo
389 3557 517 3604 ante
541 3564 667 3605 eum
705 3550 957 3606 exstitit:
989 3564 1164 3621 neque
1218 3550 1331 3618 ipse
1380 3563 1440 3604 se
1493 3550 1664 3616 ipsum
1712 3565 1807 3606 uo.

192 3640 347 3697 mine
373 3642 554 3713 aliquo
577 3643 847 3719 designari
872 3658 1009 3714 opus
1028 3658 1151 3699 esse
1177 3642 1349 3710 duxit,
1385 3659 1523 3700 unus
1564 3653 1620 3700 et
1657 3645 1806 3701 solus

192 3735 444 3791 existens
473 3735 705 3808 (Justin.
730 3735 940 3793 Coltort.
972 3738 1040 3792 ad
1068 3736 1258 3801 Graia,
1303 3752 1422 3805 pag.
1468 3736 1578 3810 t9).
1621 3759 1640 3791 ι
1670 3738 1805 3793 [lur-

191 3844 289 3886 sus
322 3846 452 3886 vero
481 3831 606 3886 alibi
637 3831 776 3887 haud
806 3832 976 3888 semel
1020 3834 1129 3899 ille,
1163 3833 1303 3888 sicut
1332 3842 1387 3888 et
1414 3833 1502 3888 alii
1550 3833 1804 3887 Ecclesia:

192 3928 408 3996 Patres,
493 3942 654 4003 negat
722 3932 887 3987 ullum
937 3932 1062 4004 ﬁngi
1133 3947 1292 4003 posse
1361 3932 1636 4004 pr0prium
1711 3933 1803 3990 Dei

188 4038 415 4079 nomen.

266 4116 457 4188 Neque
496 4117 579 4173 his
608 4120 793 4189 ofﬁcit,
830 4121 970 4191 quod
998 4121 1157 4177 Celso
1185 4120 1457 4190 OlljiClellli
1489 4121 1653 4175 Deum
1681 4135 1803 4176 esse

186 4211 634 4281 innominabilem,
667 4214 957 4285 respondet
986 4214 1277 4281 Origenes:
1326 4223 1591 4277 Annali;
1618 4218 1797 4269 δεῖται.

186 4309 231 4359 εἱ
277 4315 368 4374 μὲν
406 4313 537 4378 γὰρ,
566 4314 641 4363 ὅτι
688 4313 814 4365 ιῦδὲν
872 4326 963 4365 τῶν
1004 4315 1051 4363 ἰν
1088 4316 1239 4374 λέξεσι
1292 4312 1377 4361 καὶ
1441 4315 1804 4377 σημαινομένοις

188 4402 396 4455 Cinarae:
446 4417 753 4473 παραιρῆται
797 4407 885 4463 τὰς
932 4405 1173 4463 ἰδιότητας
1197 4407 1281 4457 τοῦ
1307 4408 1449 4465 Θεοῦ,
1496 4406 1668 4465 ἀληθὲς
1699 4410 1800 4456 ἔστι

186 4501 247 4545 τὸ
271 4496 535 4563 λεγόμενα,
564 4502 609 4551 εἴ
632 4518 682 4566 γε
712 4498 989 4549 καὶπλὶαὶ
1008 4498 1253 4556 ποιότητες
1277 4500 1357 4549 οὐκ
1383 4498 1499 4551 εἰσὶν
1518 4499 1796 4563 damnaui.

1910 3275 2053 3333 hunc
2080 3277 2292 3333 dixerat
2319 3278 2370 3331 in
2405 3276 2624 3333 modum
2652 3295 2664 3331 :
2702 3295 2722 3331 ι
2759 3276 3046 3332 Invisibilis
3066 3286 3167 3337 est.
3199 3276 3300 3332 etsi
3328 3275 3511 3332 videa-

1913 3381 2032 3437 tur;
2085 3370 2673 3443 incomprehensibilis,
2726 3370 2827 3426 etsi
2874 3387 2972 3442 per
3018 3371 3248 3444 gratiam
3305 3386 3512 3440 reprae-

1909 3472 2184 3529 sentetur;
2214 3464 2627 3526 inaestimabilis.
2655 3464 2758 3520 etsi
2794 3463 3041 3519 humanis
3078 3464 3324 3520 sensibus
3359 3464 3507 3521 :esti«

1910 3568 2107 3625 metur,
2137 3558 2258 3615 ideo
2289 3574 2445 3613 verus
2475 3566 2652 3615 tantus
2680 3566 2780 3613 est.
2836 3556 3104 3615 Caeterum
3148 3558 3290 3631 quod
3339 3558 3508 3615 videri

1907 3655 2285 3716 communiter,
2314 3654 2456 3724 quod
2508 3652 2912 3721 comprehendi,
2942 3652 3085 3719 quod
3123 3653 3376 3709 aestimari
3416 3667 3511 3723 po-

1910 3756 2032 3812 test,
2062 3747 2237 3802 minus
2282 3756 2364 3801 est
2415 3754 2473 3801 et
2521 3746 2692 3801 oculis
2712 3744 2905 3817 quibus
2933 3753 3246 3815 occupatur,
3289 3752 3344 3799 et
3390 3760 3506 3800 ma-

1909 3839 2064 3894 nibus
2136 3839 2331 3909 quibus
2404 3838 2845 3905 contaminatur,
2904 3846 2959 3892 et
3015 3836 3263 3893 sensibus
3315 3836 3509 3907 quibus

1908 3931 2194 3988 invenitur.
2247 3931 2399 4000 Quod
2436 3947 2569 3985 vero
2620 3932 2968 3998 immensum,
3018 3930 3119 3986 soli
3174 3930 3275 3986 sibi
3321 3940 3508 3985 notum

1906 4037 2022 4091 e5t;
2053 4026 2151 4079 hoc
2181 4033 2293 4088 est,
2322 4024 2461 4094 quod
2494 4024 2658 4080 Deum
2697 4024 2950 4079 aestimari
2994 4023 3137 4087 facit,
3192 4023 3318 4080 dum
3359 4024 3509 4080 testi-

1906 4120 2039 4174 mari
2071 4133 2174 4173 non
2202 4118 2345 4188 rapit
2375 4138 2388 4174 :
2419 4119 2488 4173 ita
2520 4133 2643 4174 eum
2690 4119 2768 4173 vis
2808 4118 3191 4189 magnitudinis
3226 4126 3280 4174 et
3322 4130 3507 4175 notum

1908 4212 2216 4269 hominibus
2242 4210 2429 4279 objicit
2455 4220 2508 4266 et
2539 4211 2801 4282 ignotum.
2843 4230 2862 4264 ι
2899 4210 3095 4266 Eadem
3124 4227 3152 4265 a
3206 4210 3510 4280 Theopltilo

1905 4307 2303 4371 Antbiocheno,
2332 4315 2385 4359 et
2410 4321 2438 4359 a
2468 4306 2805 4361 Nazianzeuo
2845 4305 3071 4375 aliisque
3110 4306 3368 4362 Ecclesia:
3409 4307 3509 4362 Pa-

1905 4401 2075 4458 tribus
2101 4415 2245 4472 smpe
2271 4399 2469 4470 saepius
2499 4399 2690 4454 tradita
2710 4398 2831 4467 quis
2856 4398 3367 4471 ignorat?('l‘hcoph.
3394 4400 3506 4456 An-

1906 4494 2092 4559 tiocb.,
2127 4494 2219 4549 lib.
2250 4510 2265 4549 ι
2293 4492 2362 4547 ad
2388 4493 2625 4565 Autolyc.
2660 4500 2795 4565 post.
2823 4492 2961 4557 init,
3000 4506 3119 4561 pag.
3146 4490 3265 4565 71.)

184 4599 262 4650 τίς
288 4594 383 4658 γὰρ
412 4591 609 4645 δύναιτ-ιιι
634 4594 830 4658 ὀνόμιισι
864 4594 1090 4661 διαφθρὰν
1122 4594 1282 4645 δοῦναι
1307 4593 1560 4653 ποιὸτητος
1579 4600 1800 4659 φοίνικες,

1978 4588 2082 4645 Sed
2109 4597 2293 4644 contra
2323 4591 2437 4644 haec
2467 4598 2575 4643 tam
2603 4597 2749 4643 certa
2780 4598 2994 4659 tamque
3030 4601 3157 4642 vera
3187 4585 3509 4641 documenta

187 4686 276 4735 καὶ
299 4685 591 4753 γλυκῦτητας
621 4688 902 4753 ἱσχᾶὂος....
941 4688 1067 4739 οὖδὲν
1107 4681 1183 4738 οὖν
1230 4692 1499 4750 θαυμαστὸν
1522 4687 1563 4736 αἱ
1594 4688 1677 4738 οὐκ
1700 4689 1804 4737 ὀνο-

188 4786 375 4844 μαστὸς
403 4780 547 4838 (αὔτως
575 4783 600 4832 ὁ
627 4781 761 4841 Θεός.
790 4782 830 4832 εἴ
860 4781 907 4857 ὃς
945 4787 1000 4835 τὸ
1047 4784 1305 4847 ὀνομαστὸν
1359 4783 1630 4847 λαμϐάνεις,
1683 4783 1802 4832 καθὸ

192 4869 292 4925 εἶεν
316 4878 369 4928 τε
399 4878 524 4927 ἔστιν
565 4875 761 4941 ὀνόμασι
800 4888 1107 4944 παραστῆσαι
1134 4897 1182 4927 τι
1210 4884 1299 4928 τῶν
1323 4874 1427 4941 περὶ
1454 4875 1616 4933 αὐτοῦ,
1650 4875 1718 4932 de
1743 4880 1801 4925 τὸ

188 4979 549 5034 χειρηωγῆσειι
596 4974 674 5018 τὸν
702 4971 961 5035 αἰχμητὴν,
986 4967 1069 5017 καὶ
1102 4980 1299 5023 nativas:
1320 4979 1488 5024 νήσω
1520 4970 1627 5034 τ’ρὶ
1653 4971 1797 5027 Θεοῦ,

189 5060 324 5111 κατὰ
352 5066 407 5111 τὸ
429 5062 614 5123 ἐρατὸν
638 5071 697 5127 τῇ
736 5059 1003 5129 ἀνθρωπίνῃ
1034 5062 1188 5129 φύσει,
1219 5064 1328 5112 τινὰ
1349 5074 1444 5111 τῶν
1484 5062 1588 5126 περὶ
1628 5060 1796 5124 αὗτοῧ,

191 5151 325 5201 οῦδὲν
340 5153 517 5202 ἄτοπον
538 5156 681 5219 λέγειν
694 5153 838 5204 eam
854 5153 1129 5216 ὀνομιττὸν.
1142 5166 1161 5200 ι
1177 5147 1523 5203 ltistinctione
1541 5161 1676 5216 opus
1691 5156 1791 5203 est.

189 5239 249 5296 Si
274 5240 419 5295 enim
455 5239 557 5292 hoc
593 5241 720 5305 vult,
766 5241 907 5311 quod
934 5242 984 5295 iu
1013 5243 1299 5296 verborum
1332 5239 1646 5311 signiﬁcatis
1668 5239 1800 5295 uiltil

192 5341 372 5403 potest
406 5332 498 5387 Dei
533 5334 884 5403 proprietates
913 5336 1238 5403 eXprimcre,
1259 5347 1448 5387 verum
1476 5340 1592 5396 est;
1625 5348 1795 5403 quan-

188 5424 484 5496 doquidem
511 5427 693 5482 multa:
715 5427 1000 5498 qua‘itates
1030 5436 1153 5481 sunt
1189 5426 1618 5480 iuunminabilcs.
1668 5425 1799 5495 Quis

190 5521 337 5574 enim
366 5520 637 5574 tliSccrnztt
665 5520 967 5576 nominibus
1003 5520 1314 5587 qualitatem
1347 5518 1646 5573 dulcedinis
1679 5518 1794 5588 pal-

188 5613 371 5674 mular,
407 5623 454 5666 cl
489 5612 788 5666 dulcedinis
827 5611 1087 5667 cariem...
1131 5610 1246 5665 Non
1302 5611 1498 5664 mirum
1531 5610 1707 5678 igitur,
1750 5610 1798 5665 si

190 5705 333 5760 Deus
362 5707 465 5760 hoc
504 5717 657 5776 pacto
683 5717 763 5762 est
796 5705 1221 5761 iuuntuinabilis.
1260 5704 1412 5773 Quod
1463 5703 1507 5759 si
1554 5702 1796 5758 nomina-

191 5800 298 5858 bile
312 5800 629 5871 accipiatur,
658 5810 921 5875 quatenus
958 5800 1252 5858 auditorem
1281 5808 1457 5873 potest
1486 5797 1796 5856 nominibus

1907 4684 2147 4754 insurget
2172 4682 2347 4738 adhuc
2374 4683 2568 4752 aliquis
2592 4682 2857 4742 ethnicus.
2887 4692 2939 4738 et
2964 4696 3086 4736 eum
3110 4678 3326 4738 Cmcilio
3349 4696 3509 4752 urge-

1906 4774 2006 4840 bit,
2040 4775 2157 4831 luec
2189 4774 2617 4831 Christianorum
2662 4775 2982 4845 placitorum
3013 4782 3250 4829 monstra
3297 4789 3418 4830 esse
3445 4789 3507 4829 ac

1907 4877 2173 4940 portenta,
2203 4869 2396 4937 quibus
2423 4883 2484 4924 se
2515 4868 2709 4924 frustra
2754 4868 2919 4922 [leum
2970 4865 3170 4922 habere
3212 4865 3503 4922 afﬁrmant.

1905 4962 2119 5018 Etenim
2174 4962 2322 5017 illum
2375 4976 2475 5017 nec
2517 4960 2749 5021 ostendi,
2782 4975 2879 5015 nec
2919 4957 3091 5014 videri
3147 4972 3307 5027 posse
3354 4958 3508 5014 fateri

1900 5066 2189 5128 coguntur.
2222 5058 2307 5123 At,
2330 5056 2459 5126 quid
2487 5056 2703 5118 mirum,
2726 5055 2799 5109 ait
2826 5054 3107 5117 Minucius,
3136 5055 3181 5107 si
3215 5050 3508 5108 ChriSIiani

1905 5152 2073 5207 Deum
2103 5164 2282 5215 suum,
2312 5164 2469 5218 quem
2501 5165 2565 5204 ex
2594 5148 2846 5219 operibus
2868 5147 2985 5216 ejus
3010 5145 3288 5202 evidenter
3313 5160 3511 5218 agnos-

1901 5252 2049 5307 cunt,
2090 5242 2334 5313 corporis
2378 5241 2549 5297 oculis
2604 5256 2663 5297 se
2716 5255 2821 5296 non
2873 5239 3054 5296 videre
3119 5238 3509 5310 proﬁteantur?

1902 5334 2169 5406 Numquid
2200 5342 2252 5388 tu
2281 5334 2417 5403 ipse,
2442 5333 2683 5405 quisquis
2709 5349 2770 5389 es
2810 5332 3029 5405 gentilis
3058 5333 3243 5401 humo,
3284 5343 3505 5390 ventum

1903 5438 1957 5484 et
1985 5428 2162 5494 ﬂatus,
2188 5428 2382 5499 quibus
2398 5429 2578 5485 omnia
2594 5426 2962 5497 impelluntur,
2985 5416 3159 5484 oculis
3185 5428 3288 5482 tuis
3317 5428 3507 5485 vides?

1901 5520 2168 5592 Numquid
2199 5522 2478 5578 oculorum
2510 5532 2723 5578 tuorum
2759 5521 2906 5578 acies
2962 5523 3155 5588 solem,
3189 5522 3279 5593 qui
3333 5524 3507 5579 omni-

1901 5613 2000 5669 bus
2024 5611 2239 5667 videndi
2268 5627 2430 5668 causa
2456 5625 2559 5674 est.
2588 5613 2847 5670 intuendo
2881 5629 2987 5669 non
3018 5614 3274 5671 hebescit.
3312 5622 3366 5669 et
3406 5614 3507 5670 ob-

1901 5707 2181 5762 tunditur?
2233 5706 2500 5777 Numquid
2540 5708 2774 5763 animam
2807 5717 2987 5771 tuam,
3037 5722 3140 5775 qua
3185 5707 3345 5777 vivis,
3402 5722 3507 5779 qua

1899 5799 2177 5870 animaris,
2203 5816 2308 5872 qua
2337 5801 2597 5874 loqueris,
2627 5800 2775 5859 vides
2801 5816 2864 5859 ac
2890 5799 3196 5872 conspicis?
