4058 6316
360 206 407 224 ad

407 357 516 420 “5

1693 353 1785 413 DE
1822 350 2079 412 MlNUCll
2117 351 2419 414 OCTAVIO

3602 354 3714 416 444

482 479 589 536 Nec
617 493 793 548 suum,
822 493 1023 552 quteso,
1048 476 1187 534 ullus
1213 474 1430 532 inducat
1458 474 1514 532 in
1542 473 1783 531 animum
1821 488 1852 528 a
1891 471 2008 527 solo
2033 493 2084 539 Α
2117 469 2169 525 in
2185 470 2621 527 mundimotibus
2638 469 2907 538 omnibus,
2926 470 3176 528 virtutem
3198 470 3315 543 ejus
3336 486 3553 542 semper
3574 487 3711 544 pra:-

411 578 629 629 auetore
656 581 842 628 nostro
880 572 962 626 his
989 568 1479 641 comparationibus
1507 568 1805 624 inﬁrmatus
1844 564 2009 619 fuisse

411 680 576 722 vanas
603 666 934 722 ethnicorum
957 665 1210 734 argutias,
1236 673 1292 719 et
1323 661 1705 719 cavillationes.
1737 657 1870 714 Nam
1913 656 2009 712 iis-

413 760 534 817 dem
596 760 1083 831 comparationibus
1129 758 1209 813 usi
1260 766 1406 821 sunt,
1481 771 1587 811 non
1656 750 2012 826 antiquissimi

414 854 596 919 modo,
630 852 827 923 aliique
852 851 1111 907 Ecclesia:
1144 850 1349 917 Patres,
1380 849 1472 907 sed
1523 848 1821 904 doctissimi
1850 847 2010 901 etiam

413 945 630 1016 quidam
672 945 946 1016 gentilium
994 942 1318 1013 Scriptores.
1383 946 1554 1010 Atque
1607 950 1664 994 ut
1714 955 1780 994 ex
1833 939 2012 993 multis

411 1037 583 1108 quosd
605 1052 671 1091 ιω
695 1037 1004 1107 seligautus,
1028 1035 1359 1105 Theophilus
1385 1033 1756 1090 Antiochcttus
1780 1052 1792 1087 :
1820 1051 1839 1084 ι
1873 1033 2010 1086 Deus

412 1135 716 1199 universa”
739 1133 927 1199 inquit,
944 1150 963 1184 ι
992 1147 1113 1187 cum
1136 1146 1240 1186 non
1262 1128 1771 1199 forent,creavit,|ut
1797 1143 1862 1183 ex
1889 1142 2009 1199 ope-

410 1224 559 1280 ribus
594 1226 705 1280 suis
730 1240 893 1295 quam
933 1225 1205 1281 excellens
1243 1224 1333 1289 sit,
1378 1222 1579 1276 homini
1631 1224 2007 1275 innotesceret.

412 1318 506 1373 Est
526 1317 702 1373 anima
728 1316 961 1372 humana
991 1317 1044 1371 in
1075 1316 1309 1372 humano
1343 1330 1591 1384 corpore,
1624 1331 1727 1368 IIOII
1773 1314 2007 1378 videtur,

412 1410 693 1466 invisibilis
722 1410 980 1477 existens,
1035 1426 1217 1464 verum
1254 1425 1321 1464 ex
1359 1410 1601 1478 corporis
1643 1407 1878 1462 motibus
1919 1422 2011 1463 co—

408 1505 704 1574 gnoscitur,
736 1502 816 1558 sic
854 1517 956 1559 nec
986 1502 1126 1557 Deus
1152 1500 1401 1557 humanis
1427 1513 1480 1557 et
1521 1501 1799 1569 corporeis
1840 1499 2012 1555 oculis

410 1597 578 1652 videri
612 1606 858 1668 potest...
882 1595 1343 1663 Quemadmodum
1372 1596 1415 1650 si
1443 1595 1560 1666 quis
1586 1604 1772 1650 cernat
1792 1602 2009 1660 navem,

411 1691 522 1747 suis
547 1691 895 1747 armamentis
924 1694 1260 1754 instructam,
1298 1706 1444 1744 mare
1474 1688 1685 1745 sulcare
1711 1698 1765 1744 et
1806 1689 1856 1742 in
1889 1703 2012 1759 por-

413 1792 522 1839 tum
546 1783 839 1853 appellere,
862 1793 1008 1838 certe
1028 1784 1199 1837 credit
1220 1782 1451 1852 aliquem
1478 1798 1507 1834 a
1531 1794 1638 1853 quo
1662 1781 2011 1852 gubernetur,

2114 573 2322 620 sentem
2369 564 2728 633 adspicimus,
2779 579 2900 619 cum
2932 573 3107 631 tonat,
3143 552 3711 636 fulgurat.fulminat,

2116 672 2239 710 cum
2268 666 2507 725 serenat,
2545 676 2566 710 ι
2600 657 3053 729 quemadmodum
3079 673 3242 731 supra
3270 656 3635 715 ostendimus.

2727 806 3018 850 ARTICULUS
3071 809 3105 850 ll
3116 835 3128 847 .

2118 949 2310 1019 Quibus
2337 954 2648 1024 argumentis
2679 953 2937 1010 Minucius
2961 956 3244 1028 probaverit
3284 954 3450 1012 Deum
3490 973 3599 1013 esse
3635 958 3718 1012 iuo

2186 1048 2407 1117 ﬁnitum,
2439 1058 2682 1103 (sternunt
2699 1092 2715 1118 ,
2743 1051 3062 1119 immensum,
3097 1066 3157 1107 ac
3184 1053 3317 1108 scire
3335 1053 3527 1108 omnia.

2186 1245 2446 1317 Pleraque
2494 1248 2586 1303 Dei
2627 1248 2912 1315 attributa,
2968 1249 3084 1305 sive
3126 1254 3365 1306 summas
3412 1249 3727 1321 divinaeque

2113 1338 2231 1409 ejus
2265 1339 2644 1408 perfectiones,
2677 1357 2706 1396 a
2755 1352 2937 1396 nostro
2966 1343 3197 1398 Minucio
3229 1344 3511 1414 perspicue
3537 1344 3723 1411 extiti-

2118 1441 2329 1486 cantur.
2385 1430 2517 1487 lium
2562 1434 2704 1487 enim
2750 1433 3018 1489 inﬁnitum
3061 1449 3182 1490 esse
3228 1434 3351 1489 ideo
3381 1436 3722 1505 pronuntiat,

2115 1525 2238 1593 quia
2274 1522 2535 1593 principio
2563 1534 2617 1579 et
2645 1523 2750 1579 ﬁne
2774 1535 2941 1579 caret.
2993 1525 3103 1583 Nec
3140 1525 3194 1581 id
3222 1525 3470 1582 Circilius
3495 1527 3730 1583 inﬁciari

2119 1623 2347 1685 poterat,
2372 1617 2456 1670 cui
2489 1617 2614 1670 illud
2648 1625 2997 1686 intemeratum
3020 1633 3049 1672 a
3078 1617 3294 1673 Lacrtio
3315 1617 3536 1674 effatum
3580 1617 3734 1672 Tha-

2121 1708 2267 1774 letis,
2300 1721 2483 1763 notmn
2507 1726 2628 1765 esse
2653 1710 2841 1766 debuit
2866 1728 2879 1764 :
2912 1719 2977 1765 Tt
3000 1720 3059 1767 τὸ
3089 1712 3262 1767 estw?
3281 1712 3457 1767 aiebat
3481 1711 3725 1767 Thales:

2115 1812 2168 1858 τό
2195 1818 2317 1870 μήτε
2344 1805 2503 1874 ἀρχὴν
2533 1811 2635 1872 ἔχον
2656 1820 2778 1873 μήτε
2805 1804 3226 1873 τελιυτχνλρηίά
3260 1804 3400 1859 Deus
3413 1804 3587 1874 ?quod
3622 1804 3734 1858 illi-

412 1875 465 1930 itt
508 1889 568 1930 ea
602 1889 722 1931 esse
745 1875 1332 1947 gubernatoretn....Si
1372 1876 1422 1928 in
1452 1873 1648 1938 solem,
1693 1872 1833 1943 quod
1882 1887 2011 1929 sane

2121 1896 2196 1951 tio
2221 1906 2273 1949 et
2296 1872 2398 1949 line
2428 1909 2576 1952 caret
2613 1916 2631 1949 ι
2658 1872 2882 1966 (Lucra,
2909 1895 3037 1952 ltb.t
3066 1872 3127 1951 in
3146 1896 3264 1952 Vita
3287 1872 3514 1961 Tltalet.,
3539 1896 3589 1969 §.
3607 1896 3734 1970 58).

410 1970 695 2028 minimum
721 1982 802 2027 est
827 1970 1173 2038 elementum,
1213 1988 1231 2022 ι
1266 1984 1389 2025 cum
1425 1968 1533 2023 Deo
1572 1967 1817 2023 videlicet
1861 1982 2010 2021 cum-

410 2066 668 2137 positum,
715 2083 736 2117 ι
776 2065 937 2119 homo
976 2065 1162 2121 oculos
1209 2063 1487 2120 intendere
1537 2065 1740 2131 nequit,
1799 2070 2016 2133 propter

410 2161 608 2218 caloris
627 2170 683 2218 et
711 2163 961 2231 potentiae
984 2161 1381 2225 excellentiam,
1404 2159 1572 2214 multo
1601 2159 1775 2213 minus
1789 2159 2014 2229 gloriam

410 2254 526 2320 Dei,
560 2270 679 2325 quae
708 2254 995 2312 ineﬁ‘abilis
1025 2263 1108 2310 est
1151 2253 1378 2320 homini,
1409 2252 1572 2307 homo
1603 2250 1845 2306 mortalis
1884 2266 2015 2306 con-

388 2350 549 2404 ‘tueri
576 2360 758 2419 potest
788 2369 808 2403 ι
836 2348 1107 2422 (Thmph.
1135 2348 1415 2413 Antiocln,
1451 2344 1545 2401 lib.
1578 2362 1593 2401 I
1629 2344 1694 2400 ad
1739 2346 2011 2417 Autolyc.,

407 2457 531 2513 pag.
564 2442 679 2508 79).
715 2443 874 2499 Plura
915 2442 1094 2498 adhuc
1133 2442 1220 2498 ille
1256 2442 1347 2505 ibi,
1376 2456 1496 2510 qua:
1528 2439 1572 2494 si
1616 2454 1789 2508 graece
1816 2440 2013 2509 scripta

408 2538 592 2595 videre
620 2540 827 2611 cupias,
862 2539 917 2595 in
959 2538 1077 2609 ejus
1118 2537 1257 2594 libro
1306 2534 1484 2606 legere
1536 2533 1676 2589 haud
1724 2533 2016 2590 difﬁciliter

409 2632 630 2702 poteris.

482 2724 676 2780 Postea
704 2740 836 2780 vero
871 2724 1182 2781 Laelautius
1234 2727 1425 2783 eodem
1470 2726 1627 2799 plane
1657 2722 1815 2777 modo
1858 2735 2017 2791 argu-

411 2828 684 2875 mentatur
720 2835 783 2876 ac
825 2820 1005 2890 plures
1033 2836 1246 2892 quoque
1269 2810 1487 2876 adhibet
1515 2815 1843 2892 ejnsccmodi
1870 2830 2018 2871 com-

411 2914 718 2982 parationes
748 2931 763 2966 ς
796 2930 818 2965 ι
855 2915 993 2969 Ante
1021 2915 1224 2979 omnia,
1252 2915 1502 2984 quoniam
1536 2914 1672 2967 Deus
1700 2909 1768 2964 ab
1796 2909 2016 2963 homine

410 3004 577 3060 videri
600 3018 706 3060 non
738 3014 935 3075 potest,
967 3021 1035 3060 ne
1074 3006 1193 3077 quis
1219 3017 1395 3063 tamen
1436 3020 1501 3061 ex
1553 3019 1619 3060 eo
1647 3004 1765 3075 ipso
1807 3008 2018 3073 putaret

412 3098 582 3154 Deum
617 3108 721 3153 non
749 3114 891 3165 esse,
922 3099 1044 3168 quia
1078 3099 1393 3155 mortalibus
1414 3098 1585 3153 oculis
1615 3112 1721 3151 non
1757 3096 1968 3150 videtur
1998 3110 2011 3147 ε

413 3192 552 3247 inter
599 3202 793 3248 caetera
860 3194 1223 3248 institutorum
1278 3204 1497 3248 suorum
1536 3193 1822 3258 miracula,
1893 3189 2018 3246 fecit

2192 1988 2393 2044 Deinde
2422 2003 2550 2045 vero
2586 1989 2845 2045 Minucius
2870 1991 3066 2047 asserit
3088 1991 3236 2045 illuni
3263 2006 3386 2046 esse
3413 2000 3687 2047 aeternum
3712 2007 3729 2055 ;

2121 2091 2177 2135 ttt
2222 2092 2347 2151 pote
2391 2083 2479 2150 qui
2537 2101 2556 2134 ι
2616 2083 2947 2139 nativitatem
3000 2084 3251 2138 omnibus
3296 2091 3537 2154 priestet,
3628 2082 3740 2138 sibi

2118 2176 2566 2245 perpetuitatem,
2618 2195 2636 2228 ι
2685 2187 2846 2247 atque
2890 2178 3007 2248 ipse
3058 2186 3183 2233 ante
3234 2176 3491 2231 mnndmn
3544 2176 3737 2232 fuerit.

2120 2269 2485 2325 Tertullianos
2528 2282 2708 2325 autem
2760 2270 2898 2325 hanc
2931 2271 3019 2325 llci
3064 2270 3422 2325 aeternitatem
3470 2277 3734 2340 repetere

2119 2364 2331 2419 videtur
2377 2380 2441 2419 ex
2470 2366 2734 2436 superiori
2782 2363 3000 2421 Minucii
3046 2364 3281 2429 ratione,
3313 2380 3416 2434 qua
3467 2363 3742 2434 probatur

2119 2471 2239 2513 esse
2309 2459 2567 2514 inﬁnitus.
2627 2458 2760 2514 Nam
2812 2459 2904 2515 ille
2952 2466 3139 2514 contra
3201 2458 3605 2529 Hermogenem
3650 2458 3738 2513 sic

2118 2548 2356 2621 disputat
2389 2569 2401 2606 :
2433 2571 2452 2605 ι
2489 2551 2621 2621 Quis
2664 2551 2803 2608 alius
2851 2551 2950 2606 Dei
2978 2566 3193 2617 census,
3223 2566 3382 2622 quam
3410 2553 3694 2607 aeternitas
3715 2551 3743 2606 ?

2123 2646 2253 2712 Quis
2298 2646 2433 2701 alius
2482 2645 2799 2701 aeternitatis
2853 2654 3045 2711 status,
3095 2659 3258 2716 quam
3301 2659 3522 2715 semper
3568 2645 3745 2701 fuisse

2119 2748 2174 2796 et
2204 2737 2438 2793 futurum
2485 2754 2626 2801 esse,
2682 2753 2748 2792 ex
2805 2737 3155 2808 praerogativa
3214 2736 3412 2791 nullius
3463 2736 3631 2805 initii,
3682 2747 3744 2794 et

2120 2830 2318 2885 nullius
2362 2828 2481 2883 linis
2528 2848 2547 2880 ›
2578 2827 2819 2898 (Tertull.
2860 2827 2949 2882 lib.
2995 2837 3130 2881 cont.
3182 2825 3456 2899 Hermog.,
3487 2838 3614 2895 cap.
3659 2828 3733 2896 4,

2120 2941 2241 2996 pag.
2273 2921 2430 2994 267)?
2460 2921 2567 2978 Sed
2613 2921 2702 2975 illa
2744 2921 2849 2975 duo
2898 2920 3178 2976 inﬁnitatis
3223 2931 3277 2976 et
3303 2920 3626 2977 aeternitatis
3654 2932 3743 2977 at-

2124 3022 2319 3077 tributa
2381 3025 2563 3075 secum
2618 3019 2686 3073 ita
2741 3027 3161 3081 connectuntur,
3216 3025 3276 3072 ut
3324 3028 3618 3087 utrumque
3666 3018 3743 3074 ab

2123 3117 2229 3171 alio
2250 3130 2402 3185 reque
2429 3113 2593 3186 possit
2629 3112 2863 3184 probari.
2905 3111 3011 3168 Sed
3033 3110 3220 3166 audias
3269 3110 3480 3179 adhuc,
3530 3110 3741 3182 velim,

2120 3210 2443 3280 Gregorium
2486 3207 2875 3263 Nazianzennm
2927 3206 2996 3261 de
3043 3210 3347 3261 aeternitate
3397 3206 3490 3260 Dei
3541 3206 3742 3276 dispu-

411 3286 569 3340 etiam
611 3286 795 3349 multa,
821 3302 1045 3355 quorum
1071 3288 1149 3341 vis
1188 3287 1403 3356 quidem
1434 3299 1675 3360 apparet,
1710 3287 2006 3342 substantia
2033 3290 2077 3352 C
2114 3310 2350 3357 unum“;
2386 3320 2406 3353 ε
2441 3300 2585 3355 θυαε
2615 3307 2667 3353 cl
2692 3308 2808 3354 erat
2836 3313 3070 3368 semper,
3107 3315 3127 3350 ι
3160 3296 3353 3369 inquit,
3400 3315 3420 3350 ι
3456 3305 3511 3353 ει
3537 3306 3647 3361 εει,
3677 3306 3740 3353 ει

413 3385 727 3433 tamennon
774 3378 1005 3446 videtur,
1034 3380 1172 3436 sicut
1194 3390 1279 3436 est
1310 3395 1439 3445 vos,
1483 3381 1637 3448 odor,
1698 3391 1912 3446 ventus,
1955 3390 2014 3435 ut

414 3471 601 3527 harum
645 3486 823 3528 rerum
860 3485 1179 3545 argumento
1220 3484 1277 3530 et
1316 3477 1590 3547 exemplo,
1620 3476 1779 3531 etiam
1822 3476 2011 3541 Deum,

414 3563 538 3620 licet
564 3564 664 3619 sub
708 3565 893 3621 oculos
932 3582 1037 3623 non
1087 3566 1315 3635 veniret,
1365 3568 1433 3622 de
1475 3582 1568 3622 sua
1613 3577 1789 3623 tamen
1839 3567 1910 3628 vi,
1959 3575 2014 3621 et

413 3656 626 3722 effectu,
654 3666 708 3713 et
734 3659 1009 3728 operibus.
1057 3673 1423 3715 cerneretuus.
1454 3659 1589 3727 Quid
1618 3674 1751 3716 voce
1791 3660 2010 3726 clarius,

411 3761 502 3804 aut
530 3760 690 3806 vento
721 3752 934 3822 fortius,
963 3763 1053 3807 aut
1080 3754 1249 3809 odore
1301 3753 1622 3809 violentius?
1668 3752 1793 3808 llzcc
1833 3762 2011 3809 tamen

410 3854 531 3898 cum
568 3860 662 3914 per
692 3861 874 3901 acrem
932 3848 1192 3909 feruntur.
1227 3846 1294 3902 ad
1341 3862 1638 3916 sensusque
1683 3857 1897 3902 nostros
1926 3862 2015 3903 ve-

410 3937 581 4002 niunt,
611 3949 666 3993 et
690 3952 784 3994 eos
826 3940 1060 4009 potentia
1092 3940 1396 4009 impellunt,
1432 3954 1536 3994 non
1573 3951 1866 3995 cernuntur
1898 3939 2014 3994 acie

411 4029 691 4096 luminum,
722 4031 815 4085 sed
838 4032 957 4086 aliis
973 4033 1215 4102 corporis
1236 4032 1472 4103 partibus
1503 4032 1817 4087 sentiuntur.
1853 4031 2014 4087 Sinti-

411 4121 533 4178 liter
552 4122 691 4178 Deus
721 4140 824 4178 non
842 4137 1061 4195 aspectu
1081 4126 1254 4194 nobis,
1278 4126 1453 4183 aliove
1470 4126 1641 4197 fragili
1671 4141 1831 4182 sensu
1861 4140 2011 4180 eom-

412 4213 827 4285 preltendendus
855 4229 963 4284 est,
994 4219 1088 4274 sed
1112 4219 1309 4275 mentis
1331 4218 1503 4275 oculis
1532 4217 1843 4284 intuendus,
1889 4232 2011 4273 cum

409 4324 570 4379 opera
604 4310 722 4377 ejus
751 4310 1003 4378 pratclara
1034 4320 1086 4365 et
1117 4310 1358 4366 miranda
1414 4310 1689 4365 videamus
1733 4327 1752 4361 ι
1795 4308 2009 4382 (Lact.,

409 4400 504 4457 lib.
525 4418 596 4457 vn
636 4403 700 4456 de
747 4401 864 4457 Vita
904 4403 1073 4468 beata,
1104 4419 1225 4474 cap.
1262 4405 1339 4474 9).
1374 4404 1634 4458 Irenaeum
1658 4404 1898 4473 aliosque
1925 4418 2015 4457 ea-

407 4495 530 4551 dem
572 4508 889 4552 enarrantcs
938 4497 1087 4552 adire
1141 4496 1381 4566 poteris;
1434 4496 1672 4567 longiora
1702 4497 1899 4568 quippe
1926 4495 2013 4552 illa

407 4599 551 4655 sunt,
580 4601 637 4645 ut
662 4590 842 4647 omnia
875 4591 1313 4646 transcribamus.

2116 3398 2217 3452 erit
2249 3395 2369 3451 :vel
2417 3404 2473 3449 ut
2522 3394 2721 3449 rectius
2770 3394 2976 3462 loquar,
3025 3406 3242 3463 semper
3284 3404 3401 3458 est;
3454 3407 3583 3448 nam
3625 3400 3744 3447 erat

2116 3499 2171 3544 et
2196 3489 2317 3555 erit,
2351 3487 2516 3541 nostri
2569 3485 2825 3556 temporis
2868 3486 3135 3555 noxasque
3188 3494 3399 3540 natura:
3446 3495 3737 3555 segmenta

2116 3591 2263 3637 sunt.
2320 3580 2414 3637 Ille
2466 3587 2645 3633 autem
2694 3593 2909 3647 semper
2954 3588 3070 3643 est,
3122 3587 3286 3648 atque
3317 3578 3419 3633 hoc
3462 3577 3628 3632 modo
3673 3573 3739 3634 se

2118 3675 2291 3745 ipsum
2321 3674 2580 3737 nominat,
2615 3685 2735 3726 cum
2766 3672 2819 3724 in
2847 3678 3030 3724 monte
3070 3669 3240 3745 Moysi
3268 3668 3549 3724 oraculum
3594 3666 3736 3722 edit.

2118 3766 2437 3823 Universum
2485 3764 2627 3819 enini
2672 3760 2723 3815 id
2755 3760 2896 3831 quod
2944 3770 3058 3825 est,
3107 3759 3160 3815 in
3217 3778 3276 3815 se
3325 3759 3733 3828 complectitur,

2118 3876 2216 3914 nec
2281 3856 2599 3928 principium
2658 3852 2897 3917 habens,
2958 3864 3057 3907 nec
3126 3851 3288 3907 ﬁnem
3353 3850 3643 3906 habiturus
3708 3870 3729 3903 ι

2117 3951 2300 4022 (Greg.
2339 3949 2569 4003 Naziuu.
2639 3946 2788 4001 Orat.
2838 3947 2930 4011 διδ,
2983 3961 3105 4015 pag.
3139 3943 3293 4015 8H).
3324 3944 3457 4011 Quae
3508 3940 3736 4012 quidem

2117 4044 2307 4101 iisdem
2363 4039 2542 4095 verbis
2594 4039 2644 4092 in
2694 4035 2934 4105 ejusdem
2978 4034 3238 4090 Oratione
3281 4032 3519 4090 secunda
3564 4048 3737 4102 supra

2115 4134 2575 4207 quadragesimam
2606 4130 2869 4185 habentur
2894 4127 3090 4199 (Idem,
3124 4127 3273 4183 Orat.
3304 4127 3399 4193 42,
3422 4144 3549 4199 pag.
3572 4125 3733 4197 898).

2117 4229 2262 4285 Dens
2307 4228 2486 4294 itaque
2507 4238 2630 4279 cum
2674 4221 2807 4276 nihil
2832 4221 2901 4276 ab
2926 4221 3071 4286 alio,
3124 4219 3221 4276 sed
3268 4235 3300 4275 a
3340 4234 3403 4275 se
3458 4220 3620 4291 ipso,
3679 4228 3738 4276 et

2116 4320 2258 4390 quod
2306 4325 2408 4383 est,
2440 4325 2494 4372 et
2519 4312 2774 4386 quidquid
2819 4323 2922 4380 est,
2952 4312 3202 4384 accipiat,
3249 4311 3455 4368 idcirco
3503 4319 3563 4368 et
3607 4311 3740 4367 inﬁ—

2121 4413 2264 4467 nitus
2291 4419 2347 4465 et
2375 4422 2609 4464 teternus
2635 4421 2757 4463 esse
2788 4406 2968 4462 debet.

2194 4502 2352 4561 Aliud
2404 4510 2583 4557 autem
2627 4498 2937 4556 christianze
2960 4497 3221 4553 doctrina:
3243 4512 3446 4554 novum
3472 4496 3736 4556 Caecilius

2122 4594 2482 4652 Contendebat
2513 4605 2633 4646 esse
2663 4599 2983 4652 monstrum,
3036 4587 3181 4657 quod
3229 4588 3371 4644 illius
3424 4598 3738 4648 sectatores

479 4686 619 4755 Quid
652 4685 815 4757 quod,
862 4695 917 4741 et
948 4686 1060 4755 ipse
1085 4683 1295 4751 Cicero,
1329 4694 1386 4740 ut
1415 4686 1574 4740 etiam
1620 4684 1850 4741 ethnicis
1905 4684 2003 4742 lto-

2121 4692 2285 4746 Deum
2310 4690 2652 4753 immensum,
2684 4692 2740 4739 et
2764 4684 2961 4752 ubique
2985 4692 3305 4753 przesentem
3339 4683 3734 4753 prmdiearent.

408 4778 644 4834 minibus
697 4779 971 4835 ethnicum
1043 4777 1360 4844 scriptorem
1414 4792 1783 4847 opponatnus,
1851 4778 2012 4834 simili

412 4888 632 4944 prorsus
653 4873 814 4929 modo
834 4872 970 4927 dixit
1001 4890 1012 4923 :
1048 4889 1067 4923 ι
1104 4870 1192 4924 Sic
1222 4879 1455 4924 mentem
1482 4870 1737 4935 hominis,
1769 4872 2012 4940 quamvis

409 4978 526 5019 eam
550 4981 655 5020 non
689 4964 893 5031 videas,
919 4972 976 5019 ut
1002 4962 1173 5018 Deum
1202 4978 1306 5016 tton
1331 4961 1479 5015 vides
1504 4979 1517 5025 ;
1553 4975 1726 5017 tamen
1759 4972 1815 5017 ut
1846 4965 2010 5018 Demn

413 5063 694 5131 cognoscis
717 5075 784 5115 ex
812 5059 1066 5130 operibus
1113 5056 1252 5127 ejus,
1279 5058 1357 5111 sic
1386 5070 1450 5111 ex
1499 5057 1757 5111 memoria
1809 5072 2010 5125 rerum,

410 5161 465 5207 et
504 5153 835 5219 inventione,
884 5160 941 5207 ct
968 5151 1242 5207 celeritate
1262 5158 1456 5211 motus,
1490 5150 1741 5219 omnique
1774 5150 2014 5217 pulchri-

411 5248 595 5304 tudine
617 5248 847 5311 virtutis,
870 5249 974 5302 vim
1004 5247 1239 5303 divinam
1270 5246 1464 5301 tuentis
1494 5247 1803 5316 cognoscito
1831 5266 1850 5300 ι
1880 5244 2011 5317 (Cic.

410 5341 495 5398 lib.
535 5357 551 5394 ι
579 5339 818 5406 TuscuL,
852 5350 972 5411 pag.
1002 5339 1126 5403 126,
1160 5341 1251 5395 lin.
1298 5339 1411 5409 38).

481 5434 744 5489 Minucius
797 5434 977 5504 itaque
1008 5435 1092 5489 his
1135 5434 1451 5496 rationibus,
1495 5447 1629 5504 quas
1658 5442 1762 5486 tam
1812 5432 2012 5488 ethnici

408 5544 567 5597 quam
604 5525 898 5582 Christiani
926 5528 1219 5599 scriptores
1245 5527 1539 5597 aeqnojure
1562 5526 2001 5593 comprobarunt,

408 5619 623 5675 Ctecilio
663 5619 977 5690 planissime
1002 5620 1282 5685 satisfacit,
1314 5620 1539 5690 ejusque
1570 5617 1808 5673 funditus
1847 5618 2009 5673 diruit

408 5713 902 5768 ratiocinationem.
958 5713 1217 5780 Quocirca
1300 5724 1445 5768 recte
1532 5712 1621 5766 ille
1688 5711 2004 5766 Concludit:

414 5827 432 5860 ε
474 5808 555 5862 Ex
583 5808 683 5861 hoc
711 5806 981 5859 credimus
1012 5804 1385 5873 Dcntn,’quotl
1418 5818 1539 5859 cum
1572 5804 1775 5858 sentire
1819 5818 2008 5872 possu-

406 5916 544 5966 mus,
578 5897 760 5954 videre
792 5912 897 5951 non
931 5909 1233 5967 possumus.
1262 5894 1318 5949 ltt
1341 5894 1594 5965 operibus
1621 5896 1764 5952 enim
1790 5894 1927 5965 ejus,
1954 5905 2007 5952 et

2116 4781 2400 4852 Quomodo
2430 4780 2653 4844 etenim,
2701 4775 2999 4846 inquiebat,
3055 4783 3232 4844 potest
3281 4774 3418 4829 locis
3468 4770 3738 4832 omnibus

2117 4877 2412 4937 interesse,
2461 4873 2513 4926 in
2558 4870 2696 4926 caelo
2734 4870 3090 4934 Cuttsliluttts,
3132 4877 3187 4923 et
3228 4868 3391 4922 simul
3426 4887 3447 4921 ι
3486 4884 3586 4938 per
3609 4869 3738 4925 nni-

2115 4985 2269 5025 versa
2290 4964 2603 5022 districtus?
2639 4981 2658 5014 ›
2692 4960 2827 5029 Quid
2870 4961 3037 5029 ergo?
3091 4960 3384 5029 respondet
3430 4960 3732 5018 Minucius.

2118 5061 2304 5116 Nonne
2330 5057 2411 5113 sol
2446 5055 2587 5112 etelo
2616 5052 2832 5116 afﬁxus,
2866 5052 3063 5121 ultique
3091 5065 3331 5120 pra-setis
3377 5053 3507 5109 est?
3534 5051 3737 5110 Nonne

2121 5154 2215 5209 ille
2245 5153 2361 5207 sine
2389 5149 2606 5204 luminis
2629 5145 2993 5213 corruptione,
3034 5143 3129 5198 sed
3171 5157 3238 5198 eo
3264 5158 3482 5214 semper
3513 5143 3738 5215 integro

2115 5259 2169 5306 et
2221 5246 2443 5311 illihato,
2492 5241 2740 5296 onmibus
2785 5237 3079 5293 miscetur?
3125 5236 3311 5308 Atqui,
3340 5238 3515 5293 multo
3555 5239 3741 5309 magis

2115 5343 2259 5396 Deus
2288 5354 2392 5392 non
2443 5335 2617 5391 solum
2647 5332 2806 5388 rebus
2846 5329 3090 5401 singulis,
3122 5328 3218 5384 sed
3259 5330 3424 5383 etiam
3479 5329 3644 5385 nobis
3676 5341 3742 5389 et

2118 5432 2397 5504 proximus
2425 5439 2480 5484 et
2503 5426 2709 5482 infusus
2736 5432 2838 5479 est.
2867 5422 3173 5489 Quinimmo
3212 5420 3363 5475 addit
3405 5421 3681 5479 Minucius
3718 5440 3736 5480 :

2113 5547 2132 5581 ‹
2178 5525 2297 5581 Non
2326 5532 2528 5579 tantum
2556 5520 2658 5576 sub
2699 5519 2789 5573 illo
2815 5518 3043 5587 agimus.
3095 5514 3190 5569 sed
3237 5524 3291 5571 et
3344 5530 3470 5571 cum
3501 5516 3619 5582 illo,
3674 5527 3742 5572 ut

2110 5633 2277 5690 prope
2308 5615 2573 5679 dixerim,
2607 5612 2856 5665 vivimus.
2895 5628 2915 5660 ι
2950 5607 3155 5676 Quibus
3188 5606 3408 5677 quidem
3442 5610 3631 5664 verbis
3662 5610 3739 5667 ad

2114 5711 2243 5766 illu-l
2275 5707 2520 5777 Apfhltlll
2547 5704 2765 5761 cﬁ‘atutn
2797 5718 2810 5755 :
2846 5719 2865 5752 ι
2909 5702 2962 5754 In
3006 5715 3072 5756 eo
3122 5700 3378 5769 vivimus,
3440 5716 3740 5759 movemur

2111 5812 2165 5858 et
2190 5816 2379 5855 sumus
2422 5798 2617 5861 (Actor.
2650 5811 2767 5864 cap.
2810 5807 2936 5855 xvtt,
2981 5806 3034 5846 ν.
3087 5788 3204 5863 28),
3269 5791 3739 5853 animadvertisse

2114 5892 2353 5951 nonnulli
2402 5889 2624 5946 forsitan
2677 5884 3106 5956 suspicabuntut‘.
3153 5878 3259 5943 Sed
3318 5901 3444 5942 cum
3504 5894 3622 5944 tota
3676 5887 3734 5945 in
