4058 6316
344 342 458 403 443

1744 310 2218 391 atassnra'rto.

3548 320 3655 380 “6

346 463 711 536 disputatione
779 468 966 518 contra
1033 456 1274 514 ethnicos
1344 451 1550 525 agendo
1573 494 1589 518 ,
1646 449 1815 516 nihil,
1869 447 1943 503 uti
1970 454 2024 513 Α
2051 442 2163 501 Nec
2192 446 2432 519 cogitata,
2462 443 2649 527 inquit.
2684 438 2755 501 Ut
2782 457 2886 498 non
2911 440 3085 498 solum
3114 452 3324 508 manus,
3360 437 3456 497 sed
3485 442 3651 496 etiam

349 558 776 623 observavimus,
808 570 876 612 ex
920 567 1071 610 sacra
1100 560 1279 606 nostra
1307 548 1583 618 Scriptura
1610 541 1947 606 delihaverit,

354 651 496 706 hanc
522 664 671 706 certe
697 648 959 704 rationem
988 645 1110 701 ideo
1157 644 1375 714 protulit
1403 658 1417 706 ;
1450 639 1572 711 quia
1604 635 1803 692 ethnici
1830 648 1949 689 eam

351 754 445 799 aut
472 745 780 807 inlirmare,
812 748 904 797 aut
934 754 1188 809 respuere
1229 753 1334 793 non
1367 742 1631 806 poterant.
1689 730 1757 785 Et
1804 737 1951 783 certe

343 839 574 904 Seneca,
628 838 837 891 tametsi
870 834 1105 904 gentilis,
1135 831 1362 904 quadam
1410 829 1461 883 in
1509 825 1743 897 Epistula
1774 822 1947 888 scrip-

344 941 492 989 serat
523 949 536 984 :
575 949 594 983 ‹
632 931 751 999 ipse
782 931 969 1002 (Deus)
1005 929 1235 982 lttunano
1264 925 1449 997 generi
1491 922 1796 978 ministrat:
1830 917 1947 972 ubi~

343 1042 453 1099 que
496 1037 550 1081 et
595 1026 849 1082 omnibus
909 1035 1104 1095 pra-sto
1142 1032 1244 1077 est.
1283 1040 1302 1074 ι
1348 1019 1487 1076 Alibi
1536 1030 1707 1071 vero:
1752 1032 1770 1065 ι
1806 1012 1952 1081 Quo—

341 1135 579 1191 cumque
648 1119 881 1182 ﬂexeris,
942 1116 1013 1172 ibi
1071 1115 1217 1170 illum
1273 1111 1483 1168 videbis
1554 1121 1946 1164 occurrentem.

341 1211 487 1268 Nihzl
517 1212 586 1265 ab
614 1210 705 1267 illo
728 1219 880 1266 vacat
932 1208 1173 1281 (Senem,
1219 1204 1388 1275 Epist.
1419 1203 1510 1265 9.3,
1552 1219 1668 1273 pag.
1729 1199 1855 1261 597,
1902 1202 1951 1251 el

338 1321 476 1375 3a).,
533 1304 621 1359 lib.
678 1319 731 1358 tv
757 1298 821 1358 de
861 1296 1065 1371 Beneﬂ,
1096 1316 1208 1370 cup.
1240 1298 1336 1369 8).
1376 1315 1395 1348 ι
1426 1296 1662 1364 Denique
1692 1302 1749 1345 ut
1799 1290 1950 1358 plura

341 1400 680 1458 omittamus.
730 1394 782 1453 in
815 1397 916 1450 alia
946 1411 1134 1451 rursus
1180 1393 1418 1464 Epistula
1450 1409 1461 1445 :
1499 1409 1517 1441 ι
1558 1390 1695 1443 Deus
1740 1385 1805 1439 ad
1850 1384 1948 1438 ho-

341 1492 524 1547 mines
553 1489 719 1556 venit,
753 1489 920 1544 immo
974 1484 1117 1557 quod
1172 1486 1388 1557 propius
1442 1492 1546 1548 est,
1601 1481 1653 1535 in
1704 1478 1950 1533 homines

340 1584 493 1640 venit
548 1582 740 1656 (Epist.
788 1584 878 1649 75,
932 1582 1051 1654 pug.
1098 1577 1248 1652 505).
1286 1598 1304 1632 ι
1340 1578 1475 1632 Cum
1526 1578 1705 1645 itaque
1746 1571 1945 1634 omnia,

346 1677 428 1732 uti
470 1686 617 1733 recte
658 1685 774 1747 post
802 1674 1083 1731 Thaletem
1128 1684 1183 1729 et
1215 1675 1434 1727 Aratum
1488 1666 1945 1726 traditMiuucius,

343 1772 461 1829 Deo
508 1772 664 1842 plena
712 1773 841 1837 sint,
881 1771 1079 1826 debent
1127 1782 1338 1839 qunque
1362 1774 1413 1820 et
1439 1766 1631 1819 cuncta
1678 1775 1799 1816 esse
1849 1757 1947 1828 ipsi

343 1866 561 1934 c0gnita
585 1860 818 1936 (Thales,
844 1862 984 1933 apud
1015 1861 1249 1919 Aristot..
1271 1860 1361 1915 lib.
1394 1876 1407 1913 t
1435 1856 1498 1912 de
1519 1857 1667 1910 Anim
1722 1870 1837 1921 cap.
1863 1854 1941 1921 5).
1976 1858 2023 1919 Β

344 1958 710 2024 Quamobrem
760 1954 850 2011 ille
895 1956 1133 2010 otttniunt
1181 1955 1508 2025 speculator,
1556 1964 1745 2006 omnes
1799 1947 1947 2001 novit

348 2048 626 2103 hominum
649 2054 706 2104 et
732 2056 884 2103 actus
916 2060 967 2104 et
993 2046 1367 2116 Cogitationes.

419 2142 527 2197 Sed
567 2150 751 2197 contra
802 2136 917 2197 llii‘C
960 2140 1138 2198 omnia
1181 2140 1433 2196 Caecilius
1487 2136 1830 2208 pertinaciter
1859 2136 1944 2187 itt-

344 2235 544 2305 stabat,
578 2237 743 2293 Deum
790 2239 984 2292 l‘ru~tra
1014 2237 1285 2306 gratisque
1316 2234 1437 2301 tingi
1479 2230 1725 2286 omnibus
1776 2229 1905 2283 locis
1928 2267 1942 2292 ,

342 2329 520 2395 factis,
572 2332 627 2385 et
651 2330 1065 2401 cogitationibus
1123 2333 1404 2385 interesse.
1458 2326 1593 2396 Quid
1647 2323 1813 2391 enim,
1866 2322 1945 2376 itt-

344 2425 483 2495 quit,
524 2423 746 2496 hujusce
785 2426 1052 2496 opinionis
1106 2428 1406 2479 assertores
1455 2421 1596 2477 aliud
1646 2420 1729 2475 his
1768 2419 1945 2474 verbis

344 2516 702 2586 ingerebant,
738 2517 835 2571 nisi
866 2517 1029 2572 Demu
1078 2536 1097 2568 ι
1136 2517 1457 2581 molestum,
1512 2513 1841 2578 inquietum,
1891 2518 1947 2566 et

343 2610 689 2678 impudenter
729 2611 892 2664 etiam
921 2609 1232 2664 curiosum?
1268 2631 1285 2662 ι
1321 2610 1386 2664 At
1418 2608 1533 2663 hinc
1573 2616 1686 2662 erat
1720 2606 1947 2675 ipsumet

347 2701 600 2770 Epicurei
636 2700 936 2772 philosophi
971 2702 1129 2772 itnpia
1159 2702 1296 2772 apml
1326 2701 1643 2756 CiCCI'Ottt‘tll
1687 2705 1943 2767 expostu-

320 2794 490 2848 latio.
531 2812 551 2845 ‹
587 2793 938 2865 Ιιιιροειιὶδιίε,
975 2814 993 2846 ι
1031 2795 1230 2865 inquit,
1280 2812 1297 2844 ι
1331 2796 1380 2847 in
1412 2791 1711 2847 cervicrbns
1745 2790 1944 2844 nastris

338 2888 728 2956 sempiternum
768 2888 1067 2953 domiuunt,
1117 2905 1277 2959 quem
1330 2888 1445 2943 dies
1491 2898 1543 2943 et
1570 2896 1754 2940 noctes
1789 2884 1945 2940 timc-

341 2993 546 3035 remus.
570 2980 700 3049 Quis
730 2983 874 3036 enim
920 2999 1025 3037 tton
1068 2983 1251 3038 timeat
1300 2982 1481 3037 omnia
1535 2980 1939 3052 providentem,

340 3084 393 3126 et
428 3073 775 3144 cogitantem.
824 3084 878 3130 et
917 3075 1475 3142 animadvertentem,
1540 3082 1595 3129 et
1647 3076 1824 3127 omnia
1875 3071 1941 3127 ad

339 3184 400 3221 se
434 3168 703 3233 pertinere
737 3172 1349 3239 putantem,curiosum,
1398 3178 1451 3224 et
1483 3169 1695 3237 plenum
1744 3167 1941 3237 negotii

342 3259 553 3313 Deum?
588 3281 606 3313 υ
640 3261 768 3330 (Cic.
796 3263 880 3315 lib.
915 3278 931 3317 ι
957 3268 1019 3316 de
1044 3262 1168 3316 Nat.
1196 3261 1378 3328 Dror.,
1399 3280 1516 3332 pag.
1540 3262 1666 3326 9.05,
1698 3262 1787 3314 lin.
1821 3259 1941 3329 99.)
1968 3260 2014 3324 C

338 3354 678 3422 Quapropter
726 3353 1008 3408 Lucretius
1057 3354 1123 3408 de
1177 3353 1275 3408 hoc
1343 3357 1534 3409 timore
1575 3353 1836 3423 depulso.
1884 3360 1940 3406 et

335 3445 540 3514 gratias
572 3445 804 3515 Epicuro
836 3448 1098 3502 maximas
1125 3448 1267 3518 agit,
1316 3458 1371 3501 et
1423 3461 1766 3515 summopere
1817 3460 1941 3510 gra-

340 3540 563 3592 tulatur.
615 3541 751 3609 Quid
790 3558 940 3608 vero,
997 3545 1138 3614 quod
1189 3543 1379 3598 Cicero
1427 3543 1515 3596 tibi
1573 3552 1753 3597 narrat
1792 3543 1939 3597 Stra-

339 3641 522 3686 ιοιιιιιη
555 3632 804 3690 docuisse
858 3652 877 3688 ι
917 3636 1093 3690 omnia
1143 3651 1262 3691 esse
1306 3635 1496 3691 elfrcta
1549 3645 1767 3699 natura,
1812 3654 1831 3687 ι
1865 3634 1937 3688 ibi

339 3732 524 3791 postea
569 3724 819 3779 addidit:
856 3745 875 3776 σ
911 3726 1000 3782 Sic
1054 3726 1146 3783 ille
1199 3739 1253 3783 et
1314 3728 1478 3781 Dcunt
1528 3743 1692 3797 opere
1746 3741 1938 3794 magno

338 3818 554 3885 liberat,
572 3830 637 3875 vel
667 3835 753 3875 me
777 3821 988 3876 timore.
1013 3821 1145 3889 Quis
1176 3824 1316 3877 enim
1344 3830 1552 3892 potest,
1603 3831 1723 3876 com
1753 3820 1937 3875 existi.

338 3923 453 3965 met
481 3926 511 3964 a
544 3912 651 3967 Deo
681 3928 740 3967 se
769 3914 980 3977 curari,
1012 3930 1115 3968 non
1148 3924 1203 3969 et
1242 3916 1358 3969 dies
1385 3925 1439 3968 et
1476 3924 1664 3969 noetes
1694 3912 1935 3966 divinum

335 4018 538 4058 nomen
571 4004 832 4072 horrere;
875 4018 932 4062 et
977 4006 1021 4061 si
1051 4008 1175 4076 quid
1200 4007 1413 4063 adversi
1464 4006 1736 4072 acciderit,
1795 4004 1937 4076 quod

336 4097 425 4151 cui
468 4113 572 4152 non
609 4100 834 4168 accidit,
864 4102 1220 4158 extimescere
1272 4118 1338 4156 ne
1376 4101 1426 4156 id
1449 4100 1571 4173 jure
1592 4101 1869 4157 evenerit?
1907 4118 1928 4154 ι

335 4186 472 4261 (Cic.
517 4191 606 4246 lib.
636 4191 876 4247 Attidem.
907 4211 1026 4266 pug.
1058 4196 1161 4262 55,
1191 4194 1282 4249 litt.
1314 4193 1433 4267 47.)

408 4281 518 4337 Sed
575 4285 878 4356 philosomd
912 4288 1019 4354 illi,
1079 4299 1240 4359 atque
1294 4290 1345 4343 in
1403 4288 1588 4356 primis
1644 4290 1932 4361 Epicurei,

335 4374 585 4431 homines
638 4379 796 4448 plane
844 4381 1197 4450 VOiUplUiﬂ‘ii,
1254 4382 1368 4438 Inrc
1412 4383 1758 4455 objiciebant.
1806 4383 1937 4440 Per-

333 4482 554 4523 suasum
607 4469 871 4542 siquidem
911 4474 1040 4544 ipsis
1070 4485 1187 4529 erat
1242 4475 1446 4541 Deum,
1503 4478 1546 4531 si
1595 4490 1745 4532 actus
1792 4479 1936 4549 cogi-

335 4566 676 4633 tationesque
736 4565 1010 4621 hominum
1065 4578 1381 4639 cognoscat,
1434 4584 1553 4625 esse
1603 4572 1929 4639 timendum,

2054 548 2261 594 mentes
2304 553 2462 608 puras
2496 535 2694 591 habere
2724 535 3019 595 vellemus.
3061 549 3182 588 cum
3236 533 3462 588 secretis
3508 531 3656 602 cogi-

2054 629 2345 684 tationibus
2418 630 2615 685 nostris
2692 644 2887 683 numen
2961 627 3153 682 adesse
3232 625 3654 681 credidissemus

2055 721 2258 795 (Valcr.
2293 720 2439 776 Mos.
2468 720 2555 775 lib.
2587 735 2674 784 vn,
2706 735 2822 790 cap.
2852 719 2908 785 2,
2940 718 2968 791 ᾗ
2995 718 3049 783 8,
3079 718 3286 789 παθη).
3321 735 3340 769 ι
3373 715 3656 775 Ortusita-

2053 832 2158 885 que
2191 814 2313 871 inde
2344 815 2652 869 hominibus
2674 814 2850 879 timor,
2884 813 2926 866 si
2960 810 3240 880 Epicureis
3270 811 3532 878 malisque
3556 811 3654 864 ho-

2055 907 2291 964 minibus
2318 907 2691 962 incommodus
2712 908 2799 969 sit,
2822 904 3030 958 caeteris
3048 902 3168 972 jure
3196 902 3388 957 merito
3413 892 3651 967 Optimus

2046 1002 2483 1074 justissimusque
2496 1011 2762 1055 Censetur.
2775 998 2985 1053 Videsis
3001 995 3256 1050 inLaertii
3273 996 3445 1049 locum
3459 995 3652 1049 citatos

2053 1104 2301 1153 auctores
2316 1082 3296 1163 Lucanum,Euripidem,etTheOni-m
3317 1087 3648 1155 Suphistatn,

2052 1193 2143 1264 qui
2172 1192 2273 1247 hoc
2304 1192 2520 1247 eliatu‘m
2551 1202 2658 1245 non
2686 1187 2921 1253 'l‘haleti,
2951 1185 3045 1241 sed
3068 1184 3272 1238 Pittaco
3302 1181 3505 1238 tribuit.

2672 1364 2896 1422 CAPUT
2935 1362 3027 1419 Vl.

2502 1524 2567 1562 DE
2608 1522 2783 1563 DIVINA
2822 1520 3194 1560 PRUVIDENTIA.

2571 1674 2865 1720 Αιιτιαυιυε
2903 1670 3115 1718 Ριςωυε.

2057 1802 2431 1857 Ea'amt'nnntur
2487 1809 2821 1873 argumenta,
2875 1799 3054 1871 quibus
3119 1797 3379 1852 Minucius
3434 1794 3651 1850 ostendit

2123 1912 2387 1959 "mnuum,
2418 1903 2464 1947 et
2508 1893 2698 1954 omnia,
2733 1909 2792 1945 ac
2820 1891 3021 1962 singula
3067 1889 3164 1943 Dei
3200 1890 3513 1959 providentia
3555 1906 3652 1960 gu-

2123 1986 2358 2053 bernari;
2386 1986 2473 2040 ubi
2500 1987 2561 2040 de
2588 1972 2877 2051 Britannia,
2903 1960 3065 2052 ‘Nilo,
3097 1981 3381 2054 Euphrate,
3416 1990 3460 2036 et
3488 1978 3650 2040 Indo.

2122 2140 2330 2212 Quibus
2384 2142 2713 2214 argutiientis
2744 2140 3006 2197 Minucius
3050 2126 3217 2195 Deum
3261 2140 3493 2195 existere
3519 2151 3648 2209 pro-

2054 2232 2219 2302 bavit,
2264 2235 2452 2292 iisdem
2490 2235 2695 2306 colligit
2728 2234 2975 2289 universa
3004 2241 3055 2287 et
3086 2233 3325 2302 singula,
3373 2247 3492 2303 qua:
3533 2230 3650 2302 ejus

2050 2338 2182 2383 nutu
2230 2343 2295 2384 ac
2350 2328 2623 2383 voluntate
2674 2326 2902 2396 primttnt
2958 2332 3138 2380 creata
3186 2332 3343 2393 sunt,
3376 2340 3439 2378 ac
3477 2328 3648 2377 totum

2051 2421 2306 2477 munduut
2357 2418 2535 2476 divina
2569 2419 2685 2490 ejus
2708 2416 3049 2474 Providentia
3085 2416 3194 2487 regi
3236 2424 3290 2472 et
3335 2414 3644 2486 gubernari.

2048 2513 2165 2569 Jam
2232 2524 2360 2568 vero
2421 2529 2480 2568 ea
2530 2519 2845 2582 argumenta
2903 2509 3151 2581 superius
3193 2506 3541 2577 exposuimus
3593 2514 3650 2563 et

2051 2606 2495 2661 examinavitnus.
2524 2598 2693 2659 Nemo
2729 2617 2908 2659 autem
2940 2619 3135 2673 negare
3166 2611 3339 2672 potest
3382 2616 3645 2657 summam

2049 2717 2169 2760 esse
2196 2696 2411 2757 lllortuu
2444 2700 2571 2767 vim,
2605 2710 2658 2756 et
2696 2700 2903 2771 pondhs
2945 2699 3256 2755 maximum.
3309 2696 3500 2753 Cicero
3548 2712 3645 2751 au-

2050 2806 2154 2853 teut
2178 2841 2191 2863 ,
2240 2795 2695 2868 quemadmodum
2738 2796 3002 2859 diximus,
3036 2796 3088 2849 in'
3117 2793 3386 2865 praecipua
3424 2790 3645 2847 secundi

2048 2890 2128 2945 sui
2180 2890 2244 2946 de
2300 2889 2502 2946 Natura
2535 2882 2757 2945 Deorum
2785 2886 2905 2945 libri
2941 2898 3109 2959 parte.
3144 2890 3302 2958 longe
3332 2887 3639 2958 copiosius,

2048 2996 2205 3053 quam
2233 2992 2421 3038 auctor
2451 2988 2654 3048 nos-ter,
2682 2980 2869 3038 iisdem
2898 2983 3161 3037 rationum
3201 2982 3483 3036 momentis
3514 2995 3643 3034 cou-

2050 3084 2126 3131 tra
2158 3072 2451 3147 EpiCurcos
2477 3074 2809 3133 demonstrat
2835 3074 3094 3132 mundum
3128 3074 3304 3131 divina
3354 3074 3639 3146 providen-

2050 3170 2118 3223 tia
2149 3168 2530 3224 administrari.

2118 3262 2211 3318 ille
2233 3279 2382 3329 vero,
2415 3279 2477 3319 ac
2535 3273 2650 3332 post
2704 3279 2824 3319 eum
2881 3262 3143 3318 Minucius
3198 3262 3299 3317 hoc
3347 3259 3416 3315 de
3465 3260 3641 3315 divina

2046 3354 2386 3411 Providentia
2417 3356 2818 3420 doettinenlunt,
2842 3354 2995 3412 obvia
3026 3354 3244 3411 cuilibet
3265 3354 3456 3409 domus
3488 3370 3639 3407 cotu-

2046 3450 2631 3519 paratinncasseritet
2680 3449 2931 3505 illustrat.
2984 3454 3063 3504 Ac
3113 3446 3375 3503 Minucius
3428 3446 3642 3517 quidetn

2044 3550 2229 3598 noster
2259 3560 2271 3597 :
2307 3562 2326 3594 ι
2349 3544 2499 3610 Quod
2529 3542 2604 3607 si,
2636 3563 2653 3594 ι
2684 3544 2848 3614 inquit
2868 3586 2882 3608 ,
2921 3546 2940 3594 ἀ
2972 3542 3244 3612 ingressus
3268 3540 3500 3612 aliquam
3547 3539 3645 3594 do-

2046 3646 2226 3699 mum,
2281 3637 2461 3691 omnia
2516 3636 2762 3699 exculta,
2816 3635 3096 3704 disposita,
3150 3644 3339 3690 ornata
3391 3633 3638 3697 vidisses,

2044 3734 2226 3801 utique
2252 3742 2485 3801 praeesse
2528 3729 2578 3785 ei
2605 3731 2856 3785 crederes
2886 3725 3197 3792 dominum,
3251 3738 3304 3781 et
3354 3726 3459 3781 illis
3488 3726 3644 3783 bonis

2043 3825 2204 3878 rebus
2242 3840 2363 3879 esse
2391 3822 2667 3878 meliorem
2697 3842 2708 3878 :
2744 3825 2809 3877 ita
2842 3823 2891 3876 in
2925 3823 3020 3874 hac
3050 3820 3232 3875 titttndi
3275 3819 3467 3883 domo,
3518 3836 3639 3873 runt

2042 3916 2236 3971 eminuit
2257 3931 2561 3987 terramque
2595 3914 2908 3986 prospicias,
2936 3913 3348 3985 prbvideutiatn,
3371 3910 3636 3975 ordinem,

2042 4007 2463 4080 lcgem;.crede
2500 4027 2622 4065 esse
2676 4010 3038 4064 universitatis
3092 4008 3390 4073 dominum,
3450 4020 3642 4076 paren-

2045 4110 2289 4173 temque,
2335 4102 2465 4173 ipsis
2509 4102 2817 4167 sideribus,
2849 4106 2902 4156 et
2958 4101 3118 4156 totius
3165 4099 3346 4154 mundi
3399 4098 3637 4169 partibus

2044 4200 2426 4270 pulchriorem.
2458 4217 2476 4251 ι
2511 4200 2682 4274 Antea
2705 4211 2834 4253 vero
2856 4195 3052 4251 Orator
3084 4212 3097 4250 :
3136 4211 3155 4247 ι
3189 4193 3259 4251 Ut
3309 4195 3353 4250 si
3406 4193 3526 4264 quis
3584 4193 3637 4247 itt

2040 4292 2259 4347 domum
2288 4294 2540 4363 aliquam,
2583 4300 2674 4346 aut
2702 4292 2754 4346 iu
2791 4278 3163 4360 gymnasium,
3218 4296 3304 4342 aut
3359 4288 3410 4341 iu
3461 4285 3637 4342 lorum

2040 4388 2267 4450 venerit,
2299 4402 2420 4442 cum
2453 4386 2631 4440 vhleat
2663 4384 2899 4438 ortinium
2956 4398 3132 4438 rerum
3189 4372 3472 4443 rationem,
3525 4393 3640 4435 mo-

2040 4478 2188 4546 dum,
2219 4480 2576 4549 discipliuam,
2638 4495 2742 4533 non
2797 4477 2965 4547 possit
3015 4492 3075 4529 ea
3123 4475 3240 4530 sine
3286 4488 3444 4529 causa
3498 4472 3635 4541 lieri,

2041 4575 2302 4644 indicare,
2336 4573 2432 4629 sed
2473 4586 2594 4628 csse
2639 4573 2872 4641 aliquem
2910 4569 3192 4640 intelligat,
3225 4568 3315 4638 qui
3344 4566 3545 4637 praesit,
3583 4573 3639 4621 et

332 4665 497 4724 atque
548 4655 685 4711 adeo
737 4658 838 4712 huc
887 4659 1079 4715 tiumre
1136 4660 1462 4738 voluptatem
1516 4661 2123 4733 felicitatemqueDcui
2154 4679 2436 4738 pareatur;
2472 4667 2637 4721 multo
2690 4666 2858 4736 magis
2887 4665 2940 4719 iu
2995 4663 3156 4719 tantis
3207 4662 3459 4727 motibus,
3513 4669 3637 4715 tan-

331 4760 482 4801 suatn
531 4750 851 4817 perturbari.
889 4752 1029 4807 Dens
1079 4736 1682 4811 nihilominusmiuime
1739 4756 1931 4812 similis

330 4849 415 4896 est
442 4842 561 4898 aliis
590 4845 827 4916 regibus,
859 4848 949 4917 qui
986 4865 1005 4900 t
1040 4851 1187 4918 regni
1215 4851 1357 4915 sui,»
1395 4851 1468 4904 ait
1497 4850 1803 4914 Minucium
1836 4867 1931 4921 per

329 4934 506 4991 olliciu
537 4938 940 5004 ministrorum,
986 4942 1235 4995 universa
1285 4958 1515 5009 novere;
1563 4964 1581 4995 ι
1615 4941 1708 4999 sed
1736 4954 1925 5000 cuncta

328 5044 428 5100 per
456 5033 806 5102 semetipsum
837 5037 1131 5105 cognoscit.
1177 5035 1363 5107 Neque
1412 5038 1484 5093 illi
1513 5038 1579 5094 ad
1612 5054 1672 5094 ea
1699 5053 1930 5110 cognos-

326 5124 496 5181 cenda
532 5144 551 5178 ς
587 5126 798 5182 indit-iis
845 5145 980 5200 opus
1031 5139 1132 5185 est.
1172 5147 1191 5182 ι
1219 5130 1371 5198 Quod
1417 5131 1634 5203 quidem
1667 5134 1928 5203 antiquis-

324 5217 448 5270 simi
521 5216 822 5289 philosophi
885 5222 1027 5275 ultro
1096 5220 1417 5278 fatebantur.
1476 5223 1673 5279 Thales
1726 5226 1924 5296 quippe

322 5308 595 5377 Milesius,
642 5313 1093 5384 quemadmodum
1140 5332 1201 5371 ex
1235 5316 1450 5373 Laertio
1481 5319 1757 5386 discimus,
1790 5339 1806 5373 ο
1841 5319 1928 5375 lu-

326 5416 652 5478 terrogatus,
710 5408 968 5467 lateretue
1012 5410 1141 5466 deos
1191 5410 1354 5468 homo
1409 5414 1548 5469 male
1579 5429 1747 5486 agens
1779 5432 1792 5469 :
1820 5417 1926 5472 ἀλλ’

325 5503 431 5558 alia;
497 5503 811 5568 διινοῦμενος,
868 5510 977 5573 εφη.
1008 5502 1087 5558 Ne
1114 5503 1356 5575 cogitans
1386 5505 1635 5576 quitletn,
1687 5507 1855 5576 inquit
1898 5528 1917 5561 ι

322 5590 549 5660 (Laert.,
584 5595 673 5648 lib.
711 5610 757 5659 ι,
788 5595 841 5649 in
880 5593 979 5650 Vit.
1012 5595 1215 5652 Tlmlet.
1252 5597 1278 5670 §
1316 5599 1383 5654 56
1414 5600 1452 5670 ).
1506 5598 1753 5655 Valerius
1797 5617 1925 5656 vero

318 5686 585 5742 Maximus
615 5687 756 5745 idem
783 5691 1010 5760 posteris
1041 5688 1278 5756 tradidit,
1303 5700 1462 5765 atque
1502 5693 1658 5749 istius
1690 5711 1924 5764 pronun-

323 5784 438 5838 tiati
501 5782 641 5838 hanc
693 5784 921 5841 reddidit
984 5788 1293 5843 rationem:
1342 5807 1361 5840 ε
1406 5786 1622 5845 Mirilice
1674 5790 1916 5846 Thales:

325 5891 447 5940 nam
492 5877 850 5952 interrogatus
883 5894 953 5939 an
981 5879 1121 5939 facta
1152 5880 1433 5941 hominum
1461 5882 1595 5942 deos
1625 5882 1916 5943 fallerent:

2033 4764 2209 4831 tisque
2243 4758 2727 4817 vicissitudinibus.
2788 4769 2892 4812 tam
2934 4757 3218 4812 multarum
3246 4771 3445 4817 rerum,
3474 4762 3637 4824 atque

2035 4865 2303 4912 tantarum
2334 4853 2634 4919 ordinibus,
2669 4854 2721 4908 in
2745 4852 2937 4922 quibus
2970 4850 3098 4906 nihil
3129 4862 3380 4921 umquam
3406 4851 3636 4904 immen—

2032 4964 2090 5007 sa
2120 4950 2404 5006 etiutinita
2435 4958 2673 5004 vetustas
2720 4948 2941 5002 mentita
2996 4947 3100 5011 sit,
3155 4952 3353 4999 statuat
3410 4956 3635 4999 necesse

2030 5052 2113 5100 est
2142 5043 2208 5098 alt
2230 5043 2407 5113 aliqua
2437 5052 2615 5097 mente
2642 5046 2817 5094 tantos
2849 5028 3053 5094 natura!
3083 5047 3260 5092 motus
3291 5034 3575 5108 gubernari
3607 5055 3626 5089 ι

2032 5138 2051 5210 (
2084 5137 2189 5193 Cic.
2216 5137 2305 5191 lib.
2335 5149 2372 5191 tt
2399 5135 2463 5190 de
2491 5132 2682 5189 Natur.
2706 5131 2887 5201 Deor.,
2918 5148 3035 5202 pag.
3066 5130 3193 5196 2l6,
3219 5132 3313 5185 lin.
3333 5131 3389 5197 5,
3408 5140 3453 5184 et
3476 5128 3627 5202 δαίμ).

2106 5230 2291 5300 Neque
2322 5243 2498 5284 rerum
2534 5225 2901 5281 tantummodo
2930 5223 3262 5278 universitati
3285 5263 3300 5290 ,
3324 5238 3425 5293 qua
3450 5223 3629 5277 omnia

2033 5314 2398 5388 Continentur,
2431 5320 2527 5376 sed
2552 5321 2777 5389 singulis
2805 5318 2969 5374 etiam
2998 5317 3179 5372 mundi
3212 5308 3453 5388 partibus
3490 5316 3628 5372 Deus

2034 5415 2379 5472 Providentia
2414 5426 2510 5468 sua
2552 5412 2802 5467 consulit.
2842 5409 2947 5466 Sed
3001 5410 3316 5477 audiamus,
3360 5409 3407 5463 si
3457 5409 3623 5476 lubet,

2029 5504 2318 5565 Minucium
2370 5506 2421 5563 id
2474 5498 2791 5575 quibusdam
2839 5519 3051 5576 quoque
3097 5503 3358 5575 exemplis
3404 5503 3629 5557 demon-

2027 5608 2285 5658 strautetn
2322 5618 2335 5656 :
2366 5618 2384 5652 ι
2423 5596 2716 5658 Britannia.
2746 5616 2765 5650 ι
2802 5599 2990 5668 inquit,
3030 5615 3047 5649 t
3084 5597 3199 5652 sole
3227 5594 3495 5662 deﬁcitur,
3532 5588 3627 5650 sed

2026 5694 2449 5750 circumﬂuentis
2510 5691 2673 5746 maris
2745 5699 2985 5755 tempore
3053 5701 3349 5745 recreatur.
3407 5686 3626 5759 IEgypti

2025 5788 2319 5845 siccitatem
2364 5795 2623 5855 temperat
2648 5783 2798 5839 Nilus
2850 5782 2987 5838 Colit
3040 5783 3339 5852 Euphrates
3379 5782 3627 5843 Mesopo-

2025 5882 2262 5943 tamiam.
2294 5881 2457 5938 ludus
2510 5891 2564 5938 et
2604 5894 2785 5939 serere
2820 5878 3099 5936 Orientem
3147 5878 3345 5933 dieitur
3388 5887 3441 5933 et
3491 5875 3623 5931 irri-
