4058 6316
343 290 451 348 M7

1651 291 1742 347 DE
1783 288 2042 349 MINUCII
2072 291 2372 349 OCTAVIO

3549 298 3657 354 “8

343 420 492 477 gare.
532 423 552 458 ι
583 403 641 461 In
661 407 1026 477 manuscripto
1047 414 1222 462 autem
1247 404 1591 476 regio'codiee
1616 415 1736 478 post
1751 421 1934 462 vocem
1968 408 2011 467 Α
2044 406 2274 461 affirmat
2331 406 2657 462 Britanniam
2710 407 2874 463 maris
2925 417 3167 478 tempore
3207 411 3482 467 recreari?
3516 411 3658 468 Huic

351 517 370 554 t
406 497 560 555 Nilus
595 519 614 553 ι
649 499 766 556 haec
806 500 1098 570 leguntur:
1139 519 1158 554 ι
1197 499 1384 554 Amnis
1426 498 1726 569 Euphrates
1768 499 1942 555 Meso-

344 594 636 665 potamiam
676 610 773 666 pro
803 595 1063 650 imbribus
1102 603 1312 665 pensat.
1361 613 1380 648 ›
1420 593 1550 662 Qum
1600 594 1816 666 quidem
1849 611 1945 650 cur

346 685 401 742 in
447 686 606 743 editis
634 697 835 744 mutata
875 688 1014 756 sint,
1057 687 1212 743 nobis
1250 696 1396 743 certe
1424 686 1813 758 incompertum
1840 697 1942 742 est.

419 783 490 837 At
520 781 649 836 nulli
677 780 982 836 dubitamus
1006 782 1121 837 haec
1152 791 1406 852 excerpta
1431 780 1597 838 fuisse
1623 798 1688 837 ex
1706 783 1944 839 secundo

345 873 623 931 Ciceronis
667 876 731 931 de
761 875 964 930 Natura
996 876 1216 933 Deorum
1250 878 1406 947 libro,
1455 877 1544 933 ubi
1585 879 1774 934 iisdem
1804 878 1943 947 Nili,

349 966 672 1038 Euphratis.
706 978 759 1024 et
788 969 898 1024 lndi
929 971 1225 1042 exemplis,
1254 970 1322 1025 ad
1376 970 1704 1042 probandam
1734 986 1946 1043 quoque

349 1059 445 1116 Dei
478 1062 874 1120 Providentiam
908 1067 1092 1121 utitur.
1143 1066 1487 1138 Transcripta
1513 1076 1691 1123 autem
1732 1084 1759 1121 a
1792 1069 1947 1124 nobis

347 1156 593 1225 superius
622 1156 762 1212 illius
799 1157 993 1225 verba,
1044 1159 1130 1215 hic
1186 1170 1433 1229 repetere
1487 1175 1944 1230 supervacaneum

345 1248 593 1305 duximus
617 1250 775 1321 (Cic.,
809 1252 897 1308 lib.
932 1268 967 1308 tt
994 1254 1059 1308 dc
1094 1251 1222 1307 Nat.
1269 1252 1452 1319 Deam,
1506 1270 1626 1325 pag.
1674 1252 1803 1322 234,
1850 1254 1942 1308 lin.

345 1342 448 1410 20;
478 1345 579 1398 vid.
608 1363 752 1416 supr.
785 1363 902 1414 cap.
933 1347 988 1408 ‘2.
1019 1357 1117 1403 art.
1144 1347 1223 1420 6).

419 1441 487 1494 At
521 1455 736 1507 nonne,
786 1440 1031 1510 inquies,
1074 1440 1334 1496 Mtnueius
1361 1456 1645 1515 perperam
1700 1451 1755 1496 et
1809 1456 1943 1512 pra:-

347 1541 561 1602 postere
582 1574 597 1598 .
624 1533 798 1604 primo
827 1547 925 1606 pro
950 1535 1198 1605 exemplo
1247 1535 1576 1590 Britanniam
1628 1535 1945 1605 proposuit?

348 1624 627 1682 Undenatn
659 1627 802 1683 enim
833 1627 920 1683 ille
968 1629 1176 1700 accepit
1219 1628 1363 1683 illam
1413 1629 1528 1685 Sole
1577 1627 1777 1684 deﬁci?
1841 1628 1945 1685 Sed

346 1720 453 1785 dic.
499 1736 704 1792 quaeso,
756 1739 937 1778 nonne
989 1725 1148 1779 etiam
1188 1723 1384 1780 Strabo
1431 1723 1679 1778 similiter
1718 1722 1787 1778 de
1825 1722 1944 1777 Bri-

349 1818 527 1871 tannis
577 1816 692 1871 lucc
757 1818 958 1887 scripto
1011 1817 1229 1873 tradidit

349 1912 480 1981 ἆέμς
531 1919 708 1978 μᾶλλον
760 1917 789 1973 ἦ
833 1915 1118 1982 νιφιτώδεις.
1165 1919 1213 1967 ἓν
1255 1918 1304 1966 δὲ
1347 1918 1459 1974 ταῖς
1508 1918 1722 1985 αἰθρίαις
1770 1918 1948 1981 ὁμίχλη

348 2012 542 2073 κατέχει
592 2013 736 2060 πολὺν
776 2008 957 2077 χρόνον
989 2014 1106 2063 ὥστε
1161 2008 1224 2061 δι’
1266 2014 1446 2077 ἡμέρας
1494 2013 1642 2072 ὅλης,
1693 2009 1770 2061 ἐπὶ
1823 2008 1950 2075 τρεῖς

348 2103 538 2170 μόνινῆ
567 2109 799 2170 τίθη-ρας
825 2107 944 2170 ὧρας
995 2106 1085 2163 τὰς
1128 2111 1234 2170 περὶ
1276 2113 1362 2162 τὴν
1402 2109 1730 2171 μεσημϐρίαν,
1774 2102 1951 2169 ὁρᾶοιι

349 2201 426 2250 τὸν
449 2196 584 2256 ἥλιον
604 2209 618 2224 ⁶
639 2201 783 2250 τοῦτο
811 2197 858 2248 Si
897 2200 985 2250 κάν
1011 2199 1114 2257 τοῖς
1162 2200 1389 2267 Μορινοῖς
1431 2204 1696 2263 συμϐαίνει,
1729 2195 1812 2247 atati
1851 2196 1949 2254 τοῖς

352 2293 643 2355 Mevania“,
674 2291 756 2342 ui
783 2293 887 2342 ὅσοι
914 2293 1088 2344 rubrm
1116 2296 1458 2359 πλησίοχωροι.
1491 2306 1509 2338 t
1543 2286 1654 2343 Aer
1682 2286 1822 2355 apud
1854 2301 1949 2341 eos

351 2379 612 2436 imbribus
633 2380 801 2452 magis
823 2391 928 2447 est,
943 2397 1105 2454 quam
1124 2381 1332 2437 nivibus
1349 2382 1616 2437 obnoxius
1637 2399 1650 2435 :
1669 2397 1731 2436 ac
1752 2395 1948 2437 sereno

348 2475 513 2531 etiam
539 2475 676 2532 ccelo
703 2475 877 2546 caligo
898 2475 1142 2547 quaedam
1166 2475 1393 2530 multum
1418 2474 1678 2545 tetnporis
1708 2474 1946 2542 obtinet,

351 2567 426 2625 ita
476 2577 533 2623 ut
584 2578 697 2623 toto
743 2568 831 2623 die
881 2583 986 2624 non
1043 2568 1181 2623 ultra
1238 2577 1345 2624 tres
1390 2578 1482 2623 aut
1531 2577 1790 2638 quatuor,
1830 2582 1949 2637 quae

351 2670 480 2718 sunt
528 2661 670 2717 circa
727 2661 1043 2726 meridiem,
1109 2661 1306 2726 horas,
1360 2661 1601 2732 conspici
1643 2662 1724 2717 sol
1757 2661 1946 2731 possit.

351 2755 505 2825 Quod
535 2756 707 2827 ipsum
740 2756 958 2812 Morinis
1001 2771 1247 2827 quoque,
1277 2767 1333 2812 et
1362 2755 1640 2826 Menapiis,
1685 2763 1738 2810 et
1763 2769 1948 2810 eorum

353 2849 545 2906 vicinis
578 2850 840 2921 contingit
879 2870 897 2904 ι
935 2850 1172 2918 (Strabo,
1203 2851 1291 2905 lib.
1323 2866 1373 2905 tv
1404 2849 1614 2922 Geogr..
1646 2868 1765 2923 pag.
1794 2850 1947 2921 200).

430 2941 592 2999 Visne
639 2951 695 3000 et
733 2927 896 3000 alium
928 2944 1022 2999 tibi
1067 2944 1295 3015 proferri
1339 2946 1568 3000 testem?
1625 2943 1708 2999 En
1759 2955 1953 3014 prmsto

354 3045 438 3091 est
463 3034 712 3104 Tacitus,
746 3037 900 3106 cujus
923 3036 1037 3092 lta-c
1073 3049 1200 3092 sunt
1229 3038 1388 3094 verba
1415 3055 1427 3090 :
1459 3056 1478 3090 ι
1511 3036 1720 3094 Caelum
1748 3037 1953 3092 crebris

357 3128 619 3185 imbribus
683 3145 747 3187 ac
804 3130 1015 3186 nebulis
1089 3130 1323 3196 foedum;
1379 3133 1640 3202 asperitas
1697 3132 1950 3204 frigorum

2051 503 2226 574 itaque
2269 501 2545 560 Ciceronis
2597 503 2776 559 verbis
2831 503 3276 574 t-eSpondebimus
3319 522 3333 562 :
3379 525 3397 560 ι
3453 505 3656 573 Maria,

2050 597 2242 667 inquit,
2276 598 2472 667 agitata
2503 595 2680 652 ventis
2708 598 2778 651 ita
2805 605 3110 665 tepescunt,
3142 608 3200 654 ut
3231 598 3457 670 intelligi
3498 598 3662 655 facile

2051 692 2217 761 possit
2246 691 2296 746 itt
2330 691 2490 747 tantis
2523 691 2625 746 illis
2663 690 2976 747 humoribus
3028 691 3294 748 inclusum
3339 709 3462 748 esse
3501 694 3659 750 calo-

2049 803 2182 842 rem.
2213 786 2320 842 Nec
2346 787 2486 842 enim
2530 787 2618 843 ille
2643 799 2900 842 externus
2942 795 2996 843 et
3019 787 3344 844 adventitius
3375 787 3664 844 habendus

2049 891 2132 936 est
2153 890 2305 951 tepor
2332 899 2345 935 :
2368 881 2461 936 sed
2497 881 2698 935 intimis
2739 880 2901 936 mat-is
2931 881 3172 951 partibus
3196 882 3488 953 agitatione
3509 882 3666 937 exci-

2049 982 2208 1029 tatus.
2267 973 2420 1043 Quod
2473 975 2674 1029 nostris
2716 991 2931 1045 quoque
2978 975 3298 1044 corporibus
3356 977 3660 1046 ctttttingit,

2049 1081 2168 1122 cum
2215 1080 2361 1121 rnuttt
2412 1078 2575 1138 atque
2615 1069 3002 1124 exercitatione
3022 1069 3296 1124 calescunt
3331 1089 3349 1122 ι
3387 1069 3537 1141 (Cic.
3563 1070 3660 1124 lib.

2049 1178 2086 1216 tt
2124 1162 2187 1216 de
2230 1160 2423 1218 Natttr.
2467 1160 2646 1224 θεον..
2699 1179 2820 1232 pag.
2871 1161 3001 1224 217.
3041 1162 3134 1217 litt.
3167 1161 3257 1223 42,
3285 1173 3329 1217 et
3367 1160 3524 1232 ιαμ).
3585 1163 3661 1218 At

2049 1256 2341 1328 generatim
2401 1256 2470 1311 de
2521 1256 2760 1326 quolibet
2824 1256 2956 1311 mari
3010 1255 3271 1326 loquitur.
3333 1255 3472 1324 Quid
3526 1270 3665 1324 ergo

2051 1349 2277 1412 mirum,
2329 1348 2374 1403 si
2421 1347 2693 1404 Britannia
2725 1358 2968 1418 tempore
3016 1348 3204 1416 maris,
3258 1348 3494 1419 undique
3534 1363 3658 1404 eam

2049 1441 2470 1509 circutndantis,
2513 1441 2692 1497 calore
2734 1451 2990 1512 tepescat.
3042 1440 3148 1497 Sed
3193 1441 3386 1495 melius
3435 1440 3662 1497 forsitan

2049 1535 2274 1591 dixisset
2336 1534 2478 1590 hunc
2535 1545 2776 1605 teporem
2848 1550 2952 1592 non
3022 1551 3086 1592 ex
3151 1535 3353 1591 incluso
3415 1536 3466 1591 in
3520 1538 3658 1592 mari

2050 1631 2251 1692 calore.
2293 1630 2388 1686 sed
2413 1646 2476 1686 ex
2520 1630 2663 1686 illius
2693 1638 2898 1686 tantum
2939 1629 3156 1702 agitatis
3183 1630 3340 1686 salsis
3367 1631 3612 1702 partibus
3634 1673 3652 1698 ,

2051 1725 2273 1796 ejusque
2301 1725 2590 1795 vaporibus
2617 1725 2863 1781 excitari.

1288 1837 1302 1874 :
1353 1803 1602 1889 έπομϐροι
1655 1816 1696 1871 δ’
1747 1823 1862 1872 εἰσιν
1907 1826 1950 1872 οἱ

2129 1818 2201 1872 Dc
2232 1817 2401 1873 tribus
2425 1826 2604 1873 autem
2631 1817 2942 1872 memoratis
2982 1833 3012 1872 tt
3041 1816 3273 1873 Minucio
3321 1817 3658 1884 ﬂuminibus.

2053 1912 2096 1967 si
2129 1912 2376 1978 aliorum,
2409 1921 2604 1983 przeter
2623 1911 2964 1978 Ciceronem,
2996 1910 3330 1981 Scriptorum
3351 1911 3661 1967 testimonia

2055 2008 2293 2078 petieris,
2345 2009 2507 2062 multa
2557 2007 2648 2062 tibi
2702 2007 2812 2062 cito
2870 2004 3234 2078 proferentur.
3291 2005 3425 2063 Nattt
3487 2007 3663 2076 primo

2053 2099 2292 2170 quidem,
2350 2099 2613 2154 Diodorus
2647 2099 2858 2154 Siculus
2915 2099 3218 2155 luculenter
3261 2099 3500 2154 ostendit
3551 2113 3659 2154 non

2054 2192 2226 2248 solum
2255 2192 2523 2262 quomodo
2544 2191 2694 2246 Nilus
2717 2190 2935 2263 IEgypti
2959 2191 3284 2258 siccitatem,
3335 2203 3393 2246 ut
3447 2190 3523 2246 ait
3563 2191 3660 2246 Mi-

2055 2286 2262 2347 nucius.
2289 2295 2568 2357 temperet,
2601 2301 2787 2342 verum
2817 2287 2980 2342 etiam
2999 2284 3271 2354 quomodo
3299 2301 3418 2339 eam
3451 2285 3660 2341 lincun-

2053 2383 2174 2438 datu
2220 2383 2556 2454 fertilemque
2600 2382 2809 2437 reddat.
2865 2380 3051 2437 Grieca
3095 2390 3272 2437 autem
3314 2381 3430 2449 ejus
3469 2383 3657 2445 verba,

2053 2480 2176 2552 quia
2210 2480 2448 2549 longiora
2479 2490 2624 2543 sunt,
2673 2479 2839 2533 latino
2870 2489 3072 2532 tantum
3103 2493 3168 2534 ex
3219 2477 3510 2546 interprete
3537 2476 3661 2532 red-

2055 2573 2622 2631 demnsrtExundatio
2649 2573 2784 2644 ejus,
2802 2593 2820 2624 ι
2841 2572 3059 2642 inquit,t
3082 2587 3112 2626 a
3139 2571 3369 2626 solstitio
3391 2571 3654 2641 incipiens

2054 2670 2259 2730 asstiro.
2307 2666 2373 2721 ad
2426 2667 2790 2736 equinoctium
2837 2679 3007 2736 usque
3050 2663 3363 2719 autumnale
3409 2670 3656 2732 augetur.

2055 2761 2271 2817 ltttcritn
2298 2776 2491 2814 norum
2523 2758 2752 2814 subinde
2774 2758 2963 2813 limum
2993 2756 3307 2826 importatis,
3336 2766 3440 2808 tam
3467 2755 3659 2825 ignava

2053 2870 2213 2923 quant
2256 2853 2494 2924 frugibus
2525 2861 2576 2906 et
2610 2851 2805 2922 plantis
2853 2853 2996 2906 culta
3019 2849 3156 2916 sola,
3195 2847 3448 2919 quatndin
3492 2847 3662 2902 velint

2055 2947 2324 3018 agt-icium,
2383 2945 2676 3000 ltutttectat.
2716 2945 2898 3014 Aquas
2925 2943 3065 2999 enim
3112 2941 3305 2998 leniter
3344 2939 3662 2996 accedentes

2057 3041 2282 3099 modicis
2313 3041 2464 3096 facile
2504 3039 2785 3111 aggeribus
2823 3049 3092 3103 avertunt,
3149 3037 3319 3108 iisque
3357 3036 3577 3107 apertis,
3613 3037 3658 3091 si

2056 3154 2119 3192 ex
2153 3153 2250 3192 ttsu
2282 3131 2545 3196 videatur.
2575 3149 2680 3188 non
2711 3147 2904 3203 magno
2931 3131 3115 3187 labore
3142 3131 3332 3184 iterum
3371 3128 3660 3192 inducunt;

357 3223 529 3280 abeSI.
588 3224 805 3280 Dierum
853 3228 1022 3296 spatia
1055 3226 1190 3282 ultra
1229 3228 1378 3285 orbis
1410 3231 1576 3285 nostri
1606 3245 1950 3296 mensuram;
1981 3221 2026 3283 C
2059 3228 2304 3298 adeoque
2348 3236 2554 3283 tantum
2590 3225 2862 3281 laboribus
2891 3223 3221 3295 compendii,
3256 3232 3312 3278 et
3346 3219 3657 3276 hominibus

357 3326 413 3374 et
452 3334 556 3374 nox
595 3317 778 3385 clara,
824 3330 874 3376 et
907 3328 1145 3376 extrema
1178 3321 1466 3378 Britanniae
1519 3333 1687 3394 parte,
1738 3323 1953 3390 brevis,

359 3423 421 3468 ut
451 3411 611 3468 finem
632 3425 792 3485 atque
819 3415 1028 3471 initium
1064 3417 1198 3473 lucis
1223 3417 1418 3490 exiguo
1442 3418 1755 3475 discrimine
1774 3422 1954 3482 jnter-

360 3523 576 3565 noscas.
636 3509 788 3579 Quod
845 3511 890 3567 si
947 3513 1114 3568 nubes
1176 3529 1280 3568 non
1327 3513 1588 3581 officiant,
1647 3515 1812 3583 aspici
1864 3529 1958 3583 per

362 3610 576 3656 noctem
607 3603 736 3657 solis
781 3602 1037 3674 fulgorem
1059 3647 1074 3672 ,
1123 3620 1223 3662 nec
1253 3606 1498 3662 occidere
1535 3616 1592 3663 et
1631 3622 1922 3678 exsurgere
1943 3651 1958 3676 ,

365 3694 459 3752 sed
495 3696 722 3752 transire
748 3696 1018 3754 aflirmant
1040 3714 1055 3762 ;
1081 3699 1287 3754 scilicet
1323 3710 1562 3755 extrema
1593 3711 1646 3755 et
1671 3701 1826 3773 plana
1851 3710 1959 3755 ter-

365 3805 545 3845 rarum
576 3790 762 3846 humili
802 3792 987 3848 umbra
1032 3807 1138 3848 non
1165 3793 1376 3864 erigunt
1408 3794 1685 3862 tenebras,
1719 3793 1963 3865 infraque

364 3884 561 3939 coelum
611 3893 666 3940 et
711 3884 888 3942 sidera
936 3900 1038 3941 nox
1081 3886 1223 3942 cadit
1259 3904 1279 3940 δ
1319 3886 1340 3960 (
1378 3883 1546 3941 Tacit.
1575 3887 1628 3942 in
1692 3884 1806 3941 Vita
1833 3886 1966 3941 Julii

366 3978 620 4051 Agricof..
652 3981 799 4052 longe
825 3991 956 4052 post.
991 3981 1157 4053 init.).
1384 3993 1394 4000 '
1745 4041 1753 4047 _

440 4075 512 4130 At
553 4073 595 4127 si
630 4083 888 4142 pratterea
929 4076 1146 4130 tet-tium
1192 4075 1371 4132 adhuc
1420 4083 1612 4132 testem
1654 4074 1964 4142 desideres,

371 4167 530 4222 nobis
555 4166 729 4222 adhuc
767 4169 817 4222 in
849 4179 1094 4237 promptu
1123 4178 1207 4225 est
1235 4171 1417 4226 Caesar
1437 4214 1453 4238 ,
1495 4172 1582 4241 qui
1623 4170 1675 4225 in
1718 4170 1853 4225 banc
1883 4172 1968 4224 in-

372 4258 872 4330 sulamtrajecerat.
930 4260 1006 4316 De
1055 4261 1144 4316 illa
1192 4263 1626 4335 siquidcmltunc
1682 4263 1868 4318 scribit
1918 4263 1968 4317 in

375 4354 592 4410 modum
626 4372 639 4409 :
676 4374 694 4408 ι
735 4354 874 4412 Loca
900 4365 1027 4412 sunt
1059 4359 1459 4429 temperatiora,
1489 4373 1648 4428 quam
1687 4359 1737 4412 in
1766 4357 1969 4423 Gallia,

376 4449 780 4519 remissioribus
821 4449 1173 4522 frigoribus...
1229 4452 1284 4506 ltt
1330 4451 1432 4507 hoc
1466 4451 1642 4506 medio
1684 4466 1841 4506 cursu
1891 4459 1975 4506 est

378 4543 574 4608 insula,
628 4559 748 4615 quae
794 4545 1094 4615 appellatur
1121 4544 1307 4610 Mona,
1361 4544 1664 4615 complures
1715 4553 1973 4613 prmterea

2059 3320 2407 3379 emolumenti
2431 3319 2623 3387 aﬂert,
2657 3329 2709 3372 ut
2737 3333 2859 3388 pars
2885 3318 3208 3372 rusticomm
3239 3317 3468 3370 maxima
3507 3313 3667 3369 semi-

2063 3417 2218 3472 nibus
2249 3417 2299 3470 itt
2333 3417 2630 3470 exsiccmos
2691 3412 2898 3468 telluris
2949 3425 3106 3483 agros
3156 3410 3438 3480 conjectis,
3470 3423 3666 3477 pecora

2062 3511 2128 3565 ad
2166 3508 2586 3564 conettleandmn
2615 3506 2890 3572 inducant,
2914 3515 3105 3576 etpost
3129 3514 3358 3576 quatuor
3391 3512 3484 3558 aut
3511 3503 3668 3574 quin-

2064 3619 2167 3674 que
2200 3620 2410 3658 incuses
2441 3602 2506 3656 ad
2537 3599 2914 3656 demetendum
2957 3607 3314 3655 revertantur.
3355 3596 3530 3669 Aliqui
3585 3595 3667 3650 le-

2065 3698 2225 3751 vibus
2265 3697 2458 3750 aratris
2483 3710 2695 3749 summo
2738 3704 2895 3748 terra:
2932 3690 3113 3756 dorso,
3145 3699 3268 3759 post
3308 3688 3668 3745 ltumecmtio-

2069 3810 2188 3848 netu
2212 3792 2386 3848 obiter
2407 3791 2693 3862 proscisso,
2715 3789 2956 3859 ingentes
2988 3785 3196 3858 frugum
3221 3798 3444 3840 acervos
3469 3782 3672 3853 absque

2069 3885 2278 3958 magnis
2308 3883 2614 3953 impendiis.
2645 3892 2694 3937 ct
2720 3880 2961 3935 laborum
2985 3878 3240 3933 :erumnis
3275 3875 3401 3931 inde
3430 3875 3622 3930 tollunt
3647 3894 3666 3927 ι

2070 3979 2314 4052 (Diodor.
2366 3977 2457 4032 lib.
2514 3992 2527 4030 l
2572 3974 2803 4036 Bibliot.,
2854 3989 2972 4044 pag.
3013 3972 3084 4026 22
3113 3971 3154 4042 ).
3187 3969 3418 4026 Sanctus
3459 3982 3673 4039 quoque

2073 4073 2410 4133 Ambrosius.
2444 4087 2550 4126 non
2598 4072 2773 4125 minus
2828 4066 3169 4122 luculenter:
3222 4082 3240 4116 t
3279 4063 3479 4128 Verno,
3533 4082 3551 4116 ι
3595 4062 3676 4115 in-

2074 4168 2210 4239 quit,
2251 4186 2270 4219 ›
2301 4163 2440 4235 apud
2489 4163 2767 4237 Atlgyptins
2823 4171 3063 4229 tempore
3110 4157 3263 4212 Nilus
3326 4155 3580 4218 exundat,
3619 4163 3678 4210 ut

2072 4258 2333 4332 jaciendis
2351 4256 2644 4314 seminibus
2661 4265 2803 4311 terra
2836 4254 3134 4316 mollescat,
3153 4261 3207 4305 et
3234 4249 3510 4304 blandiore
3530 4247 3676 4312 sinu,

2078 4365 2132 4411 et
2182 4352 2531 4419 clementiore
2582 4349 2788 4421 gremio
2819 4349 3022 4402 semina
3062 4344 3223 4400 missa
3258 4342 3616 4412 suscipiantur
3653 4358 3672 4392 ι

2081 4447 2100 4518 (
2131 4446 2410 4512 AmbrOs.,
2435 4443 2522 4498 lib.
2551 4443 2612 4496 de
2645 4440 2759 4496 Noe
2803 4451 2846 4492 ct
2891 4455 3013 4494 arca
3039 4479 3053 4503 ,
3086 4452 3206 4508 cap.
3250 4437 3338 4503 H,
3374 4435 3403 4508 §
3433 4435 3525 4500 48,
3557 4447 3678 4505 pag.

2079 4541 2232 4610 ΞΠ).
2275 4538 2376 4608 Qui
2432 4537 2578 4607 plura
2618 4535 2868 4598 voluerit.
2902 4532 3059 4587 adeat
3088 4529 3433 4591 Strabonem,
3465 4527 3677 4594 Melatn,

379 4637 615 4692 minores
643 4637 868 4708 objecta:
906 4637 1094 4690 insulae
1125 4637 1532 4702 existimantur,
1580 4636 1646 4691 de
1673 4637 1863 4706 quibus
1896 4636 1975 4689 in-
2008 4627 2058 4687 D
2087 4635 2339 4698 Plinium.
2369 4631 2636 4692 Solinum.
2674 4637 2728 4683 ct
2758 4628 2892 4682 alios
2924 4625 2942 4699 (
2974 4626 3148 4682 Strab.
3179 4624 3273 4679 lib.
3303 4640 3331 4676 v
3360 4621 3678 4692 Geograplt.,

377 4729 515 4786 sulis
537 4731 780 4786 nonnulli
813 4731 1146 4800 scripserunt
1169 4731 1285 4786 dies
1314 4731 1598 4785 continuos
1630 4730 1843 4796 triginta
1876 4729 1976 4784 sub

380 4823 565 4880 bruma
601 4836 812 4880 noctem
841 4840 962 4881 esse
999 4846 1018 4879 ι
1051 4827 1071 4893 (
1099 4827 1290 4880 Caesar.
1325 4824 1418 4878 lib.
1462 4839 1514 4880 tv
1547 4825 1611 4876 de
1644 4822 1791 4876 Bello
1835 4822 1974 4877 Gulf.

381 4935 501 4989 pag.
528 4919 679 4990 7-55).
726 4918 855 4978 Sed.
887 4918 961 4984 bi,
995 4915 1446 4989 quemadmodum
1476 4916 1831 4979 Herodianus,
1851 4917 1979 4972 Scr-

380 5011 500 5066 vius
529 5021 582 5067 et
607 5011 912 5069 Jornandes
942 5022 1034 5067 ant
1061 5011 1195 5066 falso
1234 5025 1450 5066 rumore
1478 5011 1684 5079 decepti
1724 5009 1972 5077 fuerunt,

382 5113 475 5160 aut
506 5104 574 5160 de
617 5105 819 5160 ultimis
847 5105 1042 5162 St-otire
1091 5119 1281 5160 versus
1318 5104 1740 5175 septentrionem
1787 5104 1979 5158 finibus

386 5199 697 5269 loquuntur.
730 5200 862 5256 Nam
894 5201 1109 5257 Tacitus
1154 5200 1262 5270 jam
1310 5199 1552 5254 laudatus
1593 5199 1642 5253 in
1690 5198 1807 5253 Vita
1859 5197 1982 5252 Julii

385 5292 648 5363 Agricola:
678 5311 690 5346 :
727 5312 746 5345 ι
779 5292 948 5360 Nox,»
976 5294 1166 5364 inquit,
1199 5313 1218 5346 t
1240 5293 1472 5358 clara,ct
1502 5299 1736 5345 extrema
1767 5291 1981 5345 Britan-

389 5389 492 5444 nia:
537 5397 726 5459 parte,
785 5387 998 5454 brevis;
1058 5400 1115 5444 ttt
1163 5389 1322 5444 finem
1371 5397 1532 5458 atque
1593 5388 1802 5442 initinrn
1854 5388 1986 5442 lucis

389 5482 584 5553 exiguo
613 5480 928 5538 discrimine
968 5481 1322 5537 internoscas.
1363 5502 1381 5534 ι
1442 5481 1770 5554 (Ilerodimt.
1806 5480 1892 5534 lib.
1927 5495 1987 5534 ιιι

395 5573 594 5631 Hister.
625 5591 741 5646 pag.
777 5573 882 5639 84;
916 5573 1062 5629 Serv.
1102 5576 1153 5629 in
1183 5574 1270 5630 lib.
1307 5592 1321 5630 ι
1365 5574 1598 5646 Georgio.
1652 5573 1829 5644 Virgil.
1865 5589 1985 5645 pag.

392 5668 756 5732 81;Jornand.
783 5669 964 5725 dereb.
992 5668 1151 5725 Getic.
1186 5687 1301 5741 cap.
1333 5669 1413 5743 Ξ).

467 5763 613 5831 Esto,
639 5764 779 5822 dicet
801 5765 957 5832 alius,
991 5780 1078 5820 res
1103 5765 1174 5822 ita
1204 5781 1262 5824 ευ
1298 5765 1526 5831 habeat.
1559 5765 1693 5821 cedo
1715 5762 1988 5836 equidem.

389 5857 590 5918 Verum
635 5875 771 5931 qua,
825 5859 1068 5931 inquiet,
1120 5859 1382 5917 Minucius
1426 5858 1637 5918 ratione
1679 5863 1991 5917 constanter

2081 4746 2200 4801 pag.
2226 4729 2350 4794 69!,
2374 4737 2426 4785 et
2450 4727 2543 4782 lib.
2574 4741 2670 4791 vn,
2699 4740 2818 4795 pag.
2838 4722 2963 4788 788;
2988 4719 3253 4784 Mela,lib.
3281 4719 3375 4773 tde
3396 4718 3513 4773 Situ
3546 4715 3679 4781 orb.,

2074 4833 2193 4886 Cap.
2224 4816 2279 4871 9.
2315 4816 2474 4880 l’lin.,
2511 4814 2601 4868 lib.
2637 4829 2650 4866 l
2700 4811 2894 4865 Hister.
2929 4819 3125 4873 natura,
3151 4823 3268 4875 cap.
3297 4806 3350 4869 9,
3380 4820 3498 4875 pag.
3535 4802 3669 4865 5-57.

2080 4920 2135 4967 et
2173 4909 2267 4963 lib.
2322 4923 2470 4968 xvttt.
2521 4921 2641 4976 cap.
2693 4904 2746 4970 8,
2805 4918 2922 4973 pag.
2971 4900 3098 4965 490;
3161 4898 3354 4963 Solin.,
3383 4912 3505 4966 cap.
3551 4893 3680 4964 52).

2155 5003 2426 5058 Testatttm
2467 5000 2625 5056 iidem
2677 5006 2922 5052 auctores
2969 4994 3167 5049 faciunt
3215 4992 3353 5048 sicut
3395 4989 3688 5062 ngyptum

2083 5096 2225 5160 Nilo,
2258 5095 2328 5150 ita
2357 5092 2817 5164 Mesopmamiatu,
2841 5087 3111 5160 quomodo
3140 5085 3215 5140 ait
3245 5083 3529 5148 Minucius,
3581 5081 3682 5137 Eu.

2087 5191 2277 5262 pltrale
2318 5186 2618 5243 fmeuudnnt
2677 5183 2812 5238 fieri.
2866 5183 2939 5237 De
2986 5180 3088 5234 boc
3131 5179 3409 5235 enimvero
3467 5174 3688 5230 flumine

2090 5283 2294 5339 Plinius
2336 5281 2450 5336 hinc
2506 5287 2728 5334 narrat:
2782 5294 2800 5327 ι
2838 5274 3094 5330 Increscit
3144 5280 3198 5327 et
3250 5271 3364 5340 ipse
3395 5269 3495 5323 Nili
3529 5266 3690 5323 modo

2089 5379 2243 5434 Statis
2300 5375 2510 5441 diebus,
2572 5373 2782 5444 paulurn
2828 5368 3103 5434 differens,
3146 5383 3209 5423 ac.
3254 5363 3688 5434 Me50p0tamiam

2090 5470 2334 5528 inundat.
2382 5469 2499 5525 sole
2545 5467 2821 5521 obtinente
2867 5461 3174 5517 vicesimam
3227 5468 3431 5530 partem
3473 5455 3688 5539 Cancri.

2094 5563 2254 5619 Minui
2284 5561 2466 5630 incipit
2498 5559 2548 5612 in
2580 5556 2812 5626 Virgine,
2837 5552 3018 5609 Leone
3049 5561 3404 5622 transgresso.
3439 5547 3494 5602 In
3519 5558 3688 5602 totum

2093 5673 2221 5713 vero
2244 5663 2446 5710 remeat
2471 5653 2524 5708 itt
2557 5653 2807 5709 vicesima
2827 5664 2964 5704 nona
2981 5656 3130 5718 parte
3146 5645 3373 5717 \‘irginis
3387 5643 3580 5712 ›(Ρ1ἰη.
3596 5641 3689 5697 lib.

2094 5768 2126 5806 ν
2160 5749 2350 5804 Nutttt'.
2373 5749 2551 5803 histor.
2577 5761 2695 5816 cap.
2723 5744 2814 5811 ‘27,
2839 5758 2947 5814 pag.
2987 5739 3139 5814 584).
3158 5738 3374 5795 Solinus
3393 5734 3559 5806 vero,§
3589 5733 3696 5790 Pli-

2097 5844 2174 5902 nii
2201 5849 2481 5915 sequester
2507 5848 2563 5895 et
2590 5839 2826 5894 imitator
2855 5854 2866 5890 :
2904 5855 2921 5888 t
2959 5831 3416 5904 Mesopotan‘tiam,
3451 5849 3469 5882 ι
3503 5827 3694 5900 inquit,
