3972 6310
222 286 250 340 αἱ
264 284 330 338 il)

1631 275 2104 335 DISSERTATIO.

3424 277 3533 334 450

223 396 429 466 opiu'at
468 389 832 450 inuudationis
891 403 1082 446 annua:
1142 389 1474 457 excessibus,
1525 389 1589 446 ad
1644 393 1814 447 instar
1840 392 1894 451 Α
1994 386 2198 444 Deinde
2227 399 2355 442 vero
2403 384 2720 457 quibusdam
2775 386 3038 457 exemplis
3059 387 3150 444 ille
3197 387 3531 461 probandum

226 487 468 560 Aﬂgyptii
495 487 691 553 amnis,
713 485 883 545 idest.
913 484 1038 550 Nili,
1062 493 1232 541 terras
1261 497 1573 557 cantegens,
1609 488 1821 544 invecta

223 581 324 636 soli
339 579 708 645 fecunditate,
736 579 924 634 iisdem
945 578 1112 635 ferme
1143 581 1490 650 temporibus,
1513 583 1704 651 quibus
1732 583 1825 638 Ni-

224 675 310 731 lus
341 693 361 728 ι
388 675 742 745 (Solin.,cap.
767 673 883 743 58).
920 673 1127 728 Videsis
1150 673 1490 737 Strabonem,
1510 674 1821 743 Arrianum,

223 770 482 839 Quintum
503 769 766 836 Curtium,
790 779 950 841 atque
977 769 1110 824 alios
1141 771 1478 842 geographos
1511 771 1710 845 (Strab.
1731 773 1825 829 lib.

223 880 317 920 1m
353 863 673 937 Geograph.,
696 878 816 936 pag.
863 862 968 918 740
1001 881 1015 928 ;
1054 865 1241 919 Arian.
1275 865 1365 919 lib.
1396 881 1464 919 vn
1494 867 1556 918 de
1582 864 1845 941 Expedin

225 958 510 1026 Δίκαια,
541 973 662 1029 pag.
722 957 828 1012 455
853 966 909 1012 et
935 955 1044 1012 489
1075 972 1089 1022 ;
1119 955 1186 1024 ρ.
1241 956 1391 1012 Curt.
1430 957 1522 1013 lib.
1585 973 1638 1024 v,
1673 959 1831 1028 paulo

235 1065 380 1126 post.
414 1051 581 1125 init.).

296 1150 469 1205 Porro
497 1159 674 1204 autem
722 1157 1003 1220 postquam
1052 1146 1192 1202 idem
1231 1146 1425 1204 Strabo
1473 1147 1718 1219 quaedam
1765 1147 1834 1204 de

223 1242 430 1310 ﬂuviis,
459 1242 549 1314 qui
582 1243 636 1297 in
663 1239 926 1312 Gangem,
970 1250 1024 1296 et
1063 1239 1247 1294 ludum
1293 1239 1542 1303 inﬂuunt,
1586 1241 1837 1312 praefatus

221 1345 329 1402 est,
373 1335 487 1390 lucc
541 1350 658 1404 qua:
703 1335 771 1390 de
823 1333 952 1388 ludo
1001 1332 1284 1401 Minucius,
1333 1335 1523 1389 litteris
1582 1335 1836 1406 prodidit,

220 1429 603 1486 Eratosthenis
642 1429 961 1485 auctoritate
1006 1431 1325 1484 conlirtuat:
1356 1418 1430 1484 ιέιι
1473 1435 1521 1484 δὲ
1549 1447 1632 1494 12.,-
1661 1433 1838 1486 ἀναθυ-

216 1529 434 1593 μιάσεως
472 1541 565 1580 τῶν
599 1529 831 1581 τοσοῦτων
877 1541 1126 1593 ποταμῶν,
1174 1534 1258 1576 καὶ
1309 1531 1362 1579 εκ
1408 1542 1498 1581 τῶν
1551 1532 1737 1580 intrwa
1783 1535 1843 1588 ὡς

216 1608 553 1689 έρωυσθένης
581 1641 714 1689 φησι,
743 1627 975 1690 βρέχεται
996 1621 1094 1680 τοῖς
1141 1620 1337 1687 θερινοῖς
1378 1624 1568 1695 ὄμϐρθις
1618 1627 1646 1679 ἡ
1688 1616 1843 1673 illam

219 1718 304 1768 καὶ
330 1718 549 1781 λιμνάζει
574 1718 637 1769 τὲ
658 1716 815 1767 πεδίον
847 1718 892 1766 ἰν
915 1722 1000 1780 μὲν
1025 1711 1100 1766 οὖν
1122 1717 1305 1773 nitrati;
1336 1720 1434 1772 τοὶς
1475 1720 1668 1784 ὅμϐρπς
1703 1721 1842 1777 λίνον,

1926 484 2152 553 suscipit
2180 483 2369 538 falsum
2399 496 2520 536 esse
2559 481 2735 535 divina
2767 480 3108 538 Providentia
3139 483 3394 539 mundum
3437 499 3536 554 gu-

1929 577 2167 640 bernari,
2201 585 2295 630 aut
2323 574 2574 629 oumibus
2601 589 2663 629 ac
2689 574 2915 646 singulis
2952 577 3180 632 consuli.
3227 577 3331 634 Sed
3373 593 3537 648 prais-

1929 681 2005 727 tat
2049 673 2337 741 ipsumtnet
2381 669 2680 737 Gazeilium,
2737 685 2799 724 ea
2855 670 3240 740 proferentem,
3305 675 3536 730 audire:

1938 789 1956 820 ε
1994 768 2146 837 Quod
2199 770 2242 823 si
2296 769 2547 834 mundus,
2586 786 2604 820 ι
2641 767 2835 838 inquit,
2887 785 2907 820 ‹
2946 769 3122 827 divina
3170 771 3535 839 Providentia,

1933 872 1985 918 ct
2055 862 2281 932 alicujus
2347 862 2580 917 numinis
2641 863 2960 919 auctoritate
3025 879 3340 936 regeretur,
3387 885 3542 925 num-

1933 973 2094 1030 quam
2144 967 2442 1012 mereretur
2509 954 2752 1010 Phalaris
2812 964 2866 1011 et
2934 956 3216 1028 Dyonisius
3291 977 3535 1032 regnum,

1939 1067 2230 1124 numquam
2285 1051 2508 1106 Butilius
2589 1061 2643 1104 et
2700 1047 2958 1104 Camillus
2994 1053 3236 1121 exilium,
3291 1055 3543 1114 Socrates

1939 1161 2206 1202 venenum
2268 1163 2287 1197 ι
2327 1143 2530 1198 Eodem
2565 1143 2722 1213 plane
2767 1156 3082 1214 argumento
3133 1146 3274 1216 apud
3327 1147 3544 1205 Cicero-

1940 1255 2061 1294 nem
2109 1238 2262 1294 Cotta
2301 1237 2658 1292 Academicus
2691 1236 3086 1294 Providentiam
3115 1239 3208 1296 Dei
3255 1253 3544 1300 concutere

1946 1333 2265 1390 moliebatur
2309 1331 2468 1405 (Cic..
2505 1333 2596 1387 lib.
2637 1348 2689 1391 v.
2733 1333 2796 1386 de
2844 1331 2972 1388 Nat.
3018 1335 3202 1400 Deor.,
3258 1351 3377 1408 pag.
3412 1337 3539 1405 252,

1950 1428 2044 1482 litt.
2073 1430 2106 1484 4
2139 1428 2375 1497 etsqq.).
2410 1427 2512 1481 Pro
2555 1434 2707 1481 certo
2745 1435 2923 1481 autem
2985 1429 3029 1482 is
3071 1429 3268 1500 posuit,
3320 1430 3462 1501 quod
3513 1445 3544 1487 a

1949 1522 2242 1578 Telamone
2270 1520 2337 1575 de
2367 1519 2470 1574 diis
2497 1519 2598 1573 hoc
2627 1535 2732 1573 uno
2762 1534 2919 1575 versu
2948 1518 3288 1576 decantatutn
3309 1534 3391 1578 eSt
3419 1539 3432 1577 :

2071 1615 2193 1664 Nam
2217 1615 2258 1663 si
2284 1619 2476 1670 curent,
2508 1614 2640 1662 bene
2656 1613 2800 1662 bouis
2823 1613 2904 1672 sit,
2927 1613 3056 1676 quod
3081 1628 3208 1663 uuue
3223 1615 3383 1666 abest.

2022 1699 2374 1755 Academicus
2398 1706 2576 1752 autem
2611 1697 2696 1752 ille
2727 1696 2916 1754 iisdem
2942 1709 3104 1769 atque
3133 1698 3252 1753 aliis
3282 1699 3523 1771 pluribus

217 1815 492 1876 σπείρεται,
525 1808 607 1859 κθὶ
635 1811 848 1877 κέγχρον⁹
881 1816 992 1876 πρὸς
1028 1809 1216 1866 τοῦτοις
1252 1811 1487 1874 σησάμη-ν,
1521 1812 1689 1878 ὄρυζα,
1731 1818 1844 1878 βισ-

1959 1811 2111 1866 qnam
2162 1793 2410 1849 Czecilius
2464 1793 2747 1862 exemplis,
2795 1794 2996 1847 omisso
3056 1802 3233 1848 tamen
3293 1793 3543 1865 Camillo,

217 1923 388 1972 μυρον.
415 1905 520 1961 τοῖς
550 1915 810 1971 χιμερινοῖς
840 1904 889 1953 δὲ
923 1917 1105 1971 καιρθῖς
1133 1903 1296 1970 πυροὶ,
1319 1905 1499 1970 κριθαὶ,
1531 1907 1725 1971 ὄσπρια,
1761 1910 1844 1954 καὶ

220 1997 372 2048 ἄλλοι
409 2006 586 2065 καρποὶ
615 1997 858 2063 ranam...
897 1997 958 2047 ὧν
1002 2002 1140 2062 ἡμεῖς
1191 2001 1434 2064 ἄπαρτι.)
1467 1993 1846 2048 Erulostllcnes

224 2099 421 2145 auctor
459 2100 540 2144 est
581 2105 646 2144 ex
677 2089 870 2143 horum
914 2097 1182 2142 tantorutn
1222 2087 1506 2143 ﬂmiornm
1548 2085 1846 2141 exhalatio-

224 2187 410 2251 nibus,
440 2197 496 2242 et
539 2186 665 2240 ﬂatu
712 2185 1039 2251 Etesiarum,
1075 2183 1277 2239 Indiam
1327 2183 1530 2239 mstivis
1583 2182 1845 2239 imbribus

223 2280 450 2336 madere
478 2267 541 2334 ac
566 2292 786 2349 campos
823 2277 1026 2348 stagnis
1049 2277 1280 2349 Oppleri,
1322 2287 1375 2331 et
1401 2277 1453 2331 in
1483 2277 1548 2332 iis
1580 2275 1843 2332 imbribus

227 2375 400 2429 linutn
433 2372 538 2428 seri
566 2381 623 2427 et
651 2371 880 2438 milium,
913 2379 965 2425 et
993 2385 1288 2435 sesamum,
1317 2368 1518 2423 orizam
1541 2379 1596 2424 et
1627 2370 1847 2425 bosuto-

226 2481 376 2531 rum;
405 2463 642 2520 [liberno
665 2472 843 2518 autem
868 2472 1111 2532 tempore
1137 2462 1244 2516 seri
1269 2461 1525 2525 triticum,
1551 2460 1841 2526 hordeum,

231 2559 530 2630 legumina,
592 2569 645 2613 et
697 2559 830 2613 alias
877 2555 1059 2628 fruges
1109 2555 1436 2619 esculentus,
1483 2571 1708 2626 quarum
1748 2571 1850 2611 nos

230 2666 487 2726 expertes
523 2673 543 2707 ι
568 2653 586 2724 (
610 2655 828 2720 Strabo,
852 2653 946 2709 lib.
978 2669 1045 2708 xv
1077 2652 1398 2725 Geograph,
1430 2667 1549 2722 pag.
1582 2650 1734 2723 690).

310 2746 541 2804 Videsne
570 2764 729 2820 quam
761 2760 906 2805 recte
930 2747 1190 2804 Minucius
1225 2763 1291 2804 ex
1319 2746 1403 2803 bis
1441 2747 1691 2803 Omnibus
1717 2763 1847 2804 cou-

231 2841 416 2898 cludat
446 2842 623 2896 otnuia
646 2853 699 2896 et
719 2842 925 2913 singula
962 2842 1055 2897 Dei
1082 2841 1417 2897 Providentia
1447 2840 1839 2898 administrari.

234 2933 436 2989 Terras
461 2933 741 2990 enimvero
792 2945 980 2988 natura
1001 2949 1095 2989 sua
1131 2934 1367 3000 steriles,
1400 2945 1455 2988 et
1486 2935 1618 2989 solis
1651 2935 1848 2993 ardore

236 3038 429 3097 tostas,
479 3047 578 3086 nec
626 3029 886 3086 imbribus
931 3029 1273 3095 madefactas,
1327 3031 1514 3084 borum
1563 3030 1846 3088 ﬂuminum

238 3122 690 3179 inundationibus
731 3121 1008 3178 fcecundas
1035 3121 1218 3178 el'ticit.
1269 3120 1473 3177 Eodem
1503 3121 1660 3193 plane
1686 3122 1847 3177 modo

1950 1887 2067 1943 haec
2113 1887 2439 1942 conﬁrmare
2491 1887 2695 1939 nititur.
2754 1883 2827 1939 lbi
2878 1896 3056 1941 autem
3101 1901 3164 1940 ea
3215 1885 3293 1942 sic
3350 1898 3542 1959 urget:

1957 2001 1974 2035 ι
2010 1981 2118 2039 Cur
2143 1982 2438 2036 avunculus
2461 1995 2614 2035 meus
2660 1981 2740 2034 vir
2779 1980 3254 2036 innocentissimus
3299 1981 3550 2054 idemque

1950 2075 2295 2132 doctissimus
2344 2073 2404 2129 P.
2452 2072 2685 2127 Rutilius
2745 2073 2797 2126 in
2861 2073 3053 2129 exsilio
3118 2075 3428 2131 est....Duo
3484 2075 3552 2131 de

1950 2171 2295 2242 quadraginta
2329 2168 2613 2237 Dionysius
2653 2175 2914 2237 tyrannus
2951 2182 3122 2224 annos
3174 2168 3275 2225 fuit
3327 2171 3554 2239 opulen-

1954 2264 2195 2329 tissimte,
2227 2272 2280 2316 et
2327 2259 2654 2316 beatissinne
2695 2260 2950 2315 civitatis.
2978 2260 3150 2328 Quam
3192 2261 3393 2317 multas
3422 2271 3551 2320 aute

1956 2358 2097 2413 hunc
2126 2356 2179 2410 in
2204 2355 2320 2426 ipso
2340 2353 2566 2411 Grteeize
2595 2353 2728 2409 ﬂore
2755 2354 3084 2418 Pisistratus,
3113 2370 3176 2412 ac
3201 2355 3468 2426 Phalaris,
3490 2374 3556 2415 ac

1953 2450 2312 2522 Apollodorus
2344 2463 2527 2520 poenas
2549 2447 2790 2513 sustulit,
2819 2449 3001 2504 multis
3029 2451 3242 2520 quidem
3272 2463 3398 2507 ante
3429 2468 3554 2507 cru-

1951 2544 2105 2599 ciatis
2142 2555 2196 2599 et
2251 2542 2518 2598 necatis...
2574 2541 2711 2610 Quid
2768 2542 2940 2598 dicam
3002 2543 3069 2600 de
3117 2545 3358 2614 Socrate,
3403 2545 3557 2618 cujus

1953 2643 2110 2694 tuorti
2141 2638 2461 2710 illaerytnari
2501 2636 2652 2692 soleo
2682 2637 2960 2694 Platonem
2993 2639 3215 2711 legens?
3244 2659 3262 2693 ι
3318 2641 3560 2714 Denique

1955 2745 2234 2803 pOStquam
2257 2731 2422 2786 multa
2464 2731 2702 2804 Dionysii
2737 2732 2895 2803 impia
2932 2733 3063 2788 facta
3104 2742 3160 2789 et
3204 2736 3500 2806 sacrilegia,
3527 2752 3558 2793 a

1959 2825 2170 2880 Valerio
2209 2826 2368 2880 etiam
2412 2824 2647 2878 maximo
2697 2823 3039 2895 postmodum
3098 2835 3278 2880 notata
3335 2828 3463 2895 (lib.
3506 2844 3557 2898 ι,

1953 2936 2072 2991 cap.
2105 2921 2153 2974 l.
2184 2919 2396 2975 Extern.
2430 2918 2560 2989 §5),
2585 2918 2874 2984 recensuit,
2908 2917 2992 2974 his
3013 2918 3374 2974 narrationem
3407 2936 3559 2977 suam

1953 3013 2181 3070 absolvit
2215 3012 2428 3068 verbis:
2467 3030 2486 3063 ‹
2523 3011 2675 3067 Hunc
2707 3011 2865 3083 igitur
2905 3026 3002 3068 nec
3026 3011 3307 3084 Olympius
3347 3013 3560 3084 Jupiter

1954 3110 2173 3164 fuln'tiue
2194 3109 2478 3179 percussit,
2499 3123 2598 3164 nec
2614 3106 2955 3177 IEsculapius
2980 3110 3178 3164 misero
3199 3108 3562 3182 diuturnoque

237 3220 392 3290 prius
443 3217 754 3275 ostenderat
819 3218 920 3274 hac
964 3217 1144 3273 divina
1208 3218 1566 3288 providentia,
1614 3217 1836 3272 aliarum
1867 3218 1913 3284 α
1953 3207 2144 3262 morbo
2173 3206 2596 3260 intabescentem
2627 3204 2918 3271 interemit,
2949 3214 3109 3275 atque
3141 3204 3192 3260 in
3220 3221 3320 3261 suo
3365 3205 3563 3263 lectulo

238 3313 427 3370 mundi
459 3313 689 3384 partium
722 3313 1049 3369 fcecunditati
1071 3328 1100 3367 a
1128 3322 1289 3377 stata,
1309 3323 1535 3384 quatuor
1558 3311 1683 3367 anui
1708 3325 1842 3368 lem-

239 3419 510 3481 pestatutn
538 3407 906 3462 vicissitudine
935 3407 1127 3461 tuirum
1159 3406 1314 3476 plane
1344 3407 1396 3460 in
1437 3405 1651 3460 tnodum
1681 3407 1844 3461 fuisse

237 3503 545 3559 consultum
580 3519 594 3557 :
630 3519 649 3554 ι
690 3499 807 3557 iam
856 3501 1210 3570 providentia:
1254 3511 1486 3571 quantae,
1540 3500 1733 3570 inquit,
1777 3513 1846 3555 ne

240 3597 422 3654 hiems
464 3597 578 3652 sola
604 3597 772 3668 glacie
820 3609 1020 3660 ureret,
1052 3605 1145 3651 aut
1183 3595 1292 3650 sola
1323 3603 1482 3650 aestas
1503 3596 1697 3650 ardore
1738 3603 1844 3649 tor-

240 3699 393 3747 reret
415 3690 656 3745 autumni
674 3699 729 3745 et
754 3690 898 3745 veris
921 3691 1162 3746 inserere
1187 3688 1421 3745 medium
1446 3697 1844 3760 temperamen-

241 3795 360 3843 tum
382 3801 397 3852 ;
421 3794 476 3841 ut
497 3801 594 3857 per
619 3786 840 3858 vestigia
871 3801 968 3840 sua
995 3785 1119 3840 anui
1174 3787 1514 3851 revertentis,
1569 3785 1764 3840 occulti
1794 3793 1848 3840 et

240 3878 726 3937 innoxiitransitus
787 3890 1204 3936 reverterentur.
1271 3877 1350 3934 lbi
1409 3887 1589 3935 autem
1651 3877 1845 3934 dixit:

248 3995 269 4029 ι
309 3974 493 4032 Hiems
523 3975 694 4046 glacie
726 3977 852 4043 urit,
885 3994 903 4028 ι
939 3973 1390 4047 quemadmodum
1425 3972 1680 4044 Virgilius
1707 3989 1722 4029 :

358 4133 368 4144 .
411 4131 424 4145 .
465 4133 476 4144 .
519 4133 530 4144 .
568 4093 668 4146 Aut
690 4094 866 4145 Borea:
891 4092 1202 4162 penetrabile
1227 4090 1599 4162 frigusIadurat.

1003 4153 1211 4221 (Virgil.
1239 4154 1320 4205 lib.
1343 4171 1359 4204 ι
1381 4154 1555 4217 Georg.
1585 4169 1628 4202 v.
1649 4153 1755 4214 95.)

871 4275 1163 4318 Αιιτιευιυε
1204 4276 1261 4315 ll.

246 4357 601 4414 Excutiuntur
629 4356 819 4411 Caecilii
849 4355 1036 4410 ethnici
1077 4363 1254 4408 contra
1297 4352 1521 4406 divinam
1570 4349 1852 4408 Providen-

324 4452 450 4506 tiam
491 4461 811 4520 argunwnta,
836 4465 898 4503 ex.
927 4449 1075 4503 rebus
1102 4446 1357 4518 prosperis
1391 4444 1662 4512 titulorum,
1694 4454 1738 4498 et
1765 4443 1854 4499 bo-

225 4530 229 4531 ,
326 4560 512 4598 uorum
538 4543 762 4596 adversis
786 4541 961 4606 ducta,
990 4541 1074 4594 ubi
1103 4539 1164 4593 de
1195 4538 1442 4609 Dionysia
1463 4549 1679 4609 tyranno
1710 4535 1848 4590 Pha-

1948 3308 2209 3366 mortuns,
2246 3299 2298 3352 in
2327 3295 2674 3370 Tytnpanidis
2724 3313 2910 3368 rogum
2962 3297 3140 3352 illatus
3192 3308 3297 3365 est,
3335 3315 3564 3370 eamque

1948 3402 2287 3466 potestatem.
2321 3407 2480 3463 quam
2529 3393 2641 3463 ipse
2667 3407 2762 3463 per
2799 3392 2974 3446 scelus
2995 3401 3113 3448 erat
3158 3403 3368 3458 nactus,
3412 3389 3565 3464 quasi

1943 3489 2142 3560 justam
2175 3495 2230 3542 et
2267 3486 2585 3557 legitimam,
2636 3484 2970 3541 ha-reditatis
3001 3485 3123 3542 loco
3152 3485 3263 3541 ﬁlio
3294 3486 3509 3543 tradidit
3540 3506 3559 3542 ι

1955 3581 2172 3654 (Cicer.
2206 3580 2314 3636 loc.
2345 3580 2462 3652 cit).

2024 3675 2369 3730 Dissimulare
2399 3683 2575 3729 tamen
2609 3687 2708 3728 nec
2741 3669 2992 3727 Cn-cilius
3029 3686 3130 3726 nec
3185 3671 3274 3726 alii
3325 3671 3567 3728 Gentiles

1954 3775 2200 3840 poterant
2230 3766 2538 3839 Dionysium
2577 3765 2753 3831 illum,
2786 3764 2937 3835 cujus
2975 3763 3121 3818 varia
3169 3764 3568 3836 singulariaque

1952 3863 2186 3920 facinora
2215 3877 2460 3934 uterque,
2487 3862 2697 3928 Cicero,
2729 3873 2782 3917 et
2834 3859 3082 3916 Valerius
3123 3859 3415 3926 Maximus,
3437 3858 3568 3914 alibi

1953 3958 2127 4014 adhuc
2155 3965 2457 4021 recensent,
2489 3956 2540 4010 in
2571 3965 2678 4010 tam
2707 3953 2860 4010 beata
2885 3953 3133 4024 felicique
3159 3952 3372 4007 fortuna
3403 3951 3570 4008 fuisse

1955 4054 2313 4108 miserrimum
2361 4049 2533 4120 (Idem
2584 4048 2674 4104 lib.
2710 4065 2739 4099 v
2775 4046 3010 4112 Tuscul.,
3056 4063 3112 4118 p.
3149 4046 3274 4110 186.
3325 4046 3419 4102 lin.
3447 4047 3481 4101 '5
3515 4054 3571 4102 et

1955 4160 2106 4217 seqq.
2135 4146 2248 4200 Val.
2281 4145 2421 4200 Max.
2457 4145 2551 4199 lib.
2595 4161 2668 4206 ιιι.
2723 4160 2844 4214 cap.
2881 4144 2967 4198 15.
3017 4143 3238 4207 Exter.,
3267 4141 3394 4215 μ).
3433 4141 3569 4199 Nam

1959 4242 2181 4311 ipsemet
2208 4239 2399 4294 Cicero
2423 4237 2538 4291 haec
2564 4237 2629 4292 de
2656 4238 2746 4292 illo
2775 4237 2969 4292 litteris
3010 4235 3116 4292 alio
3150 4236 3200 4291 in
3239 4235 3376 4292 libro
3415 4250 3567 4292 man-

1957 4333 2137 4389 davit:
2165 4352 2183 4386 (
2215 4333 2350 4402 Quid
2373 4347 2658 4411 censemus
2689 4333 3022 4402 superiorem
3048 4331 3196 4386 illmu
3219 4329 3566 4403 Dionysium?

1958 4430 2076 4499 Quo
2102 4429 2340 4486 cruciatu
2387 4428 2596 4484 timoris
2640 4428 2762 4499 angi
2796 4425 3045 4493 solitmn,
3075 4427 3164 4498 qui
3202 4427 3404 4482 cultros
3442 4441 3571 4481 me-

1960 4534 2118 4579 tuens
2147 4521 2439 4585 tonsorios,
2468 4521 2720 4576 candenti
2750 4520 2982 4576 carbone
3006 4519 3107 4575 sibi
3129 4517 3572 4590 atlurebatcapil-

329 4633 525 4700 (aride,
580 4632 809 4697 Rutilio,
865 4631 1078 4688 Socrate
1101 4673 1117 4699 ,
1169 4608 1406 4699 Camillo,
1459 4608 1504 4685 et
1553 4627 1857 4685 Jndworum
1881 4628 1933 4690 D
1960 4619 2068 4674 illm
2096 4616 2120 4670 ’ἶ
2147 4615 2280 4690 (Cic.
2317 4616 2406 4672 lib.
2442 4630 2476 4670 ιι
2505 4615 2567 4669 de
2600 4614 2724 4685 Ofﬁc
2781 4630 2899 4685 pag.
2925 4615 3030 4669 377
3063 4611 3161 4668 lin.
3189 4613 3277 4676 Π,
3301 4621 3357 4668 et
3379 4608 3570 4683 seqq.)

329 4728 839 4799 Christianorumque
865 4727 1088 4782 miseria.

331 4823 490 4879 Plura
535 4822 790 4878 adversus
852 4820 1086 4876 divinam
1137 4818 1534 4875 Providentiam
1610 4815 1860 4874 Caecilius

253 4916 468 4990 objicit.
498 4931 720 4984 quorum
751 4914 850 4969 alia
899 4913 965 4967 ad
1006 4927 1194 4967 outnes
1249 4909 1540 4966 universitn
1591 4910 1860 4974 homines,

254 5011 362 5065 alia
393 5009 458 5064 ad
487 5007 747 5079 quosdam
780 5006 1155 5078 particulatim,
1211 5004 1310 5056 alia
1357 5002 1423 5057 ad
1447 5001 1708 5067 Gentiles,
1760 5000 1857 5054 alia

256 5102 329 5158 ad
372 5101 612 5167 Jttdwos,
658 5101 760 5154 alia
799 5099 1032 5168 denique
1076 5097 1142 5151 ad
1193 5095 1528 5150 Christianos
1592 5100 1857 5165 spectant.

258 5195 502 5251 Primum
525 5202 703 5248 autem
725 5235 738 5254 .
768 5190 1063 5263 quomodo,
1099 5189 1373 5260 inquiebat
1419 5188 1532 5253 ille,
1560 5197 1736 5241 stante
1771 5185 1863 5240 Dei

257 5286 628 5352 Providentia,
681 5286 794 5341 loca
837 5299 988 5339 Sacra
1028 5292 1082 5338 et
1130 5284 1376 5354 prolana,
1408 5279 1862 5352 quemadmodum

258 5381 514 5438 homines
539 5381 608 5452 pii
631 5390 686 5437 et
713 5380 885 5450 impii,
916 5379 1135 5435 fulmine
1153 5379 1380 5449 aliisque
1399 5378 1628 5432 fortuitis
1651 5377 1864 5432 casibus

262 5475 466 5547 pariter
515 5473 898 5545 asqualiterque
953 5471 1256 5528 feriuntur?
1297 5469 1406 5526 Cur
1458 5478 1660 5534 sontes,
1714 5484 1866 5539 a'qne

260 5585 331 5624 ac
357 5570 616 5635 insontes,
645 5567 851 5623 bouict
901 5566 1046 5633 tnali,
1099 5565 1506 5638 tempestatibus
1544 5579 1607 5620 ac
1655 5565 1866 5618 naufra-

261 5662 368 5734 giis
398 5662 508 5717 ullo
537 5662 652 5716 sine
692 5661 1004 5718 discrimine
1033 5660 1442 5733 opprimuntur?
1481 5658 1589 5713 Cur
1635 5658 1868 5728 denique

266 5759 368 5812 \‘iri
404 5757 715 5828 nequissimi
744 5758 960 5830 optimis
991 5773 1134 5829 sa‘pe
1153 5757 1348 5828 sacpius
1374 5753 1713 5812 ﬂorentiores
1743 5761 1873 5810 sunt

267 5862 324 5912 et
348 5851 654 5908 feliciores?

2036 4710 2281 4766 Valerius
2301 4725 2432 4766 vero
2448 4709 2715 4764 maximus
2728 4725 2849 4763 etnn
2869 4708 2974 4763 alio
2988 4705 3150 4762 modo
3165 4706 3428 4762 set-lerunt
3448 4719 3572 4760 suo-

1965 4823 2081 4862 rum
2107 4820 2296 4876 pteuas
2322 4803 2539 4860 dedisse
2586 4803 2664 4860 sic
2685 4815 2929 4859 enarrat:
2971 4821 2990 4855 ‹
3019 4802 3107 4872 qui
3137 4802 3349 4856 tametsi
3393 4800 3572 4856 debita

1965 4903 2223 4975 supplicia
2268 4917 2372 4956 non
2403 4899 2631 4957 exsolvit
2659 4897 2926 4953 dedecore
2952 4906 3130 4950 tamen
3171 4894 3282 4962 ﬂlii,
3330 4903 3572 4951 mortuus

1967 5015 2153 5071 poenas
2194 4996 2462 5068 rependit.
2515 5009 2648 5065 quas
2685 4994 2838 5048 vivus
2883 4989 3161 5060 eﬂ‘ugerat.
3220 4989 3389 5044 Lento
3427 4990 3571 5044 cuitu

1966 5094 2134 5165 gradu
2177 5090 2241 5146 ad
2274 5088 2563 5145 vindictam
2595 5085 2676 5141 sui
2716 5084 2895 5139 divina
2945 5081 3186 5153 procedit
3219 5082 3317 5147 ira,
3353 5081 3574 5136 tardita-

1971 5199 2185 5258 temque
2228 5183 2474 5255 supplicii
2505 5181 2768 5252 gravitate
2812 5187 3129 5248 compensat
3158 5193 3178 5228 ι
3210 5173 3362 5244 (Val.
3395 5173 3571 5244 Mam,

1967 5283 2055 5337 lib.
2081 5297 2121 5347 t,
2162 5296 2278 5350 cap.
2305 5278 2357 5340 1.
2406 5275 2615 5340 Επιει·Ἷ
2647 5272 2676 5346 §
2706 5271 2803 5343 5).

2042 5377 2117 5432 De
2161 5373 2459 5430 Pbaladiris
2503 5385 2632 5426 vero
2677 5377 2852 5424 morte
2900 5365 3017 5422 lucc
3065 5365 3300 5438 pOSIeris
3356 5364 3576 5422 tradidit

1969 5467 2191 5526 Cicero:
2228 5486 2246 5519 ι
2286 5465 2460 5521 Testis
2481 5472 2562 5518 est
2586 5461 2848 5527 Phalaris,
2871 5460 3026 5531 cujus
3061 5468 3143 5516 est
3175 5469 3370 5530 praeter
3406 5471 3572 5516 carto-

1970 5576 2060 5617 ros
2086 5560 2363 5616 nobilitata
2394 5555 2706 5620 crudelitas,
2732 5551 2821 5624 qui
2855 5567 2960 5607 non
3013 5569 3080 5608 ex
3113 5553 3326 5609 insidiis
3365 5553 3575 5610 interiit

1973 5665 2035 5711 ut
2066 5657 2109 5712 is
2140 5670 2298 5726 quem
2347 5651 2508 5707 modo
2536 5647 2668 5715 dixi,
2713 5647 3018 5703 Alexander
3049 5666 3061 5702 :
3091 5664 3195 5704 non
3223 5665 3251 5702 a
3283 5651 3489 5720 paucis,
3519 5659 3577 5705 nt

1973 5747 2061 5804 hic
2088 5757 2303 5813 noster;
2364 5743 2458 5801 sed
2517 5744 2568 5799 in
2610 5758 2769 5814 quem
2814 5742 3064 5799 universa
3106 5743 3574 5815 Agrigentinorum

1977 5843 2265 5901 multitudo
2295 5843 2553 5915 impetum
2582 5837 2725 5896 fecit.
2750 5857 2769 5894 ι
2797 5837 2874 5896 Ex
2904 5837 3116 5895 Valerio
3138 5845 3316 5894 autem
3342 5835 3574 5899 Maximo
