4058 6316
435 230 534 291 451

1728 223 1818 283 DE
1856 220 2117 284 MlNUClI
2152 220 2455 284 OCTAVIO

3640 224 3752 285 452

433 355 610 409 discos
660 353 814 423 cujus
857 350 1103 417 consilio,
1137 356 1189 406 et
1229 346 1499 420 quomodo
1531 345 1617 399 hic
1662 353 1921 418 tyrannus
1968 345 2033 397 ab
2060 348 2112 407 Α
2141 344 2279 399 latus
2305 354 2388 399 est
2406 344 2647 416 sanguis,
2674 358 2738 402 ac
2773 344 3025 417 paulatim
3071 346 3269 417 frigore
3299 344 3544 407 inducto,
3576 360 3749 399 vena-

431 426 797 520 Agrigeutinis
846 448 1158 503 interiectus
1185 444 1343 500 luerit
1376 441 1596 513 (Valer.
1626 439 1791 504 Μία..
1824 440 1916 495 lib.
1953 454 2031 505 ιιι,

429 557 550 611 cap.
581 542 633 597 '5.
666 540 869 605 Enen,
895 538 923 612 ᾗ
946 539 999 593 2.

502 634 562 688 Ι).
591 634 772 688 ltutilii
804 632 966 699 Rulli,
1008 647 1167 703 quem
1201 628 1513 686 Paterculns
1565 627 1739 683 virum
1781 640 1888 681 non
1934 640 2035 680 sae-

429 727 533 781 culi
559 734 763 781 tantum
810 726 913 788 sui,
954 726 1047 780 sed
1095 724 1270 779 omnis
1321 722 1421 776 :evi
1466 723 1725 792 optimum
1778 718 2028 787 appellat,

428 834 552 875 nota
584 829 666 875 est
690 821 937 873 omnibus
966 817 1188 875 historia
1224 816 1244 887 (
1274 814 1542 871 Patercul.
1577 812 1668 870 lib.
1703 824 1739 866 ιί
1783 809 2031 878 Histor.).

426 914 557 984 Quis
596 914 739 970 enim
797 913 967 967 nescit
1018 911 1165 965 illum
1219 909 1646 980 publicanorum,
1681 919 1907 974 qtturum
1950 901 2032 955 la-

428 1007 652 1063 trocinia
701 1015 1037 1070 coercuerat,
1068 1000 1489 1068 euuspiratione,
1534 998 1820 1067 depulsum
1865 993 2033 1048 fuisse

425 1100 479 1157 in
505 1100 774 1162 exsilium,
795 1097 1038 1168 qmnwis
1065 1105 1202 1151 teste
1222 1093 1505 1169 Cicerone,
1531 1097 1677 1145 esset
1705 1086 2031 1142 innocentis-

424 1197 591 1248 simus
622 1190 760 1261 (Cic.
797 1191 945 1245 Orat.
976 1206 1038 1256 ιι,
1068 1204 1161 1254 pro
1190 1185 1402 1252 Fonte,
1436 1198 1556 1253 pag.
1585 1180 1710 1247 227,
1742 1192 1797 1234 et
1827 1194 1941 1248 seq.
1977 1184 2033 1231 et

424 1290 575 1344 Orat.
599 1291 691 1353 57,
728 1289 780 1341 in
816 1286 994 1351 Pison,
1029 1298 1152 1356 pag.
1181 1279 1353 1353 5M)?
1384 1281 1461 1335 De
1512 1279 1606 1332 illo
1647 1287 1826 1330 autem
1875 1271 2030 1327 Valc-

418 1386 533 1440 ritts
563 1383 829 1439 Maximus
857 1382 937 1438 sic
969 1379 1204 1450 loquitur
1240 1392 1252 1430 :
1284 1396 1304 1429 ι
1336 1374 1470 1443 Quid
1501 1370 1867 1434 damnatione,
1902 1365 2030 1437 quid

420 1478 614 1533 exsilio
642 1475 933 1530 miserius?
960 1474 1032 1529 At
1063 1473 1121 1526 Ι).
1152 1469 1374 1535 Rutilio,
1405 1465 1805 1536 conspiratione
1859 1459 2031 1532 publi-

419 1586 678 1628 canorum
707 1569 974 1640 perculso,
1010 1565 1383 1622 auctoritatem
1428 1560 1667 1617 adimere
1708 1572 1812 1611 non
1850 1552 2030 1607 value-

419 1673 564 1719 runt.
598 1664 696 1718 Cui
728 1662 911 1719 Asiam
944 1658 1146 1730 petenti
1173 1670 1362 1712 omnes
1386 1652 1679 1725 provincia:
1719 1648 1863 1703 illius
1892 1645 2026 1700 civi-

2138 457 2256 496 rum
2287 445 2437 513 vigor
2460 444 2718 498 constitit.
2766 444 2975 512 Quanto
3020 445 3189 515 magis
3235 443 3361 498 huic
3389 441 3750 498 invidendum

2139 545 2243 601 est,
2278 551 2437 606 quant
2476 537 2601 601 illis,
2635 538 2829 607 quibus
2876 553 3090 606 genuina
3146 536 3502 599 ministratur,
3550 534 3752 603 quibus

2138 629 2403 695 exoletus,
2432 632 2608 684 tnunia
2642 631 2748 702 pati
2778 631 2991 696 doctus,
3021 647 3340 702 susliensam
3384 645 3521 686 auro
3567 629 3752 687 nivem

2138 722 2334 777 diluit?
2394 724 2454 778 lli
2502 724 2760 795 quidquid
2823 725 3076 793 biberint,
3123 726 3325 780 vomitu
3390 724 3754 779 remetientur

2139 818 2341 884 tristes,
2374 827 2428 872 et
2474 819 2632 873 bilem
2665 835 2817 874 suam
2848 831 3209 890 regustantes.
3252 823 3322 875 At
3348 819 3443 877 ille
3474 833 3753 879 venenum

2139 911 2295 966 huius
2324 920 2377 966 et
2408 912 2580 966 libens
2601 913 2834 968 hauriet.
2880 932 2900 966 ι
3692 894 3719 901 Η

2211 1006 2281 1059 De
2311 1006 2538 1060 Camillo
2596 1007 2834 1072 tandem,
2884 1024 3043 1078 quem
3089 1007 3337 1064 Caecilius
3392 1023 3505 1062 non
3561 1015 3753 1062 autem

2136 1098 2325 1154 Cicero
2348 1112 2634 1164 memorat,
2663 1100 2778 1156 huc
2808 1116 2836 1155 a
2870 1100 3085 1158 Valerio
3134 1101 3362 1157 Maximo
3414 1101 3615 1172 scripta
3663 1115 3757 1156 re-

2135 1190 2313 1260 peries
2354 1209 2368 1245 :
2420 1209 2439 1243 ι
2475 1191 2682 1247 Virium
2724 1192 3088 1247 Humanarum
3119 1202 3175 1247 et
3210 1194 3606 1248 incrementum
3659 1192 3758 1247 Ia?-

2139 1281 2425 1350 ιίςςίιιιιιιιι,
2475 1295 2529 1339 et
2572 1284 2734 1339 tutela
2785 1285 3081 1340 certissima
3135 1284 3329 1340 Furius
3377 1284 3642 1339 Camilqu
3700 1284 3755 1338 in

2138 1374 2285 1430 Urbe
2334 1377 2757 1432 incolumitatem
2812 1392 2964 1433 suam
3017 1378 3152 1431 tueri
3201 1391 3309 1432 non
3360 1377 3546 1441 valuit,
3590 1375 3757 1447 cujus

2136 1467 2252 1538 ipse
2305 1469 2531 1523 salutem
2574 1471 2892 1536 stabilierat,
2941 1469 3246 1524 felicitatem
3283 1479 3527 1524 auxerat.
3566 1466 3761 1539 Siqui-

2133 1558 2256 1614 dem
2284 1576 2311 1614 a
2345 1559 2407 1615 L.
2441 1562 2668 1641 Apuleio
2701 1562 2915 1616 tribuno
2943 1561 3110 1632 plebis
3139 1572 3410 1631 tamquam
3462 1562 3759 1637 peetilator

2134 1653 2420 1724 Vegetanm
2442 1648 2641 1727 praeda:
2675 1673 2797 1711 reus
2824 1658 3014 1731 l'actus',
3044 1655 3217 1721 duris,
3245 1667 3406 1731 atque
3444 1666 3501 1710 ιιι
3542 1656 3619 1709 ita
3664 1653 3758 1709 di-

419 1766 556 1811 tates
589 1758 812 1826 legatos,
838 1767 1110 1809 set-essum
1134 1750 1251 1820 ejus
1273 1745 1639 1825 opperientes.
1679 1739 1891 1796 obviam
1925 1738 2025 1791 ιηί-
2057 1749 2102 1809 Β
2131 1763 2267 1813 eam,
2303 1748 2492 1805 ferreis
2518 1751 2796 1804 sententiis
2827 1736 3130 1823 inexilium
3156 1749 3351 1805 missus
3378 1757 3482 1803 est.
3517 1747 3588 1802 Et
3618 1746 3754 1818 qui-

418 1863 629 1906 serunt.
664 1850 932 1907 Exsularc
984 1845 1178 1913 aliquis
1232 1843 1333 1898 hoc
1386 1842 1527 1903 loco,
1577 1854 1641 1893 an
1695 1833 2027 1904 triumphare

411 1943 611 2013 justius
632 1942 865 1997 dixerit?
905 1958 923 1990 ι
957 1938 1161 2011 (Valer.
1194 1936 1356 1998 illam,
1383 1934 1455 1987 lib
1510 1947 1570 1999 ιι,
1602 1944 1719 2001 cap.
1757 1928 1841 1989 l0,
1886 1924 1913 1997 §
1945 1925 2029 1999 5.)

417 2038 622 2093 Similia
652 2034 791 2089 haud
838 2032 1003 2088 semel
1035 2030 1171 2085 dixit
1207 2027 1408 2082 Senec.)
1440 2023 1700 2093 (Senec.,
1736 2020 1828 2074 lib.
1852 2014 2027 2083 Quare

416 2132 562 2197 bonis
592 2131 712 2185 viris
736 2127 898 2195 mala,
931 2139 1060 2188 etc.,
1089 2138 1208 2194 cap.
1269 2123 1324 2187 5;
1361 2120 1456 2174 lib.
1491 2117 1558 2173 de
1598 2115 1853 2184 Beneﬁc.,
1900 2127 2018 2182 cap.

419 2228 507 2289 i‘t;
539 2233 593 2280 et
617 2225 778 2293 epist.
825 2221 896 2277 24
925 2230 979 2274 et
1024 2218 1135 2290 69).
1180 2216 1247 2272 Al
1279 2219 1578 2270 omittenda
1626 2224 1732 2264 non
1756 2216 1881 2262 sunt
1907 2209 2024 2260 haec

414 2316 590 2383 Ovidii
611 2317 679 2373 de
716 2315 906 2372 eodem
938 2313 1140 2369 ltutilio
1161 2310 1399 2367 Carmina
1426 2325 1443 2360 ,ε

597 2450 661 2502 Ει
682 2460 835 2511 grave
859 2447 1155 2509 magnanimi
1178 2445 1330 2511 robur
1361 2444 1542 2511 mirare
1570 2439 1739 2499 Rutili,

656 2507 763 2564 Non
788 2514 865 2562 usi
889 2507 1111 2561 redditus
1134 2507 1414 2558 conditione
1436 2508 1556 2554 dati.

594 2563 799 2641 Stnyrna
824 2576 981 2625 virum
1006 2574 1186 2631 tenuit,
1211 2584 1306 2620 non
1327 2576 1523 2632 pontus,
1551 2574 1603 2617 et
1627 2565 1815 2614 hostica
1841 2563 1994 2613 tellus

873 2657 1061 2722 (Ovid.,
1088 2655 1225 2718 Eleg.
1252 2670 1320 2715 ιν,
1340 2652 1373 2701 Ι.
1399 2669 1435 2714 ι,
1457 2652 1521 2702 de
1544 2653 1685 2702 Pent.
1715 2662 1762 2699 υ.
1787 2648 1891 2711 65.)

411 2770 652 2841 Denique
679 2767 837 2836 hujus
866 2765 1110 2820 meminit
1140 2763 1378 2830 Vossius,
1421 2775 1583 2832 quem
1620 2760 1664 2813 si
1696 2759 1842 2815 lubet
1870 2756 2019 2813 adire

409 2862 547 2919 haud
578 2861 799 2919 difficile
838 2860 1041 2932 poteris
1092 2856 1299 2929 (Voss.,
1334 2856 1427 2912 lib.
1454 2871 1472 2909 ι
1498 2855 1561 2909 de
1592 2851 1793 2927 Histor.
1834 2868 2015 2925 gnem,

436 2998 447 3013 .
510 3001 523 3014 .
588 2958 625 3012 2
669 2997 684 3011 .

404 2959 715 3108 minimis
737 3065 898 3120 porro
927 3049 993 3104 de
1013 3047 1250 3106 Socratis
1268 3047 1439 3102 Morte
1460 3045 1618 3111 liber,
1643 3059 1800 3117 quem
1821 3043 2013 3098 Cicero

2130 1838 2252 1894 dem
2293 1858 2359 1895 eo
2391 1850 2654 1915 tempore,
2697 1857 2805 1912 quo
2851 1842 3056 1914 optimo
3094 1842 3293 1911 juvene
3331 1840 3444 1895 lilio
3474 1845 3754 1915 privatus,

2130 1933 2337 1987 solatits
2367 1930 2535 2004 magis
2563 1912 2897 2000 allevandus,
2940 1950 3102 2005 quam
3138 1932 3388 1989 cladibus
3432 1912 3759 1987 onerandus

2131 2037 2265 2081 erat.
2321 2026 2425 2081 Sed
2480 2028 2765 2081 immemor
2816 2029 2988 2098 patria
3042 2027 3173 2081 tanti
3227 2026 3325 2081 viri
3373 2026 3755 2080 maximorum

2129 2118 2467 2179 meriturum,
2492 2117 2734 2189 exequiis
2759 2118 2877 2186 lilii,
2904 2118 3303 2175 damnationem
3332 2118 3501 2188 patris
3511 2118 3706 2188 junxit
3733 2133 3750 2172 :

2134 2227 2152 2260 ι
2178 2210 2269 2276 At,
2292 2228 2312 2260 ι
2342 2209 2535 2280 inquit,
2572 2227 2593 2261 ι
2624 2211 2817 2264 aerario
2846 2211 3037 2267 abesse
3062 2213 3309 2267 tribunus
3339 2211 3515 2283 plebis
3544 2225 3759 2281 quere-

2127 2299 2283 2355 batur
2300 2301 2608 2372 quindecim
2636 2301 2799 2356 millia
2823 2305 2965 2370 zeris,
2986 2304 3119 2358 tanti
3147 2319 3379 2374 namque
3406 2317 3564 2375 paena
3592 2303 3754 2358 [inita

2124 2403 2227 2450 est.
2258 2394 2536 2466 Indignam
2587 2413 2875 2464 summam,
2921 2407 3140 2468 propter
3166 2414 3327 2469 quam
3362 2398 3594 2469 populus
3639 2397 3757 2453 llo-

2123 2503 2316 2543 mauus
2368 2489 2458 2543 tali
2515 2489 2758 2560 principe
2801 2501 3011 2545 careret
3048 2511 3067 2545 ι
3113 2489 3320 2564 (Valer.
3349 2490 3517 2558 Max.,
3554 2472 3661 2547 lib.
3687 2507 3751 2560 ν,

2123 2597 2244 2652 cap.
2279 2585 2333 2648 5,
2386 2582 2413 2654 ᾗ
2449 2585 2484 2638 2
2508 2582 2551 2656 ).
2604 2585 2731 2639 llaec
2771 2584 3026 2655 eopiosus
3069 2572 3357 2656 descripsit
3392 2585 3751 2653 Plutarchus,

2122 2691 2280 2745 quem
2305 2675 2455 2730 adire
2487 2676 2707 2745 puteris,
2732 2676 3183 2747 quemadmodum
3220 2678 3503 2741 Senecam,
3543 2678 3757 2734 Diodo-

2120 2782 2241 2822 rum
2276 2768 2540 2835 Siculum,
2571 2768 2804 2836 Livium,
2829 2768 3070 2836 Florum,
3090 2781 3145 2826 et
3165 2770 3301 2826 alios
3328 2753 3660 2843 (Plutarch,
3686 2771 3753 2826 in

2119 2858 2305 2916 Camil.
2349 2859 2475 2929 Vit.,
2508 2872 2638 2917 tom.
2671 2879 2709 2930 ι,
2739 2879 2854 2933 pag.
2877 2864 2983 2919 554
3023 2875 3078 2919 et
3103 2880 3253 2935 seqq.
3282 2865 3503 2932 Senec.,
3535 2865 3631 2921 lib.
3664 2881 3748 2934 tv,

2119 2952 2182 3006 de
2206 2952 2459 3023 Bene/ia,
2485 2969 2604 3026 cap.
2636 2955 2728 3021 27,
2753 2966 2805 3011 et
2839 2956 2933 3012 lib.
2959 2973 3010 3023 ν,
3040 2972 3159 3027 Cap.
3190 2958 3276 3013 l7.
3301 2957 3520 3013 Diodor.
3540 2944 3744 3026 Sicnl.,

2119 3045 2219 3102 lib.
2275 3064 2367 3103 xiv
2431 3046 2668 3118 Bibliot.,
2725 3065 2842 3121 pag.
2891 3052 3016 3107 456.
3051 3050 3256 3117 Livius,
3302 3052 3396 3107 lib.
3442 3070 3495 3122 v,
3536 3051 3568 3125 §
3615 3054 3747 3129 5‘2).

403 3162 508 3202 non
532 3146 648 3200 sine
678 3144 929 3215 lacrymis
968 3156 1218 3213 umquam
1241 3156 1271 3195 a
1295 3155 1355 3195 se
1416 3138 1711 3194 lectitatum
1761 3145 2007 3197 testatur,
2037 3148 2082 3211 ρ
2188 3141 2272 3196 Ab
2303 3141 2547 3198 Ethnicis
2599 3143 2664 3197 ad
2697 3143 2913 3199 ,ιυαεεοε
2939 3156 2991 3201 el
3016 3143 3351 3202 Chriinanos
3383 3150 3577 3202 ιηηεῖι
3618 3148 3749 3204 δίε.

399 3239 446 3294 is
470 3240 583 3309 ipse
613 3244 718 3303 est,
746 3236 837 3307 qui
869 3234 1070 3302 Pltedo,
1098 3235 1213 3289 sive
1255 3233 1318 3286 de
1361 3232 1546 3285 Animo
1589 3229 1914 3284 inscribitur.
1953 3229 2007 3282 lu

401 3333 517 3400 ejus
547 3339 727 3385 autem
770 3331 873 3384 line
905 3328 1080 3391 Plato,
1113 3324 1383 3397 quomodo
1428 3325 1567 3379 idem
1615 3322 1865 3379 Socrates
1919 3337 2009 3376 ve—

2123 3235 2301 3303 cilius,
2335 3246 2495 3309 atque
2544 3253 2731 3292 eorum
2763 3241 3015 3306 exemplo
3058 3242 3292 3295 divinam
3329 3241 3745 3297 Providentiam

2116 3332 2302 3387 tollere
2324 3333 2401 3386 sic
2430 3331 2644 3387 nititur:
2667 3352 2686 3385 ι
2710 3333 2834 3388 Scio
2851 3318 3155 3404 equidem,»
3185 3336 3478 3406 inquiebat,
3515 3354 3534 3387 ι
3567 3352 3745 3392 ιιιιιιηι

400 3440 541 3481 neno
582 3433 744 3495 epoto
782 3423 945 3477 vitam
1001 3420 1222 3488 ﬁnierit,
1272 3435 1379 3474 non
1424 3417 1617 3471 minori
1673 3415 2004 3486 eloquentia,

399 3531 559 3588 quam
604 3517 793 3570 dolore
848 3513 1094 3583 deplorat
1150 3510 1355 3582 (Plato
1409 3509 1464 3565 in
1520 3507 1728 3575 Phorm,
1774 3516 1904 3563 tom.
1963 3522 2002 3572 ι,

400 3626 520 3681 pag.
576 3609 700 3673 HG,
757 3619 812 3664 et
864 3623 1015 3678 seqq.
1058 3616 1112 3662 et
1145 3607 1408 3677 Apotoget.
1460 3601 1691 3667 Socrat.,
1741 3611 1871 3655 tum.
1922 3598 2003 3672 ι).

399 3690 468 3757 At
513 3703 580 3759 de
631 3702 730 3757 hac
786 3702 914 3755 tanti
969 3698 1272 3771 philosophi
1315 3696 1463 3753 Cat-de
1495 3696 1596 3766 legi
1636 3704 1811 3765 potest
1866 3694 2006 3748 illius

394 3797 652 3869 Apologia
683 3797 752 3851 ab
776 3796 965 3851 eodem
999 3793 1240 3853 Platone,
1273 3788 1654 3861 Xenophonte,
1699 3798 1751 3842 et
1782 3786 2004 3857 Apuleio

393 3892 721 3962 conscripta,
744 3898 905 3960 atque
932 3887 1176 3951 Senecae,
1201 3882 1467 3953 Origenis,
1499 3879 1808 3950 Augustini,
1866 3879 2003 3934 alio-

390 4001 619 4057 rumque
659 3983 893 4055 pluriuut
938 3980 1060 4036 libri
1093 3994 1156 4034 ac
1191 3975 1675 4033 commentationes
1716 3973 1999 4047 (Xenoph.

396 4077 615 4149 Apolog.
654 4075 879 4133 Socrat.
925 4089 1045 4144 pag.
1078 4071 1206 4135 705,
1229 4080 1284 4127 et
1317 4070 1410 4126 lib.
1454 4084 1491 4124 ιι
1534 4067 1750 4122 Memor.
1790 4067 1995 4137 Apulei.

392 4156 615 4242 Apoloy.
664 4169 870 4224 Socrat.
917 4167 1124 4232 Laert.,
1174 4165 1267 4219 lib.
1299 4179 1335 4218 ιι
1400 4161 1528 4216 Vita:
1564 4160 1795 4226 Socrat.,
1841 4159 1868 4233 §
1905 4158 1999 4215 42.

391 4262 590 4317 Senec.
618 4261 711 4317 lib.
746 4261 809 4315 de
836 4258 1051 4315 Provid.
1094 4272 1213 4328 pag.
1263 4256 1393 4322 272;
1421 4255 1511 4310 lib.
1544 4255 1648 4309 Ide
1697 4253 1798 4308 Vit.
1842 4256 1999 4320 beat.,

2115 3425 2283 3481 Deum
2322 3428 2389 3480 ab
2411 3426 2614 3481 Judzcis
2655 3427 2829 3498 palam
2852 3437 3144 3499 aperteque
3174 3429 3299 3485 coli.
3332 3428 3436 3486 Sed
3466 3446 3629 3502 quam
3654 3430 3746 3486 eis

2112 3535 2292 3589 opem,
2317 3519 2531 3590 quodve
2564 3518 2684 3573 tulit
2725 3521 3025 3575 auxilium?
3077 3521 3267 3577 Nonne
3297 3524 3603 3577 miserrima
3649 3531 3747 3579 est

2112 3611 2278 3677 natio,
2313 3626 2432 3681 quae
2476 3626 2598 3665 cum
2645 3610 2759 3666 Deo
2800 3630 2898 3666 suo
2927 3613 3185 3669 Romanis
3228 3613 3739 3689 Numinibus(cod.

2109 3721 2214 3777 reg.
2243 3704 2575 3771 nominibus,
2594 3704 2748 3759 editio
2768 3703 2980 3777 Rigaltii
3004 3707 3734 3780 hominibus)e.~tcaptiva?r

2178 3797 2516 3853 Chri~tiauos
2542 3814 2673 3855 vero
2699 3799 2875 3855 adhuc
2905 3806 3082 3857 acrius
3106 3813 3261 3873 urget
3292 3788 3315 3857 ε’
3342 3821 3361 3855 t
3393 3803 3554 3866 Ecce,
3588 3822 3609 3855 ι
3632 3803 3739 3871 ait,

2115 3911 2134 3944 ι
2174 3906 2295 3959 pars
2330 3900 2568 3946 vestrum
2604 3900 2659 3946 et
2682 3892 2851 3964 major
2881 3904 2935 3949 et
2967 3894 3179 3961 melior,
3214 3907 3270 3950 ut
3299 3893 3498 3960 dicitis,
3532 3895 3736 3962 egetis,

2111 3984 2327 4053 algetis,
2370 3999 2554 4054 opere,
2610 3983 2753 4040 fame
2807 3985 3084 4053 laboratis,
3132 3996 3188 4042 et
3232 3988 3379 4044 Deus
3430 3990 3636 4059 patitur
3675 3999 3741 4046 et.

2106 4074 2410 4132 dissimulat
2439 4094 2451 4129 :
2482 4093 2588 4130 non
2635 4078 2769 4145 vult,
2804 4089 2896 4133 aut
2942 4095 3048 4135 nou
3081 4090 3257 4150 potest
3282 4082 3536 4152 opitulari
3567 4084 3686 4140 suis
3714 4101 3733 4150 ;

2107 4170 2177 4224 ita
2207 4181 2299 4223 aut
2331 4170 2614 4240 invalidus,
2651 4182 2743 4225 aut
2775 4173 2987 4243 iniquus
3016 4184 3154 4231 est.»
3188 4176 3299 4232 Sed
3327 4196 3347 4228 ι
3377 4176 3515 4244 haec,
3546 4198 3565 4231 ι
3600 4194 3737 4247 per-

2105 4264 2182 4334 git
2211 4263 2321 4325 ille,
2362 4281 2380 4313 ‹
2419 4278 2586 4333 pauca
2614 4272 2761 4332 sunt,
2792 4275 2845 4319 et
2872 4281 2993 4321 cum
3041 4267 3161 4322 aliis
3191 4270 3524 4326 communia.
3556 4272 3736 4329 Vobis

390 4374 514 4429 cap.
543 4356 617 4414 26
638 4367 693 4413 et
720 4357 813 4421 27;
842 4364 897 4410 et
922 4355 1080 4426 epist.
1114 4368 1290 4409 Lxxw.
1324 4350 1573 4422 Origcn.,
1615 4350 1710 4404 lib.
1741 4365 1800 4414 ιι,
1833 4359 1997 4402 contr.
2104 4363 2283 4409 autem
2336 4355 2556 4425 insuper
2608 4357 2891 4426 peculiaria
2942 4359 3267 4429 propriaque
3308 4376 3528 4432 semper
3578 4363 3733 4421 mala

390 4452 553 4516 Cels”
585 4465 704 4522 pag.
748 4450 837 4504 71.
881 4446 1166 4517 Augustin.
1208 4445 1302 4500 lib.
1336 4459 1430 4499 vni
1459 4445 1520 4498 de
1554 4441 1728 4507 Civit.,
1780 4456 1897 4511 cap.
1943 4443 1998 4506 ’5,
2105 4463 2227 4504 esse
2251 4448 2514 4514 videmus,
2546 4450 2718 4504 minas
2764 4452 3031 4519 videlicet,
3083 4455 3369 4524 supplicia,
3418 4466 3724 4524 tormenta,

389 4562 512 4618 pag.
540 4544 663 4600 192
693 4542 872 4598 Laert.
897 4539 1113 4595 loc.cit.
1137 4536 1381 4607 Origen.,
1406 4538 1498 4592 lib.
1544 4552 1582 4599 ι.
1617 4544 1800 4589 contra
1828 4533 1996 4601 Cels.,
2020 4553 2078 4615 Ι)
2104 4556 2293 4596 cruces
2317 4550 2372 4594 et
2417 4540 2587 4611 ignes.
2643 4541 2741 4597 Ubi
2794 4560 2923 4611 ergo
2958 4546 3095 4601 Deus
3141 4548 3362 4603 vester?
3407 4548 3521 4605 Cur
3568 4550 3733 4609 vobis

388 4655 510 4711 pag.
557 4637 612 4692 5.
668 4634 861 4692 Senec.
895 4630 989 4686 lib.
1029 4630 1096 4685 dc
1137 4628 1377 4692 Provid.,
1411 4643 1529 4696 cap.
1578 4628 1631 4694 5,
1679 4643 1795 4696 pag.
1844 4625 1998 4690 495).
2106 4650 2214 4688 non
2232 4635 2498 4699 subvenit,
2532 4645 2586 4689 et
2606 4635 2933 4704 Opitulatur?
2967 4657 2986 4691 ι

387 4734 657 4805 Czi-terum
715 4728 864 4784 citati
915 4742 942 4778 a
1001 4724 1154 4779 nobis
1190 4724 1496 4793 Scriptores
1546 4734 1768 4776 narrant
1836 4737 1998 4789 quam
2178 4727 2281 4783 Sed
2314 4746 2417 4782 non
2439 4728 2586 4784 solus
2623 4729 2892 4795 Czecilius,
2918 4747 3104 4788 verum
3132 4735 3334 4793 ethnici
3391 4754 3586 4796 omnes
3616 4740 3729 4798 hac

387 4826 517 4881 falsa
554 4824 847 4891 lictitiaque
880 4817 1343 4878 l‘nerintcrimiua,
1378 4825 1594 4885 propter
1623 4831 1742 4885 qttrc
1785 4815 1852 4869 ab
1895 4813 1999 4869 ini-
2104 4821 2217 4891 ipsa
2275 4821 2490 4891 querela
2531 4830 2584 4876 et
2625 4823 3054 4891 expostulatione
3105 4826 3445 4885 Christianos
3499 4834 3725 4902 pulsare

388 4919 665 4989 quissimis
725 4914 998 4988 judicilnts
1055 4920 1230 4966 morte
1282 4909 1567 4964 damnatus
1620 4916 1722 4963 est.
1776 4908 1997 4962 Demum
2101 4925 2514 4968 consueverant.
2548 4913 2998 4980 Namillis,sicuti
3030 4917 3729 4983 rel‘ertCletnensAlexan-

387 5012 632 5068 Laertius
659 5026 723 5066 ac
754 5018 938 5081 postea
991 5003 1251 5074 Origenes
1297 5003 1572 5056 memoria)
1623 4999 1992 5070 prodiderunt,
2101 5006 2310 5072 (mnus,
2343 5006 2666 5076 objicieMm
2717 5024 2730 5060 ε

385 5103 747 5161 Athenienses
810 5101 1023 5172 injustas
1074 5095 1557 5160 condetnnatitmis,
1608 5094 1786 5147 statim
1836 5102 1998 5162 atque

386 5201 476 5256 ille
531 5208 773 5254 mortuus
831 5206 937 5262 est,
990 5191 1329 5263 pmnituisse.
1385 5188 1743 5263 Quamobrem
1790 5187 1995 5244 Seneca

380 5290 527 5347 hanc
574 5299 800 5345 mortem
847 5288 923 5341 illi
973 5296 1079 5340 tam
1132 5284 1421 5354 gloriosam
1478 5279 1643 5336 luisse
1696 5288 1988 5347 asseverat,

384 5400 545 5457 quam
578 5382 788 5436 infamis
811 5377 909 5433 fuit
931 5379 1155 5433 aliorum
1190 5375 1541 5444 plurimorum
1572 5376 1677 5425 vita
1705 5389 1716 5424 :
1746 5390 1765 5422 ι
1796 5370 1988 5437 Male,»

385 5478 579 5548 inquit,
614 5493 630 5527 t
673 5482 954 5528 tractatum
979 5471 1254 5526 Socratem
1276 5467 1507 5539 iudicas,
1540 5464 1682 5535 quod
1730 5463 1872 5517 illam
1903 5479 1996 5533 po-

387 5577 588 5627 tionem
624 5567 835 5639 publice
863 5565 1108 5630 mixtam,
1130 5562 1409 5618 nonaliter
1441 5575 1601 5632 quam
1633 5558 1995 5614 medicamen-

387 5675 501 5720 tum
535 5658 956 5717 lmtuortalitatis
985 5656 1229 5721 obduxit,
1280 5666 1334 5710 et
1380 5655 1447 5709 de
1480 5662 1653 5708 morte
1702 5652 1995 5722 disputavit

384 5771 560 5833 usque
587 5754 655 5811 ad
696 5753 889 5827 ipsam.
923 5748 1060 5805 Male
1086 5765 1205 5805 cum
1250 5750 1338 5805 illo
1366 5759 1542 5804 actum
1567 5756 1670 5813 est,
1715 5747 1853 5818 quod
1900 5764 1991 5819 ge-

2783 5014 2845 5062 Εἰ
2874 5015 3068 5069 διειδεῖ-αι
3098 5018 3225 5081 ὑμῶν
3251 5019 3275 5067 ὁ
3301 5022 3435 5077 Θεὸς.
3463 5024 3515 5074 τι
3540 5023 3723 5081 δήποτε

2102 5105 2337 5163 διώκτσθεο
2368 5108 2449 5156 καὶ
2488 5108 2744 5170 9³0⁸⁸⁸1³⁸⁷θεῖ
2776 5110 2805 5163 ἦ
2852 5110 2991 5166 αὗτός
3023 5112 3144 5174 ὗμᾶς
3191 5113 3256 5169 εἷς
3299 5118 3443 5167 τοῦτο
3470 5118 3723 5172 ἐκδίδωσι.

2108 5213 2126 5245 t
2152 5194 2205 5249 Si
2232 5195 2374 5249 Deus
2397 5201 2558 5249 vestri
2590 5211 2771 5251 curam
2793 5200 2951 5268 gerit,
2981 5215 3078 5255 cur
3106 5198 3349 5271 patimini
3382 5211 3727 5275 [tersi-cutio-

2101 5301 2245 5350 nem,
2276 5295 2331 5340 et
2374 5297 2549 5341 morte
2582 5289 2894 5343 al'liciniiui?
2924 5291 3005 5346 An
3048 5293 3162 5361 ipse
3206 5309 3301 5350 vos
3340 5299 3421 5352 eis
3466 5301 3669 5356 tradit?
3698 5324 3718 5358 ι

2100 5380 2118 5448 (
2164 5378 2414 5435 Clemens
2455 5379 2744 5448 Alexand.,
2796 5384 2891 5439 lib.
2939 5401 2992 5440 tv
3051 5386 3272 5457 Strom.,
3350 5407 3476 5463 pag.
3527 5396 3722 5471 504.)

2102 5474 2167 5529 Et.
2222 5475 2378 5543 paulo
2419 5486 2538 5545 post
2580 5493 2592 5530 :
2635 5487 2776 5533 Δισπί
2832 5483 2880 5533 δὲ
2929 5484 2981 5535 οὗ
3022 5489 3272 5553 βοηθεῖσθε
3327 5490 3717 5550 Studien“...

2104 5586 2122 5618 ι
2162 5568 2269 5622 Cur
2292 5578 2469 5624 autem
2499 5585 2619 5624 cum
2652 5586 2745 5626 vos
2767 5585 3179 5643 persequuntur.
3209 5578 3341 5634 nihil
3366 5584 3522 5638 vobis
3544 5585 3719 5643 alier-

2098 5668 2185 5712 tur
2210 5659 2396 5714 auxilii
2434 5661 2619 5730 i(lhid.
2651 5678 2770 5733 pag.
2801 5665 2957 5735 505)?
2986 5666 3140 5738 Apud
3169 5669 3464 5730 Eusebium
3492 5693 3718 5751 quoque

2098 5750 2472 5823 Lugdunensis
2503 5753 2927 5830 Viennensisque
2980 5759 3219 5819 Ecclesia
3259 5765 3535 5824 scribebat
3582 5788 3595 5825 :
3649 5782 3718 5835 οἱ
