3972 6310
193 248 304 308 453

1608 222 2084 289 DISSERTATIO.

194 364 242 413 δὲ
266 363 618 431 ἕπιεικὲστερσι,
653 356 738 410 καὶ
762 355 890 412 atat-rit
916 348 1060 409 ποσδν
1092 353 1356 421 συμπαθεῖν
1384 348 1644 412 δοκυῧντες,
1669 351 1799 399 ὧνιί-

1911 342 2072 398 Deum
2127 343 2422 416 cognoscit.
2468 342 2629 415 eique
2652 341 2737 413 pic
2785 356 2848 398 ac
2880 341 3112 400 fideliter
3141 344 3303 400 servit
3331 354 3383 400 rt
3416 345 3508 399 ob-

194 459 324 521 διζον
349 462 488 515 πολὺ,
516 458 737 520 λέγοντες.
757 456 851 505 π’ςῦ
874 454 899 503 ὁ
921 457 1034 509 Θεὸς
1063 451 1231 504 αὐτῶν,
1261 450 1343 501 uti
1368 454 1420 499 τί
1439 448 1606 504 aiataiat,-
1632 447 1800 502 ὥνησιν

164 534 165 537 Ἴ
193 556 223 608 ἠ
244 555 490 618 θρησκεία,
524 556 579 607 ἣν
606 550 688 598 καὶ
718 552 806 615 πρὸ
828 556 916 601 τῇ
942 547 1121 595 ἑαυτῶν
1148 546 1324 592 εὶλοντο
1355 530 1801 605 ψυχῆς.ιΝιιιιιιυΙ-

189 640 227 695 li
263 639 425 710 paulo
455 639 736 705 tequiores,
766 644 821 690 et
847 635 935 705 qui
979 633 1149 687 vicem
1186 640 1423 685 nostram
1448 628 1632 683 dolere
1661 640 1798 695 quo-

190 730 483 788 dannnodo
521 730 873 792 videbantur,
912 724 1312 796 exprobrabant
1340 721 1651 783 Idemidem,
1686 717 1801 772 haec

190 826 475 882 dicentes:
509 822 609 879 Ubi
643 832 724 877 est
760 820 900 875 Deus
937 834 1150 884 eorum,
1201 827 1256 871 et
1312 814 1436 885 quid
1466 813 1571 868 illis
1603 809 1804 882 profuit

188 918 309 974 haec
338 916 550 988 religio,
573 916 656 970 cui
684 914 845 968 vitam
874 926 1089 983 quoque
1116 925 1267 966 suam
1292 905 1749 979 postposuerunt!
1774 921 1793 955 ι

190 1012 446 1083 (Euseb.,
484 1011 575 1066 lib.
613 1024 646 1064 v
676 1009 904 1070 Histor..
932 1022 1054 1068 cap.
1085 1005 1142 1073 2,
1178 1021 1298 1076 pag.
1333 1002 1457 1060 165.
1487 1006 1507 1074 )

263 1104 529 1161 Omnibus
558 1105 741 1176 itaque
771 1102 855 1157 his
882 1102 1216 1173 argumentis
1245 1114 1365 1153 cum
1400 1099 1512 1168 ipse
1530 1094 1798 1161 chilins,

190 1208 307 1255 tum
340 1197 561 1269 plurimi
607 1197 696 1251 alii
727 1193 964 1258 Ethnici,
1005 1208 1067 1247 ac
1113 1191 1411 1262 praesertim
1465 1187 1712 1259 Epicurei
1750 1198 1807 1243 et

189 1290 528 1356 Academici,
561 1292 634 1343 uti
665 1304 733 1344 ex
757 1285 1038 1344 Ciceronis
1064 1284 1126 1339 de
1152 1283 1359 1338 Natura
1401 1282 1623 1338 Deorum
1650 1279 1802 1335 libris

192 1381 538 1438 ostendimus
566 1380 964 1437 Providentiam
995 1378 1228 1434 divinam
1260 1376 1662 1447 impugnabant.
1710 1373 1804 1429 His

185 1486 374 1533 autem
404 1477 634 1548 probare
657 1476 992 1530 conabantur
1031 1474 1217 1535 Deum,
1249 1471 1295 1526 si
1325 1474 1445 1542 quis
1471 1472 1560 1534 sit,
1592 1485 1802 1526 summa

184 1570 391 1640 quiete,
425 1577 485 1623 et
512 1567 769 1623 felicitate
801 1565 1024 1638 perfrui,
1059 1564 1189 1620 nihil
1238 1579 1419 1636 agere,
1455 1564 1618 1619 nullis
1644 1579 1804 1620 occu-

180 1665 501 1736 pationibus
544 1663 815 1728 disnncri,
870 1661 1011 1717 nulla
1060 1674 1222 1731 opera
1277 1660 1475 1723 moliri,
1532 1668 1693 1729 atque
1736 1673 1803 1713 eo

182 1774 311 1814 esse
343 1758 579 1819 beatum,
612 1756 753 1828 quod
784 1767 991 1811 certum
1017 1754 1462 1825 exploratumque
1492 1750 1688 1807 habeat
1717 1751 1801 1805 fo-
1829 1764 1878 1824 Β

184 1868 249 1909 re
291 1869 356 1907 se
386 1868 600 1923 semper
651 1853 703 1906 in
753 1852 999 1906 maximis
1043 1850 1369 1919 atternisque
1410 1846 1791 1916 voluptatibus.

179 1947 548 2015 Quamobrem
600 1954 864 2001 assertum
910 1960 941 1999 a
997 1943 1195 2000 Stoicis
1251 1941 1345 1997 Dei
1395 1938 1793 1995 Providentiam

182 2049 468 2112 tamquam
514 2039 785 2095 fatidicam
823 2054 984 2093 anum
1026 2036 1381 2108 rejiciebant,
1425 2035 1796 2107 negabantque

182 2131 360 2189 Deum
416 2132 616 2203 aliquid
669 2146 881 2196 curare,
935 2141 1026 2185 aut
1066 2130 1242 2201 aliqua
1289 2131 1409 2200 ejus
1451 2127 1795 2183 Providentia

182 2229 453 2285 mundum
473 2227 783 2300 gubernari.
827 2225 1026 2281 Verum
1050 2223 1166 2280 hinc
1191 2224 1267 2279 illi
1295 2234 1400 2277 tam
1428 2224 1608 2293 impie,
1634 2237 1795 2292 quam

180 2333 379 2379 contra
416 2319 770 2377 conscientia:
798 2334 908 2372 sua:
939 2317 1185 2372 stimulos
1211 2314 1569 2387 objectabant,
1601 2324 1657 2368 ut
1697 2314 1795 2367 im-

180 2432 332 2488 pune
356 2430 603 2487 peccare.
634 2422 690 2469 et
708 2412 982 2483 quodlibet
1012 2426 1169 2483 agere
1202 2419 1439 2480 possent.
1494 2408 1599 2464 Sed
1636 2406 1797 2463 Octa-

181 2516 361 2575 vium,
412 2513 458 2566 si
485 2509 654 2575 lubet,
692 2510 838 2564 varia
869 2507 957 2562 illa
995 2515 1307 2577 argumenta
1357 2505 1712 2570 refellentem,
1742 2515 1798 2562 et

182 2615 527 2663 evertentem
565 2603 867 2658 audiamus.

793 2711 1087 2754 ARTICULUS
1108 2712 1185 2753 111.

188 2795 469 2866 Quomodo
498 2792 737 2850 Octavius
777 2793 1041 2864 superiora
1082 2790 1275 2847 Caecilii
1317 2798 1620 2863 argumenta
1643 2788 1794 2858 inﬁr-

761 2895 881 2953 met,
913 2896 960 2941 et
986 2887 1228 2941 destruat.

264 3005 485 3077 Objecta
531 3003 634 3060 sibi
672 3019 704 3077 a
755 3001 974 3057 CIPCiiiO
1002 3012 1187 3057 contra
1229 2999 1466 3055 divinam
1494 2996 1795 3054 Providen-

188 3099 324 3155 tiam
352 3105 670 3169 argumenta
710 3092 965 3150 Octavius
998 3102 1141 3148 tanta
1171 3093 1446 3159 facilitate,
1478 3102 1674 3163 quanta
1703 3106 1793 3145 so-

1907 446 2191 506 tt-ntpcrat.
2230 438 2306 491 Ad
2327 437 2699 491 infirmandatu
2726 451 2807 490 vet
2824 435 3065 491 oCa-rilii
3089 437 3509 507 argumentatio-

1904 545 2026 584 nem
2047 529 2233 584 iisdem
2255 531 2571 599 plerumque
2598 539 2756 599 atque
2772 529 2998 593 Seneca,
3029 531 3241 585 tametsi
3262 531 3505 596 Ethicus,

1902 628 1957 676 et
1978 620 2278 676 ratioaibus
2306 630 2363 676 et
2390 621 2572 675 verbis
2597 621 2763 676 utitur
2808 621 3044 692 (Scaea,
3078 620 3167 676 lib.
3203 622 3373 689 Quare
3391 622 3511 676 viris

1902 711 2069 777 battis,
2093 720 2199 766 etc.
2232 728 2351 782 pag.
2376 710 2506 774 488,
2536 728 2584 767 et
2608 729 2746 784 seqq.
2763 712 2807 784 ).

1978 804 2158 858 Primo
2212 804 2389 873 itaque
2425 805 2642 874 penitus
2671 815 2829 875 negat
2873 820 2967 861 eos
2995 821 3117 862 esse
3150 806 3362 873 felices,
3396 805 3491 877 qui

1903 896 2106 952 divitiis
2136 896 2394 965 afﬂuant,
2423 897 2510 953 vel
2535 899 2901 968 atnpiissitnos
2952 899 3219 956 hooorttni
3271 900 3509 973 dignita-

1905 999 2126 1061 tumque
2143 991 2342 1063 gradus
2363 991 2544 1063 adepti
2567 1001 2712 1047 sunt.
2733 993 2910 1049 Altius
2931 995 3196 1065 siquidem
3229 994 3508 1061 tolluntur,

1905 1094 1962 1140 ut
1994 1087 2210 1158 gravius
2243 1087 2529 1154 decidant;
2558 1088 2646 1144 vel
2704 1088 2860 1144 sicuti
2898 1087 3228 1146 Claudianus
3275 1090 3507 1147 cecinit:

2494 1242 2759 1295 Tolluntnr
2784 1246 2835 1297 in
2858 1244 3009 1297 altum

2032 1302 2097 1354 Ut
2119 1302 2257 1369 lapsu
2281 1306 2513 1369 graviore
2538 1307 2731 1358 cadant.
2934 1310 2939 1315 ’

2565 1388 2862 1453 ((‘.laudiau.,
2887 1391 2924 1443 l.
2950 1407 2967 1442 ι
2991 1388 3043 1444 in
3068 1390 3260 1458 Ruﬁn.)

1903 1514 2108 1573 Adbtec
2134 1531 2264 1573 vero
2330 1516 2409 1584 hi,
2457 1526 2514 1571 ut
2543 1517 2798 1585 victimae,
2852 1520 3165 1590 saginantur
3210 1519 3276 1577 ad
3308 1521 3513 1593 suppli-

1904 1612 2071 1678 cium,
2098 1621 2151 1667 et
2174 1621 2444 1683 tamquam
2464 1610 2657 1668 hostia:
2676 1612 2987 1684 adpositam
3009 1623 3354 1675 coronantur.
3376 1615 3513 1684 Quid

1904 1708 2101 1772 etiam,
2153 1706 2297 1778 quod
2359 1707 2670 1764 adulatores
2732 1707 2871 1762 fictis
2924 1708 3227 1779 sepissime
3294 1709 3512 1766 blandi-

1912 1799 1999 1853 tiis
2030 1807 2088 1853 et
2134 1799 2595 1855 assentationilms
2643 1801 2869 1857 aliorum
2917 1801 3212 1857 abutuntur
3240 1802 3514 1873 potentia?

1973 1892 2239 1948 Przeterea
2279 1908 2458 1951 nonne
2483 1893 2634 1950 dives
2683 1913 2702 1946 ‹
2747 1895 2978 1951 fortuna:
3019 1896 3158 1951 male
3187 1897 3445 1963 creditur,
3484 1915 3504 1955 ›

1897 1983 2069 2054 inquit
2105 1986 2385 2055 Minucius,
2432 1988 2659 2063 ejusque
2697 1989 3075 2047 inconstantie
3123 1992 3515 2048 committitur?

1896 2078 2087 2135 Nonne
2134 2078 2333 2135 divitiis
2393 2083 2537 2148 suis,
2611 2093 2880 2154 tamquam
2942 2083 3172 2153 viatico,
3228 2086 3295 2140 ad
3348 2086 3512 2141 breve

1900 2173 2292 2228 conficiendum
2340 2174 2461 2230 vitae
2517 2175 2637 2240 iter,
2695 2175 2875 2231 minus
2920 2176 3298 2249 locupletatur,
3348 2193 3508 2253 quam

1894 2267 2190 2322 oneratur?
2247 2268 2359 2325 Rex
2386 2281 2591 2336 autem,
2645 2278 2752 2325 tam
2784 2272 2956 2336 timet,
2989 2289 3147 2343 quam
3182 2276 3415 2336 timetur,
3460 2280 3516 2326 et

1899 2358 1965 2413 ad
1994 2358 2289 2430 periculum
2316 2360 2468 2416 solus
2497 2370 2596 2418 est.
2644 2362 2777 2419 Nam
2811 2363 3080 2422 Labitaius
3117 2380 3150 2420 a
3203 2365 3409 2423 Seneca
3438 2366 3517 2421 ci-
3568 2410 3575 2417 .

1900 2458 2042 2506 tatus
2073 2458 2220 2506 recte
2246 2454 2477 2506 canebat
2506 2469 2519 2505 :

2055 2632 2279 2685 Necesse
2297 2639 2375 2687 est
2398 2632 2576 2686 multos
2594 2636 2765 2686 timeat
2785 2648 2933 2700 quem
2952 2633 3093 2688 multi
3113 2637 3305 2688 timent.

1898 2799 1998 2869 Qui
2027 2816 2154 2857 vero
2173 2803 2387 2873 generis
2414 2803 2494 2858 sui
2523 2800 2776 2873 praedicat
2817 2803 3168 2873 nobilitatem,
3201 2821 3306 2860 non
3357 2807 3502 2876 seip-

1901 2911 2017 2951 sum
2052 2897 2249 2961 laudat,
2307 2899 2401 2953 sed
2446 2910 2715 2979 parentes.
2769 2900 3005 2973 Denique
3047 2908 3137 2973 qui
3182 2904 3416 2960 lascibus
3463 2910 3516 2959 et

1902 3005 2134 3060 purpura
2164 2990 2444 3061 gloriatur,
2478 2990 2563 3046 hic
2593 3004 2771 3048 mente
2803 2995 3089 3051 sordescit.
3124 2994 3323 3053 Omnes
3352 2999 3514 3071 quip-

1902 3096 1966 3150 pe
2002 3080 2270 3149 homines,
2313 3082 2429 3138 sive
2484 3099 2745 3156 pauperes
2792 3087 2907 3142 sive
2935 3087 3151 3159 divites,
3204 3091 3318 3165 pari
3368 3103 3518 3148 sorte

185 3190 401 3247 liditate
431 3189 583 3247 diluit
619 3186 960 3258 funditusque
995 3186 1240 3242 destruit.
1284 3184 1402 3241 Jam
1431 3185 1573 3254 enim
1600 3199 1789 3265 propo-
1821 3172 1866 3234 C
1902 3187 2211 3237 "asellnlut‘,
2247 3175 2359 3229 sola
2388 3174 2585 3232 virtute
2615 3179 3044 3251 distinguuntur.

187 3286 295 3341 sita
327 3285 395 3339 ab
433 3281 664 3341 ethnicis
694 3292 1039 3353 tyrannorum
1082 3276 1401 3345 Phalaridis,
1434 3291 1499 3334 ac
1529 3274 1791 3348 Dionysii,

187 3388 358 3450 atque
384 3378 543 3433 etiam
580 3372 839 3441 Socratis,
864 3374 1081 3439 summi,
1108 3384 1163 3428 ut
1191 3372 1430 3440 aiebant,
1461 3371 1796 3441 mirandiqne

191 3467 507 3543 pitiIOSOpili
548 3468 816 3536 exempla,
865 3466 933 3521 ab
973 3467 1037 3520 iis
1067 3465 1194 3536 ipsis
1221 3480 1408 3519 eversa
1450 3464 1794 3521 animadver-

190 3562 335 3618 tisti.
403 3560 485 3617 Ad
529 3559 655 3615 illud
702 3568 881 3615 autem
925 3559 1065 3629 quod
1116 3558 1331 3631 ducitur
1361 3571 1424 3611 ex
1462 3556 1792 3622 fulminibus,

191 3672 319 3725 qua:
357 3668 512 3709 casso
551 3652 809 3722 irritoque
837 3653 963 3717 ictu,
995 3663 1084 3707 aut
1116 3651 1228 3706 ullo
1259 3651 1463 3722 absque
1489 3651 1797 3707 discrimine

192 3747 318 3803 loca
344 3762 491 3803 sacra
520 3756 574 3802 et
618 3744 858 3817 profana,
892 3746 1112 3823 piosque
1142 3756 1195 3799 et
1222 3745 1417 3815 impios
1448 3744 1692 3819 homines
1722 3744 1799 3800 fe-

195 3841 368 3905 riunt,
426 3838 681 3899 Octavius
726 3836 1018 3910 respondet
1059 3847 1261 3891 tantum
1305 3836 1515 3903 abeSse,
1568 3847 1625 3890 ut
1674 3835 1798 3891 inde

197 3934 371 3989 Deum
401 3949 523 3989 esse
546 3948 819 4003 negemus,
840 3932 967 4003 quin
992 3931 1186 4005 potius,
1215 3949 1233 3982 σ
1264 3930 1314 3987 iu
1338 3929 1542 3996 mund“,
1560 3948 1577 3980 ι
1602 3928 1794 3999 inquit,

202 4045 225 4079 ι
257 4027 509 4082 omnibus
540 4025 774 4081 metibus
803 4024 1051 4078 virtutem
1081 4023 1198 4092 ejus
1235 4037 1448 4091 semper
1480 4031 1797 4095 praesentem

195 4120 514 4191 aspicimus,
538 4135 657 4174 cum
690 4127 857 4185 tonat,
894 4117 1146 4188 fulgurat,
1187 4115 1452 4180 fulminat,
1483 4130 1604 4168 cum
1647 4129 1796 4169 scre-

195 4225 316 4271 nat.
352 4233 374 4270 )
416 4213 523 4269 Nos
557 4214 832 4270 enimvero
878 4213 1017 4268 sicut
1048 4211 1236 4278 Deum,
1283 4219 1335 4265 et
1375 4209 1796 4277 omnipotentem

198 4309 324 4378 ejus
354 4311 627 4372 virtutem,
660 4308 713 4362 in
744 4307 863 4363 cmli
893 4305 1204 4370 serenitate,
1238 4303 1306 4357 ita
1339 4302 1389 4356 in
1418 4301 1663 4355 maximis
1695 4299 1797 4353 litt-

192 4401 288 4473 jus
348 4400 925 4469 torbuleutissimisque
977 4394 1389 4468 tempestatibus
1433 4393 1795 4465 agnoscimus.

198 4493 271 4551 Et
297 4504 446 4550 certe
470 4494 569 4549 etsi
596 4506 756 4549 nemo
778 4503 904 4547 tunc
923 4476 1099 4547 Deum‘
1112 4490 1384 4561 corporeis
1404 4489 1576 4544 oculis
1594 4488 1796 4552 videat,

1981 3266 2281 3339 Cyprianus
2322 3284 2456 3325 vero
2483 3272 2534 3325 in
2568 3288 2663 3327 sua
2694 3274 2759 3327 ad
2792 3274 3056 3331 Donatum
3090 3276 3331 3348 Epistola
3363 3279 3521 3353 longe

1899 3362 2191 3432 copiosius,
2220 3378 2381 3434 quam
2411 3375 2602 3422 auctor
2620 3376 2824 3436 nOster,
2852 3373 3195 3443 prosequitur
3222 3372 3513 3448 (Cyprium,

1900 3457 2048 3527 epist.
2079 3456 2117 3512 2
2141 3458 2206 3510 ad
2239 3455 2409 3513 Donat
2439 3476 2582 3543 ,pag.
2613 3461 2645 3516 7
2667 3470 2720 3516 et
2741 3462 2824 3533 8).
2868 3462 2984 3520 Non
3024 3469 3284 3537 audemus
3309 3471 3520 3543 longio-

1899 3562 2013 3603 rem
2049 3549 2187 3605 illius
2213 3566 2519 3608 sermonem
2563 3553 2835 3626 integrum
2864 3555 2954 3612 hic
2991 3557 3325 3630 describere,
3356 3579 3519 3634 quem

1904 3651 2081 3697 tamen
2106 3645 2299 3715 legisse
2317 3648 2501 3715 procul
2520 3647 2683 3703 dubio
2702 3659 2753 3704 te
2776 3666 2880 3704 non
2909 3650 3211 3721 pmnitebit.
3246 3653 3522 3712 Adtlemus

1904 3734 2081 3806 itaque
2114 3737 2240 3792 illud
2270 3742 2434 3808 quod,
2474 3739 2692 3797 brevius
2717 3742 2785 3798 ab
2820 3743 3049 3814 Apuleio
3088 3748 3347 3817 scriptum
3390 3749 3523 3820 legi—

1903 3842 2057 3883 mus:
2107 3846 2125 3879 t
2164 3827 2472 3886 Generosos
2498 3834 2617 3888 est?
2673 3833 2935 3891 Parentes
2965 3832 3170 3892 laudas.
3219 3838 3375 3895 Dives
3405 3838 3523 3895 est?

1902 3919 2020 3976 Non
2073 3922 2240 3977 credo
2290 3923 2537 3979 fortunae.
2589 3925 2755 3999 Magis
2788 3928 2888 3983 ista
2934 3928 3240 3985 dinumero.
3303 3914 3523 3986 Vaiidus

1904 4016 2020 4070 est?
2060 4013 2400 4086 Egritudine
2450 4015 2772 4088 fatigabitnr.
2826 4019 3024 4076 Pernix
3068 4021 3191 4077 est?
3247 4020 3431 4077 Abibit
3468 4020 3521 4077 in

1904 4118 2263 4162 senectutem.
2326 4107 2616 4164 Formosus
2668 4109 2791 4165 est?
2839 4111 3077 4182 Expecta
3128 4114 3419 4186 paulisper,
3468 4123 3525 4171 et

1906 4216 2012 4257 non
2043 4203 2142 4257 erit
2178 4221 2197 4255 ι
2234 4201 2455 4276 (Apul.,
2486 4203 2549 4258 de
2598 4202 2706 4259 Deo
2738 4204 2942 4260 Socrat.
2978 4208 3078 4262 sub
3106 4196 3312 4281 linem).
3367 4208 3519 4275 Vide,

1905 4295 1949 4349 si
1974 4293 2142 4357 lubet,
2176 4296 2396 4351 citatum
2420 4314 2446 4349 a
2475 4296 2629 4351 nobis
2651 4300 2875 4352 Seneca!
2904 4298 3097 4354 librum
3120 4300 3188 4356 de
3228 4300 3528 4356 Providen-

1908 4388 2000 4452 tia,
2031 4388 2144 4443 sive
2160 4388 2339 4457 Quare
2361 4388 2517 4443 bonis
2542 4390 2670 4443 viris
2688 4393 2827 4444 mala
2854 4391 3119 4457 accidant,
3144 4408 3266 4448 cum
3296 4395 3365 4448 sit
3388 4394 3526 4449 Prc-

1909 4481 2168 4547 videntia,
2199 4493 2360 4554 atque
2384 4482 2436 4537 in
2465 4484 2608 4538 hunc
2630 4481 2827 4538 librum
2852 4482 3043 4541 Mureti
3070 4486 3520 4558 Disputationem,

197 4589 326 4661 quis
354 4588 597 4643 dubitare
635 4596 809 4642 tamen
845 4596 1019 4656 potest
1048 4585 1235 4640 horum
1269 4592 1538 4639 tantorum
1562 4593 1803 4638 motuum
1830 4580 1883 4641 D
1910 4586 1966 4631 et
1989 4574 2235 4642 Morellii,
2266 4590 2428 4647 atque
2447 4577 2674 4633 aliorum
2688 4577 3126 4636 Obsertationes.

197 4686 438 4754 primum
476 4694 596 4737 esse
624 4690 920 4743 auctorem,
950 4694 1110 4757 quem
1136 4689 1260 4734 tunc
1286 4677 1439 4732 timet
1464 4692 1527 4733 ac
1552 4676 1802 4732 veretur?

199 4775 340 4832 Nam
368 4774 565 4832 idcirco
593 4775 824 4830 tonitrua
856 4775 1120 4845 mugiunt,
1177 4772 1653 4839 ait'l‘ertullianus,
1688 4789 1706 4823 ι
1743 4780 1802 4825 ut

204 4869 456 4925 homines
499 4878 822 4935 terreantur,
863 4887 882 4921 ι
918 4883 1090 4939 eoque
1131 4879 1335 4924 terrore
1374 4867 1599 4941 improbi
1630 4867 1694 4919 ad
1716 4880 1803 4919 sa-

203 4965 417 5019 niorem
447 4975 680 5018 mentem
706 4962 952 5030 redeant,
983 4961 1343 5030 etitnplorent
1376 4958 1467 5015 Dei
1500 4959 1806 5014 miscricor-

204 5056 353 5112 diam
402 5057 423 5127 (
462 5056 691 5123 Tertul.,
734 5056 1031 5128 Apotoget.,
1063 5068 1183 5126 cap.
1214 5054 1298 5121 17,
1335 5068 1455 5125 pag.
1486 5051 1552 5109 l8
1592 5052 1636 5124 ).
1698 5050 1805 5108 Sed

203 5149 276 5206 de
304 5147 639 5204 Tertulliano
689 5164 790 5204 nos
835 5163 935 5203 suo
984 5150 1122 5204 loco.

278 5243 528 5301 Secunda
568 5243 766 5300 Caecilii
798 5243 1063 5300 adversus
1094 5242 1185 5297 Dei
1215 5240 1617 5297 Providentiam
1646 5257 1809 5313 argu-

207 5338 492 5403 mentatio,
540 5336 611 5391 ab
637 5337 756 5392 aliis
784 5335 1093 5408 gentilibus,
1144 5344 1199 5389 et
1237 5334 1427 5389 attttcis
1472 5334 1671 5405 saepius
1710 5349 1811 5391 nec

206 5433 330 5491 sine
351 5431 563 5488 fastidio
585 5433 827 5502 repetita,
857 5427 1156 5486 desumitnr
1177 5442 1245 5482 ex
1267 5426 1527 5482 malorum
1550 5442 1812 5500 quorum-

206 5526 334 5582 dam
362 5525 640 5582 hominum
687 5525 957 5591 felicitate,
989 5529 1045 5576 et
1084 5520 1346 5575 bonorum
1373 5521 1602 5577 miseria.
1660 5520 1809 5588 Quo-

205 5620 336 5677 nam
365 5618 510 5676 enim
538 5618 719 5686 modo,
750 5618 1014 5688 inquiunt,
1064 5612 1204 5669 Deus
1243 5627 1395 5683 atque
1416 5612 1592 5683 justus
1613 5628 1676 5667 ac
1710 5627 1808 5684 po-

205 5724 328 5770 lens
356 5713 476 5768 haec
504 5712 646 5769 ferre
683 5711 980 5784 potuisset?
1024 5707 1129 5765 Sed
1167 5705 1432 5761 Minucius
1453 5706 1607 5761 facile
1636 5707 1807 5763 lucu-

203 5808 491 5879 lentcrque
506 5805 741 5862 ostendit
761 5817 888 5861 eum
908 5803 1081 5860 solum
1096 5812 1219 5857 esse
1244 5797 1480 5866 felicem,
1503 5799 1596 5871 qui
1615 5814 1803 5856 verum

1979 4670 2159 4744 Pergit
2186 4672 2467 4739 Minucius,
2525 4688 2588 4729 ac
2627 4674 2973 4745 desumptum
3000 4692 3067 4732 ex
3100 4678 3391 4749 proborum
3424 4679 3522 4735 lto-

1906 4764 2109 4820 miuum
2133 4776 2463 4838 paupertate,
2513 4767 2868 4839 adversisque
2896 4772 3111 4826 casibus
3139 4781 3515 4843 argumentum

1907 4860 2067 4914 simili
2090 4860 2249 4915 modo
2270 4861 2534 4931 explodit.
2570 4861 2645 4918 Ea
2674 4866 2954 4921 enimvero
2978 4876 3287 4936 paupertas,
3320 4868 3514 4943 inquit,

1909 4965 2080 5023 neque
2110 4952 2326 5008 infamia
2356 4962 2458 5019 est,
2504 4970 2678 5026 neque
2708 4956 2947 5027 miseria,
2996 4959 3088 5014 sed
3116 4960 3316 5029 gloria,
3355 4964 3528 5016 vit-tu-

1911 5043 2083 5116 lisque
2131 5046 2508 5117 comparandae
2546 5063 2609 5104 ac
2649 5049 2983 5105 stabilienda:
3034 5053 3270 5109 occasio.
3320 5052 3521 5113 Noster

1912 5140 2179 5211 siquidem
2216 5158 2235 5192 t
2284 5143 2500 5197 animus
2542 5150 2600 5198 ut
2640 5144 2767 5198 luxu
2813 5145 3060 5214 solvitur,
3104 5149 3175 5203 ita
3222 5147 3525 5222 frugalitate

1912 5232 2172 5289 firmatur.
2213 5252 2232 5287 ι
2288 5235 2491 5291 Deinde
2538 5251 2666 5291 vero
2696 5238 2748 5292 in
2789 5248 3029 5307 egestate
3083 5241 3232 5298 dives
3278 5254 3381 5312 est,
3430 5247 3526 5317 qui

1915 5326 2042 5382 nihil
2075 5329 2410 5399 concupiscit
2441 5346 2454 5382 :
2489 5344 2692 5399 pauper
2718 5344 2750 5385 e
2776 5332 3049 5386 contrario
3070 5333 3159 5390 ille
3187 5346 3291 5402 est,
3323 5339 3410 5409 qui
3443 5338 3526 5394 di.

1914 5422 2056 5475 vitiis
2085 5420 2387 5488 abundans,
2420 5421 2571 5492 plura
2600 5421 2777 5477 adhuc
2813 5421 3105 5483 desiderat.
3157 5428 3525 5495 Quamobrem

1914 5513 2242 5585 Pomponius
2273 5513 2445 5570 Rufus
2474 5515 2612 5585 apud
2642 5513 2915 5570 Valerium
2949 5516 3238 5575 Maximum
3269 5524 3528 5580 dicebat:

1917 5625 1936 5658 ι
1972 5606 2161 5663 Omnia
2186 5606 2367 5674 habet,
2400 5607 2490 5678 qui
2525 5607 2651 5661 nihil
2677 5607 3035 5677 concupiscit,
3063 5626 3130 5667 eo
3158 5614 3375 5683 quidem
3405 5632 3527 5673 cer-

1911 5705 2036 5770 tius,
2085 5718 2243 5775 quam
2302 5704 2391 5775 qui
2442 5711 2631 5758 cuncta
2682 5701 2939 5772 possidet.
2976 5722 2995 5759 ι
3030 5692 3247 5777 (Valcr.
3281 5708 3521 5787 Maxitu.,

1911 5798 2004 5855 lib.
2032 5813 2106 5866 tv,
2129 5812 2248 5879 cap.
2266 5797 2301 5855 4
2320 5795 2558 5870 prooem.)

3401 227 3508 286 454
3583 242 3595 263 λ
