4058 6316
323 356 424 412 157

923 512 1220 556 Αιιτιῦυιιιιε
1257 515 1334 556 ιν.

325 662 592 731 Quomodo
624 664 865 722 Octavius
891 666 1096 722 diluerit
1123 666 1391 721 deductam
1412 683 1442 720 a
1462 663 1668 721 Caecilio
1694 682 1914 721 exutar-

395 767 567 828 tyrum
612 758 882 828 suppliciis
931 769 978 814 et
1031 770 1191 814 morte
1236 762 1720 832 argumentationem
1751 801 1765 824 ,
1832 760 1918 814 ubi

393 854 655 923 proposita
682 852 950 920 Scaevolae,
982 852 1168 924 Reguli
1211 862 1258 906 et
1288 852 1479 924 Aquilii
1510 852 1739 923 exempla
1761 868 1917 922 expo-

391 955 582 998 nuntur
611 961 629 998 :
658 961 718 999 ac
756 944 819 1000 de
845 963 1030 1016 magno
1058 956 1340 1017 martyrum
1369 963 1604 1013 numero,
1644 956 1692 1001 et
1731 947 1917 1001 dicina:

388 1041 458 1095 ad
483 1041 798 1097 subeundum
828 1043 1129 1115 martyrium
1151 1043 1332 1114 gratia:
1360 1043 1669 1098 necessitate.

388 1227 572 1297 Pergit
611 1227 909 1295 Minucius,
951 1243 1015 1284 ac
1059 1228 1365 1284 luculenter
1422 1228 1642 1284 Caecilio
1691 1228 1914 1298 aliisque

314 1321 550 1378 ethnicis
575 1323 830 1388 osmndit,
847 1321 1234 1379 crudelissimis
1261 1322 1686 1378 Christianorum
1719 1331 1915 1395 marty-

310 1432 434 1472 rum
467 1417 763 1488 suppliciis,
793 1433 902 1473 uon
955 1415 1114 1472 modo
1157 1431 1265 1471 non
1302 1416 1425 1472 laedi
1477 1417 1568 1472 Dei
1618 1415 1912 1473 Providen-

311 1510 466 1575 tiam,
495 1510 589 1566 sed
621 1509 816 1566 mirum
845 1510 1000 1581 plane
1027 1512 1076 1564 in
1113 1509 1327 1565 modum
1359 1510 1746 1566 commendari.
1767 1510 1910 1565 Tan-

312 1614 430 1660 tum
461 1606 603 1658 enim
629 1603 677 1658 ei
707 1603 899 1658 abesse
952 1602 1183 1668 videtur,
1223 1610 1282 1656 ut
1328 1601 1667 1658 Christianus
1703 1603 1772 1657 ob
1800 1619 1911 1658 sua:

305 1698 588 1770 religionis
628 1697 1018 1768 professionem
1054 1695 1341 1752 dirissimis
1363 1696 1686 1752 cruciatibus
1711 1711 1771 1750 ac
1801 1704 1910 1752 tor-

306 1792 509 1847 mentis
537 1792 968 1855 excarniﬁcatus,
995 1799 1156 1860 atque
1196 1790 1259 1843 iis
1289 1791 1522 1844 animam
1545 1789 1773 1859 agendo.
1805 1789 1908 1843 mi-

1745 362 2212 424 DISSERTATIO.

1940 483 1991 542 Α
2019 477 2262 534 didisset.
2304 495 2324 532 ι
2364 478 2414 534 ls
2452 479 2594 535 enim
2626 494 2746 536 cum
2775 480 3070 548 Porsenna,
3095 467 3442 540 Etruscorum
3492 503 3609 556 rex,

3509 373 3617 429 458

2021 569 2246 625 Romam
2273 574 2418 642 gravi
2449 573 2764 645 diutinoque
2804 575 2943 630 bello
2974 576 3266 645 obsideret,
3296 579 3347 632 iti
3379 580 3612 636 hostium

2019 678 2192 720 caStra
2237 668 2512 730 audacter.
2554 681 2609 724 et
2649 669 2766 723 sine
2795 669 2924 736 ulla,
2955 678 3012 724 ut
3040 671 3112 725 ait
3139 671 3350 740 Cicero,
3388 687 3484 743 spe
3524 689 3615 729 sa-

2019 759 2146 814 lutis
2199 760 2457 828 intravit,
2492 763 2672 833 ibique
2723 762 2882 834 Regis
2940 767 3194 833 scribam,
3244 784 3338 836 pro
3383 769 3615 838 ipsumet

2017 866 2144 922 rege
2167 894 2182 915 ,
2214 868 2373 922 quem
2411 853 2655 908 occidere
2712 855 2959 922 volebat,
2994 857 3302 926 imprudens
3350 859 3618 916 interfecit

2018 941 2175 1014 (Cic.,
2203 941 2496 1012 Paradox.,
2533 962 2585 1014 ρ.
2617 945 2772 1017 431).
2801 948 3160 1014 Quamobrem
3191 958 3378 1021 captus
3406 962 3459 1006 et
3489 961 3616 1009 ante

2017 1040 2156 1107 regis
2186 1036 2412 1093 tribunal
2445 1038 2735 1105 adductus,
2773 1039 3017 1095 dextram
3052 1056 3282 1096 accenso
3310 1045 3375 1096 ad
3398 1044 3611 1099 sacriﬁ-

2016 1130 2158 1184 cium
2189 1127 2309 1185 foco
2355 1131 2538 1200 injecit
2592 1132 2909 1202 intrepidus.
2931 1133 3043 1201 Qua
3071 1135 3292 1189 audacia
3322 1137 3616 1191 exterrcfa-

2016 1230 2132 1277 ctus
2159 1221 2455 1290 Porsenna,
2486 1223 2635 1278 illum
2686 1225 2935 1281 libertate
2987 1226 3242 1282 donatum
3284 1229 3484 1284 dimisit
3513 1229 3623 1301 (Li-

2015 1319 2148 1382 vius,
2182 1314 2380 1372 Decad.
2415 1333 2452 1382 ι,
2479 1318 2566 1374 lib.
2589 1334 2648 1384 ιι,
2681 1335 2799 1390 pag.
2830 1319 2904 1374 22
2929 1331 2974 1374 et
2990 1320 3142 1392 seq.).
3168 1321 3238 1376 At
3262 1321 3329 1378 de
3355 1323 3455 1378 hoc
3477 1323 3618 1379 illius

2014 1413 2154 1468 facto
2179 1414 2307 1468 alibi
2335 1413 2589 1468 diximus.

2089 1507 2301 1562 Marcus
2323 1523 2453 1563 vero
2485 1507 2704 1563 Attilius
2730 1507 2993 1579 Regulus,
3023 1508 3180 1579 cujus
3209 1519 3392 1580 postea
3430 1519 3618 1567 auctor

2016 1611 2202 1657 noster
2225 1604 2468 1658 meminit
2493 1644 2508 1669 ,
2540 1603 2732 1658 iterum
2761 1604 2969 1671 consul,
3002 1607 3176 1674 primo
3206 1605 3408 1660 Punico
3444 1605 3610 1676 bello,

2013 1693 2080 1748 ab
2106 1695 2369 1762 hostibus,
2398 1709 2536 1766 quos
2581 1695 2744 1749 variis
2775 1695 3016 1751 cladibus
3038 1695 3270 1767 fregerat
3299 1708 3350 1750 et
3381 1699 3610 1766 vicerat,

2013 1795 2221 1856 captus,
2251 1802 2373 1840 cum
2392 1787 2459 1841 de
2478 1789 2702 1858 captivis
2733 1788 3128 1842 commutandis
3159 1788 3386 1844 Romam
3417 1790 3615 1845 missus

302 1899 398 1940 ser
429 1882 721 1947 infelixque
735 1883 970 1954 sit,quin
994 1881 1376 1952 illumdiguum
1402 1895 1624 1938 censeat
1655 1882 1766 1936 Deo
1783 1896 1905 1952 spe-
1935 1885 1984 1944 B
2009 1888 2172 1941 esset,
2195 1879 2538 1948 jurassetque
2591 1893 2651 1934 se
2683 1878 2975 1933 rediturum
3003 1895 3017 1932 :
3057 1897 3075 1929 ι
3107 1877 3177 1934 Ut
3220 1881 3384 1947 venit,
3419 1882 3493 1935 ait
3519 1881 3612 1936 Ci-

304 1979 601 2039 ctaculum.
629 1976 819 2034 Nonne
862 1977 1060 2032 etenim
1090 1976 1333 2046 benignis
1376 1991 1598 2030 summie
1633 1975 1773 2029 illius
1798 1989 1910 2028 ma-

301 2075 522 2146 iestatis
565 2073 948 2142 con8pectibus
995 2071 1214 2142 dignus,
1256 2071 1464 2142 ipsique
1504 2071 1909 2140 acceptissimus

303 2175 392 2223 est
421 2168 794 2222 sanctissimus
835 2175 1061 2236 martyr,
1093 2165 1183 2234 qui
1229 2175 1448 2234 propter
1489 2163 1753 2234 publicam
1785 2161 1908 2218 lidei

300 2258 615 2314 christiana:
669 2260 1066 2314 confessionem
1111 2258 1391 2313 innumera
1417 2297 1432 2321 ,
1470 2272 1639 2327 eaque
1683 2255 1910 2310 atrocis-

300 2351 440 2407 sima
471 2367 759 2423 perpessus
780 2352 1064 2422 supplicia,
1094 2351 1266 2406 effuso
1291 2350 1505 2407 tandem
1533 2350 1811 2422 sanguine,
1843 2348 1910 2404 de

299 2447 651 2504 carniﬁcibus
676 2457 730 2502 et
753 2447 994 2518 tyrannis
1015 2445 1340 2516 triumphat?

376 2539 550 2597 Nemo
587 2551 737 2596 certe
782 2540 1124 2611 quantumvis
1163 2538 1413 2608 pervicax
1454 2537 1672 2608 gentilis
1713 2550 1910 2608 negare

300 2635 355 2692 id
387 2636 584 2691 merito
625 2635 747 2706 jure
774 2644 968 2705 potest,
995 2634 1084 2704 qni
1137 2632 1252 2688 haec
1277 2632 1500 2688 Senecze
1525 2632 1598 2687 de
1644 2631 1767 2687 forti
1795 2631 1910 2686 viro

297 2731 499 2802 legerit
534 2730 739 2786 verba:
775 2748 793 2782 ι
836 2728 972 2784 Ecce
1003 2727 1366 2799 spectaculum
1409 2725 1652 2797 dignum,
1677 2726 1741 2781 ad
1765 2726 1909 2796 quod

298 2822 563 2893 respiciat
602 2823 842 2877 intentus
877 2820 1026 2890 operi
1064 2835 1162 2874 suo
1205 2819 1364 2875 Deus.
1400 2819 1536 2874 Ecce
1580 2834 1674 2887 par
1701 2819 1810 2874 Deo
1829 2817 1910 2872 di-

299 2931 495 2988 gnum,
528 2917 610 2970 vir
635 2914 788 2970 fortis
814 2929 936 2969 cum
964 2913 1103 2968 mala
1154 2913 1365 2968 fortuna
1405 2913 1738 2982 compositus
1761 2953 1776 2978 ,
1805 2912 1911 2967 uti-

299 3023 413 3078 que
440 3007 483 3062 si
525 3018 576 3062 et
610 3021 707 3078 pro
743 3007 936 3062 ocavit.
972 3005 1087 3061 Non
1142 3004 1318 3074 video,
1362 3005 1599 3076 inquam,
1653 3003 1780 3075 quid
1816 3003 1909 3057 lia-

298 3099 434 3156 beat
461 3099 514 3154 in
563 3099 723 3155 terris
765 3098 971 3170 Jupiter
1003 3097 1295 3169 pulchrius.
1331 3098 1374 3152 si
1421 3106 1738 3152 convertere
1789 3095 1907 3150 ani-

299 3209 456 3249 nium
488 3193 637 3260 velit,
683 3208 842 3264 quam
897 3202 950 3246 ut
982 3201 1188 3263 spectet
1222 3190 1504 3252 Catonem,
1527 3189 1637 3260 jam
1669 3188 1909 3258 partibus

2012 1984 2157 2034 cero,
2188 1969 2430 2040 captivos
2461 1969 2762 2025 reddendos
2786 1971 2836 2024 in
2880 1981 3067 2026 senatu
3115 1986 3219 2026 non
3251 1973 3478 2028 censuit.
3505 1973 3613 2028 Dc-

2013 2060 2139 2115 inde
2168 2076 2289 2116 rum
2348 2061 2671 2116 retineretur
2696 2077 2726 2116 a
2775 2064 3088 2132 propinquis
3127 2073 3182 2117 et
3210 2064 3278 2118 ab
3310 2066 3520 2132 amicis,
3545 2065 3611 2120 ad

2012 2153 2371 2207 certissimum
2411 2160 2588 2207 tamen
2636 2153 2955 2222 supplicium
3004 2154 3177 2209 redire
3215 2157 3422 2222 maluit,
3453 2173 3613 2227 quam

2013 2241 2152 2298 hosti
2178 2246 2355 2298 datam
2390 2246 2547 2299 fidem
2577 2243 2763 2299 fallere
2793 2245 2948 2317 (ϐία,
2983 2245 3073 2301 lib.
3124 2263 3142 2300 ι
3181 2248 3245 2301 de
3286 2245 3455 2318 0]]ic.,
3492 2266 3611 2320 pag.

2013 2335 2138 2400 556,
2165 2336 2258 2390 lin.
2284 2335 2352 2390 16
2377 2346 2424 2389 et
2448 2333 2666 2407 seqq.).i
2699 2336 2778 2390 Ad
2807 2351 2901 2392 eos
2931 2337 3110 2406 itaque
3127 2354 3396 2406 reversus,
3419 2340 3614 2409 vigiliis

2013 2439 2068 2484 et
2110 2429 2283 2485 inedia
2335 2439 2556 2484 necatus
2593 2438 2694 2484 est.
2747 2429 2960 2486 Videsis
2993 2431 3241 2485 eumdem
3297 2431 3614 2487 Ciceronem

2013 2523 2108 2578 lib.
2136 2539 2167 2576 v
2195 2525 2257 2577 de
2288 2522 2484 2588 Finib.,
2534 2539 2652 2594 pag.
2680 2524 2803 2586 H2,
2841 2536 3000 2594 atque
3024 2525 3287 2594 imprimis
3327 2527 3420 2582 lib.
3455 2542 3512 2580 ιιι
3552 2528 3616 2582 de

2020 2613 2190 2684 Ofﬁc.,
2222 2629 2342 2685 pag.
2374 2614 2473 2670 401
2528 2625 2574 2668 et
2601 2631 2705 2686 seq.
2737 2614 2915 2670 Valer.
2961 2616 3125 2682 Mam,
3156 2616 3247 2672 lib.
3277 2633 3316 2679 ι.
3345 2632 3464 2688 cap.
3496 2619 3548 2685 1,
3579 2619 3607 2690 §

2015 2707 2108 2772 M,
2141 2724 2191 2777 p.
2225 2707 2312 2762 15.
2356 2706 2694 2776 Eutropium,
2724 2707 2816 2761 lib.
2847 2723 2883 2762 ιι
2914 2705 3112 2762 Hister.
3142 2708 3294 2763 Rom.
3333 2711 3608 2766 Aurelium

2017 2799 2290 2856 Victorem
2321 2801 2384 2854 de
2425 2798 2558 2854 Viris
2597 2799 2900 2866 illustribus,
2949 2815 3069 2871 pag.
3103 2800 3229 2856 605.
3255 2800 3319 2856 A.
3351 2801 3606 2868 Gellium,

2015 2891 2108 2949 lib.
2139 2909 2193 2948 vi
2245 2891 2400 2947 Noct.
2455 2893 2620 2959 attic.,
2650 2907 2769 2962 cap.
2824 2895 2874 2948 4.
2917 2891 3169 2955 Florum,
3205 2894 3293 2947 lib.
3330 2910 3387 2960 tt,
3412 2911 3526 2964 cap.
3556 2896 3612 2949 2.

2014 2986 2324 3053 Senecam,
2368 2988 2462 3043 lib.
2519 2987 2582 3042 de
2631 2987 2950 3054 Provident.,
2994 3003 3110 3058 cap.
3177 2989 3283 3056 15,
3331 3005 3452 3059 pag.
3479 2989 3610 3046 272.

2013 3083 2175 3153 Aug.,
2223 3081 2314 3138 lib.
2346 3096 2362 3135 ι
2390 3083 2453 3136 de
2474 3079 2824 3150 Civitat.,cap.
2850 3083 2932 3145 l5,
2957 3082 3182 3152 pagJS;
3214 3097 3332 3153 cap.
3361 3083 3452 3151 24,
3485 3099 3607 3155 pag.

2011 3176 2104 3242 2'5;
2135 3176 2228 3230 lib.
2259 3192 2314 3242 ιι,
2344 3190 2444 3246 cap
2497 3174 2586 3242 25,
2610 3190 2726 3244 pag.
2760 3173 2846 3236 52.
2872 3185 2927 3230 et
2953 3175 3046 3230 lib.
3078 3191 3155 3241 ιιι,
3185 3191 3305 3246 cap.
3339 3179 3419 3237 l8.
3447 3177 3612 3248 p.76.

299 3302 415 3342 non
467 3285 634 3341 semel
667 3284 870 3351 fractis,
903 3293 1138 3339 stantem
1181 3281 1534 3338 nihilominus
1562 3282 1701 3336 inter
1727 3281 1910 3335 ruinas

2017 3271 2090 3325 De
2127 3281 2354 3340 utroque
2382 3279 2593 3332 autem,
2630 3269 2868 3324 Scaavola
2909 3279 2962 3325 et
3009 3269 3231 3339 Regulo,
3263 3270 3477 3335 Cicero,
3510 3272 3607 3328 lib.

298 3380 548 3451 publicas
604 3388 926 3434 rectnin.....
982 3377 1175 3447 Liquet
1213 3376 1341 3430 mihi
1390 3390 1512 3430 cum
1559 3389 1753 3445 magno
1783 3389 1904 3445 spe-

2008 3378 2064 3418 ιιι
2093 3362 2156 3416 de
2185 3361 2355 3432 0/]ic.,
2385 3377 2505 3434 pag.
2528 3361 2654 3417 252.
2699 3361 2966 3428 Lactant.,
2996 3362 3090 3416 lib.
3134 3378 3185 3430 v,
3212 3377 3331 3433 cap.
3367 3364 3453 3430 15,
3485 3380 3607 3437 pag.

297 3484 484 3529 ctasse
511 3471 706 3543 gaudio
737 3469 892 3533 deos,
924 3485 1045 3525 cum
1081 3472 1192 3539 jam
1236 3468 1325 3523 ille
1355 3467 1458 3535 vir,
1490 3469 1784 3522 acerrimus
1824 3467 1906 3522 sui

2017 3457 2132 3512 l96.
2153 3456 2493 3524 Tertullian.,
2524 3455 2816 3526 Apologet.,
2848 3471 2965 3526 cap.
3010 3456 3101 3521 50,
3131 3467 3186 3511 et
3215 3458 3310 3512 lib.
3359 3459 3428 3512 ad
3458 3458 3611 3514 Mar-

298 3566 504 3622 vindex
525 3608 539 3631 ,
575 3566 766 3620 alienae
805 3565 962 3618 saluti
994 3563 1259 3629 consulit,
1292 3572 1346 3618 ct
1386 3561 1600 3616 instruit
1623 3561 1907 3618 disceden-

299 3661 438 3716 tium
468 3659 642 3728 fugam
670 3676 684 3724 ;
708 3659 835 3713 dum
859 3658 1018 3713 etiam
1064 3655 1238 3712 studia
1279 3669 1437 3711 noete
1476 3655 1662 3710 ultima
1692 3663 1901 3721 tractat,

296 3753 434 3810 dum
471 3751 707 3824 gladium
749 3767 905 3807 sacro
958 3750 1163 3821 pectori
1189 3752 1320 3822 figit,
1346 3750 1472 3806 dum
1517 3750 1723 3806 viscera
1755 3765 1910 3820 spar-

297 3846 415 3918 git,
448 3856 504 3900 et
563 3845 706 3901 illam
748 3844 1142 3900 sanctissimam
1199 3846 1430 3898 animam
1504 3842 1906 3914 indignamque,

296 3953 426 4009 qua:
469 3936 616 3994 ferro
661 3938 1142 4001 contaminaretur,
1171 3952 1328 3990 manu
1371 3936 1570 3992 educit.
1612 3953 1631 3986 ι
1667 3934 1905 4006 (Senec.,

298 4030 394 4084 lib.
421 4030 484 4083 ile
513 4028 754 4093 Provid.,
782 4046 898 4098 cap.
938 4028 995 4095 2,
1027 4046 1146 4100 pag.
1170 4027 1322 4099 492.)
1354 4029 1409 4084 Si
1452 4030 1564 4082 hazc
1614 4025 1819 4082 Seneca
1842 4027 1909 4081 de

296 4123 530 4177 ethnico
563 4121 685 4176 forti
734 4121 973 4184 homine,
1015 4121 1066 4176 iu
1097 4131 1175 4176 tot
1216 4120 1456 4175 adversis
1502 4119 1817 4186 constituto,
1841 4119 1908 4173 de

295 4227 401 4270 sua
431 4223 552 4284 post
581 4215 716 4268 hanc
736 4215 901 4268 vitam
927 4220 1074 4267 sorte
1099 4211 1521 4274 incerto,dicere
1555 4211 1759 4282 potuit;
1780 4210 1906 4281 quid

298 4307 489 4362 dicere
506 4305 737 4361 debebat
767 4305 835 4361 de
856 4303 1162 4360 Christiano
1186 4315 1446 4376 martyre,
1476 4305 1567 4375 qtti
1597 4314 1744 4358 certo
1789 4318 1920 4384 cer-I

299 4400 414 4455 tius
435 4400 589 4455 novit
609 4415 670 4456 se
699 4409 874 4455 morte
899 4414 995 4454 sua
1026 4407 1282 4454 aeternam
1316 4397 1622 4454 felicitatem
1649 4413 1909 4454 consecu-

296 4500 482 4548 turum
511 4492 535 4545 ?

372 4584 454 4640 Ne
477 4594 658 4640 autem
687 4583 938 4640 Caecilius
982 4593 1070 4638 aut
1125 4583 1260 4638 alius
1287 4583 1503 4655 gentilis
1520 4583 1784 4653 quispiam
1811 4597 1908 4653 op.

2007 3558 2132 3619 tyr.,
2163 3563 2282 3618 cap.
2305 3550 2337 3605 4
2375 3559 2428 3604 et
2457 3548 2612 3604 alios.
2649 3548 2821 3605 Unum
2870 3565 3027 3620 porro
3054 3549 3334 3606 dumtaxat
3368 3551 3612 3608 animad-

2010 3653 2280 3697 vertemus
2313 3643 2488 3696 varias
2518 3641 2680 3696 fuisse
2704 3641 2772 3697 de
2815 3641 3003 3709 Reguli
3035 3646 3209 3711 pinnis
3251 3646 3613 3717 suppliciiquc

2010 3748 2209 3804 genere
2240 3732 2428 3788 horum
2457 3732 2786 3804 Scriptorum
2811 3734 3110 3805 opiniones.

2084 3827 2352 3883 Ca-terum
2389 3843 2496 3898 quo
2542 3827 2872 3899 frequentior
2919 3829 3080 3894 lllljllS
3129 3829 3322 3900 Reguli
3368 3845 3432 3886 ac
3458 3832 3616 3888 Mucii

2011 3919 2275 3975 Scazvolm
2310 3921 2450 3989 apud
2495 3919 2672 3975 varius
2720 3919 3030 3990 scriptores,
3064 3936 3130 3975 eo
3175 3923 3348 3976 rarior
3389 3921 3609 3992 Aquilii,

2009 4014 2078 4069 ab
2117 4024 2336 4068 auctore
2382 4021 2568 4068 nostro
2609 4011 2806 4067 ibidem
2858 4012 3163 4078 memorati,
3203 4014 3424 4068 mentio.
3476 4014 3613 4070 Hinc

2011 4118 2158 4162 certe
2187 4106 2402 4178 quidam
2431 4107 2721 4176 opinantur
2754 4107 2805 4160 in
2828 4106 2942 4175 ejus
2977 4107 3194 4160 nomine
3223 4107 3509 4163 scribendo
3531 4122 3618 4163 er-

2012 4215 2163 4256 rasse
2204 4200 2521 4264 librarium,
2571 4208 2732 4269 atque
2762 4199 2833 4254 ibi
2888 4214 2985 4268 pro
3040 4200 3280 4269 Aquilio,
3328 4201 3614 4272 legendum

2012 4293 2180 4350 Atilio
2218 4304 2312 4349 aut
2365 4294 2561 4350 Acilio.
2609 4294 2722 4361 Qua
2768 4293 2984 4365 quidem
3025 4293 3163 4349 facta
3215 4297 3614 4364 emendatione,

2012 4401 2234 4448 censent
2287 4391 2429 4444 hunc
2458 4403 2601 4456 esse,
2634 4402 2794 4459 quem
2836 4386 3126 4458 Dionysius
3178 4388 3623 4446 Halicarnasseus

2012 4476 2230 4552 Ᾱτὺλοον,
2279 4499 2372 4540 seu
2420 4484 2618 4551 potius,
2648 4491 2706 4538 ut
2731 4482 2810 4537 eis
2837 4485 3029 4552 placet,
3079 4473 3300 4550 Ᾰκὺλιον,
3329 4485 3621 4554 appellavit

2013 4577 2337 4650 (Halicarn.,
2371 4575 2458 4631 lib.
2499 4591 2554 4630 ιιι
2604 4573 2880 4643 Antiquit.,
2936 4592 3057 4646 pag.
3089 4573 3198 4630 259
3234 4585 3281 4628 et
3320 4576 3474 4647 seq).
3509 4577 3616 4633 Sed

299 4687 532 4748 poneret
572 4675 710 4730 hanc
747 4674 962 4746 quidem
991 4676 1212 4730 Seneca:
1243 4716 1258 4740 ,
1297 4686 1388 4729 aut
1429 4674 1595 4732 Stoici
1629 4674 1908 4744 cujusdam
1936 4679 1989 4740 1)
2015 4670 2196 4726 futiles
2224 4684 2486 4740 vanaque
2529 4677 2657 4723 sunt
2700 4667 2782 4723 lia:
2807 4667 3154 4738 conjecturae.
3186 4667 3447 4723 Minucius
3469 4671 3617 4726 enim

297 4769 648 4844 philosmihi,
681 4785 786 4824 non
836 4770 1066 4825 aliorum
1115 4785 1244 4825 vero
1291 4769 1452 4824 fuisse
1481 4769 1809 4839 Opinionem,
1837 4767 1907 4823 id-

299 4865 454 4921 circo
479 4875 632 4935 urget
660 4863 838 4919 adhuc
867 4863 1153 4927 Minucius,
1195 4872 1358 4933 atque
1380 4862 1450 4918 ob
1487 4861 1693 4918 Caecilii
1716 4872 1770 4918 et
1800 4877 1908 4916 caa-

301 4967 548 5014 terorum
599 4956 790 5013 oculos
831 4956 980 5027 ponit
1032 4955 1190 5011 Mucii
1234 4955 1535 5022 Scaevolae,
1580 4955 1811 5027 Reguli,
1858 4964 1914 5011 et

300 5047 507 5119 Aquilii
549 5047 820 5118 exempla,
873 5063 1010 5119 quos
1064 5048 1279 5104 tametsi
1333 5049 1632 5105 calamitosi
1670 5048 1916 5104 videren-

299 5151 414 5209 tur,
429 5143 501 5198 ob
526 5143 779 5198 invictam
808 5142 1157 5196 nihilominus
1187 5142 1238 5197 in
1280 5143 1647 5198 acerbissimis
1674 5152 1910 5197 tormen-

304 5238 374 5293 tis
413 5237 796 5299 constantiam,
829 5236 1030 5292 ethnici
1077 5252 1266 5293 omnes
1320 5241 1542 5292 summis
1591 5237 1834 5292 laudibus
1855 5237 1908 5292 in

301 5331 506 5388 caelum
534 5331 865 5386 extulerunt.
892 5330 1024 5398 Quae
1065 5345 1229 5401 porro
1277 5329 1562 5400 supplicia,
1593 5329 1838 5399 Aquilius
1857 5337 1915 5384 et

305 5426 546 5497 Regulus
573 5425 936 5497 pertulerint,
968 5425 1092 5480 silet
1136 5424 1416 5490 Minucius,
1441 5423 1580 5478 haud
1599 5423 1759 5478 dubie
1789 5422 1913 5492 quia

304 5519 426 5575 lucc
456 5536 556 5577 suo
587 5529 830 5590 tempore
883 5519 1084 5575 nemini
1137 5521 1467 5589 incomperta
1505 5527 1676 5572 erant.
1710 5515 1818 5572 Sed
1848 5531 1917 5573 ne

281 5613 475 5670 alicui
519 5613 742 5668 forsitan
806 5614 1072 5683 incognita
1122 5613 1265 5673 sint,
1319 5627 1380 5667 ea
1428 5611 1666 5666 breviter
1696 5625 1917 5665 enarra-

304 5708 486 5764 bimus
526 5724 543 5772 ;
593 5708 660 5762 de
708 5707 863 5762 Mucii
909 5715 1086 5761 autem
1131 5705 1385 5763 Scaevola:
1427 5705 1728 5775 supplicio,
1805 5705 1920 5759 haec

309 5799 586 5856 Arnobius
648 5799 845 5856 ibidem
897 5801 1129 5872 adjecit:
1193 5817 1211 5851 ι
1251 5798 1350 5866 Qui
1399 5813 1519 5855 cum
1579 5805 1816 5854 erraSset
1863 5797 1918 5854 in

309 5893 515 5968 Regem
548 5932 566 5962 ,
631 5894 880 5964 periisset
932 5894 986 5948 in
1043 5892 1309 5961 hostibus,
1347 5891 1449 5947 nisi
1489 5889 1737 5949 dextram
1801 5904 1923 5963 per-

572 5985 848 6062 Ριτιιοι..
895 5985 1004 6051 lll.

2011 4765 2079 4820 de
2111 4764 2242 4819 viris
2289 4761 2770 4827 innocentissitnis,
2799 4763 2888 4831 qui
2926 4763 3080 4815 vario
3105 4761 3491 4831 suppliciorum
3529 4763 3615 4818 di-

2010 4859 2348 4915 rissimorum
2377 4872 2574 4926 genere
2624 4856 2787 4911 occisi
2815 4867 2960 4921 sunt,
3007 4855 3262 4926 loquitur.
3299 4857 3494 4912 Atilius
3518 4873 3616 4913 au-

2015 4961 2145 5019 tem,
2191 4959 2329 5006 teste
2374 4948 2565 5004 eodem
2621 4947 3057 5015 Halicarnasseo,
3111 4949 3332 5003 meritas
3375 4949 3622 5006 criminis

2017 5047 2099 5101 sui
2133 5058 2320 5113 pinnas
2363 5041 2641 5114 persolvit.

2087 5136 2225 5205 Quid
2257 5149 2406 5198 vero,
2435 5133 2630 5190 amabo
2655 5141 2727 5200 te,
2746 5140 2892 5187 vetat
2921 5131 3208 5202 quominus
3238 5132 3478 5189 dicamus
3505 5149 3622 5190 ser-

2011 5246 2228 5287 monem
2257 5244 2289 5284 a
2318 5229 2548 5284 Minucio
2573 5226 2687 5282 ﬁeri
2729 5227 2795 5281 de
2834 5225 3031 5280 Marcio
3058 5226 3285 5295 Aquilio,
3316 5243 3474 5298 quem
3506 5229 3620 5298 Ap-

2019 5324 2231 5395 pianus,
2284 5337 2313 5375 a
2351 5320 2658 5375 Mithridate
2701 5318 3094 5372 crudelissimae
3133 5319 3290 5371 morti
3340 5321 3618 5389 traditum,

2012 5416 2099 5471 bis
2127 5423 2308 5470 narrat
2336 5413 2559 5469 verbis:
2601 5431 2619 5464 ‹
2656 5409 2765 5466 Nec
2787 5410 2956 5465 multo
2993 5420 3111 5479 post
3166 5409 3422 5466 Marcium
3449 5413 3620 5483 Aqui-

2017 5509 2170 5571 lium,
2203 5505 2484 5576 legationis
2517 5504 2677 5572 hujus
2706 5512 2760 5558 et
2789 5501 2916 5558 belli
2956 5511 3229 5556 auctorem
3262 5505 3619 5574 praecipuum,

2019 5611 2237 5674 captum
2260 5603 2604 5669 vinctumque
2638 5599 2688 5651 in
2712 5597 2865 5652 asino
2895 5597 3349 5663 circumvehebat,
3370 5611 3621 5658 coactum

2020 5707 2208 5768 suapte
2234 5711 2364 5752 voce
2390 5694 2528 5762 apud
2556 5701 2885 5763 spectatores
2909 5692 3240 5762 proclamare
3257 5706 3316 5748 se
3341 5708 3462 5748 e~se
3484 5694 3623 5749 Mar-

2021 5795 2184 5853 cium.
2209 5791 2380 5846 donec
2411 5787 2656 5858 Pergami
2698 5802 2886 5840 aurum
2921 5786 3174 5856 lii‘juatum
3219 5786 3270 5839 in
3312 5801 3373 5842 os
3394 5788 3510 5858 ejus
3537 5794 3620 5844 iu-

2023 5885 2215 5953 fundit,
2247 5881 2582 5956 corruptelas
2621 5880 2962 5952 largitionum
2989 5879 3326 5949 exprobrans
3372 5879 3616 5944 Romano

3118 5969 3194 6042 15
