4058 6316
408 310 519 367 459

412 520 558 584 init.,
589 536 708 590 pag.
743 518 894 592 123).
929 520 1132 576 PliniUs
1159 535 1409 591 quoque:
1442 539 1461 573 ι
1506 519 1617 575 Nec
1652 520 1787 590 jam.
1823 522 2014 593 inquit,

416 612 700 678 Quiritium
717 611 1016 683 aliquo.sed
1037 611 1285 667 universo
1303 612 1517 667 nomine
1534 613 1777 669 Romano
1802 614 2015 680 infami,

413 720 506 760 rex
528 703 860 759 Mithridates
886 702 1099 773 Aquilio
1121 703 1241 758 duci
1265 716 1424 776 capto
1446 722 1633 760 aurum
1662 708 1710 759 in
1736 721 1797 761 os
1820 706 2016 763 infudit

410 797 609 869 (Plin,
628 799 717 855 lib.
743 813 909 853 χχχιιι
933 796 1119 852 Natur.
1144 796 1301 861 Hist.,
1322 816 1437 869 cap.
1471 800 1526 866 '5,
1549 817 1668 871 pag.
1687 799 1802 871 52).

483 891 664 948 Nescii
690 890 901 961 quidem
925 904 1031 946 non
1062 906 1252 949 sumus
1272 892 1486 963 scriptis
1502 910 1529 943 a
1552 892 1767 969 Valerio
1784 892 2014 948 Maximo

413 988 713 1059 proditum,
761 990 831 1045 Μ.
866 986 1141 1058 Aquilium
1188 985 1437 1059 maluisse
1472 986 1760 1045 Mithridati
1788 987 2015 1057 turpiter

410 1085 642 1150 servire,
675 1098 836 1153 quam
866 1083 1101 1151 gloriose
1122 1097 1186 1137 ac
1215 1081 1427 1139 fortiter
1460 1082 1618 1137 mori.
1638 1080 1743 1137 Sed
1768 1083 1880 1153 ipse
1913 1081 2011 1153 Ya-

405 1177 574 1235 lerins
595 1178 703 1235 alto
727 1177 795 1235 ibi
831 1176 1026 1246 premit
1050 1174 1267 1231 silentio
1286 1191 1393 1245 quo
1421 1175 1611 1231 mortis
1639 1189 1838 1246 genere
1860 1174 2010 1231 obie-

405 1271 479 1327 rit
512 1269 719 1339 (Valer.
752 1270 925 1338 Max,
956 1270 1046 1327 lib.
1081 1286 1157 1337 Ix,
1190 1286 1305 1338 cap.
1358 1270 1444 1339 15,
1472 1269 1500 1341 §
1526 1270 1602 1338 1).
1636 1270 1887 1337 Quamvis
1919 1285 2013 1323 au-

406 1372 515 1418 tem
545 1364 632 1417 ille
660 1362 726 1417 de
775 1362 970 1432 Aquilii
1014 1371 1189 1416 morte
1226 1361 1403 1426 aliter,
1452 1375 1610 1430 quam
1665 1361 1937 1433 Appianus
1957 1368 2014 1416 et

406 1455 517 1519 alii,
549 1456 794 1516 sentiret.
829 1453 879 1510 id
909 1465 1057 1509 certe
1086 1452 1373 1524 prohibere
1396 1469 1500 1513 non
1531 1454 1721 1524 potuit,
1746 1470 1812 1509 ne
1840 1453 2013 1509 Minu-

406 1547 521 1602 cius
547 1546 738 1602 horum
781 1546 983 1617 potius,
1010 1562 1169 1618 quant
1204 1544 1403 1600 Valerii
1434 1545 1671 1611 Maximi,
1704 1555 1921 1600 secutus
1942 1545 2013 1599 sit

401 1640 738 1713 opinionem.
764 1640 877 1695 lluc
915 1640 1143 1704 accedit,
1172 1638 1315 1708 quod
1346 1638 1431 1693 hic
1463 1639 1708 1709 Aquilius
1738 1655 1857 1694 esse
1894 1655 2011 1694 cre-

401 1734 582 1802 datur,
613 1734 680 1791 de
721 1751 827 1804 quo
867 1733 1059 1789 Cicero
1086 1732 1315 1803 quadam
1352 1735 1405 1786 in
1452 1732 1707 1788 Oratione
1735 1733 1813 1789 sic
1837 1732 2010 1789 disse-

400 1828 513 1884 rit:
560 1849 578 1883 ι
612 1828 723 1885 Vos
751 1843 873 1885 eum
916 1842 1097 1899 regem
1150 1826 1581 1899 (Mithridatem),
1612 1827 1840 1882 inultum
1889 1841 2011 1883 esse
2042 1834 2090 1894 B
2121 1854 2247 1910 (iam
2274 1897 2289 1918 θ
2338 1858 2453 1912 sine
2498 1826 2646 1924 Dm"

397 1922 700 1991 patiemini,
730 1922 819 1992 qui
871 1922 1101 1991 legatum
1152 1921 1332 1993 populi
1381 1920 1605 1977 Romani
1640 1920 2003 1985 consularem,

398 2013 652 2079 vinculis,
685 2028 751 2069 ac
782 2013 1115 2071 verberibus.
1145 2024 1306 2083 atque
1334 2012 1483 2067 omni
1515 2012 1780 2082 supplicio
1808 2028 2002 2067 eiu-ru-

398 2106 596 2161 c'tatum
627 2106 881 2161 necavit?
917 2105 1068 2178 (Cia,
1103 2116 1235 2162 orat.
1275 2108 1364 2171 15,
1398 2124 1489 2178 pro
1506 2106 1641 2178 Lege;
1655 2106 2002 2178 Manil.,pag.

400 2197 557 2270 243.)
587 2200 828 2270 Denique
860 2200 1150 2271 Arnobius,
1175 2200 1244 2256 de
1268 2217 1375 2270 quo
1403 2215 1501 2257 nos
1527 2216 1626 2257 suo
1656 2201 1797 2268 loco,
1819 2216 2004 2256 exem-

394 2295 540 2365 plum
565 2295 805 2365 ejusdem
828 2294 1026 2366 Aquilii
1049 2303 1238 2351 contra
1255 2295 1519 2362 ethnicos,
1545 2295 2002 2365 quemadmodum

392 2389 659 2446 Minucius
711 2399 895 2447 noster
917 2432 932 2455 ,
966 2391 1211 2449 adhibuit
1247 2391 1488 2461 (Δί-ησύ..
1538 2393 1627 2448 lib.
1657 2409 1694 2454 ι,
1727 2411 1847 2465 pag.
1880 2393 1999 2463 23).

468 2482 587 2539 Jain
635 2492 815 2539 autem
861 2484 1126 2546 animum.
1150 2500 1359 2554 quaeso,
1386 2486 1636 2543 advertas
1664 2502 1824 2558 quam
1856 2495 2004 2543 recte

391 2589 457 2643 ex
487 2573 572 2630 his
606 2577 872 2645 exemplis
917 2589 1108 2635 attetor
1138 2587 1322 2635 noster
1349 2589 1534 2635 contra
1567 2580 1813 2636 ethnicos
1840 2595 2002 2651 argu-

393 2675 686 2723 mentetur.
716 2666 956 2725 Primum
982 2670 1127 2725 enim
1154 2685 1219 2726 ex
1249 2670 1504 2726 Scaevola:
1526 2672 1776 2741 exemplo
1807 2674 1885 2727 sic
1910 2673 1999 2731 ille

391 2757 671 2828 disputat:
709 2778 728 2811 ι
762 2760 828 2815 Et
853 2771 983 2828 quot
1003 2777 1070 2819 ex
1099 2763 1297 2820 nostris
1321 2778 1427 2819 non
1474 2763 1749 2821 dexteram
1799 2766 1994 2831 solum,

393 2850 489 2909 sed
515 2862 683 2908 tomm
711 2867 907 2923 corpus
935 2854 1039 2915 uri.
1069 2855 1321 2915 cremari.
1373 2856 1492 2917 sine
1542 2856 1667 2911 ullis
1710 2856 1998 2927 eiulatibus

391 2946 752 3015 pertulerunt,
782 2963 902 3002 cum
956 2949 1152 3005 dimitti
1186 2951 1486 3018 praesertim
1530 2950 1791 3007 haberent
1818 2953 1870 3007 in
1901 2967 1994 3007 sua

395 3040 706 3108 potestate?
734 3057 753 3091 δ
783 3040 975 3095 Acrius
1016 3041 1234 3107 deinde,
1268 3059 1333 3099 ex
1361 3044 1613 3103 omnibus
1662 3044 1823 3101 sinml
1867 3059 1998 3103 con-

391 3131 649 3200 globatis,
676 3132 816 3188 hunc
844 3131 1008 3189 in~tat
1038 3134 1089 3188 in
1110 3135 1325 3191 modum
1359 3153 1371 3189 :
1402 3154 1422 3188 ι
1458 3136 1609 3195 Viros
1641 3151 1760 3195 cum
1794 3137 1990 3203 Mucio,

1638 310 1728 367 DE
1768 309 2031 369 MlNUCll
2061 309 2364 371 OCTAVIO

414 426 664 483 nomini?
700 446 719 480 ι
749 426 1023 499 (Appiam,
1058 426 1146 483 lib.
1180 426 1243 480 tle
1280 425 1393 482 Bel.
1431 424 1695 495 Mithrid,
1729 430 1879 500 longe
1905 440 2015 498 Ροεί
2044 431 2096 491 Α
2123 452 2296 519 cibus,

3612 323 3722 382 460

2350 454 2496 519 feris,
2530 462 2583 510 et
2610 474 2628 507 ‹
2662 458 2933 527 omnibus,
2973 478 2992 514 ι
3021 468 3078 517 ut
3106 461 3219 534 ipse
3254 463 3514 533 loquitur,
3540 485 3559 516 ι
3592 470 3751 536 sup-‘

2126 545 2406 614 pliciorum
2452 549 2759 605 terriculis?
2800 572 2817 605 I
2866 552 3057 609 Nonne
3108 565 3184 611 tot
3233 566 3448 626 tamque
3492 561 3726 616 diversis

2124 640 2426 705 tormentis,
2458 658 2564 698 non
2596 652 2702 697 tam
2728 660 2892 713 parvo
2914 644 3204 704 Christiani
3249 667 3475 707 numero
3528 655 3728 709 crude-

2122 729 2244 786 liter
2273 734 2467 800 necati,
2524 735 2753 805 palmam
2784 741 3026 811 martyrii
3056 751 3181 797 tunc
3223 745 3501 803 consecuti
3532 756 3663 802 sunt
3701 749 3726 800 ?

2191 826 2750 885 Animadvertendum
2815 831 3037 901 insuper
3105 851 3420 904 persuasum
3465 838 3725 906 Minucio,

2121 920 2576 988 quemadmodum
2601 912 2902 994 Lactantio,
2947 928 3132 993 fuisse,
3165 933 3435 987 neminem
3478 934 3598 991 sine
3640 936 3728 990 di-

2120 1011 2247 1065 vino
2270 1014 2504 1071 victricis
2547 1020 2735 1087 gratia:
2783 1020 3003 1087 auxilio,
3038 1024 3276 1093 potuisse
3316 1026 3727 1085 crudelissimos

2120 1105 2243 1161 illos
2300 1109 2568 1162 cruciatus
2611 1125 2707 1179 pro
2756 1110 2953 1169 Christi
2992 1116 3336 1172 confessione
3376 1119 3441 1173 ad
3489 1131 3729 1176 mortem

2120 1212 2292 1268 usque
2340 1210 2485 1257 tanta
2514 1204 2754 1271 perferre
2803 1208 3103 1263 constantia
3135 1207 3421 1281 (Lactaat.,
3452 1213 3553 1268 loc.
3581 1214 3723 1285 cit.).

2121 1290 2360 1348 Prinmm
2393 1296 2593 1351 etenim
2632 1306 2859 1369 uterque
2896 1299 3096 1357 diserte
3146 1303 3374 1359 afﬁrmat
3403 1305 3729 1375 inspiratam

2121 1385 2204 1441 eis
2269 1386 2437 1444 fuisse
2506 1390 2841 1459 patientiam.
2871 1391 2978 1450 Sed
3028 1396 3299 1464 quomodo
3327 1398 3584 1467 inspirata
3616 1408 3726 1466 est,

2119 1478 2224 1533 nisi
2262 1478 2457 1535 divina:
2506 1484 2695 1552 gratiae
2719 1486 2964 1541 auxilio?
2999 1488 3201 1545 Deinde
3254 1489 3399 1545 addit
3452 1489 3730 1550 Minucius

2125 1590 2143 1623 ι
2172 1574 2440 1629 neminem
2495 1591 2636 1643 esse,
2668 1577 2759 1649 qui
2791 1590 2884 1634 aut
2936 1581 3055 1636 sine
3106 1583 3315 1638 ratione
3350 1584 3480 1639 velit
3505 1599 3727 1654 prunam

2117 1668 2344 1734 subire,
2385 1680 2479 1726 aut
2534 1681 2801 1728 tormenta
2855 1674 2973 1730 sine
3031 1675 3141 1731 Deo
3192 1677 3362 1745 possit
3394 1679 3724 1735 sustinere.»

2118 1758 2427 1818 Lactantius
2454 1778 2582 1820 vero
2614 1774 2798 1835 postea
2848 1768 3063 1835 scripsit
3090 1785 3102 1823 :
3128 1788 3148 1821 ‹
3174 1768 3281 1826 Nec
3313 1771 3482 1840 ipsam
3514 1771 3732 1840 patien-

2712 1860 2981 1916 crnciatus
3027 1872 3203 1919 tantos
3257 1878 3415 1934 posse
3459 1879 3730 1934 superare

2111 1945 2400 2018 (Lactanl.,
2433 1951 2544 2008 loco
2570 1951 2707 2026 cit.).
2732 1974 2750 2007 ι
2783 1954 2972 2012 Nonne
3012 1968 3190 2014 autem
3217 1957 3321 2029 bis,
3336 1958 3516 2015 verbis
3544 1960 3727 2030 ipsam

2110 2038 2307 2095 dirinze
2355 2046 2541 2113 gratiae
2572 2087 2586 2109 ,
2618 2046 2683 2101 ad
2723 2058 2949 2105 mortem
2998 2060 3075 2106 tot
3118 2052 3390 2122 tantisque
3434 2054 3728 2111 tormentis

2110 2131 2413 2190 obeundam
2443 2178 2458 2201 ,
2507 2142 2884 2201 necessitatem
2935 2142 3357 2202 luculentissima
3414 2148 3614 2203 asserit
3665 2159 3727 2204 et

2110 2224 2386 2281 vindicant
2416 2228 2440 2281 ?
2468 2229 2543 2284 De
2574 2230 2848 2289 Lactantio
2893 2246 3073 2291 autem
3123 2237 3325 2307 aliquid
3371 2238 3547 2296 adhuc
3578 2239 3726 2297 infra

2117 2320 2427 2379 dicendum.
2460 2323 2702 2394 (Dissert.
2759 2330 2813 2383 in
2860 2328 3122 2401 Lactant,
3153 2350 3273 2403 cap.
3316 2334 3410 2402 28,
3467 2350 3570 2393 art.
3608 2339 3693 2409 l).

2701 2502 2993 2546 ARTICULUS
3033 2506 3085 2545 γ.

2106 2612 2373 2680 Quomodo
2402 2617 2635 2674 ultimum
2651 2618 2845 2676 Caecilii
2860 2635 3038 2681 contra
3066 2626 3293 2685 divinam
3322 2629 3722 2687 Providentiam

2185 2720 2539 2778 argumentum
2563 2729 2628 2767 ea:
2652 2713 3059 2773 Christianorum
3096 2720 3160 2775 de
3195 2726 3303 2793 fato
3334 2724 3575 2794 opinione
3619 2741 3719 2796 pe-

2178 2800 2350 2870 titum,
2373 2802 2435 2856 ab
2464 2801 2678 2860 Octavio
2708 2807 2957 2863 solvatur.

2173 2941 2433 3017 Ultimum
2494 2958 2682 3003 contra
2738 2948 2978 3004 divinam
3037 2950 3450 3017 Providentiam
3504 2956 3717 3014 Caecilii

2100 3039 2565 3107 propugnaculum
2602 3041 2702 3101 fuit
2745 3044 3067 3107 communis,
3132 3048 3204 3101 uti
3257 3048 3454 3113 aiebat,
3501 3052 3713 3119 opinio,

2101 3144 2208 3185 non
2234 3131 2397 3186 modo
2422 3135 2726 3204 gentilium,
2753 3137 2845 3191 sed
2871 3137 3112 3193 omnium
3162 3140 3323 3195 etiam
3374 3139 3719 3199 Christiano-

404 3225 489 3281 vel
519 3241 639 3281 cnm
673 3225 886 3295 Aquilio
920 3237 1012 3281 aut
1042 3226 1246 3298 Regulo
1272 3243 1545 3298 comparo.
1572 3228 1730 3285 Pueri
1774 3240 1827 3285 et
1879 3246 1999 3287 mu-
2023 3236 2069 3298 ί]
2103 3240 2243 3288 rnm,
2271 3225 2363 3296 qui
2388 3227 2495 3281 fato
2535 3230 2713 3283 omnia
2753 3228 2868 3287 ﬁeri
2909 3233 3330 3296 arbitrabantur.
3364 3235 3502 3302 Quid
3532 3251 3663 3307 ergo
3691 3236 3718 3290 ’ἔ

398 3319 634 3375 liercnlze
686 3328 887 3375 nostrae
917 3335 1106 3376 ornans
1147 3329 1203 3377 et
1226 3329 1516 3386 tormenta,
1557 3320 1697 3378 feras
1726 3332 1781 3381 et
1808 3338 1998 3381 omnes

393 3411 781 3481 suppliciorum
844 3412 1125 3467 terriculas
1168 3412 1421 3482 inspirata
1481 3415 1737 3485 patientia
1792 3414 1998 3473 doloris

394 3503 647 3561 illudunt.
688 3523 707 3556 ι
743 3504 944 3563 Eodem
978 3505 1135 3575 plane
1163 3505 1323 3562 modo
1365 3515 1419 3562 et
1440 3521 1503 3563 ex
1535 3507 1723 3567 iisdem
1753 3506 1906 3567 Mucii
1935 3523 1998 3563 ac

400 3595 586 3668 Reguli
617 3598 878 3667 exemplis
926 3598 1236 3655 Lactantius
1285 3599 1635 3655 ratiocinatur
1677 3619 1690 3655 :
1742 3620 1759 3653 ι
1794 3599 1994 3666 Nostri,

394 3699 454 3743 ut
483 3690 551 3744 de
579 3690 730 3756 viris,
757 3692 947 3758 inquit,
998 3700 1225 3757 taceam,
1265 3692 1413 3760 pueri
1449 3701 1503 3747 et
1533 3692 1864 3749 muliercqu
1891 3704 1998 3747 toro

392 3792 542 3841 tores
569 3799 696 3843 suos
726 3784 873 3844 taciti
901 3785 1160 3849 vincunt,
1190 3794 1245 3841 et
1278 3787 1584 3855 exprimere
1607 3786 1713 3841 illis
1736 3788 1994 3857 gemitum

392 3893 497 3935 nec
519 3879 655 3950 ignis
683 3888 884 3950 potest.
917 3879 1055 3934 Eant
1091 3878 1340 3945 Romani,
1374 3890 1429 3937 et
1480 3882 1652 3939 Mucio
1700 3885 1998 3953 glorientur

395 3953 492 4029 aui
516 3973 842 4045 Regulo..."
875 3972 1017 4029 Ecce
1048 3988 1209 4029 sexus
1235 3973 1503 4041 infirmus,
1534 3988 1588 4033 et
1619 3977 1819 4047 fragilis
1840 3991 1992 4046 tetas,

399 4066 685 4122 dilacerari
714 4082 773 4122 se
795 4075 910 4121 toto
936 4080 1166 4136 corpore
1198 4068 1381 4138 utique
1413 4071 1728 4139 perpetitur,
1761 4087 1868 4127 non
1893 4087 1990 4128 ne-

399 4160 673 4224 cessitate,
704 4162 827 4228 quia
858 4162 984 4216 licet
1015 4162 1203 4225 vitare,
1227 4165 1271 4217 si
1303 4164 1518 4225 vellent.
1547 4167 1640 4221 sed
1698 4167 1992 4235 voluntate,

397 4253 521 4324 quia
551 4253 830 4310 coalidunt
848 4254 956 4308 Deo
982 4253 1266 4325 (Lactant.,
1292 4256 1379 4310 lib.
1408 4273 1442 4310 v
1472 4255 1643 4315 Instit.
1682 4259 1841 4314 divin.
1874 4277 1994 4328 ειη).

398 4344 485 4411 15,
517 4364 635 4419 pag.
668 4347 774 4402 495
804 4357 850 4401 et
876 4348 1065 4418 3911.).»
1113 4347 1213 4403 Alii
1232 4364 1359 4404 vero
1386 4348 1608 4413 ethnici,
1635 4353 1879 4415 quamvis
1909 4368 1997 4410 r0-

391 4440 553 4497 busto
572 4456 800 4509 corpore
823 4445 1085 4513 vigentes,
1117 4458 1240 4497 cum
1284 4453 1685 4513 torquerentur.
1718 4447 1993 4505 exclama-

392 4534 544 4601 bant,
579 4536 916 4594 edebantuue
940 4537 1191 4607 gemitus,
1230 4538 1353 4604 quia
1387 4556 1406 4591 ι
1445 4538 1595 4594 deest
1626 4539 1767 4601 illis.
1802 4540 1991 4611 inquit,

2107 3321 2383 3391 quomodo
2431 3320 2680 3378 chilins
2735 3336 2840 3379 tam
2896 3326 3159 3382 aftirmate
3198 3343 3510 3385 asseverare
3536 3330 3720 3399 potuit

2103 3414 2241 3470 hanc
2268 3430 2609 3473 communem
2638 3416 2806 3475 fuisse
2850 3420 3281 3480 Christianorum
3323 3425 3713 3481 unitersorum

2101 3512 2427 3567 sententiam
2456 3512 2479 3566 ?
2508 3512 2697 3568 Nonne
2727 3529 2847 3571 eam
2894 3517 3018 3571 totis
3054 3518 3216 3585 animi
3252 3520 3558 3590 ingeniique
3575 3521 3715 3577 viri-

2102 3601 2671 3677 busimpugnaverunt
2696 3606 2719 3661 ?
2750 3606 2807 3662 Si
2836 3607 2903 3663 de
2929 3608 3196 3676 aliquibus
3234 3610 3502 3665 haereticis
3532 3612 3582 3667 id
3619 3613 3715 3670 ille

2099 3695 2348 3761 dixisset,
2379 3713 2570 3754 manus
2619 3700 2667 3756 ei
2718 3699 2858 3759 haud
2908 3701 3063 3757 inviti
3110 3702 3382 3781 daremus.
3426 3704 3536 3760 Sed
3586 3706 3715 3779 quis

2100 3788 2299 3858 ipsum,
2327 3789 2394 3845 de
2428 3791 2677 3847 omnibus
2728 3793 3022 3851 universim
3062 3794 3386 3852 Christianis
3425 3796 3531 3852 hoc
3556 3812 3715 3854 asse-

2100 3893 2329 3945 rentem,
2363 3882 2504 3939 ferre
2547 3887 2765 3956 potest?
2793 3885 2930 3942 Audi
2973 3898 3171 3953 tamen,
3198 3890 3451 3955 obsecro,
3483 3906 3589 3961 qua
3616 3908 3712 3946 ra-

2100 3973 2249 4029 tione
2282 3975 2413 4030 illud
2438 3977 2671 4046 probare
2697 3990 2942 4035 conatur.
2975 3999 2994 4032 ι
3038 3981 3305 4053 Quidquid
3334 3984 3566 4059 agimus,
3620 3983 3713 4039 iu-

2101 4067 2234 4136 quit,
2267 4076 2324 4121 ut
2356 4068 2444 4122 alii
2469 4066 2600 4135 fato,
2630 4071 2701 4124 ita
2732 4086 2827 4125 vos
2857 4072 2965 4126 Deo
2982 4070 3197 4140 dicitis;
3226 4074 3306 4130 sic
3321 4084 3483 4130 sectae
3510 4085 3713 4149 vestra:

2101 4178 2207 4217 non
2239 4172 2566 4232 spontaneos
2590 4179 2771 4236 agerc.
2800 4165 2894 4221 sed
2922 4165 3144 4230 electos,
3176 4186 3195 4245 ρ
3230 4167 3280 4223 id
3299 4177 3401 4233 est,
3429 4184 3525 4223 vos
3548 4168 3714 4229 Chri-

2100 4254 2260 4311 stiani
2311 4271 2416 4309 non
2463 4256 2603 4312 ultro
2657 4267 2706 4313 ct
2750 4268 2942 4328 sponte
2989 4270 3191 4331 vestra,
3233 4262 3330 4335 sed
3376 4261 3560 4327 divina
3592 4263 3713 4320 ele-

2098 4349 2318 4413 ctione,
2368 4358 2571 4405 sectam
2626 4351 3051 4422 religionemque
3100 4364 3337 4429 vestram
3410 4358 3713 4427 amplexari

2100 4441 2250 4495 estis.
2279 4439 2411 4496 com
2445 4455 2625 4496 autem
2669 4443 2783 4498 haec
2807 4444 3129 4513 objectabat,
3155 4448 3462 4516 respexisse
3491 4450 3713 4505 videtur

2099 4518 2245 4588 adea
2277 4534 2474 4590 tLhristi
2504 4536 2689 4598 verba.
2718 4552 2838 4608 qua}
2864 4538 2951 4593 vel
2996 4555 3060 4594 ex
3087 4540 3409 4613 Christianis
3432 4543 3709 4611 audierat,

392 4628 655 4699 inSpirata
687 4629 965 4700 patientia.
998 4647 1016 4681 ι
1043 4629 1248 4695 Quibus
1286 4629 1503 4697 quidem
1530 4621 1707 4687 vei'bis
1735 4631 1996 4689 Minucius
2022 4630 2073 4703 D
2100 4627 2185 4681 vel
2212 4628 2414 4697 legerat
2456 4630 2509 4683 in
2538 4629 2760 4693 Joannis
2802 4629 3094 4703 Evangelio
3122 4650 3135 4686 :
3160 4632 3281 4697 Non
3306 4649 3393 4688 vos
3424 4651 3505 4688 me
3547 4636 3713 4707 elegi-

392 4734 599 4790 noster,
630 4726 700 4779 uti
734 4724 931 4781 cernis.
955 4722 1067 4794 jam
1096 4739 1225 4780 usus
1266 4722 1458 4779 fuerat.
1494 4724 1804 4782 Lactantius
1836 4728 1996 4799 igitur

390 4832 499 4872 non
537 4817 698 4872 modo
751 4816 991 4872 auctoris
1036 4819 1204 4870 nostri
1262 4830 1480 4873 Sensum
1534 4828 1588 4875 et
1613 4830 1871 4889 mentem,
1898 4822 1992 4879 sed

389 4907 507 4978 ipsa
537 4909 698 4963 etiam
722 4909 968 4980 qna-dam
994 4908 1156 4963 verba
1196 4909 1483 4976 expressit.
1972 4972 1977 4981 η

462 5001 673 5057 Nemini
699 5019 857 5071 porro
880 5004 1146 5074 ingratum
1171 5012 1263 5055 aut
1294 5001 1645 5071 injucundum
1686 5004 1799 5060 fore
1837 5016 1994 5075 puta-

391 5108 534 5155 mus.
558 5095 602 5148 si
633 5110 699 5150 ex
731 5107 958 5164 utroque
989 5095 1082 5149 illo
1108 5093 1321 5149 Minucii
1350 5093 1720 5160 Lactantiiqne
1746 5096 1865 5151 loco
1890 5098 1991 5171 ob-

390 5201 671 5244 servemus
723 5205 827 5244 non
877 5205 1120 5258 parvum,
1169 5188 1308 5243 sicut
1356 5188 1572 5257 quidam
1620 5189 1755 5247 falso
1801 5191 1993 5247 existi-

391 5288 561 5341 mant,
612 5279 778 5335 fuisse
820 5297 1004 5337 eorum
1047 5291 1287 5350 tempore
1338 5290 1631 5353 martyrum
1680 5298 1987 5341 numerum.

386 5373 580 5430 Nonne
609 5373 752 5428 enim
780 5389 1022 5444 magnam
1056 5374 1246 5428 horum
1276 5374 1443 5429 fuisse
1486 5374 1881 5429 multitudinem
1913 5377 1989 5432 illi

384 5467 568 5538 palam
601 5475 891 5537 aperteque
935 5468 1233 5535 declarant,
1268 5485 1387 5523 cum
1418 5467 1603 5522 dicunt
1645 5484 1751 5522 non
1781 5479 1986 5526 tantum

382 5561 553 5625 viros,
582 5577 768 5616 verum
796 5562 956 5616 etiam
979 5578 1176 5632 pueros
1200 5573 1254 5620 et
1282 5562 1631 5623 mulierculas
1652 5578 1861 5618 summa
1888 5580 1983 5631 pa-

2095 4720 2208 4784 stis,
2256 4720 2348 4777 sed
2392 4739 2483 4793 ego
2512 4721 2640 4791 elegi
2672 4739 2757 4777 vos
2806 4722 2989 4794 (Joan.
3018 4740 3104 4789 xv,
3143 4724 3254 4794 16).
3290 4725 3371 4780 Ex
3403 4726 3469 4785 iis
3518 4736 3706 4782 autem

2095 4814 2187 4869 ille
2217 4814 2527 4871 concludit:
2569 4833 2588 4866 ι
2618 4815 2783 4884 Igitur
2806 4817 3045 4886 iniquum
3082 4817 3318 4887 judicent
3354 4819 3573 4890 ﬁngitis,
3610 4822 3706 4893 qui

2097 4916 2298 4961 sortem
2332 4906 2384 4960 in
2405 4906 2711 4979 hominibus
2741 4909 2944 4977 puniat,
2970 4925 3076 4979 non
3099 4910 3490 4969 voluntatem.)

2166 5000 2273 5056 Sed
2328 5001 2463 5057 lianc
2514 5002 2721 5056 fntilem
2781 5003 3122 5073 ineptamque
3173 5005 3704 5076 argumentationem

2095 5092 2205 5147 cito
2234 5102 2289 5146 et
2329 5092 2487 5149 facile
2523 5093 2781 5149 Minucius
2820 5097 3032 5150 evertit.
3057 5098 3312 5167 Quamvis
3354 5099 3640 5183 enimvero
3671 5116 3705 5156 a

2097 5186 2209 5242 Deo
2230 5192 2399 5245 simus
2427 5186 2605 5253 electi,
2660 5197 2865 5243 certum
2901 5198 3075 5259 tamen
3118 5198 3200 5245 est
3222 5188 3446 5244 liberam
3477 5205 3705 5263 semper

2093 5294 2215 5339 esse
2247 5279 2537 5334 humanam
2565 5280 2919 5345 voluntatem,
2957 5296 3021 5336 ac
3044 5280 3271 5353 proinde
3294 5282 3544 5339 homines
3566 5300 3702 5354 pro-

2094 5371 2430 5441 pterliberos
2455 5386 2583 5426 suos
2624 5382 2797 5437 actus,
2821 5373 2864 5429 si
2915 5375 3071 5444 pravi
3114 5375 3387 5451 sint,‘pon
3416 5392 3549 5445 vero
3577 5378 3677 5435 illo

2093 5476 2212 5515 rum
2246 5470 2446 5518 sortem
2473 5479 2502 5518 a
2536 5464 2645 5519 Deo
2673 5466 2870 5537 puniri.
2896 5483 2915 5516 ι
2941 5463 3111 5531 Mens,
3134 5466 3353 5535 quippe,
3382 5467 3459 5522 uti
3481 5468 3571 5524 ille
3595 5468 3697 5534 ait,

2090 5555 2259 5611 libera
2288 5567 2391 5623 est,
2422 5568 2477 5613 et
2508 5554 2629 5627 ideo
2658 5568 2812 5612 aetus
2860 5555 3117 5621 hominis,
3149 5573 3255 5612 non
3283 5557 3520 5629 dignitas
3541 5559 3700 5641 judi-

385 5654 573 5710 tientia
602 5668 666 5709 ac
705 5654 824 5707 sine
856 5654 964 5707 ullo
998 5657 1197 5722 gemitu
1240 5670 1431 5724 passos
1452 5670 1574 5711 esse
1600 5669 1796 5724 corpus
1824 5669 1983 5713 suum
2087 5658 2259 5705 catur.
2296 5670 2315 5703 ι
2359 5651 2501 5711 Deus
2543 5665 2673 5721 ergo
2724 5651 2901 5721 justus
2948 5667 3241 5727 aequosque
3269 5664 3353 5715 est
3378 5652 3570 5725 iudex,
3599 5656 3700 5724 Qui

380 5744 463 5800 uri
508 5753 560 5801 et
600 5744 873 5801 cremari?
904 5744 1043 5811 Quid
1066 5760 1192 5800 vero
1224 5745 1510 5803 dicendum
1555 5746 1624 5803 de
1670 5745 1833 5801 variis
1861 5748 1981 5804 aliis

376 5838 732 5907 cruciatuum,
762 5836 829 5896 de
853 5837 1049 5912 quibus
1080 5838 1154 5895 illi
1182 5847 1484 5911 tacuerunt,
1512 5838 1827 5915 generibus,
1855 5853 1977 5898 cru-

2087 5742 2334 5800 homines
2369 5752 2588 5815 propter
2637 5743 2807 5800 bonos
2851 5753 3003 5801 actus
3057 5744 3301 5818 praemio,
3347 5760 3415 5803 ac
3463 5756 3699 5820 propter

2081 5835 2276 5907 malos,
2309 5836 2486 5909 poenis
2513 5833 2693 5892 allicit.
