4058 6316
343 276 437 335 661

339 492 483 549 cedit
527 493 626 556 illi,
663 492 804 565 quod
848 493 984 559 vult,
1034 510 1221 552 omnes
1261 495 1599 553 Christianos
1641 498 1935 557 credidisse

337 587 518 642 omnia
540 586 651 643 fato
687 586 824 643 ﬁeri.
856 588 923 643 At
950 590 1077 660 quid
1099 599 1183 646 est
1217 589 1408 659 fatum,
1453 592 1669 663 inquit?
1701 612 1720 647 ι
1745 593 1932 651 Fatum

335 689 441 745 est,
460 681 603 753 quod
623 681 689 737 de
715 696 1040 753 unoquoque
1067 695 1310 765 nostrum
1334 685 1473 741 Deus
1491 685 1628 741 fatus
1657 697 1792 743 est.»
1827 687 1934 745 Ne-

332 791 440 849 que
469 776 594 833 huic
621 776 710 833 fati
738 777 1037 835 definitioni
1083 789 1346 851 repugnat
1389 781 1739 856 Augustinus.
1798 780 1932 847 Nam

338 888 360 922 ι
400 872 644 928 ordinem
674 888 982 941 causarum,
1021 874 1222 949 inquit,
1252 875 1340 931 ubi
1372 877 1619 934 voluntas
1644 878 1735 943 Dei
1767 879 1933 950 pluri-

329 980 481 1022 mum
525 974 722 1038 potest.
766 982 940 1036 neque
977 983 1265 1049 negamus,
1300 984 1476 1039 neque
1537 968 1629 1031 fati
1673 970 1936 1027 vocabulo

329 1072 728 1128 nuncupamus,
764 1059 868 1114 nisi
899 1060 1058 1131 forte,
1098 1070 1154 1115 ut
1183 1062 1345 1139 latum
1369 1079 1401 1113 α
1427 1062 1589 1133 fando
1618 1062 1818 1119 dictum
1850 1064 1934 1120 in-

329 1151 658 1222 telligamus,
712 1151 764 1207 id
791 1163 896 1218 est,
927 1146 1259 1227 aloqttendo
1300 1153 1559 1235 Magum,
1611 1156 1699 1211 lib.
1751 1158 1813 1211 de
1840 1154 1931 1211 Ci-

324 1249 442 1313 oit.,
469 1264 582 1319 cap.
616 1249 671 1314 9,
703 1265 825 1322 pag.
854 1247 1036 1321 123).»
1064 1248 1217 1305 Plura
1246 1248 1384 1317 banc
1406 1250 1458 1305 in
1488 1265 1601 1306 rem
1629 1251 1771 1325 apud
1800 1252 1936 1308 Vos-

328 1345 471 1397 sium
505 1344 557 1397 in
588 1342 963 1415 Etymologico
991 1342 1219 1401 videbis.
1826 1326 1837 1339 ’

410 1436 519 1491 Hac
559 1448 739 1491 autem
772 1436 944 1509 posita
979 1436 1069 1491 fati
1119 1434 1451 1505 definitione,
1480 1436 1755 1494 contendit
1778 1437 1938 1496 Octa-

326 1530 450 1585 vius
476 1516 680 1584 nullam
729 1522 939 1586 homini
986 1529 1051 1583 ad
1083 1524 1345 1602 agendum
1375 1547 1405 1586 a
1434 1528 1547 1587 Deo
1578 1532 1780 1603 imponi
1809 1533 1938 1588 fata-

325 1622 435 1678 lem
468 1623 865 1678 neces~italem.
899 1614 1040 1679 Deus
1066 1629 1207 1679 enim
1233 1612 1359 1680 vero
1381 1644 1400 1677 ι
1430 1640 1552 1681 cum
1580 1628 1881 1692 materiam,
1910 1646 1929 1680 ι

327 1717 520 1787 inquit,
539 1731 634 1774 seu
662 1716 838 1773 futura
865 1719 1066 1786 omnia,
1099 1719 1212 1777 sive
1239 1719 1400 1785 bona,
1428 1720 1548 1776 sive
1598 1721 1734 1776 mala
1765 1720 1940 1778 bumi-

1755 279 2223 347 DISSERTATIO.

416 399 616 456 Verum
642 397 896 457 Octavius
935 412 1059 456 cum
1086 398 1309 457 Caecilio
1336 401 1445 472 agit
1475 400 1766 461 liberalius.
1799 405 1936 461 Con-
1965 400 2018 467 Α

3539 311 3649 373 462

2652 412 2882 476 CAPUT
2913 413 3030 479 νη.

2165 580 2232 619 DE
2271 582 2407 623 ALIIS
2443 583 2775 629 CHRISTIANE
2817 591 3113 634 RELIGIONIS
3142 593 3493 640 DOGMATIBUS.

2587 750 2876 793 Λιιτῐαυιυε
2914 754 3125 799 Ριιιιιυε.

2041 858 2385 920 Excutiunlur
2407 882 2724 942 argumenta,
2754 878 2938 946 quibus
2970 878 3205 939 chilius
3232 902 3503 956 corporum
3546 905 3644 944 uo-

2111 965 2332 1012 slrorum
2374 966 2790 1022 resurrectionem
2834 970 3120 1045 impugnat,
3162 988 3207 1032 et
3263 978 3503 1045 Octavius
3531 997 3645 1034 eam

2112 1058 2324 1135 tuetur;
2363 1053 2449 1108 ubi
2486 1056 2549 1110 de
2579 1064 2995 1134 metempsychosi
3026 1078 3176 1137 atque
3202 1069 3357 1141 hujus
3384 1073 3641 1133 opinionis

2113 1142 2400 1201 auctoribus
2424 1158 2470 1201 et
2492 1154 2824 1211 assertoribus
2856 1155 3154 1231 Pythagora
3182 1172 3229 1218 et
3257 1161 3494 1223 Platone.

2112 1319 2231 1376 Alia
2258 1322 2502 1392 quaedam
2531 1326 2839 1388 cbristianae
2860 1333 3134 1406 religionis
3164 1339 3486 1401 documenta
3517 1362 3640 1405 con-

2039 1414 2241 1470 vellere
2268 1417 2456 1473 nititur
2484 1417 2751 1489 Caecilius,
2793 1426 2889 1482 sed
2944 1443 3049 1484 non
3094 1429 3319 1488 feliciori
3364 1451 3638 1498 Successu.

2044 1503 2216 1604 linum
2246 1519 2421 1566 autem
2446 1528 2512 1567 cx
2537 1517 2820 1589 prfecipuis
2842 1518 2968 1575 illud
2994 1525 3179 1592 procul
3212 1525 3374 1604 dubio
3400 1541 3502 1597 est,
3535 1549 3643 1604 quo

2041 1596 2255 1656 futurus
2280 1605 2524 1674 corporis
2543 1608 2711 1663 nostri
2740 1608 2807 1664 ad
2840 1612 3001 1665 vitam
3030 1613 3235 1671 reditus
3261 1596 3645 1681 traxeritne-Eo

2042 1690 2184 1746 enim
2208 1694 2440 1763 sublato,
2460 1712 2615 1762 vana,
2650 1712 2705 1754 ut
2734 1703 2809 1755 ait
2838 1706 3150 1776 Apostolus,
3172 1720 3223 1764 et
3252 1710 3421 1767 inanis
3452 1717 3555 1771 erit
3588 1718 3650 1773 ii-

326 1782 457 1864 ml'm
489 1824 676 1879 Opem,
714 1828 733 1862 ε
773 1809 940 1880 possit
968 1782 1242 1881 pwscire.
1278 1825 1375 1881 pro
1424 1810 1632 1867 meri,“
1660 1821 1715 1868 et
1759 1813 1934 1883 quam
1962 1806 2014 1869 Β
2041 1782 2381 1883 des-nostra.
2413 1788 2662 1847 Czecilius
2701 1809 2827 1850 vero
2879 1794 2982 1854 buc
3019 1799 3140 1856 iidei
3186 1804 3410 1876 speique
3449 1821 3647 1868 nostrae

329 1902 529 1957 tatibus
571 1903 903 1972 singulorum
955 1903 1055 1959 fata
1109 1902 1451 1961 determinat.
1488 1924 1507 1956 ι
1557 1904 1761 1974 Quibus
1804 1922 1935 1963 sane

328 1994 510 2049 verbis
537 1994 696 2049 docet
723 1994 913 2062 Deum,
934 1999 1026 2066 qui
1049 1994 1227 2051 divina
1257 2011 1352 2052 sua
1385 1998 1725 2067 praescientia
1752 1999 1932 2054 omnia

330 2085 531 2147 futura.
558 2100 621 2141 ac
649 2086 907 2157 quidquid
949 2090 1316 2159 unusquisque
1340 2098 1433 2145 aut
1460 2089 1617 2155 bene,
1649 2098 1740 2145 aut
1767 2091 1933 2159 male,

329 2176 427 2235 sed
454 2192 668 2249 semper
696 2193 883 2249 magna
906 2194 1029 2234 cum
1053 2180 1320 2248 libertate,
1352 2188 1571 2237 acturus
1592 2192 1695 2247 est,
1730 2183 1934 2253 Optime

331 2272 628 2341 cognoscit,
663 2287 762 2343 pro
806 2271 1012 2328 meritis
1066 2273 1425 2343 singulorum,
1459 2274 1572 2331 sive
1621 2276 1796 2338 bonis.
1821 2279 1936 2334 sive

331 2365 512 2429 malis,
554 2363 682 2430 fata,
709 2364 765 2421 id
795 2376 898 2435 est,
920 2374 1127 2422 "aeterna
1159 2378 1252 2423 aut
1280 2369 1563 2440 supplicia,
1593 2378 1686 2427 aut
1715 2371 1934 2441 prtemia

332 2458 719 2527 determinare,
757 2476 851 2516 seu
890 2473 1095 2517 aeterno
1116 2462 1335 2519 decreto
1363 2478 1462 2521 suo
1488 2473 1727 2523 statuere
1754 2480 1818 2522 ac
1837 2466 1937 2523 de-

333 2564 577 2607 cernere.
612 2551 690 2607 Ex
720 2552 911 2623 quibus
940 2552 1031 2608 illc
1084 2554 1225 2613 buuc
1271 2556 1545 2617 concludit
1578 2557 1630 2614 itt
1669 2558 1886 2617 modum
1917 2576 1931 2615 :

338 2643 475 2699 calta
506 2644 559 2700 in
598 2646 753 2702 nobis
785 2662 891 2702 non
922 2649 1164 2719 genitura
1195 2649 1467 2718 plectitur,
1500 2651 1592 2707 sed
1619 2652 1817 2721 ingenii
1841 2670 1937 2711 na-

335 2753 454 2800 tura
484 2747 701 2817 punitur
727 2763 743 2813 ;
784 2766 805 2799 ι
841 2748 941 2802 hoc
969 2756 1075 2815 est,
1110 2763 1215 2805 non
1240 2751 1508 2821 genitura,
1536 2751 1656 2806 sine
1682 2752 1939 2809 nascendi

332 2838 549 2905 modus,
582 2839 679 2894 sed
708 2840 831 2894 vitia
861 2849 1065 2905 nostra,
1094 2855 1161 2898 ac
1183 2857 1255 2898 ea
1273 2840 1475 2908 omnia,
1500 2858 1623 2914 quae
1662 2844 1756 2899 Dei
1789 2859 1942 2901 man-

333 2936 477 2993 datis
529 2952 635 2993 non
683 2936 1108 3008 obtemperando
1140 2980 1156 3005 ,
1210 2939 1571 3010 peccavimus,
1612 2940 1680 2997 ab
1731 2939 1938 3013 illoju-

334 3030 575 3086 stissime
607 3030 919 3102 puniuntur.

407 3124 580 3180 Porro
609 3137 787 3181 autem
814 3126 939 3195 quia
983 3121 1231 3184 Czecilius
1265 3127 1443 3198 palam
1492 3137 1770 3189 asseverat
1813 3144 1940 3201 pro-

2042 1877 2443 1936 fundamentum
2497 1884 2600 1939 isto
2642 1885 2957 1947 dilemmate
2996 1905 3243 1952 evertere
3274 1901 3636 1960 moliebatur:

2042 1970 2138 2028 Vel
2162 1990 2524 2048 resnrgenms,
2554 1979 2744 2053 inquit,
2786 1986 2905 2043 sine
2950 2003 3179 2063 corpore
3204 2035 3218 2060 ,
3248 1996 3331 2051 vel
3373 2013 3494 2053 cum
3526 2016 3649 2057 cor-

2041 2079 2195 2135 pore.
2227 2066 2342 2123 Non
2373 2071 2606 2141 primum
2664 2076 2922 2148 quidem;
2954 2097 3076 2137 nam
3124 2085 3243 2142 sine
3279 2102 3506 2161 corpore
3547 2110 3646 2150 ue-

2039 2173 2145 2231 que
2196 2178 2350 2218 mens
2375 2208 2390 2233 ,
2419 2180 2594 2233 neque
2623 2170 2822 2239 anima,
2856 2190 3030 2245 neque
3076 2178 3181 2233 vita
3232 2193 3333 2236 ρει.
3366 2185 3543 2257 Atque
3572 2187 3647 2246 ila

2039 2257 2556 2322 argumentabautur
2585 2263 2786 2319 ethnici
2814 2308 2829 2331 ,
2859 2270 2949 2339 qui
2985 2269 3116 2326 nihil
3173 2274 3273 2329 nisi
3323 2292 3648 2348 corporeum

2040 2349 2304 2408 exsiSIere
2345 2368 2504 2425 posse
2563 2359 2890 2428 garriebant.
2949 2364 3131 2436 Neque
3184 2370 3343 2425 etiam
3373 2388 3493 2429 cum
3521 2391 3646 2433 cor-

2041 2455 2195 2514 pore.
2226 2446 2398 2517 pergit
2426 2450 2693 2521 yet-cilius,
2728 2454 2811 2509 vel
2859 2456 3090 2525 ipsomet
3121 2472 3326 2529 nostro,
3357 2466 3438 2520 vel
3470 2468 3649 2525 alieno

2042 2553 2406 2610 resurgemns.
2441 2541 2554 2598 Non
2582 2546 2810 2616 ipsomet
2833 2550 3047 2620 quidem
3079 2567 3285 2623 nostro,
3317 2559 3456 2628 quod
3479 2579 3506 2612 a
3539 2571 3650 2619 tam

2042 2632 2207 2705 longo
2234 2643 2478 2705 tempore
2505 2640 2611 2695 erit
2653 2651 2961 2712 mortuum;
2991 2656 3049 2702 ut
3072 2648 3205 2703 nihil
3255 2666 3477 2722 prorsus
3503 2655 3647 2712 illius

2044 2727 2248 2783 residui
2276 2728 2568 2801 quidquam
2602 2736 2771 2804 possit
2793 2752 3092 2795 remanere.
3125 2739 3241 2795 Non
3270 2745 3444 2799 alieno
3461 2747 3647 2817 etiam,

2044 2822 2480 2894 quandoquidem
2509 2841 2611 2881 non
2644 2827 2784 2885 idem
2817 2847 3066 2901 numero,
3094 2835 3189 2891 sed
3215 2836 3353 2893 alius
3376 2855 3408 2895 a
3437 2851 3651 2900 mortuo

2043 2914 2321 2973 redivivus
2350 2918 2513 2974 homo
2541 2918 2699 2977 foret.

2115 3010 2365 3071 Secundo
2407 3012 2604 3070 deinde
2643 3028 2964 3088 argumento
2993 3030 3179 3078 contra
3229 3026 3428 3082 mortui
3478 3029 3653 3087 nostri

2046 3106 2292 3178 corporis
2312 3105 2379 3163 ad
2409 3108 2568 3163 vitam
2596 3110 2978 3168 excitatiOnem
2998 3115 3076 3170 sic
3105 3115 3281 3175 adhuc
3305 3131 3504 3190 pugnat
3529 3123 3651 3178 Ca:-

333 3227 624 3289 pugmmm
671 3234 700 3273 η
733 3217 980 3290 plurimis
1022 3219 1310 3290 gemitibus
1335 3219 1550 3288 impiam
1582 3220 1650 3277 de
1676 3221 1785 3278 [ειο
1833 3205 2005 3278 εθυο
2035 3205 2233 3262 cilius:
2273 3222 2294 3259 ι
2338 3205 2473 3272 Quis
2526 3222 2662 3262 unus
2701 3207 2841 3264 ullus
2894 3210 2964 3266 ab
3009 3209 3194 3267 inferis
3238 3213 3321 3269 vel
3367 3213 3654 3274 Protesilai

334 3310 481 3366 fatali
513 3312 831 3368 necessitate
875 3310 1201 3383 opinionem.
1231 3326 1260 3367 a
1292 3310 1444 3371 nobis
1471 3312 1612 3369 haud
1636 3314 1796 3375 dubie
1838 3315 1938 3371 ali-

332 3405 455 3477 quis
481 3404 842 3460 sciscitabitur
884 3406 1103 3476 quinam
1134 3404 1212 3463 illi
1256 3404 1475 3464 fuerint.
1523 3410 1592 3467 At
1632 3407 1853 3467 cui'ibet
1878 3409 1933 3469 id

331 3499 539 3570 petenti
584 3498 891 3568 plenissime
918 3538 933 3563 ,
984 3497 1059 3554 uti
1097 3497 1419 3555 arbitramur
1450 3539 1465 3563 ,
1518 3499 1605 3555 bis
1652 3498 1935 3561 Ciceronis

331 3593 513 3651 verbis
539 3592 931 3649 satisfaciemus
961 3611 974 3648 :
1006 3610 1026 3647 ι
1068 3593 1149 3650 Ac
1192 3593 1322 3650 mibi
1348 3592 1588 3665 quidem,
1622 3594 1814 3667 inquit,
1848 3594 1933 3653 vi-

331 3688 513 3754 detur,
542 3704 665 3744 eum
704 3687 827 3744 dure
846 3691 1127 3743 sententiae
1160 3684 1393 3745 fuissent
1419 3699 1659 3763 veterum
1689 3687 1931 3759 philoso-

330 3783 587 3856 phorum,
617 3797 721 3838 una
772 3797 981 3848 eorum,
1032 3780 1123 3853 qui
1164 3789 1451 3837 Censerent
1487 3781 1668 3837 omnia
1719 3782 1792 3863 ita
1822 3780 1934 3841 fato

332 3878 475 3943 tieri,
510 3889 569 3934 ut
595 3878 647 3934 id
700 3878 865 3934 fatum
898 3880 1002 3932 vim
1054 3877 1392 3933 necessitatis
1421 3874 1668 3942 afferret,
1721 3875 1774 3931 in
1828 3889 1934 3945 qua

330 3972 601 4029 sententia
633 3972 986 4036 Democritus,
1007 3969 1309 4027 Heraclitus
1330 4010 1344 4035 ,
1377 3967 1755 4043 Empedocles,
1786 3966 1934 4023 Aris-

331 4064 529 4121 toteles
558 4063 694 4121 fuit:
725 4063 893 4120 altera
945 4078 1169 4132 eorum,
1200 4062 1396 4135 quibus
1450 4059 1765 4121 viderentur
1814 4059 1933 4117 sine

332 4158 445 4214 ullo
466 4158 574 4215 fato
601 4173 722 4215 esse
747 4159 1048 4215 animorum
1077 4165 1255 4213 motus
1302 4155 1622 4223 voluntarii;
1678 4153 1934 4226 Chrysip-

330 4269 434 4325 pus
479 4262 750 4325 tamquam
795 4253 997 4309 arbiter
1037 4250 1378 4316 honorarius,
1438 4250 1674 4311 medium
1703 4266 1763 4308 se
1794 4252 1934 4307 ferre

329 4346 571 4402 voluisse
594 4364 608 4400 :
630 4345 725 4401 sed
776 4345 1007 4416 applicat
1030 4360 1090 4400 se
1114 4343 1180 4399 ad
1210 4358 1307 4399 eos
1337 4342 1514 4414 potius
1567 4344 1658 4417 qui
1691 4343 1932 4429 necessi-

331 4452 446 4498 tate
471 4454 647 4498 motus
671 4443 877 4498 animos
916 4441 1170 4499 liberatos
1209 4440 1415 4497 volunt.
1443 4440 1575 4496 Dum
1606 4450 1783 4498 autem
1814 4456 1935 4497 ver-

330 4536 418 4592 bis
465 4541 629 4592 utitur
666 4538 800 4600 suis,
832 4536 1099 4592 delabitur
1135 4535 1190 4591 in
1235 4550 1329 4591 eas
1356 4533 1724 4601 difﬁcultates,
1750 4545 1805 4590 nt
1834 4551 1932 4591 ne-

2042 3311 2192 3357 sorte
2217 3300 2497 3366 remeavit,
2529 3300 2782 3357 horarum
2804 3303 2993 3359 saltem
3023 3306 3289 3377 permisso
3312 3320 3647 3377 commeatu,

2040 3395 2125 3451 vel
2154 3406 2211 3450 ιιι
2240 3393 2490 3465 exemplo
2512 3393 2907 3451 crederemus?
2947 3416 2967 3450 ι
2999 3397 3116 3457 Jam
3147 3413 3277 3454 vero
3303 3402 3647 3458 observatum

2038 3506 2068 3546 a
2101 3489 2256 3545 nobis
2281 3487 2378 3545 fuit
2405 3488 2665 3560 quosdam
2695 3489 2893 3547 frustra
2920 3492 3147 3547 ominari
3184 3492 3238 3547 in
3277 3491 3380 3549 hoc
3423 3494 3639 3551 Minucii

2042 3594 2191 3639 textu
2242 3583 2446 3639 nomini
2496 3584 2741 3638 horarum
2775 3584 3204 3655 subiungendum
3242 3602 3363 3643 esse
3411 3588 3644 3659 adjecti-

2038 3666 2497 3753 vumipaucarut'n.
2543 3675 2687 3732 Satis
2723 3676 2867 3732 enim
2912 3677 2982 3733 ibi
3034 3679 3480 3751 subintelligitur;
3519 3681 3646 3753 quia

2038 3769 2107 3825 de
2129 3752 2277 3825 sorte
2303 3758 2478 3839 agitur
2506 3768 2805 3835 Pratesilai,
2821 3770 2910 3841 qni
2935 3770 3136 3840 primus
3165 3788 3228 3827 ex
3252 3770 3474 3832 Graecia:
3491 3776 3643 3844 prin-

2039 3862 2251 3933 cipibus
2273 3862 2341 3917 ab
2360 3860 2595 3918 Hectore
2627 3862 2678 3917 in
2707 3860 2941 3932 Trojano
2979 3862 3123 3919 bello
3172 3864 3483 3922 interfectus
3508 3866 3644 3921 dici-

2039 3965 2145 4012 tur.
2187 3955 2474 4012 Laodamia
2524 3970 2652 4012 vero
2697 3955 2844 4012 illius
2892 3972 3044 4024 uxor,
3093 3958 3275 4013 statim
3310 3970 3470 4030 atque
3512 3975 3641 4016 eum

2041 4057 2312 4104 mortuum
2345 4048 2512 4104 fuisse
2541 4048 2780 4111 rescivit.
2809 4048 3017 4118 magnis
3045 4050 3295 4119 precibus
3317 4067 3347 4106 a
3378 4051 3481 4106 diis
3531 4052 3639 4107 im-

2040 4149 2281 4212 petrasse
2321 4139 2522 4208 fertur,
2555 4148 2614 4194 ut
2644 4140 2786 4195 illius
2813 4140 2878 4195 ad
2905 4141 3067 4196 vitam
3106 4142 3323 4198 excitati
3367 4143 3640 4214 colloquio

2039 4248 2135 4304 per
2163 4242 2274 4289 tres
2302 4232 2461 4287 horas
2507 4232 2608 4286 frui
2644 4232 2746 4287 sibi
2784 4231 2987 4288 liceret.
3023 4233 3235 4291 Videsis
3275 4236 3634 4307 Pr0pertium,

2037 4324 2330 4397 Hyginum,
2359 4322 2625 4380 Catullum
2654 4332 2708 4378 et
2754 4323 3026 4391 Ovidium,
3054 4326 3141 4395 qui
3172 4326 3237 4379 ad
3279 4326 3423 4384 hui.c
3451 4329 3638 4384 Prote.

2037 4417 2227 4473 silaum
2269 4416 2456 4471 uxoris
2487 4414 2604 4485 ejus
2644 4416 2862 4471 nomine
2906 4417 3120 4486 scripsit
3146 4417 3438 4489 Epistulam
3469 4419 3637 4493 (Pro-

2038 4518 2196 4578 νυνι,
2227 4507 2317 4564 lib.
2350 4523 2400 4572 ι,
2452 4505 2601 4577 Eleg.
2652 4506 2720 4561 ‘19
2755 4522 2769 4571 ;
2802 4506 3023 4580 Hygin..
3066 4507 3204 4569 Fab.
3261 4511 3381 4567 105.
3438 4512 3631 4583 Catul.,

332 4631 642 4685 cessitatem
675 4628 765 4683 fati
790 4599 1075 4685 conﬁrmet
1102 4628 1298 4683 invitus
1324 4625 1536 4699 (Cicer.,
1567 4627 1656 4687 lib.
1689 4599 1753 4685 de
1774 4627 1928 4695 Fato,
1957 4607 2013 4671 Ῑ)
2041 4601 2209 4699 Ep?“
2235 4600 2305 4659 6⁵
2330 4600 2399 4655 ad
2426 4599 2685 4657 Multam"
2721 4599 2897 4699 om?"
2929 4600 3098 4699 Epmf
3136 4603 3251 4699 "9f

332 4738 457 4793 pag.
491 4720 618 4788 507,
648 4720 738 4776 lin.
771 4720 842 4776 48
857 4729 904 4776 et
933 4718 1063 4793 seq.)
1096 4740 1115 4774 ι
1147 4720 1246 4791 Qui
1280 4718 1429 4790 plura
1477 4718 1724 4784 voluerit,
1771 4722 1814 4776 is
1836 4721 1933 4776 ad-

333 4825 424 4870 eat
459 4814 701 4886 ejusdem
748 4815 1024 4875 Ciceronis
1067 4814 1133 4868 de
1176 4812 1313 4870 Fato
1343 4814 1560 4880 librum,
1590 4830 1653 4869 ex
1683 4830 1789 4885 quo
1819 4814 1935 4871 haec

333 4910 617 4983 desumpta
654 4918 797 4966 sunt.
830 4909 995 4981 Legat
1029 4911 1191 4965 etiam
1233 4923 1299 4965 ex
1352 4907 1740 4964 recentioribus
1778 4907 1937 4971 Chri-

332 5002 528 5058 stianis
550 5003 901 5071 scriptoribus
956 5001 1236 5072 plurimos,
1283 4999 1545 5071 Lipsium,
1579 5010 1634 5057 et
1687 4998 1933 5059 Vossium

332 5115 403 5155 ex
418 5098 652 5168 antiquis
673 5112 801 5153 vero
824 5097 1080 5175 Ecclesiae
1103 5096 1348 5175 Patrilttts
1369 5136 1385 5163 ,
1420 5094 1800 5165 Augustinum,
1823 5094 1933 5150 Eu-

332 5191 543 5246 sebium
572 5200 626 5245 et
653 5170 1079 5259 Tatianum',“qni
1111 5188 1163 5243 in
1192 5170 1287 5242 sua
1314 5170 1379 5243 ad
1408 5186 1627 5244 Graecos
1652 5186 1932 5252 Oratione,

335 5284 414 5340 uti
444 5285 572 5341 alibi
602 5284 1023 5351 observavimus,
1048 5285 1198 5353 hunc
1225 5297 1464 5355 errorem
1495 5283 1653 5357 plane
1700 5284 1941 5351 exagitat

331 5391 398 5432 ac
436 5376 635 5435 refellit
659 5375 867 5446 (Voss.,
897 5378 935 5433 ι.
993 5393 1029 5433 tt
1069 5378 1132 5449 de
1177 5375 1323 5449 θήρ.
1359 5385 1406 5450 et
1452 5373 1693 5453 Progres.
1728 5375 1937 5443 idolol.,

330 5489 453 5541 cap.
483 5472 555 5528 45
592 5482 640 5526 et
660 5488 798 5541 seqq.
831 5470 1000 5543 Lips.,
1033 5470 1123 5527 lib.
1165 5473 1227 5524 de
1255 5470 1457 5536 Coast.,
1496 5487 1609 5541 cap.
1640 5469 1711 5524 29
1735 5479 1780 5523 et
1805 5486 1940 5542 seqq.

334 5565 582 5638 August.,
612 5564 701 5618 lib.
742 5578 775 5620 v
828 5564 893 5619 ile
921 5564 1098 5631 Civit.,
1140 5581 1256 5635 mp.
1286 5563 1323 5618 2
1365 5571 1412 5618 et
1453 5562 1546 5618 ΩΟ.
1595 5562 1809 5630 Euseb.,
1853 5562 1944 5620 lib.

330 5674 385 5714 vt
430 5660 494 5714 de
543 5656 781 5729 Praepar.
821 5656 1040 5731 Evang.,
1094 5675 1210 5729 cap.
1246 5659 1296 5725 ί,
1328 5656 1364 5711 2
1388 5699 1401 5721 ,
1447 5656 1481 5712 ὅ
1509 5666 1556 5711 et
1581 5660 1817 5728 seqq.,'et
1848 5654 1950 5712 Ta-

332 5747 460 5807 litm.
473 5795 486 5822 ,
524 5759 646 5808 (om.
667 5768 684 5809 l
704 5751 955 5824 Apparat.
968 5753 1169 5821 nostri,
1184 5768 1307 5823 pag.
1347 5751 1495 5824 543).

2111 4694 2389 4765 Frequens
2407 4704 2588 4749 autem
2616 4708 2680 4748 ac
2704 4695 2900 4764 sa’pius
2927 4697 3151 4766 repetita
3180 4695 3273 4751 fuit
3298 4696 3411 4754 lure
3452 4698 3634 4755 ethni-

2039 4803 2226 4845 corum
2251 4787 2664 4856 argumentatio.
2694 4790 2734 4841 A
2760 4786 2971 4842 Justiuu
2998 4788 3259 4859 siquidem
3290 4800 3525 4861 martyre
3558 4793 3638 4850 sic

2039 4881 2355 4951 pr0pnnitut‘
2404 4894 2420 4935 ἶ
2475 4883 2558 4934 διὰ
2580 4889 2638 4936 τὸ
2680 4895 2827 4948 μήπω
2853 4887 3110 4953 ἑωρακίναι
3132 4889 3250 4949 ὑμᾶς
3277 4889 3549 4940 ἀναστάντα
3568 4910 3643 4941 νε-

2040 4985 2169 5046 κρὸν,
2196 4977 2404 5032 ἀπιστία
2431 4982 2551 5045 ἔχει.
2578 4992 2596 5025 ι
2618 4973 2906 5044 Propterea
2926 4975 3065 5047 quod
3096 4978 3333 5033 nondum
3363 4990 3636 5037 mortuum

2039 5067 2404 5122 resorrevisse
2432 5067 2691 5133 videritis,
2725 5083 2820 5120 vos
2851 5068 3194 5125 incredulitas
3222 5073 3639 5129 resurrectionis

2038 5171 2202 5218 tenet.
2233 5160 2471 5235 (lusum,
2506 5161 2722 5232 Apolog.
2748 5161 2801 5229 Ξ,
2835 5180 2890 5233 p.
2928 5160 3046 5235 65.)
3078 5183 3096 5217 ι
3116 5164 3371 5221 Similiter
3400 5183 3428 5220 a
3460 5167 3639 5223 Theo-

2039 5253 2190 5323 philo
2219 5252 2553 5308 Antiocheno
2581 5258 2741 5308 εάλλὰ
2779 5257 2863 5307 καὶ
2883 5264 2937 5308 τὸ
2973 5257 3217 5327 ἀρνεῖσθιὶ
3241 5282 3290 5312 σε
3317 5271 3498 5330 νεκροὺς
3521 5266 3643 5327 ἐγεί-

2038 5356 2206 5420 ρεσθαι
2249 5359 2339 5417 φὴ
2357 5354 2468 5419 γὰρ,
2500 5351 2656 5414 Διῒξὸν
2681 5371 2767 5412 μοι
2792 5354 2878 5419 κᾷν
2897 5355 2977 5404 ἕνα
3013 5355 3256 5422 δγερἿὲνται
3275 5360 3321 5409 is
3348 5376 3534 5425 νεηρλν,
3568 5358 3645 5409 ἵνα

2051 5444 2161 5495 ἰδὼν
2177 5445 2411 5498 πιστεύσω
2447 5459 2459 5493 :
2486 5457 2505 5492 ι
2542 5441 2644 5496 Sed
2671 5450 2724 5495 et
2754 5457 2915 5511 negas
2945 5453 3275 5499 mortuormn
3302 5451 3648 5504 resurrectio-

2053 5552 2198 5593 nem.
2246 5538 2342 5591 Ais
2389 5533 2929 5605 namque:0stende
2983 5538 3115 5594 mibi
3147 5538 3336 5595 saltem
3390 5557 3552 5596 unum
3581 5556 3650 5597 ex

2055 5629 2282 5686 mortuis
2299 5637 2628 5693 revocatum,
2661 5644 2819 5700 quem
2849 5630 2893 5685 si
2917 5631 3122 5699 videro,
3148 5634 3326 5690 verbis
3350 5634 3454 5690 tuis
3482 5635 3648 5692 ﬁdem

2055 5725 2286 5782 habebo.
2355 5722 2643 5795 (Theoph.,
2677 5721 2766 5778 lib.
2798 5740 2814 5779 ι
2842 5724 2910 5779 ad
2935 5725 3135 5794 Autol.,
3170 5745 3290 5800 pag.
3338 5729 3460 5799 77.)
3498 5749 3517 5783 ι
3555 5728 3651 5787 llis

2058 5826 2253 5889 praeter
2297 5824 2544 5886 creteros,
2572 5831 2709 5897 quos
2736 5817 2936 5877 referre
2956 5820 3172 5899 longum
3198 5830 3362 5900 esset,
3386 5821 3646 5894 adjnnga-
