3972 6310
441 306 550 366 465

442 434 533 479 tur
567 415 895 477 Lactantius.
923 413 1017 486 qui
1053 410 1171 484 pari
1208 417 1421 480 quoque
1449 400 1612 459 modo
1646 399 1895 457 ethnicos
1926 397 2042 451 h;cc
2068 392 2124 454 Λ

447 516 767 586 objicieutes
793 509 995 566 inducit
1025 524 1038 561 :
1066 525 1085 559 ι
1106 505 1202 560 Tot
1223 503 1332 573 jam
1350 498 1541 555 sa'cula
1564 490 2047 562 tramicrunhquis

453 623 705 679 umquam
742 620 881 660 unus
901 602 969 656 ab
998 598 1183 655 inferis
1221 592 1507 651 resurrexit
1534 631 1548 653 ,
1576 600 1629 643 ut
1659 587 1773 657 ejus
1800 584 2047 653 exemplo

447 675 772 763 credamus?
810 698 1097 773 (Lactant.,
1131 691 1217 746 lib.
1262 704 1357 751 vn,
1396 703 1510 756 cap.
1542 682 1636 750 22,
1665 699 1781 753 pag.
1819 675 2003 749 719.)»

527 794 633 855 Sed
660 808 777 858 cur,
803 770 993 860 inquit,
1020 782 1301 846 Minucius,
1323 789 1377 834 tu
1399 777 1598 839 Cmcili,
1625 774 1786 828 homo
1811 770 2043 834 ethnice,

452 889 622 947 audes
650 888 788 941 hanc
830 881 1260 938 Christianorum
1301 873 1369 928 de
1397 883 1684 940 corporum
1737 873 2044 921 nostrorum

455 978 853 1039 resurrectione
890 969 1248 1033 sententiam,
1280 974 1552 1034 tamquam
1581 959 1778 1013 anilem
1812 953 2055 1009 fabulam

452 1075 720 1144 rejicere‘!
750 1069 860 1123 Cur
904 1065 1041 1135 petis
1095 1061 1147 1116 id
1197 1063 1354 1115 unius
1380 1054 1628 1124 exemplo
1657 1050 1748 1106 tibi
1779 1045 1997 1121 probari
2023 1044 2048 1098 ἲ

450 1142 724 1234 Numquid
775 1158 969 1213 oblitus
998 1169 1059 1217 es
1102 1150 1378 1207 dimidiam
1432 1147 1620 1203 saltem
1668 1142 1811 1197 illius
1840 1148 2045 1211 partem

449 1232 759 1317 constanter
798 1247 1124 1323 propugnari
1178 1261 1207 1301 a
1240 1243 1542 1317 Pythagora
1590 1248 1645 1295 et
1682 1237 1928 1301 Platone,
1957 1232 2047 1302 qui

450 1351 751 1407 animarum
779 1355 1086 1402 nostrarum
1127 1357 1194 1396 ex
1244 1338 1470 1393 mortuis
1503 1332 1820 1400 corporibus
1860 1329 1912 1383 in
1942 1327 2047 1381 alia

448 1440 974 1512 trausmigrationetu
1004 1430 1394 1490 asseruerunt?
1426 1433 1494 1484 At
1520 1426 1571 1483 id
1604 1427 1648 1482 si
1678 1440 1744 1481 ex
1785 1421 2047 1478 memoria

450 1545 541 1591 tua
566 1533 787 1598 excidit,
813 1530 951 1601 lege,
985 1542 1190 1599 quaeso,
1232 1524 1423 1580 librum
1467 1522 1693 1592 primum
1720 1514 1936 1572 Diodori
1964 1514 2049 1569 Si-

448 1629 591 1694 culi,
623 1638 680 1683 et
711 1627 779 1681 ibi
826 1624 893 1679 ab
929 1639 996 1679 eo
1024 1622 1281 1690 scriptum
1322 1616 1562 1687 reperies
1594 1612 1951 1683 Pythagoram
1980 1609 2048 1663 ab

447 1720 714 1794 [Egyptiis
744 1720 883 1771 hanc
928 1714 1203 1785 accepisse
1250 1710 1557 1780 opinionem
1592 1704 1831 1778 (Diodor.
1857 1701 2044 1765 δῦσαι..

1790 284 1878 341 DE
1902 275 2157 339 MINUCII
2194 272 2493 336 OCTAVIO

3635 255 3719 314 161

2269 390 2370 440 Per
2387 385 2523 443 illud,
2551 390 2606 435 ut
2626 394 2715 435 nos
2734 383 2852 434 olim
2872 382 3071 443 mutant
3098 374 3397 443 philosophi,

2273 432 2584 503 ἱῖῐήὶὶῖιῖἰιὲ
2591 432 2733 497 mulo
2744 432 3021 504 hominem,
3044 432 3113 491 de
3134 432 3345 504 muliere
3367 432 3621 488 colubrum

2277 514 2501 571 Faciunt,
2522 518 2575 562 et
2600 524 2662 559 ex
2687 509 2899 559 diversis
2918 503 3118 556 diversa
3140 503 3251 553 alia.

2528 593 2741 659 [Crinil.,
2759 590 2796 643 ι.
2818 605 2871 641 xi
2898 592 2962 642 de
2984 590 3185 640 Ηοιιρδι.
3211 581 3410 648 discipl.
3429 595 3540 645 cap.
3562 580 3626 643 3.)

2222 703 2483 762 Laberius
2506 710 2687 759 autem
2710 709 2767 756 et
2791 707 2944 771 poeta
2967 706 3022 754 et
3051 697 3247 751 mimus
3272 692 3389 758 fuit,
3406 692 3473 745 de
3493 706 3600 761 quo
3615 704 3724 758 pra.

2152 810 2234 857 ter
2253 812 2480 857 caateros
2505 794 2847 851 Macrobius:
2880 813 2899 845 ι
2939 789 3227 848 Laberium
3260 802 3468 859 aSperze
3490 783 3727 839 libertatis

2149 895 2385 965 equitem
2444 893 2743 947 Romanum
2773 889 2957 945 Caesar
2981 883 3289 958 quingentis
3348 879 3584 936 millibus
3608 878 3728 932 invi-

2152 987 2304 1050 tavit,
2352 996 2411 1040 ut
2444 984 2680 1055 prodiret
2722 982 2776 1037 in
2806 996 3048 1047 scenam,
3081 987 3136 1034 et
3162 977 3278 1046 ipse
3304 982 3489 1046 ageret
3538 972 3727 1035 mimos,

2149 1094 2286 1151 quos
2325 1076 2682 1147 scriptitabat.
2725 1093 2745 1128 ι
2790 1072 3077 1144 (Macrob,
3106 1068 3194 1124 lib.
3228 1084 3287 1133 ιι,
3319 1063 3730 1130 Salurnal.,mp.

2152 1170 2231 1243 7.)
2283 1174 2460 1242 Atque
2505 1170 2576 1224 ibi
2628 1166 2928 1223 Macrobius
2958 1164 3108 1237 plura
3153 1161 3365 1218 Laberii
3397 1157 3633 1214 carmina
3659 1170 3733 1209 re-

2151 1267 2280 1334 l'ert,
2308 1266 2503 1335 quibus
2530 1262 2597 1317 ad
2632 1261 2863 1332 scriptos
2893 1277 2921 1311 :i
2952 1272 3013 1315 se
3055 1260 3247 1313 mimus
3275 1252 3515 1326 agendos
3540 1258 3735 1305 coactus

2150 1369 2252 1418 est.
2289 1360 2366 1416 De
2398 1358 2491 1414 illo
2515 1373 2732 1429 quoque
2754 1354 3010 1410 Horatius
3038 1350 3255 1408 cecinit.

2338 1495 2402 1547 Et
2425 1494 2603 1545 Laberi
2625 1494 2817 1551 mimos,
2844 1495 2899 1540 ut
2922 1489 3127 1555 pulchra
3150 1490 3376 1553 poemata
3398 1485 3571 1534 mirer.

2708 1576 2925 1642 (Horat,
2951 1573 3035 1625 lib.
3060 1588 3112 1636 ιι,
3138 1574 3364 1624 Seruum.
3388 1568 3657 1628 Salium.)

2154 1715 2412 1772 Laberius
2434 1713 2614 1783 itaque
2629 1710 2730 1765 has
2746 1706 3189 1781 philosophorum
3207 1702 3277 1759 de
3303 1698 3736 1772 metempsychosi

443 1789 894 1870 ιῖιιζῖιιίωεοιιι..
938 1824 1059 1879 pag.
1110 1805 1226 1869 69.).
1257 1802 1492 1859 Revolve
1547 1796 1803 1854 Herodoti
1856 1794 2039 1856 libros,

2154 1807 2521 1865 delirationes.
2542 1819 2648 1858 non
2666 1803 2842 1858 solum
2869 1798 3106 1868 scriptis.
3130 1796 3285 1866 paulo
3303 1805 3431 1849 ante
3445 1793 3640 1857 citatis,
3658 1789 3736 1845 sed

450 1915 506 1963 ct
534 1906 603 1961 ibi
628 1904 831 1959 videbis
859 1902 1008 1956 illum
1052 1897 1302 1953 similiter
1330 1895 1530 1949 dixisse
1551 1892 1789 1952 Graecos,
1821 1900 2047 1958 quorum

449 2000 671 2056 nomine
704 1995 845 2051 haud
891 1993 1053 2050 dubie
1097 1990 1452 2064 Pythagoram
1498 1996 1547 2041 et
1583 1985 1856 2039 Platonem
1901 1996 2051 2036 com-

446 2093 755 2168 prehendit,
798 2091 943 2146 illam
975 2088 1043 2142 ab
1087 2085 1275 2142 iisdem
1316 2082 1586 2140 delibasse
1612 2077 1878 2150 Egyptiis
1908 2073 2047 2143 (Ile-

450 2190 646 2255 rodot.,
678 2186 765 2241 lib.
792 2202 848 2249 ιι,
878 2183 905 2256 §
934 2182 1079 2252 l25).
1111 2179 1211 2235 Adi
1251 2175 1547 2240 Laertium,
1586 2183 1746 2240 atque
1766 2186 1832 2225 ex
1871 2168 2048 2224 citatis

450 2283 519 2338 ab
560 2282 652 2338 illo
679 2276 1042 2348 Scriptoribus
1072 2272 1374 2341 comperies
1398 2313 1413 2336 ,
1442 2266 1572 2339 quid
1625 2263 1959 2336 Pythagoras
1980 2259 2048 2314 de

445 2376 610 2431 variis
674 2374 868 2430 anima:
931 2384 1043 2425 sua:
1084 2361 1645 2434 transmigrationibus
1721 2355 2049 2428 prmdicahat

444 2469 665 2542 (Laert.,
696 2467 783 2521 lib.
833 2479 945 2527 vui,
988 2461 1077 2534 ξι
1104 2474 1151 2515 ct
1181 2458 1259 2531 5).
1294 2456 1353 2513 Si
1380 2455 1497 2512 hmo
1537 2450 1715 2510 ιιωιιίι
1769 2449 1900 2505 satis
1951 2446 2045 2502 tibi

446 2579 553 2618 non
582 2562 710 2620 sint,
742 2558 899 2614 [idem
931 2555 1115 2626 procul
1143 2552 1307 2608 dubio
1334 2567 1441 2607 non
1466 2548 1760 2618 denegahis
1790 2543 2041 2608 Laberio,

443 2656 532 2728 qui
562 2652 704 2724 apud
722 2649 1112 2706 Tertullianum
1142 2646 1282 2701 hanc
1311 2645 1479 2714 ipsam
1497 2641 1566 2697 de
1589 2635 2045 2708 metempsychosi

446 2727 756 2817 opinionem
784 2759 811 2795 a
844 2741 1145 2813 Pythagora
1192 2745 1579 2809 prOpugnatam
1620 2740 1805 2801 aperte
1851 2727 2046 2785 teStili-

453 2852 607 2897 catur
639 2836 907 2911 (Tcrtull.,
939 2833 1186 2905 Apoloyet
1216 2873 1233 2898 ,
1257 2847 1374 2901 cap.
1403 2828 1495 2890 48,
1529 2845 1650 2899 pug.
1677 2825 1880 2894 4‘2).At
1906 2824 2050 2889 ipse-

448 2941 559 2987 met
613 2927 1012 2990 Trrtullianus,
1044 2923 1363 2980 Ambrosius
1387 2960 1402 2985 ,
1442 2919 1662 2989 aliique,
1692 2913 2045 2987 quemadmo-

451 3024 579 3079 dum
628 3022 892 3078 Minucius
922 3026 1126 3085 noster,
1160 3016 1284 3071 hinc
1340 3022 1484 3069 recte
1512 3010 1838 3066 concludunt
1872 3007 2046 3062 incre-

445 3115 668 3172 dibilem
718 3112 948 3169 ethnicis
997 3124 1119 3167 esse
1161 3123 1265 3163 non
1295 3107 1493 3163 debere
1519 3104 1947 3160 Christianorum
1977 3100 2045 3155 de

447 3210 693 3281 corporis
739 3207 908 3263 nostri
966 3203 1366 3261 resurrectione
1408 3199 1731 3255 sententiam
1758 3194 2038 3267 (Amorem,
2067 3185 2113 3249 C

450 3305 541 3359 lib.
572 3319 610 3358 ιι
631 3302 694 3356 de
720 3302 821 3365 ﬁde
842 3300 1080 3366 ﬂexum,
1109 3297 1137 3370 §
1166 3297 1256 3363 65,
1286 3306 1407 3350 tom.
1441 3311 1499 3358 ιι,
1539 3310 1659 3365 pag.
1685 3291 1876 3359 1151).

524 3396 662 3467 Quid
688 3411 839 3462 vero,
862 3394 1002 3465 quod
1032 3392 1174 3449 idem
1202 3389 1560 3447 Tertullianus
1600 3386 1726 3442 alibi
1778 3384 1916 3440 haud
1943 3382 2040 3437 du-

444 3489 680 3544 bitanter
699 3496 995 3548 asseverat,
1029 3482 1130 3539 hoc
1153 3482 1222 3538 de
1242 3482 1543 3536 animarum
1571 3476 2042 3543 transmigratioue

445 3581 736 3638 absurdum
781 3578 976 3648 dogma
1020 3592 1126 3631 non
1155 3574 1316 3631 modo
1366 3575 1435 3628 ab
1488 3572 1677 3628 eodem
1717 3570 2037 3642 Pythagora,

446 3673 543 3730 sed
592 3673 752 3728 etiam
782 3688 809 3724 a
845 3671 1104 3735 Platone,
1147 3667 1305 3722 sicuti
1356 3666 1492 3720 dixit
1522 3663 1783 3719 Minucius
1835 3670 2037 3741 noster,

450 3768 615 3823 fuisse
668 3774 930 3821 assertum
964 3762 1159 3835 (Idem,
1202 3761 1290 3817 lib.
1322 3760 1385 3816 de
1418 3759 1615 3825 Anim,
1645 3775 1763 3829 cap.
1786 3755 1902 3828 28).
1933 3754 2039 3812 Sed

444 3862 587 3934 quod
618 3860 685 3917 ad
718 3860 997 3916 Platonem
1049 3860 1258 3923 attinet,
1291 3855 1440 3910 nullo
1479 3868 1702 3926 prorsus
1737 3852 1805 3908 ad
1843 3852 1894 3907 id
1919 3866 2041 3922 pro-

444 3955 679 4011 bandum
710 3963 847 4010 teste
876 3967 1012 4022 opus
1038 3959 1141 4007 est.
1165 3949 1280 4006 Non
1303 3950 1535 4004 obscure
1565 3948 1708 4003 enim
1741 3959 1842 3999 nec
1868 3943 2040 4000 semel

442 4050 498 4103 in
542 4047 693 4103 libris
744 4046 855 4101 suis
897 4044 1031 4101 illud
1082 4043 1366 4098 tradidisse
1411 4041 1604 4111 legitur
1641 4037 1832 4110 (Plat.,
1860 4037 1914 4091 in
1942 4036 2037 4105 fin.

447 4140 537 4195 lib.
560 4140 624 4195 de
653 4141 846 4207 Anim.,
875 4149 998 4196 tom.
1031 4153 1108 4207 ut,
1141 4153 1261 4209 pag.
1296 4135 1420 4202 101,
1449 4145 1495 4188 et
1534 4134 1623 4189 lib.
1652 4149 1687 4188 x
1713 4132 1777 4186 de
1794 4131 2036 4203 chubl.,

448 4244 577 4288 tom.
611 4249 670 4299 ιι,
697 4249 814 4305 pag.
856 4230 1006 4302 6‘20).

524 4325 840 4396 Priusquam
894 4339 1023 4379 vero
1069 4321 1472 4394 progrediamur
1508 4318 1758 4384 ulterius,
1790 4317 1898 4373 duo
1951 4317 2038 4374 hic

443 4416 780 4475 observanda
813 4425 960 4471 sunt.
990 4415 1057 4471 Et
1087 4417 1262 4486 primo
1290 4413 1517 4483 quidem.
1558 4412 1627 4467 de
1682 4411 1772 4465 illo
1811 4408 2038 4466 ridiculo

441 4509 889 4583 philosophorum
919 4524 1106 4565 errore
1132 4507 1421 4564 Minucium
1449 4505 1649 4560 dixisse
1681 4520 1696 4555 :
1734 4522 1753 4555 ι
1784 4502 1900 4559 Non
1922 4503 2036 4572 phi-

2153 1903 2313 1960 etiatu
2338 1901 2473 1957 actis
2499 1897 2732 1954 mimicis
2757 1892 2898 1950 haud
2941 1893 3103 1947 dubie
3158 1890 3444 1947 deriserat.
3496 1884 3739 1941 Minucius

2151 2012 2283 2069 ergo
2336 1993 2458 2049 inde
2502 1990 2703 2047 inferre
2746 1988 2917 2060 potuit
2958 1986 3103 2063 hunc
3155 1999 3397 2041 errorem
3462 1998 3484 2033 ι
3543 1979 3739 2035 mimico

2158 2106 2176 2139 ι
2213 2087 2367 2152 vitio,
2409 2103 2426 2137 ι
2474 2092 2567 2138 aut
2597 2081 2815 2137 mimico
2862 2077 3122 2144 convitio,
3159 2092 3179 2128 ι
3211 2083 3307 2129 aut
3355 2092 3375 2126 ι
3426 2071 3576 2127 mimi
3629 2085 3741 2124 con-

2154 2181 2312 2247 vicio,
2345 2199 2365 2231 ι
2427 2177 2677 2232 nimirum
2734 2171 2969 2239 Laberii,
3027 2170 3111 2226 vel
3163 2168 3209 2224 si
3265 2167 3425 2233 velis,
3471 2162 3742 2236 cujuslibet

2152 2270 2470 2345 pantomimi
2518 2282 2641 2325 esse
2695 2265 2936 2335 dignum.

2221 2360 2772 2422 Animadvertendum
2802 2356 3041 2415 secundo
3070 2354 3428 2428 Pythagoram
3459 2368 3489 2406 a
3519 2350 3739 2407 Minucio

2149 2459 2412 2532 appellari
2465 2456 2696 2529 primum
2720 2497 2735 2519 ,
2792 2455 2882 2525 qui
2915 2451 3054 2507 hanc
3079 2451 3413 2522 opinionem,
3453 2462 3550 2503 seu
3578 2446 3740 2517 potius

2149 2554 2529 2612 delirationem
2564 2547 2881 2605 introduxit.
2927 2545 3035 2603 Sed
3079 2560 3186 2615 quo
3231 2543 3376 2613 jure,
3405 2555 3580 2612 quove
3621 2549 3741 2595 teste

2149 2648 2201 2703 id
2249 2656 2357 2702 tam
2412 2651 2792 2699 asseveranter
2819 2638 3142 2695 afﬁrmavit?
3186 2636 3320 2692 Nam
3353 2636 3620 2692 Diodorus
3660 2633 3739 2689 Sh-

2147 2741 2299 2797 culus
2339 2736 2719 2810 apertissime,
2757 2734 2833 2789 uti
2872 2733 2983 2804 jam
3030 2730 3294 2796 diximus,
3352 2739 3408 2786 et
3454 2728 3742 2785 ilerodoms

2147 2834 2310 2906 paulo
2334 2831 2618 2889 obscurius
2667 2830 3024 2886 testilimntur
3055 2828 3256 2897 primus
3288 2824 3451 2896 hujus
3479 2823 3738 2893 opinionis

2146 2938 2401 2985 auctores
2429 2926 2595 2981 fuisse
2640 2923 2950 2997 Egyptios,
2978 2938 3008 2976 a
3046 2921 3242 2993 quibus
3268 2935 3388 2977 eam
3416 2919 3736 2991 Pythagoras

2146 3026 2377 3096 accepit.
2407 3023 2772 3093 Quamobrem
2823 3031 2916 3077 aut
2961 3019 3162 3078 erravit
3190 3020 3483 3088 minucius,
3535 3029 3629 3075 aut
3654 3035 3738 3090 po-

2148 3120 2254 3177 tius
2282 3119 2415 3175 nihil
2446 3118 2592 3175 aliud
2622 3118 2724 3174 sibi
2779 3116 2951 3174 voluit
2971 3158 2989 3185 ,
3043 3116 3145 3172 nisi
3178 3115 3319 3171 hanc
3371 3114 3736 3171 seutentiama

2146 3216 2470 3290 Pythagora,
2505 3225 2775 3285 tamquam
2832 3214 3008 3285 primo
3047 3212 3193 3268 illius
3238 3214 3520 3270 inventore
3562 3223 3618 3269 et
3656 3228 3745 3267 au-

2145 3325 2297 3370 ctore
2319 3311 2460 3380 apud
2483 3304 2701 3368 Graacos
2723 3309 3145 3367 disseminatam.
3178 3308 3332 3377 Quod
3365 3309 3409 3363 si
3443 3308 3548 3364 hoc
3570 3317 3739 3380 poste—

2144 3406 2257 3461 rius
2282 3404 2373 3459 ille
2403 3412 2607 3459 tantum
2629 3401 2814 3467 edixit,
2835 3400 3124 3471 ipsummet
3149 3399 3337 3471 procul
3363 3398 3531 3453 dubio
3558 3409 3739 3454 testem

2143 3496 2364 3553 habebit
2395 3493 2763 3561 Herodotum,
2799 3492 2954 3561 cujus
3004 3491 3121 3547 haec
3168 3500 3293 3546 sunt
3338 3488 3502 3545 verba
3544 3496 3741 3558 ιτοὺτῳ

2144 3603 2213 3661 τῷ
2251 3600 2369 3661 λόγῳ
2390 3594 2483 3645 εἶσι
2514 3590 2557 3643 αἳ
2584 3576 2803 3648 Ελλήνων
2827 3592 3111 3656 lyncas-ro,
3130 3591 3176 3637 οι
3210 3592 3297 3651 μὲν
3342 3585 3583 3653 πρότερον,
3612 3590 3659 3636 οἱ
3698 3585 3742 3633 δὲ

2144 3690 2355 3755 ὕστερον,
2387 3688 2447 3742 ὡς
2478 3685 2579 3751 ἰδίῳ
2611 3687 2783 3735 lautas
2810 3684 2954 3735 tam.
2983 3694 3074 3734 τῶν
3110 3684 3197 3742 εγὼ
3238 3679 3372 3737 εἰδὼς
3392 3682 3461 3730 τὰ
3482 3678 3736 3743 οὖνὸρα-ιτα,

2145 3782 2199 3834 οὗ
2223 3783 2401 3849 γράφω.
2432 3791 2450 3826 ι
2476 3772 3038 3828 llancrationemsuut
3057 3783 3125 3825 ex
3148 3766 3372 3832 Grzecis,
3401 3768 3491 3837 qui
3524 3782 3738 3836 usurpa-

2142 3872 2323 3926 verint
2345 3878 2620 3939 tamquam
2641 3882 2794 3923 suam
2836 3868 3098 3937 ipsorum,
3132 3864 3219 3919 alii
3252 3864 3424 3935 prius,
3450 3863 3541 3918 alii
3566 3873 3739 3934 postc-

2141 3965 2277 4031 rius,
2304 3979 2534 4036 quorum
2560 3978 2662 4033 ego
2693 3962 2909 4017 nomina
2943 3962 3121 4016 sciens
3155 3974 3265 4015 non
3289 3960 3433 4016 duco
3459 3975 3586 4016 esse
3617 3958 3740 4015 scri-

2142 4059 2318 4116 benda
2365 4056 2666 4131 (Herodol.,
2693 4056 2782 4112 lib.
2812 4072 2869 4121 ιι,
2903 4055 2933 4128 ς
2967 4054 3113 4126 125).
3161 4074 3181 4108 ι
3211 4054 3317 4111 Sed
3363 4054 3525 4127 longe
3550 4054 3738 4110 clarius

2140 4154 2211 4209 ab
2240 4152 2572 4224 Hieronymo
2609 4151 2867 4222 scriptum
2918 4149 3051 4205 fuit:
3085 4169 3105 4202 ι
3146 4150 3212 4205 Et
3238 4150 3364 4219 quia
3391 4148 3735 4221 Pythagorica

2142 4247 2389 4319 dogmata
2414 4262 2502 4303 me
2527 4245 2721 4318 legisse
2755 4244 3022 4311 dixeram,
3050 4242 3173 4299 audi
3203 4241 3330 4314 quid
3358 4242 3498 4314 apud
3526 4241 3738 4299 Graecos

2142 4340 2474 4414 Pythagoras
2498 4341 2703 4409 primus
2750 4335 3050 4400 invenerit,
3082 4335 3415 4391 immortales
3462 4349 3587 4391 esse
3628 4332 3738 4388 ani-

2140 4452 2279 4502 mas,
2299 4444 2355 4492 et
2376 4434 2445 4491 de
2474 4433 2597 4489 aliis
2624 4431 2946 4503 corporibus
2972 4430 3204 4487 transire
3236 4429 3291 4485 in
3320 4428 3448 4485 alia.
3480 4447 3501 4481 ι
3529 4427 3736 4499 (Εἰσο-

2141 4546 2307 4602 ηῃιιι..
2337 4527 2610 4599 Apologet.
2640 4524 2815 4580 adver.
2848 4523 3054 4593 Ruﬁn.,
3095 4521 3186 4578 lib.
3204 4537 3281 4581 tit.
3317 4533 3438 4577 ante
3472 4521 3586 4588 βπ..
3617 4536 3734 4592 pag.

440 4603 651 4675 Iosephi
683 4603 881 4671 studio,
914 4602 1006 4657 sed
1048 4600 1264 4657 mimico
1298 4600 1428 4654 vitio
1458 4599 1616 4669 digna
1646 4599 1743 4655 ista
1768 4599 2033 4655 sententia
2058 4584 2113 4646 D
2138 4584 2267 4680 ﬁo.
2296 4584 2449 4677 τοίη.
2498 4584 2531 4675 ξ
2568 4620 2841 4689 Apparet"
2886 4584 3009 4689 μάθ’
3037 4584 3167 4681 '522’
3201 4613 3308 4671 620
3337 4624 3384 4670 ι,
3415 4584 3582 4671 “'36”
3618 4584 3736 4666 ‘_

440 4706 542 4752 est.
576 4715 596 4749 ι
628 4695 817 4752 Mirum
846 4696 1045 4751 etenim
1068 4704 1267 4763 quanto
1296 4693 1474 4748 studio
1506 4707 1606 4749 nec
1634 4691 1807 4762 pauci,
1828 4705 1928 4747 nec
1955 4692 2034 4746 in—

441 4790 638 4844 eruditi
672 4789 771 4843 viri
814 4787 957 4843 hunc
999 4788 1196 4851 locum,
1224 4801 1384 4858 quem
1432 4793 1743 4856 corruptum
1789 4792 2032 4849 censent,

440 4894 496 4938 et
520 4882 810 4939 emendare
857 4882 1115 4947 nitantur,
1145 4890 1200 4937 et
1243 4895 1402 4952 quam
1434 4879 1609 4934 varias
1649 4878 1792 4934 illius
1817 4892 2031 4934 correc-

440 4976 616 5031 tiones
650 4974 1095 5046 excogitaverint.
1121 4972 1227 5029 Sed
1278 4972 1408 5028 nihil
1450 4973 1583 5028 certi
1625 4969 1875 5037 alterunt,
1918 4985 2036 5042 pro-

438 5080 557 5140 pter
583 5069 724 5140 quod
762 5071 989 5140 genuina
1041 5066 1393 5139 manuscripti
1441 5065 1640 5123 codicis
1690 5066 1821 5138 regii
1872 5066 2030 5123 lectio

435 5160 704 5217 immutari
734 5163 946 5218 debeat.
975 5163 1337 5230 Quamobrem
1392 5175 1454 5217 ea
1504 5168 1736 5225 retenta,
1768 5159 2029 5229 Rigaltius

431 5255 741 5325 suSpieatur
796 5253 1083 5309 Minucium
1151 5254 1235 5309 his
1263 5254 1441 5310 verbis
1486 5252 1553 5308 ad
1618 5252 1814 5307 mimos
1866 5252 2027 5307 colli-

431 5363 647 5415 neasse,
675 5349 763 5420 qui
804 5348 855 5403 in
887 5363 1045 5403 scena
1081 5363 1202 5404 sese
1231 5347 1520 5419 aliquando
1547 5348 1599 5403 in
1625 5346 1829 5403 belluas
1851 5356 2027 5403 trans-

429 5442 773 5509 formabant,
805 5456 1098 5512 earumque
1155 5440 1450 5497 induebant
1499 5442 1721 5510 iiguras.
1753 5439 1854 5495 Alii
1894 5455 2025 5497 vero

426 5533 716 5604 apinantur
744 5547 775 5588 a
806 5531 1039 5587 Minucio
1078 5535 1251 5589 notari
1276 5532 1585 5597 Laberium,
1615 5547 1645 5587 a
1671 5531 2018 5600 Tertulliano,

427 5629 503 5683 uti
534 5626 693 5697 paulo
721 5635 848 5682 ante
874 5626 1268 5692 annotavitnus,
1302 5625 1599 5694 laudatum,
1637 5635 1691 5681 et
1718 5625 1834 5683 haec
1879 5626 2019 5684 illius

423 5717 659 5779 carmina
685 5732 716 5772 a
745 5717 952 5773 Criuito
978 5716 1273 5787 descripta:

671 5832 735 5891 Et
756 5831 901 5886 audio
925 5830 1053 5881 mala
1075 5829 1227 5884 multa
1252 5831 1399 5885 etiam
1420 5845 1484 5889 ex
1509 5833 1654 5886 bonis

2135 4730 2256 4776 cert.
2289 4719 2346 4772 in
2391 4715 2655 4780 Lactant.,
2685 4729 2803 4778 cap.
2832 4710 2925 4775 29.
2948 4720 3050 4766 art.
3081 4710 3133 4773 1,
3168 4706 3387 4767 Diucrt.
3422 4711 3478 4763 in
3521 4704 3732 4762 Tertull.

2138 4810 2436 4881 Apologet.‘,
2467 4823 2584 4878 cap.
2623 4805 2712 4872 11,
2744 4813 2845 4859 art.
2885 4801 2970 4874 2.)
3016 4802 3091 4858 De
3138 4800 3240 4857 hac
3288 4816 3449 4871 porro
3491 4799 3630 4855 illius
3673 4810 3733 4850 ac

2134 4902 2376 4960 Platonis
2414 4900 2669 4970 opinione
2706 4912 2737 4952 a
2768 4895 2925 4953 nobis
2963 4894 3076 4967 jam
3106 4892 3315 4951 dictum
3366 4900 3486 4961 est,
3514 4902 3566 4948 et
3592 4886 3732 4946 infra

2135 4994 2313 5052 adhuc
2332 4991 2717 5064 disputabitur.

2766 5141 3059 5185 ABTICULUS
3096 5140 3158 5181 ll.

2130 5295 2255 5351 Alia
2284 5293 2353 5348 ad
2372 5289 2690 5363 probandam
2718 5303 2986 5358 corporum
3004 5296 3296 5342 nostrorum
3324 5280 3726 5340 resurrectionem

2168 5387 2385 5452 Octavii,
2416 5394 2465 5441 et
2490 5383 2748 5440 contraria
2771 5380 2964 5440 Otacilii
2993 5391 3295 5453 argumenta
3318 5378 3684 5435 examinantur.

2195 5545 2398 5602 Contra
2450 5544 2679 5616 primam
2728 5540 2933 5598 Octavii
2987 5537 3502 5611 argumentationem
3536 5531 3721 5600 objec-

2122 5640 2269 5696 tabat
2297 5638 2569 5705 Caecilius,
2595 5636 2792 5705 aliique
2818 5632 3073 5706 gentiles.
3099 5647 3159 5688 se
3177 5645 3466 5702 numquam
3486 5622 3719 5683 ridicula:

2119 5749 2343 5807 prorsus
2390 5741 2485 5788 aut
2533 5730 2855 5804 Pythagorae
2882 5736 2939 5784 et
2984 5727 3245 5791 Platonis,
3272 5735 3367 5781 aut
3392 5719 3715 5781 Christiano-

2117 5805 2240 5886 rum
2260 5826 2331 5884 de
2357 5840 2587 5901 corpore
2611 5831 2801 5882 nostro
2826 5820 2895 5880 ad
2955 5820 3121 5879 vitam
3151 5817 3457 5880 revocando
3481 5805 3717 5888 opinioni
