3972 6310
272 336 386 393 465

1667 325 2143 386 DlSSERTATIO.

3466 323 3579 384 466

273 450 620 509 subscribere
648 449 926 522 potuisse;
957 444 1389 520 quandoquidem
1422 444 1567 500 nulla
1596 456 1868 512 umquam,
1897 441 1948 499 Α
1976 442 2225 496 essentia:
2250 454 2384 496 meae
2426 439 2582 495 tidem
2624 438 2832 508 habeo;
2883 441 2952 497 ita
2983 452 3161 508 natus,
3192 451 3248 499 et
3305 459 3401 515 per
3431 458 3581 499 mor-

271 561 629 619 quaecumque
679 545 930 615 ﬁngatur,
976 542 1185 599 ratione
1229 542 1343 597 fieri
1380 539 1507 596 illud
1547 534 1874 609 potest.Sed

270 638 532 697 Octavius
553 640 779 693 insulam
822 635 1115 693 adversarii
1139 635 1253 701 sui,
1282 635 1351 690 de
1399 641 1665 702 potestate
1692 630 1875 687 divina

266 730 601 796 dubitantis,
658 730 1013 785 temeritatem
1054 728 1132 783 sic
1179 728 1468 799 reprimit:
1507 743 1526 778 ι
1562 723 1696 792 Quis
1763 731 1871 777 tam

276 824 504 889 stultus,
533 830 626 879 aut
655 823 843 878 brutus
871 831 988 891 est,
1035 832 1095 877 ut
1124 836 1322 889 negare
1363 819 1557 875 audeat
1603 827 1872 874 mortuum

269 913 546 971 hominem
579 916 817 985 potuisse
844 931 872 970 a
904 914 1013 970 Dt-o
1033 914 1099 970 ad
1132 915 1292 970 vitam
1315 911 1600 969 revocari?
1629 932 1649 964 ι
1671 910 1872 979 Quem-

266 1008 564 1065 admodum
612 1012 755 1064 enim
789 1008 1061 1065 hominem
1105 1024 1173 1065 ex
1224 1008 1394 1063 nihilo
1424 1007 1578 1062 tinxit
1604 1020 1670 1061 ac
1722 1019 1873 1060 crea-

261 1103 367 1163 vit.
414 1101 486 1156 ita
520 1117 672 1173 aeque
702 1100 863 1158 facile
903 1102 1049 1157 illum
1089 1119 1117 1157 a
1148 1101 1372 1156 mortuis
1402 1101 1639 1155 excitare
1671 1106 1869 1170 potest.

268 1192 382 1250 Sed
402 1196 503 1250 hoc
553 1204 925 1266 argumentum
955 1195 1134 1250 acrius
1164 1203 1312 1261 urget
1334 1192 1577 1249 Justinus
1622 1202 1868 1263 martyr:

272 1307 292 1340 σ
327 1287 388 1345 Si
416 1288 539 1359 quis
570 1304 822 1358 umquam
850 1287 1024 1353 vobis,
1052 1302 1173 1343 cum
1207 1286 1443 1342 nondum
1485 1285 1618 1341 tales
1640 1294 1875 1342 exstare-

264 1383 359 1447 tis,
395 1395 570 1447 neque
599 1395 666 1436 ex
713 1379 912 1435 talibus
939 1380 1041 1434 orti
1072 1381 1285 1439 essetis,
1324 1388 1657 1435 asseveraret
1685 1392 1871 1433 semen

264 1470 561 1527 humanum
593 1482 649 1527 et
684 1471 969 1540 imaginem
1006 1471 1199 1539 pictam
1240 1470 1513 1536 indicans,
1539 1485 1604 1525 ex
1660 1484 1726 1525 eo
1755 1468 1872 1537 ipso

263 1563 475 1618 semine
526 1572 772 1617 naturam
814 1561 1114 1633 huiusmodi
1145 1560 1260 1616 ﬁeri
1308 1575 1503 1630 posse;
1541 1575 1668 1616 num
1700 1559 1873 1628 prius-

258 1671 424 1726 quam
453 1655 502 1710 id
528 1653 725 1711 factum
743 1666 908 1718 esset.
923 1654 1242 1711 crederetis?
1262 1653 1379 1711 Non
1401 1653 1649 1724 equidem
1678 1653 1872 1723 opinor

259 1764 590 1821 quemquam
612 1758 800 1805 contra
823 1748 926 1805 hoc
946 1749 1130 1805 dicere
1156 1764 1408 1803 ausurum
1437 1762 1577 1804 esse.
1594 1746 1700 1804 Sed
1723 1746 1866 1802 enim

1984 543 2091 588 tem
2123 535 2190 589 ad
2225 550 2328 590 non
2359 549 2481 590 esse
2510 533 2784 601 redactus,
2839 547 2998 606 atque
3029 536 3221 593 iterum
3253 538 3579 607 conspicuus

1977 626 2152 683 oculis
2200 628 2377 683 denuo
2405 628 2653 683 existam.
2688 627 2943 697 Quamvis
2991 629 3133 685 enim
3164 644 3293 685 caro
3341 638 3451 685 tota
3494 630 3580 685 in-

1977 721 2172 778 cendio
2224 731 2603 785 consumatur,
2665 720 2943 777 materiam
2997 731 3177 776 tamen
3233 732 3576 791 evaporatam

1978 814 2211 871 mundus
2250 816 2488 886 excipit:
2522 830 2844 888 quamquam
2875 825 2967 870 aut
3017 816 3068 871 in
3097 815 3298 879 fluviis,
3325 827 3414 871 aut
3445 816 3581 872 mari

1976 913 2376 975 contabescam,
2427 921 2519 964 aut
2576 909 2703 966 feris
2754 910 3008 974 dilanier,
3062 910 3270 967 condor
3312 911 3579 966 tamenin

1977 1022 2117 1079 pemt
2164 1006 2440 1076 perdivitis
2464 1005 2689 1061 domini.
2736 1004 2890 1073 Quod
2925 1007 3049 1063 licet
3094 1023 3356 1079 pauperes
3399 980 3582 1064 et'im-

1975 1102 2047 1175 pii
2093 1101 2363 1166 nesciant;
2414 1100 2556 1155 Deus
2599 1109 2778 1155 tamen
2823 1101 2914 1172 qui
2970 1112 3178 1173 regnat,
3218 1102 3577 1159 subsmntiam

1973 1195 2077 1254 sibi
2119 1194 2219 1250 soli
2255 1193 2622 1263 conspicuam,
2651 1193 2866 1264 quando
2898 1194 3150 1262 voluerit,
3202 1196 3269 1251 ad
3301 1195 3579 1264 pristinam

1973 1284 2336 1359 integritatem
2396 1285 2616 1343 reducet
2659 1284 2901 1357 (Tatian.
2963 1285 3111 1343 Orat.
3181 1297 3349 1343 contr.
3417 1284 3585 1342 Graec.

1974 1394 2094 1451 pag.
2130 1375 2278 1452 146).
2318 1396 2337 1431 ι

2045 1469 2168 1526 Pari
2215 1471 2377 1527 etiam
2410 1470 2571 1527 modo
2616 1470 2984 1527 Tertullianus
3037 1470 3372 1542 respondet:
3408 1470 3586 1528 «Ubi—

1973 1577 2204 1634 cumque
2257 1563 2528 1619 resolutus
2585 1562 2787 1630 fueris,
2845 1579 3198 1635 quaecumque
3250 1575 3300 1618 te
3355 1563 3585 1620 materia

1972 1653 2324 1719 destruxerit,
2377 1655 2648 1721 hauserit,
2678 1655 2999 1719 aboleverit,
3048 1657 3100 1711 in
3145 1657 3372 1712 nihilum
3425 1658 3584 1712 rede.

1971 1750 2129 1819 gerit,
2183 1747 2372 1805 reddet
2409 1757 2481 1806 te.
2535 1749 2666 1818 Eius
2705 1758 2790 1805 est
2833 1748 3058 1803 nihilum
3110 1748 3308 1819 ipsum,
3350 1748 3502 1819 cujus
3523 1758 3583 1804 et

256 1843 533 1916 quomodo
557 1844 627 1899 ab
661 1843 814 1899 initio
853 1860 959 1899 non
1015 1843 1382 1899 credidissetis
1426 1842 1683 1913 possibile
1717 1854 1860 1907 esse,
1893 1837 1940 1897 B
1970 1850 2139 1898 totum
2168 1842 2410 1914 (Tertull.
2450 1844 2671 1916 Apolog.
2708 1859 2822 1915 cap.
2874 1843 2969 1910 48,
3020 1860 3142 1914 pag.
3176 1843 3289 1914 45).
3320 1863 3339 1895 ι
3396 1843 3581 1913 Longe

261 1948 317 1992 ut
346 1954 381 1994 e
411 1940 556 1994 tenui
588 1946 736 2009 gutta
765 1938 899 1995 tales
950 1938 1244 1995 existerent
1287 1946 1344 1994 et
1370 1937 1621 1993 extitisse
1688 1946 1865 1992 tamen

260 2028 457 2084 videtis
481 2048 494 2085 :
526 2032 715 2086 eodem
745 2028 907 2085 modo
930 2029 1231 2085 existimate
1260 2029 1591 2099 impossibile
1613 2044 1719 2083 non
1747 2043 1868 2085 esse

266 2132 324 2175 nt
350 2121 632 2187 dissoluta,
664 2130 825 2194 atque
850 2122 1116 2177 seminum
1149 2121 1318 2176 instar
1343 2121 1394 2175 in
1438 2120 1866 2193 terramdejccta

259 2226 491 2281 corpora
523 2212 777 2281 humana,
812 2223 1054 2283 tempore
1084 2228 1204 2279 suo,
1241 2211 1395 2283 jussu
1438 2213 1529 2267 Dei
1563 2212 1869 2282 relinquant

259 2316 314 2359 et
344 2316 593 2361 naturam
641 2305 1105 2379 incorruptibilem
1146 2304 1368 2361 induant
1406 2304 1622 2378 (Justiti.
1647 2347 1661 2370 ,
1713 2305 1862 2376 Apol.

257 2413 316 2465 tt,
348 2416 467 2471 pag.
488 2399 583 2471 65)
631 2418 649 2453 ι

337 2492 545 2550 Eodem
568 2511 781 2568 quoque
811 2496 918 2552 telo
940 2494 1184 2551 ethnicos
1232 2509 1339 2550 non
1392 2491 1565 2550 solum
1586 2491 1864 2563 Tatianus,

260 2594 318 2641 et
349 2588 742 2659 Athenagoras,
783 2604 812 2642 a
860 2588 1016 2644 nobis
1058 2604 1181 2643 mox
1233 2586 1453 2654 citaudi,
1478 2601 1664 2643 verum
1703 2586 1867 2641 etiam

261 2675 633 2734 Tertullianus
662 2679 741 2735 sic
764 2678 881 2736 [erit
916 2699 929 2734 :
979 2700 997 2733 ι
1024 2677 1322 2736 Considera
1339 2690 1388 2735 te
1407 2682 1599 2750 ipsum,
1622 2693 1656 2733 o
1682 2677 1864 2744 homo,

259 2780 319 2826 et
352 2771 511 2826 tidem
535 2773 612 2826 rei
642 2772 907 2828 invenies.
937 2772 1190 2842 Recogita
1213 2772 1338 2843 quid
1366 2771 1554 2835 fueris,
1579 2780 1867 2843 antequam

262 2876 439 2930 esses,
465 2862 649 2935 utique
675 2863 803 2919 nihil
834 2865 1207 2920 :meminisses
1226 2867 1393 2930 enim,
1417 2865 1461 2920 si
1493 2864 1618 2934 quid
1650 2862 1865 2919 fuisses.

262 2957 368 3027 Qui
405 2973 532 3028 ergo
554 2957 684 3012 nihil
716 2958 878 3013 lueris
906 2958 1216 3029 priusquam
1243 2972 1413 3022 esses,
1438 2957 1579 3012 idem
1611 2955 1745 3012 nihil
1790 2953 1862 3011 fa-

263 3058 410 3115 ctus,
436 3063 556 3104 cum
579 3064 699 3105 esse
720 3050 965 3111 desieris.
991 3065 1087 3105 cur
1117 3063 1220 3104 non
1247 3050 1420 3119 poSsis
1447 3064 1632 3104 rursus
1653 3064 1773 3104 esse
1798 3048 1868 3106 de

264 3140 461 3209 nihilo,
491 3143 732 3211 ejusdem
763 3143 1001 3200 auctoris
1023 3143 1318 3209 voluntate,
1347 3144 1437 3214 qui
1478 3153 1531 3199 te
1553 3143 1721 3199 voluit
1744 3159 1867 3200 esse

1972 1947 2151 1992 autem
2180 1936 2351 1993 fusius
2394 1940 2766 2009 Athenagoras
2794 1937 2910 1993 hzec
2934 1937 3192 1993 adversus
3217 1938 3444 2009 gentiles
3473 1953 3567 1992 ur-

1971 2040 2061 2101 get
2088 2042 2143 2087 et
2171 2030 2430 2100 explicat.
2463 2031 2539 2086 lbi
2583 2038 2763 2087 autem
2814 2032 2950 2100 ipse,
2993 2029 3455 2099 quemadmodum
3489 2028 3585 2085 alii

1966 2125 2077 2194 jam
2105 2124 2252 2179 citati
2304 2140 2334 2178 a
2374 2124 2532 2180 nobis
2579 2124 2881 2194 Scriptores
2922 2142 2935 2175 :
2978 2127 3039 2176 Et
3070 2137 3141 2191 μὴ
3181 2129 3295 2180 ὄντα
3323 2130 3453 2178 κατὰ
3480 2132 3577 2181 τὴν

1973 2224 2163 2287 πρώτην
2206 2222 2452 2281 aberunt,
2504 2224 2693 2279 ἕπυίησε
2737 2220 2801 2271 τὰ
2840 2228 2931 2270 τῶν
2958 2221 3212 2286 ἀνθρώπων
3239 2225 3461 2284 σώματα.
3491 2225 3578 2269 καὶ

1968 2318 2057 2375 τὰς
2082 2317 2257 2367 τούτων
2279 2317 2454 2382 amt“
2499 2313 2582 2365 uti
2630 2314 2945 2372 διαλυθέν-τοι,
2996 2311 3103 2365 καθ’
3145 2318 3195 2364 ὃν
3232 2314 3360 2382 τῦχῃ
3408 2319 3577 2377 τὺπον,

1972 2408 2230 2460 ἀναστάσει
2257 2408 2383 2471 μετὰ
2407 2419 2493 2466 τῆς
2520 2407 2793 2474 εὖμειριὶας.
2828 2409 2997 2466 inlata;
3031 2407 3126 2474 γὰρ
3152 2406 3281 2473 θῦτῷ
3320 2406 3405 2456 καὶ
3433 2410 3579 2458 τοῦτο

1973 2497 2185 2553 δυνά-τᾶν.
2218 2514 2237 2547 ι
2273 2494 2331 2552 Si
2362 2495 2638 2551 hominum
2668 2509 2895 2566 corpora
2924 2509 3046 2550 cum
3078 2509 3185 2549 non
3211 2503 3415 2555 essent.
3444 2507 3578 2548 con-

1973 2587 2109 2644 didit
2150 2589 2313 2651 Deus,
2363 2604 2661 2660 eorumque
2707 2589 2965 2659 principia
3007 2589 3149 2644 unde
3178 2587 3439 2658 originem
3469 2595 3581 2642 tra-

1973 2680 2129 2750 hunt,
2179 2684 2511 2753 procreavit;
2543 2683 2704 2738 etiam
2748 2682 3251 2753 quomodocumque
3279 2680 3536 2735 dissoluta
3558 2722 3573 2747 ,

1974 2790 2095 2831 cum
2143 2775 2331 2832 eadem
2360 2774 2619 2831 facilitate
2665 2774 2996 2830 instaurabit.
3038 2774 3094 2829 ld
3138 2774 3281 2830 enim
3315 2772 3391 2827 illi
3420 2787 3576 2844 mque

1972 2869 2129 2927 facile
2179 2879 2262 2926 est
2314 2870 2667 2942 (Athenagor.
2719 2869 2808 2925 lib.
2859 2869 2923 2923 de
2956 2867 3141 2924 Resur.
3190 2885 3297 2922 car.
3328 2885 3451 2939 pug.
3503 2867 3575 2924 45

1972 2972 2020 3018 et
2057 2965 2245 3034 seqq).
2296 2982 2315 3016 ι
2349 2961 2556 3018 Caetera
2587 2971 2766 3017 autem
2796 2976 2918 3032 quae
2965 2960 3051 3017 hic
3082 2961 3439 3016 transcribere
3454 2960 3579 3015 lon—

1972 3056 2091 3129 gius
2134 3058 2291 3123 foret,
2344 3055 2397 3110 in
2446 3056 2564 3125 ejus
2612 3055 2750 3110 libro
2799 3058 2979 3125 legere
3030 3063 3081 3109 te
3130 3071 3235 3109 non
3268 3054 3463 3124 pigeat.

2043 3149 2298 3219 Quamvis
2349 3160 2528 3204 autem
2585 3147 2848 3203 Minucius
2904 3155 2983 3201 tot
3033 3147 3271 3217 tantique
3321 3145 3574 3215 ponderis

263 3234 337 3289 de
370 3234 585 3290 nihilo?
612 3235 711 3303 Qui
742 3252 848 3291 non
899 3251 1043 3303 eras,
1078 3234 1248 3291 factus
1276 3251 1365 3305 es,
1391 3251 1511 3292 cum
1542 3236 1734 3292 iterum
1759 3252 1865 3292 non
1893 3234 1938 3299 C
1971 3243 2270 3299 rationibus
2313 3241 2530 3296 frivolas
2551 3240 2910 3296 .ethnicorum
2932 3239 3302 3295 cavillationes
3332 3237 3573 3293 funditus

265 3329 402 3394 eris,
434 3327 551 3383 lies.
573 3328 775 3395 Redde,
796 3329 841 3382 si
873 3338 1045 3398 potes,
1067 3328 1350 3392 rationem,
1379 3343 1481 3395 qua
1511 3327 1683 3383 factus
1711 3343 1791 3395 es,
1814 3336 1870 3384 et

268 3430 402 3476 tunc
449 3422 665 3490 require
707 3437 808 3493 qua
841 3421 956 3478 lies.
982 3421 1051 3477 Et
1080 3432 1254 3477 tamen
1287 3422 1494 3478 facilius
1525 3423 1707 3494 utique
1749 3422 1866 3492 lies,

267 3515 417 3587 quod
456 3513 601 3571 fuisti
630 3516 954 3587 aliquando;
985 3517 1104 3583 quia
1150 3532 1303 3586 tuque
1333 3533 1439 3573 non
1460 3515 1679 3573 difficile
1700 3518 1869 3574 lactus

269 3626 374 3671 es.
426 3613 568 3681 quod
615 3627 905 3682 numquam
955 3611 1098 3667 fuisti
1144 3611 1451 3683 aliquando.
1506 3613 1865 3678 Dubitabitur,

268 3704 458 3771 credo,
478 3703 546 3759 de
571 3705 664 3761 Dei
680 3706 903 3768 viribus,
927 3708 1016 3777 qui
1043 3715 1246 3761 tantum
1266 3705 1370 3763 hoc
1387 3722 1585 3777 corpus
1603 3705 1870 3763 mundide

270 3815 361 3868 eo,
393 3801 535 3871 quod
564 3818 668 3856 non
699 3799 1011 3863 fuerat,uon
1038 3802 1213 3858 minus
1234 3817 1391 3869 quam
1423 3802 1492 3858 de
1509 3811 1682 3857 morte
1713 3816 1867 3857 vaca-

272 3893 438 3949 tionis
464 3903 516 3949 et
544 3894 813 3951 inanitatis
837 3896 1157 3967 composuit,
1184 3896 1478 3951 animatum
1504 3896 1693 3964 spiritu
1747 3911 1867 3949 om-

270 3986 424 4043 nium
446 3989 798 4042 animatorum
816 3987 1005 4055 (Tert.,
1022 3988 1238 4058 Apolog.
1255 4004 1303 4042 ε.
1326 3988 1413 4054 48,
1433 3986 1604 4056 ρ.42).
1645 4004 1663 4039 ι
1693 3996 1871 4058 Atque

274 4079 394 4134 hmc
420 4078 508 4134 ille
540 4080 752 4134 uberius
776 4095 842 4135 eo
865 4080 917 4134 in
950 4080 1088 4135 libro
1111 4081 1454 4151 prosequitur
1480 4080 1672 4155 (Idem,
1693 4081 1781 4135 lib.
1808 4079 1873 4135 de

276 4171 573 4228 Resurrecl.
593 4174 781 4237 carnis,
799 4189 847 4228 c.
877 4172 936 4228 ll
964 4183 1142 4244 etaeqq
1168 4172 1187 4246 )
1242 4174 1463 4229 Brevius
1486 4182 1664 4228 autem
1685 4183 1869 4244 postea

274 4263 632 4320 Lactantius:
668 4282 687 4316 ε
721 4265 776 4320 Si
823 4279 851 4317 a
898 4264 1165 4336 principio
1191 4264 1329 4319 Deus
1371 4263 1643 4321 hominem
1691 4264 1873 4320 nescio

275 4373 389 4428 quo
420 4358 761 4413 inenarrabili
808 4358 971 4414 modo
997 4358 1247 4425 instituit,
1272 4358 1556 4415 credamus
1591 4359 1660 4415 ab
1696 4375 1763 4415 eo
1784 4375 1872 4415 re-

275 4449 433 4504 stitui
459 4462 698 4507 veterem
731 4466 907 4521 posse,
929 4451 1021 4522 qui
1056 4468 1250 4507 novum
1287 4451 1409 4509 fecit
1459 4451 1749 4525 (Lactant.,
1779 4452 1870 4510 lib.

277 4559 354 4599 th
381 4542 644 4611 Inclinat,
676 4562 792 4616 cap.
837 4545 929 4612 9.3,
959 4563 1077 4618 pag.
1123 4546 1273 4618 721).
1307 4565 1326 4599 ι

1972 3335 2263 3400 everterit;
2316 3334 2480 3388 variis
2535 3331 2882 3388 nihilominus
2931 3332 3194 3401 exemplis
3238 3331 3355 3387 illas
3392 3330 3571 3386 adhuc

1973 3430 2168 3488 refellit
2210 3439 2263 3484 et
2308 3428 2580 3483 destruit:
2617 3446 2636 3480 ι
2670 3426 2803 3483 Vide
2842 3427 2996 3493 adeo,
3053 3426 3360 3497 inquiebat,
3411 3440 3572 3497 quam

1972 3527 2025 3583 in
2071 3525 2319 3581 solatium
2362 3524 2554 3590 nostri,
2607 3526 3056 3579 resurrectionem
3107 3521 3341 3579 futuram
3394 3521 3573 3577 omnis

1972 3632 2161 3675 natura
2216 3617 2523 3673 meditetur.
2570 3614 2664 3671 Sol
2707 3614 2971 3685 demergit
3020 3623 3076 3671 et
3121 3616 3378 3679 nascitur,
3427 3625 3573 3670 astra

1972 3710 2226 3768 labuntur
2266 3721 2318 3766 et
2367 3710 2612 3771 redeunt,
2661 3709 2822 3765 ﬂores
2850 3707 3108 3765 occidunt
3136 3719 3191 3765 et
3221 3711 3571 3770 reviviscunt,

1974 3815 2093 3875 post
2136 3803 2343 3858 senium
2388 3802 2605 3858 arbusta
2654 3800 3023 3865 frondescunt,
3075 3803 3283 3855 semina
3330 3815 3435 3855 non
3468 3799 3575 3854 nisi

1973 3902 2222 3964 corrupta
2267 3892 2637 3948 revirescunt:
2671 3892 2742 3947 ita
2789 3905 2983 3961 corpus
3028 3891 3080 3945 in
3111 3891 3327 3957 saeculo,
3378 3900 3432 3944 ut
3478 3904 3571 3943 ar-

1976 3986 2134 4043 bores
2160 3987 2210 4040 in
2243 3985 2487 4058 hyberno
2515 3984 2689 4040 adhuc
2726 3984 2997 4040 occultant
3029 3983 3275 4047 virorem,
3325 3982 3575 4038 ariditate

1974 4079 2219 4135 mentita.
2250 4077 2388 4146 Quid
2421 4076 2641 4133 festinas
2682 4084 2741 4132 ut
2768 4077 2932 4133 cruda
2983 4076 3157 4131 adhuc
3198 4076 3391 4150 hyeme
3421 4076 3570 4132 revi-

1974 4173 2137 4229 viscat
2191 4182 2244 4228 et
2275 4171 2493 4227 redeat?
2517 4189 2536 4223 ι
2570 4171 2770 4227 Eadem
2797 4181 2881 4227 est
2907 4170 3195 4241 Theophili
3241 4170 3573 4227 Autiochcni

1975 4266 2207 4322 futuram
2238 4265 2479 4334 corporis
2516 4264 2683 4320 nostri
2731 4265 3183 4320 resurrectionem
3213 4265 3573 4334 comproban-

1976 4359 2028 4415 di
2076 4358 2233 4414 ratio.
2262 4375 2282 4410 ι
2316 4357 2453 4412 Deus
2501 4356 2875 4427 plurimarum,
2925 4356 3125 4426 inquit,
3177 4372 3355 4412 rerum
3404 4370 3569 4426 argu-

1979 4461 2156 4507 menta
2208 4449 2533 4521 suppeditat,
2591 4448 2783 4520 quibus
2834 4449 3262 4504 incredulitatem
3307 4459 3571 4515 nostram,

1978 4556 2236 4617 quantum
2283 4544 2349 4599 ad
2396 4543 2807 4599 resurrectionis
2867 4544 3138 4613 negotium
3179 4546 3401 4606 attinet,
3456 4557 3579 4613 pro-

356 4638 631 4693 lnstaliant
664 4650 842 4696 tamen
886 4641 1113 4712 gentiles
1140 4640 1253 4697 ﬁeri
1289 4643 1511 4699 omnino
1542 4658 1647 4699 non
1689 4658 1868 4714 posse,
1896 4635 1948 4697 D
1977 4640 2157 4711 pellat.
2187 4638 2425 4695 Observa
2448 4679 2463 4705 ,
2509 4636 2609 4693 nisi
2661 4635 2944 4691 molestum
2975 4636 3067 4705 sit,
3099 4646 3423 4705 temporum,
3467 4636 3577 4691 die-

281 4741 347 4786 ut
380 4730 613 4786 hominis
641 4747 838 4804 corpus
858 4734 1009 4803 aquis
1037 4733 1373 4803 absorptum,
1407 4734 1529 4806 igne
1554 4745 1874 4802 crematum,

285 4825 342 4881 in
387 4827 679 4896 pulverem,
731 4828 940 4883 cineres
970 4837 1025 4883 et
1079 4826 1286 4882 favillas
1316 4828 1612 4893 redactum,
1650 4829 1704 4885 in
1733 4829 1878 4885 aliud

284 4932 485 4986 corpus
533 4927 969 4980 transmittatum,
1017 4918 1156 4974 idem
1212 4935 1436 4975 numero
1465 4936 1653 4976 rursus
1680 4936 1877 4976 exsus-

286 5010 505 5071 citetur.
557 5010 846 5078 reﬁciatnr,
894 5026 958 5066 ac
997 5011 1343 5068 reformetur.
1374 5012 1442 5069 At
1473 5012 1762 5085 respondet
1784 5013 1883 5068 Mi-

287 5105 499 5169 nucius,
526 5120 847 5174 quamquam
875 5119 1073 5176 corpus
1120 5104 1247 5161 illud
1280 5124 1300 5158 ‹
1338 5106 1493 5161 nobis
1520 5106 1876 5173 subducatur,

202 5220 215 5235 -
292 5196 406 5251 Deo
433 5205 611 5252 tamen
638 5197 1028 5253 elementorum
1059 5197 1267 5253 custodi
1314 5197 1601 5252 reservari.
1656 5218 1676 5250 ι
1709 5197 1772 5253 Et
1831 5198 1883 5254 id

290 5287 512 5360 quidem
560 5290 651 5347 ille
690 5291 895 5363 paucis.
942 5290 1085 5357 quod
1115 5290 1353 5360 pluribus
1381 5290 1638 5346 Tatianus
1664 5301 1719 5347 et
1750 5290 1889 5348 hunc

292 5383 522 5451 urgebat
542 5384 592 5436 in
622 5383 840 5437 modum
865 5399 881 5440 :
918 5400 937 5435 ι
957 5382 1157 5437 Hoeita
1180 5381 1413 5438 futurum
1429 5384 1723 5450 credimus,
1752 5383 1885 5439 nihil

295 5476 511 5531 interim
538 5485 819 5539 curantes,
854 5485 1142 5544 utcumque
1174 5478 1358 5546 nugari
1393 5491 1491 5531 nos
1533 5485 1589 5531 et
1617 5476 1887 5533 blaterare

294 5568 653 5624 arbitremini.
707 5568 968 5636 Quoniam
1010 5568 1150 5623 sicut
1180 5564 1512 5639 ignorabam,
1542 5571 1662 5640 quis
1686 5583 1885 5637 essent,

298 5669 585 5731 antequam
639 5674 912 5724 nascerer,
946 5674 1068 5713 cum
1109 5661 1289 5715 nullus
1337 5661 1511 5715 adlmc
1541 5676 1741 5726 essem,
1797 5676 1890 5716 so-

298 5754 411 5813 lum
450 5766 629 5808 autem
676 5755 727 5808 in
768 5752 1014 5823 subjecto
1058 5754 1297 5808 materia:
1334 5751 1513 5809 carnis
1560 5753 1890 5820 existebam;

303 5846 498 5907 deinde
519 5846 756 5920 genitus,
784 5848 874 5918 qui
905 5846 1035 5904 olim
1062 5860 1170 5903 non
1199 5861 1371 5917 eram,
1406 5847 1520 5920 ipsa
1545 5846 1897 5919 generatione

1981 4748 2100 4790 rum
2176 4738 2231 4786 et
2300 4730 2537 4787 noctium
2587 4728 2881 4785 interitum.
2931 4731 3121 4784 Annon
3169 4727 3577 4796 animadvertis,

1983 4838 2041 4884 ut
2092 4828 2191 4882 ista
2239 4826 2540 4881 moriuntur
2587 4832 2640 4879 ct
2688 4823 3011 4895 resurgunt?
3036 4822 3172 4891 Quid
3207 4833 3463 4892 praeterea
3492 4838 3579 4879 re-

1982 4917 2151 4976 feram
2204 4917 2653 4973 rcsurrectionem
2713 4917 2977 4971 fructuum
3031 4924 3087 4969 et
3124 4916 3410 4981 seminum,
3459 4929 3580 4987 quae

1984 5011 2163 5067 omnia
2208 5018 2407 5065 nostra:
2450 5008 2709 5063 voluntati
2734 5007 3010 5063 serviunt?
3056 5007 3111 5063 Si
3142 5008 3285 5061 enim
3329 5022 3578 5078 granum,

1986 5103 2217 5174 exempli
2260 5102 2451 5172 gratia,
2482 5102 2663 5165 tritici,
2712 5110 2804 5156 aut
2850 5100 3177 5170 reliquorum
3222 5099 3487 5156 fructuum
3528 5102 3581 5157 in

1988 5208 2188 5255 terram
2234 5196 2518 5268 sparseris,
2549 5197 2780 5266 primum
2824 5194 3041 5265 quidem
3089 5196 3316 5249 moritur
3360 5203 3417 5250 et
3462 5195 3579 5250 dis-

1987 5291 2236 5351 solvitur.
2281 5302 2332 5344 et
2386 5296 2495 5343 tmn
2548 5286 2764 5343 domum
2820 5286 3078 5349 nascitur,
3135 5294 3193 5342 et
3245 5286 3297 5342 in
3345 5287 3582 5342 culmum

1990 5383 2401 5441 fruetilicautem
2455 5382 2703 5451 assurgit.
2741 5378 3009 5435 Arborum
3055 5389 3111 5435 et
3138 5396 3437 5451 quercuum
3486 5396 3580 5435 na-

1994 5486 2131 5539 tura,
2176 5475 2468 5531 secundum
2514 5473 2721 5528 Domini
2755 5473 3060 5541 imperium,
3112 5474 3322 5529 occulta
3350 5472 3585 5543 quadam

1994 5569 2079 5635 vi,
2129 5567 2387 5637 nobisque
2437 5564 2730 5629 invisibili,
2787 5563 2941 5618 statis
2994 5564 3325 5634 temporibus
3385 5564 3593 5620 fructus

1995 5660 2294 5731 proferunt.
2347 5657 2618 5712 Interdum
2671 5654 3034 5726 passct'culus,
3087 5666 3182 5711 aut
3233 5659 3332 5712 alia
3381 5656 3593 5713 avicula

1998 5752 2268 5808 devorans
2311 5765 2496 5806 semen
2542 5748 2688 5816 ntali,
2740 5758 2830 5802 aut
2876 5746 3033 5812 ﬁcus,
3080 5758 3171 5803 aut
3212 5748 3435 5804 alterius
3481 5748 3593 5816 rei,

1999 5844 2179 5903 avolat
2210 5844 2262 5900 in
2298 5843 2474 5898 locum
2518 5841 2748 5918 aliquem
2789 5840 3017 5907 editum,
3067 5855 3340 5908 saxosum,
3373 5851 3423 5901 et
3459 5841 3508 5897 id
3543 5841 3596 5904 in
