4058 6316
414 327 521 385 467

1697 324 1786 382 DE
1824 316 2077 380 MINUCII
2118 319 2418 379 OCTAVIO

3612 325 3715 382 468

418 445 633 500 foveam
676 444 913 512 aliquam
945 456 1040 510 per
1064 441 1334 495 diversam
1356 439 1601 508 corporis
1629 447 1836 509 partem
1866 438 2013 493 cmit-
2045 437 2097 496 A
2124 437 2190 492 ad
2218 453 2278 491 ea
2310 436 2607 492 revocanda
2657 438 2752 493 Dei
2803 448 3064 510 potestas,
3095 453 3198 509 qua
3248 441 3317 497 de
3360 441 3471 496 sola
3511 442 3710 512 agitur,

414 539 502 594 tit.
553 536 691 605 Quid
730 536 830 590 fit?
861 535 1059 591 Semen
1098 533 1227 589 illud
1255 533 1568 598 subcressit,
1597 533 1726 588 etin
1766 532 2016 588 arborem

418 646 668 697 magnam
725 629 923 695 evadit,
972 627 1215 698 quamvis
1266 624 1607 692 devoratum,
1658 641 1756 697 per
1812 635 2014 682 tantum

418 724 654 780 calorem
702 723 1066 777 transierit....
1100 716 1192 777 Sin
1225 729 1401 776 autem
1435 721 1669 777 volueris
1717 722 2017 778 mirabilius

417 818 784 887 spectaculum
824 830 1069 882 cernere,
1112 814 1255 883 quod
1296 815 1361 870 ad
1396 815 1445 870 id
1489 830 1860 884 eotnparatum
1908 826 2011 883 est;

416 919 478 963 ut
505 909 709 977 majore
737 908 1005 963 evidentia
1036 920 1370 963 mortuorum
1411 911 1736 965 resurrectio
1760 924 2013 977 compro-

416 1000 591 1065 betur,
637 1001 803 1070 juheo
842 1010 892 1054 te
936 1000 1145 1070 erigere
1184 1001 1409 1066 vultum,
1462 1016 1568 1056 non
1609 1001 1782 1058 solum
1810 1003 1875 1058 ad
1910 1014 2016 1059 lcr-

416 1094 628 1157 restria,
673 1107 857 1148 verum
908 1096 1070 1147 etiam
1099 1093 1165 1147 ad
1207 1094 1507 1150 caelestium
1538 1098 2010 1151 resurrectionem.

413 1184 618 1239 Lunam
667 1185 807 1250 vide,
855 1201 973 1257 quae
1002 1184 1227 1257 singulis
1277 1187 1550 1243 mensibus
1582 1197 1634 1243 et
1682 1189 1821 1259 perit
1845 1199 2015 1245 etre-

413 1276 673 1340 nascitur,
697 1293 799 1333 nec
829 1294 934 1333 non
962 1286 1015 1332 et
1041 1279 1144 1333 alia
1175 1280 1517 1334 considerato
1542 1293 1708 1336 astra.
1740 1281 2010 1338 Pneterea

411 1380 470 1425 et
514 1371 565 1424 in
600 1372 908 1442 temetipso,
962 1389 1208 1443 quamvis
1234 1373 1285 1428 id
1329 1374 1564 1445 ignores,
1599 1378 2012 1432 resurrectionis

411 1465 782 1533 operationem
831 1479 1120 1534 cognosce,
1168 1482 1201 1517 o
1249 1466 1431 1522 homo.
1486 1465 1605 1522 Non
1656 1468 1843 1522 dubito
1882 1470 2010 1538 quin

409 1555 700 1626 aliquando
729 1559 956 1614 adversa
985 1558 1292 1615 Valetudine
1330 1559 1579 1622 afﬂictus.
1627 1561 1873 1617 amiseris
1894 1577 2011 1617 car-

410 1669 512 1709 nes
540 1665 679 1718 tuas,
734 1663 789 1708 et
834 1653 1083 1719 formant,
1117 1653 1413 1724 roburque;
1460 1665 1714 1709 cieternm
1746 1656 1885 1711 Deus
1917 1656 2011 1714 tibi

409 1743 836 1799 misericordiam
886 1744 1201 1816 impertiens
1249 1754 1305 1800 et
1373 1745 1693 1801 medicinam
1735 1749 2008 1814 tribuens,

2120 532 2276 602 plane
2321 546 2383 587 ac
2424 531 2707 603 perspicue
2745 534 3024 605 probatur.
3086 532 3275 589 Nonne
3324 535 3529 591 etenim
3586 536 3715 592 solis

2118 624 2493 695 astrorumque
2532 640 2780 692 occasus,
2810 636 2864 681 et
2914 636 3087 691 ortus,
3134 643 3314 684 nonne
3351 627 3557 684 fruetus
3589 629 3716 683 alia-

2119 728 2223 787 que
2255 716 2558 787 huiusmodi
2596 733 2659 774 ex
2714 721 3145 787 putrescentibus
3187 723 3370 791 granis
3395 723 3509 777 suis
3536 738 3717 779 renas-

2120 809 2320 873 centia,
2371 809 2529 865 nobis
2582 809 2841 867 exhibent
2892 812 3124 882 aliquam
3174 816 3509 881 resurgentis
3555 816 3718 872 nostri

2118 905 2361 974 corporis
2397 905 2842 960 similitudinem?
2875 908 2938 960 At
2966 907 3011 961 si
3059 904 3177 962 haec
3210 907 3369 962 solita
3421 908 3516 964 Dei
3542 920 3719 978 potes-

2120 1009 2228 1054 tate
2247 1000 2503 1054 continuo
2527 999 2679 1065 fiunt,
2702 1000 2975 1070 quomodo
3003 999 3202 1055 ethnici
3235 1018 3432 1073 negare
3453 1003 3721 1059 audehaztt

2117 1106 2345 1163 corpora
2393 1103 2574 1147 nostra
2627 1103 2837 1147 mortua
2894 1108 3054 1162 posse
3096 1093 3283 1148 eadem
3339 1094 3436 1149 Dei
3483 1096 3718 1163 patentia

2117 1184 2184 1239 ad
2218 1185 2379 1240 vitam
2404 1186 2663 1240 excitari?
2696 1185 2763 1241 Ut
2789 1200 2852 1240 ea
2882 1185 3040 1254 igitur
3070 1185 3135 1239 ad
3164 1187 3348 1240 amissi
3379 1188 3597 1241 luminis
3621 1202 3719 1241 au-

2123 1294 2211 1333 ras
2251 1278 2495 1344 redeant,
2540 1279 2670 1334 nihil
2717 1278 2858 1333 aliud
2894 1292 3052 1349 quam
3101 1281 3270 1350 ipsius
3321 1280 3412 1334 Dei
3472 1281 3722 1334 voluntas

2125 1370 2487 1426 desideratur.
2550 1373 2706 1441 Atqui
2754 1371 2804 1426 id
2834 1372 2995 1426 Dt‘llllt
3043 1372 3177 1426 velle
3204 1387 3267 1425 cx
3319 1374 3486 1427 sacris
3515 1374 3718 1427 IlttSll'iS

2116 1461 2410 1534 Scripturis
2457 1464 2864 1519 evidentissime
2917 1464 3209 1535 colligitur,
3261 1466 3335 1519 uti
3383 1464 3609 1521 inferius
3652 1483 3718 1522 ex

2116 1558 2236 1613 aliis
2288 1558 2490 1613 nostris
2558 1554 2915 1628 scriptoribus
2976 1558 3349 1613 ostendemus.
3401 1559 3536 1628 Quia
3593 1575 3724 1615 vero

2115 1648 2313 1705 ethnici
2358 1663 2462 1705 non
2509 1649 2577 1705 de
2630 1650 2728 1705 hac
2774 1652 2956 1721 utique
3009 1651 3100 1705 Dei
3151 1651 3447 1716 Voluntate,
3501 1651 3597 1705 sed
3654 1653 3724 1708 dc

2116 1741 2257 1797 illius
2289 1748 2497 1797 tantum
2525 1744 2761 1811 potentia
2812 1743 2960 1797 litem
3008 1740 3297 1803 faciebant,
3331 1744 3463 1797 satis
3499 1743 3600 1798 sibi
3636 1743 3727 1797 Mi-

410 1836 590 1892 ell‘eeit
631 1848 690 1891 ut
718 1851 912 1892 earnes
961 1836 1210 1904 amissas,
1245 1838 1494 1906 formam,
1554 1836 1822 1908 roburque
1851 1854 2007 1895 recu-
2040 1826 2089 1899 Β
2118 1838 2328 1903 unt-ius,
2364 1836 2583 1906 aliique,
2615 1852 2737 1893 esse
2777 1847 3030 1907 ptttaruut
3062 1836 3199 1893 hane
3234 1838 3395 1892 variis
3424 1840 3710 1904 exemplis,

412 1943 656 1999 pet-ares.
707 1928 773 1983 Et
803 1930 1254 1997 quemadmodum
1298 1932 1513 2002 ignoras
1543 1948 1673 2001 quo,
1707 1944 1758 1989 te
1802 1932 2011 2000 relicto,

412 2036 609 2077 carnes
640 2021 894 2087 abierint,
928 2025 1006 2079 sic
1038 2033 1090 2080 te
1136 2023 1270 2096 fugit
1298 2026 1441 2081 unde
1470 2026 1749 2094 redierint,
1780 2038 1835 2083 et
1871 2030 2014 2086 unde

413 2131 508 2171 eas
534 2119 831 2187 acceperis.
865 2118 1061 2175 Verum
1103 2120 1399 2187 enimvero,
1435 2121 1634 2191 inquis,
1660 2138 1723 2178 cx
1754 2123 2014 2181 alimento

409 2219 466 2264 et
490 2212 799 2279 saporibus.
840 2212 892 2265 in
921 2212 1234 2282 sanguinem
1281 2215 1582 2278 conversis,
1615 2229 1807 2271 carnes
1835 2218 2016 2288 repul-

409 2300 666 2356 lularunt.
711 2301 942 2357 Pulchre
986 2303 1235 2374 quidem;
1284 2305 1380 2360 sed
1428 2322 1497 2361 nc
1541 2323 1714 2373 erres,
1762 2309 1864 2364 hoc
1919 2310 2015 2365 Dei

411 2393 732 2450 beneficium
781 2405 883 2458 est.
933 2411 1034 2451 nec
1084 2398 1236 2453 alteri
1278 2409 1362 2454 est
1398 2409 1623 2473 accepto
1667 2402 2015 2460 referendum

409 2485 717 2557 (Theoph.,
766 2488 855 2543 lib.
900 2504 941 2543 ιι
990 2490 1052 2544 de
1098 2491 1361 2563 Antolyc.,
1410 2510 1530 2565 pag.
1588 2495 1655 2549 77
1702 2505 1748 2549 et
1798 2498 1950 2568 seq.).
1983 2517 2002 2550 ι

406 2576 604 2634 Iisdem
637 2595 852 2650 quoque
882 2592 975 2636 aut
1002 2582 1271 2639 similibus
1300 2587 1456 2653 plane
1482 2587 1745 2659 exemplis
1780 2590 2012 2659 plurimi,

412 2671 557 2743 iique
596 2674 896 2729 doctissimi
942 2675 1198 2731 Ecclesia:
1250 2678 1471 2749 Patres,
1525 2681 1757 2737 futuram
1822 2700 2016 2758 corpo-

411 2780 536 2821 rum
589 2778 894 2822 nostrorum
945 2772 1394 2828 resurrectionem
1442 2777 1851 2835 confirmarunt.
1905 2780 2014 2837 Sed

412 2861 534 2930 quia
590 2860 882 2931 prolixiora
928 2875 1053 2918 sunt
1080 2880 1271 2920 eorum
1300 2867 1485 2934 verba,
1528 2884 1687 2940 quam
1736 2880 1794 2927 ut
1818 2874 1903 2929 hic
1934 2876 2016 2929 in-

411 2966 561 3027 tegra
603 2955 978 3019 exhtbcautur,
1027 2972 1089 3014 ea
1120 2960 1344 3015 curiOsis
1391 2942 1662 3029 omnibus,
1704 2966 1793 3037 qui
1834 2968 2014 3024 omnia

412 3050 639 3103 suismet
667 3049 839 3104 oculis
874 3054 1105 3107 lustrare
1136 3052 1344 3119 volunt,
1395 3056 1771 3114 indicabimus.
1810 3058 2016 3130 Lrgant

412 3140 593 3207 itaque
641 3138 1033 3196 Tet'lttllianttnt
1081 3144 1349 3215 Apologtt.
1421 3162 1539 3216 cap.
1570 3149 1662 3215 48,
1708 3158 1763 3205 el
1809 3151 1904 3206 lih.
1952 3154 2016 3209 de

2120 1946 2183 1987 ac
2221 1930 2539 2003 quibusdant
2588 1931 2748 1985 etiam
2804 1932 2868 1985 ad
2919 1931 3215 1996 hominem,
3266 1932 3341 1986 uti
3389 1931 3720 2003 loquuntur,

2119 2024 2452 2095 argumentis
2501 2021 2925 2079 demonstrasse.

2193 2116 2362 2171 Porro
2387 2123 2566 2170 autem
2608 2116 2693 2169 his
2720 2116 2791 2169 ita
2836 2115 3084 2171 stabilitis
3114 2129 3176 2169 ac
3205 2114 3558 2184 confirmatis,
3591 2117 3724 2172 nihil

2119 2218 2307 2263 auctor
2368 2218 2551 2263 noster
2616 2208 2846 2277 amplius
2906 2209 3113 2264 censuit
3174 2208 3609 2280 rcSpoatdeudum
3654 2211 3723 2265 ad

2120 2303 2355 2371 ineptam
2406 2296 2610 2357 Caecilii
2660 2302 3083 2369 cavillationem,
3130 2316 3232 2371 qua
3267 2304 3573 2371 postulabat
3618 2310 3724 2358 ati-

2120 2413 2277 2465 qucnt
2312 2405 2580 2450 mortttum
2621 2396 2720 2451 sibi
2773 2394 3024 2466 proferri,
3080 2395 3170 2466 qui
3209 2396 3274 2451 ad
3318 2412 3417 2451 nos
3470 2412 3725 2469 umquam

2118 2489 2273 2543 vivus
2304 2486 2645 2543 remeaverit.
2679 2487 2821 2557 Quid
2844 2489 2988 2543 rnim
3016 2503 3152 2559 Opus
3176 2499 3292 2544 erat
3312 2489 3543 2545 divinam
3573 2507 3725 2548 mor-

2122 2592 2242 2638 tuos
2270 2578 2635 2637 eXsItscit:tudi
2667 2589 2988 2652 potestatem
3037 2591 3130 2637 aut
3175 2566 3474 2650 Protesilai,
3503 2594 3595 2638 ant
3619 2586 3729 2639 alio

2118 2674 2335 2747 probari
2364 2672 2642 2744 exemplo,
2678 2688 2798 2744 qua:
2828 2673 3147 2730 certissimis
3177 2677 3444 2730 rationum
3476 2692 3724 2732 momen-

2121 2767 2188 2823 tis
2234 2767 2601 2824 demonstrata
2645 2766 2853 2822 fuerat?
2907 2767 3239 2839 Theophilus
3295 2778 3472 2825 tamen
3529 2773 3727 2826 Antio-

2118 2864 2346 2926 chcnus,
2395 2869 2457 2915 ιιι
2504 2860 2672 2915 hebes
2721 2860 2853 2915 illud
2886 2873 2938 2914 et
2977 2861 3194 2917 imbelle
3238 2862 3513 2930 gentilium
3557 2864 3724 2919 telum

2120 2952 2392 3019 retundat,
2426 2953 2552 3018 alia,
2592 2968 2752 3022 quam
2802 2952 3106 3015 Protesilai,
3160 2954 3351 3009 tradita
3383 2955 3451 3009 ab
3481 2955 3727 3025 ipsismct

2117 3047 2406 3117 gentilibus
2456 3048 2699 3116 exempla
2736 3046 2878 3100 hunc
2938 3047 3140 3116 profert
3187 3048 3239 3100 in
3272 3047 3488 3102 modum
3522 3066 3535 3102 :
3567 3068 3585 3099 ι
3617 3047 3725 3102 Sed

2119 3140 2243 3210 quid
2293 3139 2641 3194 memorabile
2694 3139 2846 3204 facis,
2903 3139 2948 3193 si
3006 3139 3191 3194 videas
3236 3148 3292 3194 et
3346 3139 3567 3195 credis?
3605 3148 3722 3199 Εἴτε

410 3232 802 3290 Resnrrcctione
821 3236 1010 3303 carnis,
1036 3252 1155 3306 cap.
1190 3238 1275 3294 12.
1314 3240 1652 3296 Ambrosium
1682 3242 1775 3297 lib.
1826 3260 1857 3298 ν
1906 3243 2010 3299 Πε-

2123 3239 2347 3295 πιστιὺιις
2374 3242 2453 3289 τὸν
2484 3223 2702 3303 ἱερακλξι
2727 3240 2967 3287 «abacum
2996 3240 3162 3289 ἑαυτῦν
3188 3242 3301 3297 ζῆν,
3329 3236 3410 3287 καὶ
3452 3227 3727 3293 Ᾱσιὶήπιον

411 3342 580 3381 xaem.
629 3343 749 3396 cap.
792 3324 862 3381 22
892 3338 947 3383 et
975 3327 1068 3395 25,
1102 3346 1220 3401 pag.
1268 3332 1369 3387 l09
1393 3343 1446 3387 et
1478 3351 1589 3405 seq.
1638 3347 1801 3407 atque
1832 3338 1881 3392 in
1908 3340 2017 3407 pri-

412 3420 515 3474 mis
547 3420 641 3475 lih.
673 3436 710 3476 ιι
741 3422 804 3475 de
849 3420 980 3477 Fide
1019 3436 1287 3480 reatu-rect.
1340 3426 1367 3497 ᾗ
1397 3428 1465 3481 55
1496 3439 1548 3483 et
1575 3444 1692 3499 seq.
1725 3445 1842 3501 pag.
1876 3433 2014 3488 1147

410 3522 465 3569 et
512 3529 627 3585 seq.
658 3516 1057 3572 Theodoretum
1104 3530 1241 3575 orat.
1275 3520 1328 3585 9,
1360 3520 1422 3574 de
1466 3520 1788 3590 Provident,
1817 3526 1917 3581 sub
1950 3529 2014 3581 ll-

415 3625 559 3674 uetn,
607 3624 727 3679 p'tg.
765 3610 870 3665 456
919 3619 974 3666 et.
1021 3626 1173 3683 st-qq.
1223 3608 1398 3668 Nilum
1430 3625 1562 3668 orat.
1606 3617 1658 3680 1,
1690 3619 1742 3670 in
1786 3617 2012 3688 Pascha,

412 3700 555 3772 apud
589 3700 863 3767 Photitnn,
910 3702 1150 3759 Biblioth.
1208 3720 1331 3777 pag.
1384 3708 1546 3764 1550.
1590 3714 1801 3765 Adeaut
1838 3712 2015 3770 adhuc

411 3796 772 3863 Angu‘tiuum
827 3797 918 3851 lib.
972 3810 1083 3852 xxu
1124 3798 1187 3851 de
1230 3792 1406 3865 Cirin,
1456 3814 1575 3869 cap.
1629 3800 1691 3857 21
1731 3813 1784 3857 ct
1832 3818 2011 3875 seqq.,

414 3901 531 3958 pag.
567 3887 672 3943 676
715 3899 769 3943 et
820 3898 996 3961 seqq.,
1040 3891 1129 3945 ubi
1176 3891 1264 3947 ille
1311 3894 1544 3963 explicat
1570 3902 1769 3963 utrum,
1800 3908 1848 3951 et
1880 3914 2010 3968 quo-

412 3982 575 4035 modo
624 3996 874 4053 corpora,
921 3990 1016 4038 aut
1044 3984 1132 4039 illa
1188 4001 1307 4057 qum
1357 3987 1407 4041 in
1465 3989 1669 4044 favillas
1700 4000 1755 4046 et
1801 3992 2012 4049 cineres

411 4072 627 4126 redacta
660 4085 805 4141 sunt,
852 4086 944 4131 aut
983 4077 1085 4131 alia
1133 4078 1202 4133 ab
1241 4078 1361 4135 aliis
1410 4079 1719 4138 hominibus
1747 4094 2008 4153 contesta,

412 4177 505 4219 aut
534 4169 695 4223 etiam
744 4168 1049 4239 infantium,
1099 4173 1207 4228 sint
1243 4174 1310 4230 ad
1343 4175 1504 4230 vitam
1548 4178 1869 4235 revocanda.
1905 4179 2011 4236 Re-

410 4260 631 4317 volvant
661 4264 844 4330 etiam,
877 4266 922 4320 si
953 4276 1105 4321 vacat
1144 4279 1198 4322 et
1224 4268 1393 4333 lubet,
1425 4269 1853 4343 pseudouymum
1882 4272 2010 4329 Jus-

410 4356 509 4411 tiui
554 4358 803 4431 martyris
849 4361 1040 4415 lihrutn
1087 4362 1279 4430 Qurest.
1310 4377 1358 4417 et
1393 4364 1644 4432 Rerpon’s.
1697 4367 1766 4420 ad
1812 4364 2007 4437 Greca,

412 4464 535 4520 pag.
579 4452 685 4508 208
736 4460 790 4510 et
819 4468 997 4525 seqq,
1030 4456 1170 4513 inter
1214 4454 1456 4527 ejusdem
1505 4456 1701 4514 JuStini
1730 4458 1893 4529 opera
1925 4460 2010 4518 di-

412 4546 712 4615 vulgatum.

2117 3335 2465 3401 ιισραυ·.ωθὲντα
2494 3312 2762 3400 ὴηγξρδαι,
2806 3334 2863 3383 τὸ
2900 3332 2948 3382 δὲ
2988 3334 3081 3381 {ne
3118 3334 3202 3384 τιῖρ
3236 3336 3356 3384 Θεοῦ
3396 3332 3470 3383 σοὶ
3500 3334 3726 3399 λυίὸμενκ

2117 3425 2352 3488 ἀπιστεῖς,
2384 3431 2492 3482 ἴσως
2523 3423 2608 3475 κᾶν
2629 3425 2848 3491 irruit-'54:
2866 3446 2938 3475 cat
2966 3431 3125 3493 νεκρὸν
3148 3428 3408 3493 ἰγερθίντα,
3433 3426 3512 3475 καὶ
3545 3427 3724 3489 ζῶντα,

2119 3518 2199 3570 καὶ
2229 3522 2367 3573 τοῦτο
2401 3520 2716 3575 ἀπιστεὺςεις.
2747 3515 2803 3570 Si
2831 3516 3008 3569 credis
3037 3514 3344 3575 Herculem,
3378 3528 3535 3585 quem
3569 3516 3723 3570 llam-

2120 3624 2203 3661 uta
2232 3609 2540 3675 assumpsit,
2577 3610 2778 3673 vivere,
2821 3607 3195 3676 IE~Culapiunt
3236 3607 3456 3662 fulmine
3491 3620 3716 3673 tactum,

2120 3700 2243 3758 vita:
2280 3703 2605 3763 restitutum,
2649 3719 2769 3773 qua!
2800 3705 3073 3757 dementia
3113 3713 3195 3757 est
3227 3703 3367 3757 nolle
3398 3702 3527 3758 dare
3559 3704 3721 3761 fidem

2120 3796 2245 3862 illis,
2300 3811 2418 3866 qua:
2474 3796 2615 3850 Deus
2662 3796 2939 3866 loquitur?
2973 3795 3243 3850 Dubitatio
3284 3805 3337 3851 te
3385 3805 3613 3863 teneret,
3672 3810 3726 3854 et

2117 3888 2163 3943 si
2218 3888 2315 3943 tibi
2364 3899 2747 3958 prmsentarem
2796 3890 3027 3960 aliquem
3058 3904 3090 3945 e
3137 3891 3361 3944 mortuis
3403 3898 3724 3955 evocatum,

2115 3996 2182 4037 an
2205 3982 2344 4051 apud
2373 3993 2422 4037 te
2449 3981 2609 4039 fidem
2640 3982 2881 4039 invenire
2909 3984 3159 4054 possem?
3193 4004 3213 4038 ι
3245 3984 3627 4058 (Tlteoplt.,lt‘b.
3655 3989 3726 4042 ad

2118 4074 2377 4147 Autolyc.,
2429 4088 2550 4147 pay.
2604 4076 2720 4148 77.)
2761 4076 2978 4132 Poterat
3051 4077 3228 4133 adhuc
3292 4079 3379 4134 ille
3432 4079 3652 4135 allatum
3693 4097 3765 4138 a-

2117 4170 2339 4227 Platone
2368 4171 2493 4227 Heri
2526 4170 2788 4236 Armenii,
2818 4171 2886 4226 de
2927 4186 3035 4242 quo
3082 4168 3180 4227 nos
3206 4173 3353 4235 alibi.
3386 4176 3721 4245 exemplum,

2115 4264 2329 4333 aliaque
2368 4265 2543 4335 plura,
2578 4260 2648 4320 ab
2677 4263 2909 4320 ethnicis
2955 4264 3245 4326 venditata.
3280 4267 3332 4320 in
3362 4266 3596 4322 medium
3627 4268 3726 4323 ad-

2116 4356 2346 4423 ducere;
2393 4358 2486 4413 sed
2518 4357 2635 4412 haec
2666 4368 2916 4428 tauquam
2957 4370 3357 4428 supervacanea
3412 4360 3723 4431 Scriptores

2118 4453 2287 4505 noStri
2321 4442 2591 4521 asperitati
2644 4459 2787 4506 sunt.
2832 4450 3099 4505 Caeterum
3145 4452 3192 4506 si
3251 4450 3527 4506 defutura
3572 4468 3724 4506 mor-

2117 4553 2328 4600 tuorum
2382 4545 2783 4601 resurrectione
2824 4536 2975 4615 pluta
3025 4538 3221 4612 adhuc,
3273 4561 3431 4613 quam
3481 4561 3566 4609 ea,
3599 4562 3724 4618 qua:

484 4630 682 4691 Verum
719 4636 963 4710 insurget
1008 4637 1256 4695 ethnicus
1284 4641 1500 4713 aliquis,
1535 4646 1625 4699 aut
1663 4642 1847 4701 ᾕρεεῑο
1888 4646 2009 4717 quis
2034 4628 2086 4701 D
2113 4659 2177 4699 ex
2226 4643 2402 4700 citatis
2456 4644 2764 4699 auctoribus
2813 4642 3095 4697 retulimus
3123 4683 3139 4706 ,
3192 4641 3386 4710 aliquis
3424 4642 3721 4711 desideret,

414 4727 757 4795 incredulus,
813 4729 1077 4802 nobisque
1120 4732 1369 4800 objiciet,
1426 4736 1697 4804 praposita
1750 4736 2010 4795 hactenus

413 4823 479 4876 ad
522 4824 852 4892 probandam
875 4827 1119 4896 corporis
1148 4830 1313 4883 nostri
1342 4832 1792 4889 resurrectionem
1819 4851 2009 4890 exem-

414 4918 523 4987 pla,
558 4921 761 4976 minimi
793 4930 888 4977 aut
915 4924 1091 4992 potius
1122 4920 1319 4978 nullius
1350 4939 1472 4981 esse
1515 4928 1793 4985 momenti.
1824 4928 2011 5001 Neque

414 5014 556 5067 enim
596 5016 676 5069 sol
732 5026 785 5072 et
827 5026 970 5071 astra
1005 5017 1325 5084 moriuntur,
1374 5035 1548 5089 neque
1576 5020 1736 5077 iidem
1780 5022 2011 5081 numero

412 5102 574 5160 ﬂores
612 5115 667 5160 et
717 5107 921 5164 fructus
968 5108 1163 5164 mortui
1204 5109 1551 5167 reviviscunt.
1609 5117 1681 5168 At
1726 5129 1856 5171 sane
1903 5128 2008 5172 non

412 5196 549 5251 adeo
578 5197 725 5253 bardi
768 5211 819 5255 et
873 5200 1095 5257 hebetes
1135 5200 1351 5257 fuerunt
1390 5201 1587 5259 laudati
1632 5220 1662 5259 a
1691 5205 1847 5262 nobis
1875 5206 2010 5263 doc-

411 5291 609 5348 tissimi
656 5293 729 5348 illi
776 5292 913 5362 viri;
965 5307 1024 5351 ut
1076 5294 1192 5352 haec
1222 5306 1309 5352 aut
1344 5297 1727 5369 ignoraverint,
1778 5306 1869 5355 aut
1898 5317 2007 5358 non

410 5386 909 5444 animadverterint.
936 5389 1108 5447 Nescii
1131 5394 1330 5463 quippe
1352 5407 1456 5447 non
1479 5392 1836 5449 erantomnes
1857 5408 2007 5450 com-

408 5480 718 5551 parationes
760 5480 960 5551 aliqua,
1016 5492 1073 5539 ut
1123 5486 1306 5553 aiunt,
1359 5499 1425 5540 ex
1481 5494 1632 5554 parte
1681 5484 2003 5544 claudicare.

404 5574 768 5641 Quamobrem
826 5590 918 5631 eas
966 5576 1085 5632 ideo
1130 5578 1433 5644 instituunt,
1489 5587 1544 5631 ιιι
1572 5594 1638 5634 ex
1690 5578 1798 5635 illis
1854 5592 2004 5651 pate-

403 5667 603 5723 faciant
659 5669 824 5722 ntulta
856 5683 1140 5737 suppetere
1164 5668 1317 5726 nobis
1347 5673 1616 5743 exetup'a,
1655 5690 1775 5743 quae
1801 5670 2002 5743 aliquid

400 5776 522 5815 cum
564 5762 792 5818 mortuis
821 5763 1139 5831 corporibus
1169 5766 1385 5829 nostris,
1416 5766 1483 5821 ad
1522 5766 1682 5822 vitam
1712 5767 2001 5838 aliquando

392 5854 735 5928 revocandis,
785 5869 1074 5916 commune
1116 5870 1182 5917 ac
1208 5856 1388 5917 simile
1424 5858 1681 5935 habeant,
1722 5869 1777 5920 et
1805 5862 1999 5934 quibus

2115 4737 2161 4792 is
2186 4736 2468 4792 Tatianutn
2498 4780 2513 4802 ,
2554 4726 2916 4802 Ambrosium,
2962 4736 3204 4805 aliosque
3239 4735 3413 4805 :zdeat,
3447 4737 3535 4805 qui
3585 4737 3726 4792 inte-

2115 4836 2241 4900 'gros
2278 4828 2382 4884 hoc
2436 4827 2505 4884 de
2550 4824 2867 4899 argumento
2909 4834 3167 4883 tractatus
3219 4827 3507 4883 ediderunt
3540 4827 3719 4900 (Tum.

2114 4938 2130 4977 ι
2178 4923 2427 4992 Apparat.
2486 4922 2575 4977 ﬁb.
2638 4936 2725 4988 ιιι,
2803 4921 3006 4975 dissert.
3055 4921 3121 4989 2,
3171 4938 3289 4991 cap.
3345 4919 3444 4988 16,
3495 4930 3592 4975 art.
3648 4920 3717 4989 1,

2116 5032 2233 5088 pag.
2255 5016 2393 5072 1116
2412 5015 2454 5089 ).

2725 5142 3024 5185 ARTICULUS
3051 5144 3128 5183 111.

2114 5264 2490 5337 Expenduntur
2531 5276 2851 5336 argumenta,
2906 5265 3087 5334 quibus
3136 5264 3422 5321 ostenditur
3452 5263 3718 5333 improbos

2188 5361 2414 5416 homines
2467 5360 2626 5430 poenis
2654 5360 2859 5414 (uernis
2900 5369 3052 5428 atque
3102 5360 3219 5431 igua
3247 5359 3557 5429 sempiterno
3588 5375 3707 5413 cru-

2185 5455 2428 5519 ciandos;
2472 5456 2582 5527 pios
2609 5463 2778 5508 autem
2805 5464 2851 5509 et
2875 5455 3048 5524 justas
3080 5463 3324 5525 perpetua
3356 5453 3598 5525 felicitate
3618 5453 3715 5507 do-

2180 5548 2414 5609 nandos;
2454 5547 2536 5600 ubi
2583 5546 2646 5600 de
2672 5546 2856 5600 montis
2910 5543 3091 5600 IEtna:
3128 5554 3177 5600 et
3240 5544 3444 5600 Vesuvii
3475 5546 3701 5617 ignibus,

2180 5637 2364 5709 Stygia
2393 5636 2598 5709 palude,
2630 5647 2677 5691 et
2704 5638 2849 5708 igneo
2883 5637 3071 5706 inferni
3112 5638 3348 5707 ﬂumine.

2175 5763 2637 5835 Quemadmodum
2688 5762 2932 5818 Ca-cilins
2968 5760 3277 5819 christiana.
3310 5762 3429 5819 ﬁdei
3459 5762 3528 5819 de
3560 5778 3705 5818 mor-

2104 5870 2316 5919 tuorum
2354 5858 2630 5917 bOmiuutn
2667 5854 2731 5914 ad
2782 5858 2944 5915 vitam
2975 5873 3248 5927 regressu,
3290 5858 3361 5913 ita
3414 5866 3468 5913 et
3506 5856 3575 5914 de
3605 5857 3702 5912 im~
