3972 6310
282 243 396 301 469

1710 238 2177 303 DISSERTATIO.

3478 244 3591 305 470

285 361 580 431 proborum
643 358 819 434 panis
874 359 1248 432 sempiternis,
1306 367 1616 431 aeternaque
1669 359 1877 430 piorum
1906 362 2189 428 Ararttm,
2236 358 2465 431 ﬂagrant
2512 374 2612 417 nec
2659 370 2979 432 erogantur:
3039 358 3108 419 ita
3178 362 3392 435 poenale
3454 364 3587 421 illud

282 452 545 510 felicitate
588 453 805 525 dogma,
839 466 947 509 non
996 454 1113 507 sine
1139 451 1387 508 irrisione
1414 454 1590 523 rejicit
1616 467 1681 508 ac
1710 468 1877 523 repu-

281 544 420 601 diat.
458 545 637 611 «Hoc,
693 547 883 617 inquit,
937 561 1143 611 errore,
1174 565 1193 599 ι
1253 545 1415 600 futuri
1470 548 1537 601 de
1590 556 1763 602 morte
1813 546 1880 601 ad

280 642 450 696 vitam
496 642 721 708 reditus,
761 641 1051 696 Christiani
1089 640 1340 707 «decepti
1396 640 1605 695 beatam
1641 640 1767 708 sibi,
1824 649 1881 695 ut

280 733 463 799 bonis,
503 740 557 788 et
587 732 863 805 perpetem
886 733 1045 787 vitam
1078 735 1303 789 monuis
1340 732 1690 804 pollicentur;
1720 742 1880 788 caete-

279 830 359 885 ris
404 837 460 883 ut
482 828 710 898 injustis,
744 842 830 898 pm
854 844 954 883 iam
988 831 1391 899 sempiternam.
1419 867 1499 885 ...
1523 865 1537 881 .
1570 827 1705 895 Quid
1758 837 1879 898 post

280 931 513 978 mortem
558 922 884 992 impendeat.
919 923 1099 978 miseri
1131 922 1258 976 dum
1294 922 1494 987 vivitis,
1543 921 1877 978 testimate...

280 1013 363 1069 Tu
390 1016 478 1086 qui
503 1016 953 1070 immortalitatem
983 1015 1318 1083 posthmnam
1349 1014 1607 1070 Somnias.
1632 1029 1754 1068 cum
1785 1029 1879 1082 pe-

278 1107 457 1161 riculo
485 1109 741 1178 quateris,
772 1124 892 1163 cum
928 1109 1167 1165 febribus
1211 1109 1403 1176 ureris,
1431 1124 1554 1163 cum
1579 1108 1764 1163 dolore
1796 1108 1874 1163 la-

277 1199 503 1264 ceratis,
535 1200 769 1255 nondum
795 1200 1158 1257 conditionem
1191 1212 1335 1257 tuam
1357 1201 1553 1256 sentis?
1579 1222 1598 1255 ι
1637 1201 1876 1272 Denique

276 1305 392 1352 tam
433 1297 686 1353 audacter
729 1314 887 1368 quam
943 1298 1105 1368 impie
1155 1299 1242 1354 ille
1294 1297 1643 1369 pronuntiat:
1680 1314 1698 1348 ι
1724 1296 1877 1353 Sicut

278 1389 577 1455 nascimur,
608 1399 663 1444 et
694 1390 995 1451 interimus,
1028 1410 1046 1442 ι
1086 1389 1137 1445 id
1158 1400 1260 1453 est;
1290 1389 1741 1460 qnetnadmodmn
1773 1405 1873 1443 an-

278 1480 498 1553 tequam
526 1499 891 1550 nascerenmr,
938 1484 1066 1540 nihil
1099 1501 1332 1552 eramus,
1382 1486 1451 1540 ita
1501 1494 1619 1555 post
1646 1496 1875 1540 mortem

274 1577 345 1632 ad
378 1577 520 1633 idem
554 1578 780 1633 nihilum
811 1578 1035 1645 redacti,
1065 1580 1196 1634 nihil
1227 1580 1437 1650 penitus
1460 1580 1683 1635 erimus.
1721 1581 1782 1634 Et
1804 1580 1874 1635 ita

274 1670 495 1740 quidem
527 1671 1005 1741 argumentabatur
1032 1673 1301 1739 (Ia-cilius,
1332 1673 1402 1727 At
1431 1673 1517 1729 hic
1560 1674 1735 1728 obiter
1771 1673 1873 1728 ob-

1989 450 2317 519 incendinm,
2366 469 2470 507 non
2540 451 2751 508 damnis
2809 454 3110 510 ardentium
3163 459 3431 528 pascitur,
3487 458 3586 513 sed

1986 544 2202 599 inexesa
2254 560 2541 615 corporum
2598 545 2926 603 laceratione
2980 550 3233 605 nutritur.
3274 569 3293 603 ›
3344 552 3410 606 At
3462 549 3578 606 haec

1987 637 2075 692 ille
2123 636 2389 693 delibasse
2439 638 2653 693 videtur
2683 654 2746 693 ex
2790 639 2892 695 hoc
2938 639 3256 697 Tertulliani
3283 642 3349 697 de
3393 640 3584 699 iisdem

1986 732 2203 785 internis
2232 731 2441 801 ignibus
2488 729 2807 800 diSputantis
2836 731 2982 787 loco:
3032 752 3051 785 ι
3079 732 3357 789 Noverunt
3383 745 3437 790 et
3467 733 3586 806 piti-

1987 821 2195 890 losophi
2244 823 2610 878 diversitatem
2666 824 2848 879 arcani
2917 833 2972 879 et
3030 826 3227 895 publici
3282 828 3436 897 ignis.
3506 827 3583 883 Ita

1984 917 2142 985 longe
2185 915 2323 969 alius
2373 926 2492 983 est,
2550 916 2639 985 qui
2704 920 2824 971 usui
2880 914 3134 986 humano,
3182 918 3321 974 alius
3363 921 3452 989 qui
3497 920 3583 992 ju-

1984 1009 2125 1064 dicio
2171 1009 2262 1064 Dei
2304 1020 2545 1078 apparet,
2573 1009 2688 1064 sive
2740 1010 2806 1065 de
2851 1006 2989 1065 caelo
3021 1010 3242 1066 fulmina
3288 1013 3582 1084 stringens,

1983 1103 2096 1157 sive
2125 1099 2193 1157 de
2243 1108 2381 1155 terra
2430 1116 2525 1171 per
2566 1102 2796 1157 vertices
2832 1103 3088 1157 montium
3135 1112 3406 1161 eructans.
3463 1104 3582 1162 Non

1983 1197 2126 1253 enim
2170 1196 2423 1263 absumit,
2476 1193 2619 1266 quod
2674 1199 2892 1252 cxnrit:
2946 1198 3040 1253 sed
3090 1198 3216 1254 dum
3246 1208 3452 1271 erogat,
3495 1217 3581 1258 re-

1980 1303 2151 1364 parat.
2208 1289 2357 1346 Adeo
2430 1301 2645 1346 manent
2701 1300 2911 1347 montes
2960 1307 3174 1361 semper
3213 1293 3483 1361 ardentes,
3530 1306 3587 1352 et

1981 1384 2071 1457 qui
2120 1383 2187 1440 de
2237 1385 2379 1440 cmlo
2419 1385 2671 1456 tangitur.
2710 1385 2889 1441 salvus
2926 1395 3027 1453 est,
3060 1397 3113 1441 ut
3142 1388 3286 1443 nullo
3313 1387 3422 1460 jam
3472 1390 3583 1460 igni

1980 1480 2371 1535 decinerescat.
2425 1480 2489 1534 Et
2539 1478 2639 1535 hoc
2667 1480 3158 1535 erittcstinmuium
3202 1483 3337 1551 ignis
3367 1484 3578 1551 atterni,

1982 1571 2085 1627 hoc
2133 1573 2436 1642 eXemplum
2475 1571 2616 1642 jugis
2642 1570 2827 1643 judicii
2858 1588 3066 1642 pwitatn
3101 1575 3406 1630 nutrientis.
3434 1575 3582 1633 Mon-

1983 1676 2061 1721 tes
2092 1680 2317 1721 uruntur
2347 1675 2401 1719 et
2430 1660 2645 1719 durant.
2681 1664 2817 1732 Quid
2850 1676 3106 1721 nocentes
3152 1677 3204 1722 et
3232 1668 3321 1722 Dei
3353 1668 3583 1725 hostes?

276 1762 608 1818 servandum
638 1764 687 1817 in
731 1764 832 1819 hoc
872 1774 1017 1820 textu
1046 1765 1206 1820 verba
1237 1765 1462 1834 periculo
1485 1767 1727 1839 quateris,
1761 1766 1878 1837 qui-
1905 1764 1955 1825 B
1986 1763 2109 1819 llarc
2149 1772 2273 1817 sunt
2299 1779 2416 1833 qua:
2464 1762 2516 1816 in
2563 1763 2717 1817 nobis
2744 1762 2871 1817 solis
2901 1756 3353 1834 pra-sumptiones
3384 1779 3582 1819 vocan-

274 1856 509 1912 busdam
557 1855 915 1926 displicuisse,
942 1873 1142 1928 eosque
1171 1857 1380 1911 ariolari
1414 1857 1697 1928 legendum
1721 1874 1877 1928 quer-

275 1964 457 2016 quero,
516 1948 565 2002 id
598 1958 699 2012 est,
754 1949 950 2021 frigore
975 1959 1032 2004 et
1077 1946 1327 2015 tremore,
1363 1950 1475 2005 sive
1524 1950 1654 2005 febri
1689 1952 1872 2020 frigida

275 2042 526 2113 quateris.
558 2040 661 2098 Sed
694 2043 817 2098 huic
842 2043 1167 2113 conjecturae
1191 2052 1451 2113 repugnat
1482 2046 1875 2114 manuscriptus

274 2136 453 2192 codex
485 2137 682 2207 regius,
713 2153 776 2193 ac
802 2138 964 2193 verba
998 2137 1161 2193 etiam
1190 2136 1573 2209 subsequentia
1618 2153 1737 2193 eam
1779 2137 1875 2194 ad—

273 2229 418 2284 mitti
454 2229 759 2298 prohibent.

349 2322 606 2377 Octavius
631 2332 811 2377 autem
844 2320 1058 2376 Cmcilio
1091 2322 1205 2377 hzrc
1224 2320 1545 2376 Christianis
1574 2320 1873 2391 ohjicienti,

272 2412 361 2469 vel
404 2413 577 2483 potius
615 2424 930 2485 arroganter
972 2412 1344 2484 eitprobranti,
1383 2412 1625 2468 modeste
1654 2428 1875 2483 respon-

273 2504 371 2560 det
399 2505 684 2576 plerosque
716 2526 735 2559 ι
760 2506 1085 2561 conscientia
1119 2508 1452 2570 meritorum,
1483 2524 1502 2558 ι
1534 2504 1584 2560 id
1616 2515 1721 2572 est,
1753 2521 1875 2575 pec-

271 2600 413 2652 catis
442 2598 692 2667 vitiisque
738 2600 1124 2655 conscientiam
1156 2598 1366 2653 illorum
1402 2598 1873 2669 redarguentihus,

272 2693 450 2762 magis
482 2704 689 2761 optare,
720 2709 881 2763 quam
907 2710 966 2749 re
998 2694 1111 2763 ipsa
1142 2692 1367 2749 credere
1396 2692 1669 2748 hominem
1700 2704 1876 2750 morte

272 2786 550 2857 CXslittglli
595 2788 827 2858 penitus,
871 2803 970 2842 nec
1000 2787 1066 2841 ad
1122 2788 1228 2842 ulla
1273 2797 1457 2857 postea
1489 2785 1750 2857 supplicia
1784 2802 1874 2842 reo

273 2881 503 2933 servari.
550 2879 618 2933 Et
665 2894 793 2934 sane
816 2879 1034 2948 dubium
1069 2897 1175 2935 non
1206 2891 1312 2947 est,
1349 2880 1476 2952 quin
1524 2880 1575 2935 in
1615 2880 1733 2935 illos
1773 2880 1875 2936 hoc

272 2986 465 3027 errore
494 2973 702 3041 scipsos
733 2972 1002 3037 fallentes,
1054 2990 1117 3029 ac
1142 2962 1362 3029 liberius
1405 2985 1708 3044 peccantes,
1763 2990 1874 3046 quo

275 3066 503 3129 tardius,
550 3081 617 3121 eo
660 3068 900 3122 severius
924 3067 1225 3137 justissimo
1258 3068 1349 3123 Dei
1394 3068 1600 3137 judicio
1629 3068 1875 3123 animad-

1984 1868 2085 1923 tur,
2133 1860 2186 1913 in
2244 1857 2577 1930 philosophis
2633 1866 2689 1914 et
2738 1858 2908 1926 poetis
2952 1874 3175 1913 summm
3225 1857 3465 1914 scientiae
3529 1856 3584 1914 et

1979 1946 2419 2020 insigniajudicia
2451 1947 2692 2022 (Tertull.
2723 1949 2990 2020 Apologet.
3026 1967 3143 2019 cap.
3175 1946 3249 2003 48
3277 1965 3398 2021 pag.
3423 1944 3576 2020 45).»

1980 2042 2183 2100 Eodem
2232 2059 2446 2114 quoque
2507 2042 2667 2097 modo
2714 2040 3049 2110 Lactantius,
3099 2052 3218 2113 pOst
3260 2055 3580 2115 utrumque,

1978 2134 2365 2193 Tertullianum
2419 2152 2483 2191 ac
2531 2134 2819 2191 Minucium
2870 2134 3136 2205 Felicem,
3192 2136 3306 2190 haec
3336 2136 3495 2206 plane
3527 2135 3582 2191 in

1979 2229 2165 2295 verba,
2197 2227 2264 2282 ab
2293 2224 2413 2281 aliis
2435 2227 2593 2298 paulo
2622 2225 2861 2296 diversa,
2892 2237 3293 2298 argumentatus
3316 2238 3396 2282 ρει
3426 2227 3585 2299 (Lac-

1976 2332 2132 2389 tant.,
2187 2322 2275 2376 lib.
2323 2338 2398 2376 vu
2447 2321 2607 2374 divin.
2656 2318 2882 2374 lnstitut.
2943 2336 3062 2392 cap.
3100 2321 3164 2375 2i
3224 2338 3346 2393 pag.
3399 2321 3505 2377 ’715
3536 2331 3586 2377 et

1978 2412 2136 2487 seq.)
2177 2414 2320 2486 Ignis
2350 2413 2667 2485 sempiterni
2696 2432 2715 2465 ι
2752 2424 2941 2468 natura
2996 2413 3206 2467 diversa
3250 2423 3336 2470 est
3365 2413 3433 2469 ab
3482 2417 3586 2469 hoc

1979 2524 2190 2579 nostro,
2267 2512 2444 2583 quoad
2508 2512 2629 2566 vita:
2691 2511 2990 2565 necessaria
3040 2509 3259 2575 utimur,
3323 2509 3413 2579 qui
3478 2508 3584 2563 nisi

1978 2606 2207 2675 alicujus
2256 2606 2497 2661 materia:
2547 2607 2733 2660 fomite
2773 2604 2947 2659 alatur
2969 2602 3344 2674 exstinguitur.
3389 2602 3583 2659 Att-illc

1977 2699 2191 2756 divinus
2249 2716 2346 2771 per
2396 2717 2455 2756 se
2503 2699 2677 2770 ipsum
2724 2714 2940 2770 semper
2985 2698 3115 2753 vivit
3165 2713 3229 2752 ac
3281 2684 3422 2768 viget
3463 2694 3582 2753 sine

1979 2795 2105 2850 ullis
2160 2794 2460 2862 alimentis,
2520 2808 2619 2848 nec
2673 2791 2969 2847 admixtum
3020 2790 3177 2845 habet
3208 2788 3435 2856 fumum,
3483 2788 3581 2845 sed

1977 2897 2060 2943 est
2119 2903 2282 2958 purus
2330 2903 2393 2944 ac
2450 2886 2702 2959 liquidus,
2757 2885 2892 2942 etin
2927 2901 3079 2954 aquae
3112 2883 3328 2939 modum
3359 2880 3578 2938 ﬂuidus.

1977 2983 2092 3037 Non
2135 2984 2275 3038 enim
2325 2984 2373 3037 vi
2426 2982 2603 3052 aliqua
2643 2996 2855 3036 sursum
2913 2994 3101 3035 versus
3160 2987 3401 3047 urgetur,
3443 2975 3585 3031 sicut

1979 3086 2258 3132 noster....
2306 3075 2451 3131 Idem
2507 3076 2668 3146 igitur
2712 3074 2928 3130 divinus
2978 3074 3112 3144 ignis
3156 3086 3258 3127 una
3284 3068 3583 3139 eademque

275 3168 539 3214 vertatur.
592 3160 742 3216 Unde
765 3161 1011 3217 Valerius
1032 3162 1291 3217 Maximus
1333 3161 1400 3216 de
1430 3162 1685 3232 Dionysio
1712 3162 1876 3233 Syra-
1901 3163 1945 3227 C
1979 3173 2065 3236 vi,
2125 3178 2285 3240 atque
2329 3171 2566 3240 polentia
2610 3177 2665 3224 et
2713 3162 2977 3224 cremabit
3008 3167 3219 3235 impios,
3270 3166 3322 3218 'et
3364 3158 3582 3218 recrea-

275 3266 604 3308 cusanornm
639 3263 900 3324 tyranno:
936 3272 955 3306 ι
995 3254 1184 3321 Lento,
1229 3255 1420 3324 inquit,
1450 3256 1617 3324 gradu
1647 3253 1712 3308 ad
1744 3256 1863 3308 vin-

272 3346 477 3401 dictam
500 3346 583 3402 sui
601 3347 775 3401 divina
802 3349 1042 3418 procedit
1072 3352 1169 3416 ira,
1194 3351 1603 3419 tarditatemque
1625 3349 1876 3421 supplicii

271 3440 538 3509 gravitate
573 3441 1109 3512 contpcnsat(Valer.
1144 3442 1313 3509 Mam,
1339 3444 1427 3498 lib.
1462 3459 1500 3509 l,
1534 3460 1645 3512 cap.
1681 3444 1733 3510 1,
1765 3442 1876 3498 E1:-

272 3541 409 3586 lern.
447 3531 475 3603 §
504 3534 560 3599 5,
592 3551 710 3605 pag.
740 3533 854 3599 21).

349 3625 421 3678 At
448 3627 514 3692 si,
552 3627 750 3682 latente
771 3628 988 3684 etlmico
1017 3628 1252 3697 homine,
1287 3630 1464 3685 divina
1498 3629 1729 3685 vindicta
1766 3645 1875 3686 non

272 3714 407 3769 sinit
453 3718 763 3786 graviorum
803 3722 1088 3775 criminum
1121 3738 1243 3777 reos
1268 3724 1417 3777 abire
1446 3724 1755 3791 impunitos.
1788 3739 1872 3780 ue-

270 3824 407 3880 gare
440 3812 621 3880 procul
669 3811 832 3868 dubio
859 3814 950 3868 alii
980 3831 1084 3869 non
1118 3826 1339 3886 possunt
1377 3815 1672 3883 improbos,
1706 3815 1875 3870 scele-

271 3912 445 3967 ratos,
477 3911 532 3957 et
557 3904 748 3973 impios
774 3906 1036 3969 homines,
1068 3911 1155 3979 qui
1187 3909 1500 3964 criminibus
1522 3907 1697 3963 adhuc
1725 3908 1874 3964 coin-

271 3995 484 4065 quinati
512 3998 844 4064 moriuntur,
891 4000 1086 4056 debitis
1128 4013 1245 4071 post
1275 4013 1501 4056 mortetn
1548 4001 1719 4070 pmnis
1754 4016 1875 4057 esse

272 4089 612 4147 alﬁciendus.
646 4092 797 4149 Tunc
826 4097 968 4150 enim
1008 4112 1139 4166 quas
1172 4097 1222 4151 in
1276 4096 1374 4151 hac
1415 4097 1523 4150 vita
1567 4113 1671 4150 non
1704 4094 1873 4151 dede-

270 4191 424 4248 ruut,
468 4183 517 4237 in
553 4186 744 4253 altera,
776 4204 895 4256 quae
940 4197 1138 4242 acterna
1172 4189 1296 4255 erit,
1338 4190 1699 4258 sempiternas
1748 4189 1873 4259 igne

270 4285 484 4331 aeterno
527 4278 694 4334 luent.
751 4280 882 4335 Nam
933 4284 1192 4351 «sapiens
1248 4283 1403 4353 ignis,
1458 4287 1533 4338 ait
1576 4284 1870 4348 Minucius,

271 4370 518 4425 membra
575 4373 699 4440 urit,
750 4386 799 4429 et
851 4374 1047 4439 reﬁcit,
1092 4376 1257 4443 carpit
1299 4386 1353 4431 et
1409 4378 1594 4431 nutrit.
1626 4395 1644 4429 ι
1692 4376 1875 4446 Neque

272 4466 478 4521 ethnici
524 4467 853 4536 respondere
903 4478 1149 4539 poterant
1196 4471 1321 4526 illud
1353 4470 1728 4541 quorumdam,
1784 4470 1873 4541 qui

1980 3264 2086 3329 bit;
2139 3274 2192 3318 et
2259 3273 2516 3333 quantum
2590 3278 2617 3313 a
2663 3260 2980 3330 corporibus
3033 3256 3299 3322 absumet,
3371 3264 3579 3310 tantum

1980 3366 2206 3429 reperiet
2244 3356 2456 3429 (noster
2489 3353 2661 3409 codex
2716 3350 2959 3425 resumat)
3015 3367 3077 3406 ac
3130 3349 3229 3404 sibi
3259 3350 3371 3419 ipse
3410 3356 3574 3403 teter-

1980 3466 2108 3505 ttum
2158 3449 2408 3514 pabulum
2460 3446 2909 3501 subministrabit.
2960 3443 3112 3512 Quod
3156 3453 3325 3515 poetae
3382 3441 3432 3495 in
3464 3439 3579 3496 vul-

1980 3554 2153 3601 turem
2208 3543 2347 3615 Tityi
2394 3540 2817 3599 transtulerunt;
2872 3539 2940 3592 ita
2992 3539 3108 3592 sine
3165 3537 3274 3591 ullo
3342 3534 3577 3590 revires-

1978 3641 2213 3696 Centium
2263 3652 2549 3707 corporum
2600 3635 2925 3690 detrimento
2978 3631 3167 3686 aduret
3232 3639 3458 3694 tantum,
3516 3643 3580 3685 ac

1981 3748 2144 3788 sensu
2185 3731 2388 3785 doloris
2416 3728 2615 3784 afﬁciet
2640 3727 2883 3801 (Dissert.
2917 3725 2969 3779 in
2996 3723 3240 3778 Lactant.
3274 3739 3391 3792 cap.
3412 3720 3574 3791 29).)

1981 3823 2086 3881 Sed
2142 3823 2210 3879 de
2255 3822 2356 3878 hac
2399 3822 2661 3877 Lactantii
2738 3817 3162 3885 Tet‘tullianiqttc
3230 3821 3578 3883 argumenta-

1977 3928 2000 3974 t
2021 3933 2122 3972 oue
2172 3917 2347 3971 adhuc
2378 3913 2578 3984 aliquid
2610 3928 2707 3967 suo
2739 3912 2856 3966 loco
2910 3910 3151 3965 dicemus
3193 3907 3574 3963 ostendemus-

1980 4025 2086 4080 que
2116 4024 2223 4080 quo
2253 4023 2411 4063 sensu
2441 4006 2528 4061 hic
2552 4015 2608 4060 et
2633 4004 2895 4059 Minucius
2927 4003 3151 4058 verbum
3196 4016 3407 4071 erogare
3429 4012 3579 4053 accc-

1980 4101 2161 4174 perint
2205 4098 2448 4169 (Dissert.
2506 4099 2559 4150 in
2598 4090 2812 4150 Tertull.
2869 4112 2985 4165 cap.
3016 4091 3148 4164 di).

2051 4194 2345 4266 Pergamus
2394 4186 2632 4253 interim,
2680 4190 2849 4259 iisque
2870 4202 3239 4253 occurramus,
3282 4185 3370 4258 qui
3404 4183 3579 4257 genti-

1980 4287 2108 4343 lium
2162 4286 2378 4342 nomine
2409 4285 2561 4339 nobis
2589 4283 2809 4339 forsitan
2850 4282 3124 4354 objicient,
3174 4297 3391 4351 prorsus
3420 4281 3575 4349 inep-

1982 4393 2063 4438 tas
2111 4396 2231 4439 esse
2279 4381 2585 4446 fulminum,
2627 4379 2887 4434 montium
2946 4393 3009 4433 ac
3047 4388 3310 4432 terrarum
3361 4384 3578 4443 semper

1980 4475 2316 4542 ardentium,
2339 4490 2460 4529 cum
2491 4472 2781 4529 inferorum
2807 4474 2926 4543 igne
2954 4469 3384 4541 comparationes
3431 4466 3577 4522 Non-

273 4560 415 4615 alios
460 4570 661 4617 terrere
716 4564 993 4628 volebant,
1044 4579 1164 4620 esse
1213 4575 1596 4621 commentum.
1657 4566 1771 4620 Non
1821 4566 1872 4622 id
1903 4566 1950 4626 D
1980 4586 2047 4625 ue
2086 4568 2309 4635 etenim,
2343 4567 2570 4638 inquiet,
2601 4565 2798 4637 aliquid
2829 4580 2894 4620 ex
2924 4564 3157 4618 hominis
3199 4561 3418 4616 fulmine
3447 4558 3578 4614 tacti

274 4654 475 4724 quippe
518 4658 867 4726 omnipotenti
927 4658 1035 4712 Deo
1079 4657 1349 4713 difﬁcilius
1384 4670 1485 4724 εει,
1518 4673 1677 4728 quant
1722 4675 1871 4714 mor-

278 4758 429 4802 tuum
473 4748 745 4804 hominem
784 4751 848 4805 ad
882 4752 1041 4805 vitam
1093 4753 1347 4806 excitare.
1392 4750 1597 4807 Sufficit
1629 4751 1786 4822 igitur
1816 4762 1875 4808 ut

276 4840 336 4896 id
368 4842 508 4896 velit.
543 4842 704 4913 Atqui
725 4860 844 4899 eum
877 4840 949 4899 ita
982 4845 1117 4899 velle
1146 4861 1250 4899 non
1292 4845 1464 4900 solmn
1494 4860 1660 4899 sacra:
1696 4844 1875 4915 Scrip-

278 4945 415 4990 tura:
444 4934 737 4997 declarant.
781 4937 875 4992 sed
912 4937 1095 4993 divina
1123 4938 1281 4992 etiam
1322 4938 1467 4992 illius
1491 4938 1722 5007 justitia,
1754 4942 1876 5008 quae

279 5028 488 5085 nullum
525 5030 702 5085 scelus
739 5031 964 5086 inultum
1004 5032 1309 5102 relinquere
1365 5042 1563 5101 potest.

355 5125 421 5176 At
467 5123 730 5179 Minucius
752 5134 809 5179 ut
852 5123 977 5179 illud
1019 5124 1248 5180 ethnicis
1275 5123 1484 5179 facilius
1529 5126 1876 5195 persuadeat,

279 5217 339 5272 in
387 5216 544 5286 hujus
593 5217 901 5273 documenti
955 5218 1419 5273 cmrlirmationem
1450 5218 1692 5284 quantam
1723 5217 1880 5273 affert

279 5308 529 5379 exempla
582 5310 806 5380 ignium,
854 5310 1166 5377 fulminum,
1215 5327 1278 5366 ac
1330 5313 1592 5365 montium
1625 5309 1801 5365 Aitna:
1825 5320 1881 5367 et

279 5400 535 5468 Vesuvii,
600 5414 758 5475 atque
817 5392 1081 5458 terrarum
1133 5403 1326 5474 ubique
1369 5404 1701 5471 ardentium,
1761 5420 1883 5475 qua:

280 5499 502 5570 quidem
554 5499 658 5553 illis
703 5498 970 5569 incognita
1006 5500 1187 5568 procul
1235 5498 1399 5552 dubio
1430 5515 1535 5552 non
1562 5509 1733 5553 erant.
1770 5500 1881 5553 Au-

282 5590 405 5648 dias
458 5592 619 5648 velint
677 5608 796 5646 cum
850 5592 1197 5661 loquentem:
1248 5610 1267 5643 ι
1304 5592 1453 5645 Sicut
1502 5592 1649 5661 ignes
1705 5591 1885 5645 l'ultni-

287 5703 441 5753 num,
487 5685 677 5753 inquit,
732 5702 959 5756 corpota
990 5696 1232 5756 tangunt,
1264 5702 1364 5741 nec
1399 5685 1716 5751 absumunt;
1749 5687 1885 5743 sicut

288 5780 441 5849 ignes
474 5774 654 5834 A‘itna:
702 5788 756 5833 et
797 5776 1035 5843 Vesuvii,
1085 5786 1138 5835 et
1182 5777 1483 5834 ardentium
1527 5778 1721 5849 ubique
1776 5791 1886 5835 ter-

1978 4663 2278 4719 substantia
2326 4662 2485 4730 hujus
2531 4661 2726 4717 ardore
2776 4656 3149 4716 consumitur?
3194 4657 3380 4712 Nonne
3415 4652 3577 4709 etiam

1980 4757 2190 4827 ignibus
2247 4755 2429 4810 {Etnte
2481 4754 2808 4826 Vcsuviique
2852 4756 2926 4825 (in
2976 4753 3340 4821 manuscripto
3388 4750 3579 4805 codice

1984 4848 2180 4903 Heunei
2231 4861 2277 4903 et
2324 4847 2493 4917 lesui,
2546 4858 2818 4917 corrupte,
2868 4846 2943 4902 ιιιὶ
2985 4845 3160 4917 vides)
3218 4859 3317 4900 seu
3347 4842 3579 4897 aliorum

1984 4942 2265 5008 montium,
2336 4953 2429 4996 aut
2494 4940 2799 4995 ardentium
2848 4949 3109 4993 terrarum
3171 4951 3308 4990 nova
3365 4948 3582 5004 semper

1983 5033 2421 5089 subministratur
2475 5031 2737 5088 materia?
2808 5029 3002 5086 Contra
3064 5046 3197 5086 vero
3273 5028 3581 5085 Christiani

1981 5130 2361 5184 asseverabant
2412 5126 2660 5184 eumdem
2710 5141 2925 5195 semper
2977 5124 3089 5180 fore
3147 5126 3322 5195 ignem
3378 5121 3579 5177 infero—

1985 5243 2124 5293 rum,
2150 5224 2388 5291 nihilque
2418 5226 2627 5294 penitns
2666 5220 2884 5275 humani
2912 5220 3155 5289 corporis
3181 5220 3248 5273 ab
3280 5218 3368 5273 illo
3397 5216 3580 5273 exusti

1985 5318 2253 5388 deperire.
2300 5315 2493 5371 Verum
2527 5314 2912 5377 Tertulliauus,
2970 5328 3128 5383 quem
3156 5306 3415 5365 Minucius
3455 5325 3581 5364 nos-

1989 5419 2106 5473 ter,
2150 5408 2224 5461 uti
2251 5407 2360 5477 jam
2392 5410 2718 5473 monuimus,
2761 5404 3025 5476 sequitur,
3063 5403 3165 5457 hoc
3201 5404 3426 5458 rationis
3468 5416 3581 5456 mo-

1990 5509 2231 5555 mentum
2280 5498 2508 5553 ethnicis
2552 5500 2712 5568 plane
2779 5497 3039 5567 procidit.
3066 5496 3347 5552 Maximam
3386 5496 3585 5565 quippe

1993 5593 2149 5663 hujus
2198 5594 2496 5662 argumenti
2533 5595 2637 5647 vim
2697 5593 2748 5646 in
2777 5590 2879 5647 hoc
2911 5594 3135 5661 positam
3179 5606 3300 5647 esse
3316 5588 3583 5657 'ostendit,

1992 5686 2134 5757 quod
2179 5686 2427 5757 gentiles,
2467 5686 2681 5741 nemine
2732 5685 3078 5753 reclamante,
3109 5684 3402 5741 faterentur
3427 5697 3591 5754 quos—

1995 5782 2118 5837 dam
2170 5780 2474 5847 fulminum,
2526 5777 2811 5847 montium,
2861 5788 2916 5835 et
2980 5789 3245 5836 terrarum
3282 5777 3433 5850 ignes
3476 5776 3600 5832 ess‘e
