4058 6316
441 231 547 287 471

444 359 669 416 prorsus
721 339 1199 400 extraordinarios.
1254 337 1441 393 Nonne
1474 343 1654 394 autem
1684 335 1808 392 inde
1837 336 2037 393 inferre
2063 338 2117 398 Α

446 440 653 510 potuit,
701 438 769 492 ab
802 436 991 493 iisdem
1048 433 1277 489 ethnicis
1336 446 1615 504 perperam
1670 431 1849 501 negari
1879 430 2042 485 alium

452 549 561 589 non
613 548 771 602 posse
827 530 1032 586 infinita
1082 529 1174 584 Dei
1239 528 1476 597 potentia
1525 525 1752 581 excitari
1824 524 2041 595 ignem,

450 626 540 695 qui
597 625 737 680 idem
778 639 999 694 semper
1046 629 1279 684 maneat,
1349 618 1742 689 impiorumque
1813 632 2044 687 corpora

446 734 554 773 nou
599 716 992 775 consumendo.
1042 724 1301 769 internum
1354 720 1564 775 exuret,
1605 726 1669 766 ac
1719 710 2003 766 cruciahit.

519 810 703 883 Neque
747 827 908 881 porro
947 809 1017 864 ibi
1068 807 1217 863 stetit
1242 804 1524 871 Minucius,
1580 803 1673 859 sed
1724 803 1827 857 alia
1867 801 2044 857 adlmc

448 904 872 973 comparatione,
915 916 1011 956 seu
1063 900 1191 962 alio,
1244 907 1302 952 ut
1366 897 1533 962 aiunt,
1590 896 1657 950 ad
1729 895 2040 963 hominem,

447 1004 763 1064 argumento
801 991 1109 1058 confirmat,
1159 1006 1318 1061 quam
1354 990 1534 1059 inepte
1569 989 1815 1044 Cmoilins
1842 988 2043 1058 aliique

443 1089 672 1157 gentiles
694 1087 744 1141 id
772 1086 1087 1142 abnuerint:
1123 1083 1548 1152 «Admonentur,
1572 1082 1764 1152 inquit,
1796 1082 2043 1138 homines

443 1178 878 1235 doctissimorum
910 1180 1083 1244 libris,
1115 1187 1169 1232 et
1189 1176 1518 1233 carminibus
1543 1185 1845 1246 poetarum,
1894 1174 2041 1231 illius

446 1273 583 1342 ignei
612 1273 867 1337 ﬂuminis,
923 1284 977 1328 et
1017 1272 1084 1328 de
1110 1270 1293 1344 Stygia
1344 1270 1537 1340 palude
1562 1271 1757 1341 srepius
1799 1270 2042 1325 ambien—

441 1363 511 1418 tis
548 1365 786 1427 ardoris,
840 1380 961 1435 qua:
1010 1361 1337 1419 cruciatibus
1372 1363 1591 1417 :cternis
1638 1373 1957 1432 praeparata,
1986 1370 2042 1417 et

442 1453 749 1511 duuuonum
800 1456 1010 1510 indiciis
1048 1465 1102 1510 et
1129 1454 1198 1509 de
1244 1455 1482 1511 oraculis
1525 1453 1913 1523 Prophetarum
1950 1469 2040 1509 co-

443 1552 589 1619 gnita
623 1549 977 1604 tradiderunt.
1012 1570 1031 1601 ι
1059 1547 1136 1603 lbi
1187 1558 1368 1603 autem
1416 1547 1679 1603 Minucius
1702 1556 1758 1601 et
1788 1545 2039 1617 profanos

446 1652 503 1698 et
546 1658 731 1698 sacros
766 1644 1063 1710 scriptorcs
1096 1642 1284 1714 procul
1324 1641 1489 1698 dubio
1533 1643 1735 1698 citavit.
1790 1642 2035 1712 Prophe-

1748 222 1833 277 DE
1874 218 2130 280 MINUCH
2160 217 2459 278 OCTAVIO

3646 223 3764 282 472

2238 334 2506 400 Petraque,
2537 340 2590 386 et
2630 347 2898 387 concursus
2941 336 3151 387 duorum
3191 339 3451 464 ﬂqviorlum
3478 340 3627 391 valde
3674 354 3761 390 so-

3264 415 3359 452 aaa
3380 416 3500 453 tum.

3264 415 3500 453 nautium.

2766 462 2957 526 (Hom,
2980 462 3161 532 Odyss.
3186 462 3316 525 x,‘v.
3341 465 3474 530 145.)

2150 565 2342 624 Postea
2396 582 2526 624 vero
2571 568 2828 641 Virgilius
2849 591 2860 626 :

2268 678 2396 754 giae
2409 680 2497 754 _v_ia
2518 680 2763 754 Tartarei,
2788 696 2911 754 qua:
2924 683 3023 736 fert
3037 686 3335 754 Acherontis
3356 686 3414 737 ad
3438 688 3613 754 undas,

2267 741 2516 814 T_urbidus
2538 743 2617 793 bic
2634 741 3050 814 emno,_'vast_aque
3074 752 3311 811 voragine
3336 762 3529 814 gurges

2274 803 2485 867 iﬁstuat,
2504 817 2656 874 atque
2675 808 2870 874 omnem
2898 803 3078 874 Cocyto
3094 803 3279 874 eructat
3308 803 3525 863 arenam.

2549 868 2777 936 (Virgil.,
2803 870 2839 921 ι.
2865 887 2911 923 νι
2927 868 3145 937 iam,
3173 873 3330 926 mea
3349 883 3396 927 et
3418 878 3580 943 seqq.)

2216 974 2365 1045 Quos
2411 976 2466 1031 in
2518 992 2709 1034 versus
2751 978 2869 1035 hzrc
2908 980 3129 1037 Servius
3168 983 3451 1040 observat:
3486 1003 3507 1038 ι
3571 985 3758 1042 Ache-

2142 1081 2300 1123 ronta
2348 1069 2461 1125 vult
2505 1072 2658 1140 quasi
2714 1071 2782 1127 de
2827 1073 2936 1127 imo
2971 1077 3116 1131 nasci
3167 1085 3397 1143 tartara;
3445 1077 3604 1147 hujus
3650 1093 3757 1134 es-

2148 1162 2319 1215 tuaria
2375 1163 2595 1234 Stygem
2641 1178 2848 1232 creare,
2890 1165 2959 1221 de
3010 1166 3175 1239 Styge
3219 1179 3397 1223 autem
3434 1172 3579 1224 nasci
3643 1168 3755 1223 (lo-

2143 1263 2346 1326 cytum.
2387 1273 2408 1306 ι
2457 1256 2592 1311 Vide
2636 1256 2815 1313 adhuc
2861 1259 2906 1313 si
2963 1260 3116 1327 velis,
3171 1277 3291 1332 qua:
3358 1262 3447 1317 ille
3493 1264 3641 1333 prius
3691 1261 3753 1319 in

2142 1346 2385 1417 ejusdem
2431 1347 2553 1404 libri
2608 1365 2822 1406 versum
2854 1352 2954 1407 107
2989 1363 3361 1411 annotaverat.
3389 1356 3494 1413 Sed
3543 1355 3754 1428 Stygia

2143 1439 2355 1509 paludis
2403 1440 2657 1512 frequens
2707 1443 2850 1513 apud
2904 1446 3080 1501 varios
3125 1447 3430 1518 Scriptores
3482 1451 3710 1505 mentio.

2214 1530 2350 1587 Tum
2381 1533 2577 1590 deinde
2599 1535 2864 1592 Minucius
2889 1555 2903 1593 :
2939 1556 2959 1590 ι
2992 1538 3060 1594 Ει
3087 1538 3210 1595 ideo
3232 1541 3372 1611 apud
3395 1557 3487 1596 eos
3506 1583 3522 1604 ,
3546 1542 3752 1612 inquit,

2142 1625 2306 1681 etiam
2338 1628 2452 1697 ipse
2477 1643 2572 1684 rex
2618 1628 2831 1701 Jupiter
2863 1648 2958 1702 per
2986 1641 3256 1690 torrentes
3284 1636 3430 1706 ripas
3473 1643 3527 1690 et
3569 1645 3755 1691 atram

438 1744 612 1789 tarum
680 1735 942 1806 siquidem
1008 1735 1227 1791 nomine
1259 1777 1275 1802 ,
1352 1734 1518 1789 libros
1584 1734 1793 1789 Veteris
1846 1733 2028 1789 Testa-

2143 1716 2455 1788 voraginem
2481 1720 2626 1790 jurat
2657 1722 2926 1793 religiose,
2964 1742 2985 1776 ι
3019 1723 3125 1781 hoc
3156 1736 3262 1789 est,
3313 1740 3407 1795 per
3446 1740 3614 1797 aquas
3639 1725 3755 1783 du-

433 1828 625 1894 menti,
675 1838 836 1900 atque
903 1829 1086 1896 etiam,
1127 1831 1172 1884 si
1218 1828 1375 1895 velis,
1414 1826 1765 1900 Sibyllarum,
1819 1835 1875 1883 et
1897 1826 2034 1882 alio-

436 1936 591 1987 rum,
640 1937 778 1993 quos
824 1923 1025 1979 ethnici
1072 1924 1363 1995 prophetas
1400 1939 1521 1980 esse
1555 1924 1834 1995 putabant,
1875 1923 2034 1979 effata

436 2013 713 2085 designat:
764 2037 781 2069 ι
820 2018 1126 2074 daemonum
1170 2034 1301 2075 vero
1347 2019 1579 2086 indiciis,
1619 2038 1638 2071 ι
1675 2033 1860 2074 sacros
1901 2018 2035 2074 Novi

437 2105 768 2164 Testameuti
817 2110 1060 2175 codices;
1112 2111 1199 2167 ubi
1258 2112 1483 2181 legimus
1521 2110 1797 2167 dremones
1833 2111 2029 2182 palam,

430 2212 496 2253 ac
523 2200 774 2256 omnibus
802 2203 1165 2268 audientibus,
1189 2202 1471 2258 confessos
1498 2201 1664 2257 fuisse
1709 2202 1925 2257 aeternis
1972 2216 2033 2257 se

433 2292 647 2364 ignibus
708 2297 961 2352 cruciari.
1018 2297 1259 2352 Etbnicis
1327 2297 1505 2368 itaque
1564 2295 1827 2366 publicam
1886 2294 2030 2350 illam

430 2383 735 2442 daemoiium
772 2387 1165 2444 confessionem
1202 2387 1407 2460 objicit,
1458 2403 1618 2458 quam
1650 2402 1751 2443 nec
1803 2386 1899 2452 illi,
1931 2400 2031 2443 nec

433 2478 574 2534 ullus
621 2480 759 2536 alius
810 2497 1008 2553 negare
1063 2491 1292 2554 poterat.

503 2571 807 2643 Scriptores
857 2590 986 2630 vero
1030 2577 1302 2646 profanos,
1370 2575 1485 2630 sive
1537 2574 1806 2640 ethnicos,
1861 2583 2029 2631 testes

430 2666 660 2737 appellat
696 2685 716 2719 ι
747 2667 886 2739 ignei
933 2667 1170 2723 ﬂuminis
1217 2668 1284 2723 de
1337 2668 1518 2739 Stygia
1568 2667 1779 2737 palude,
1821 2686 1841 2719 ι
1903 2677 2027 2738 puta

431 2758 787 2826 Acherontis,
817 2775 975 2829 quem
1019 2760 1179 2816 iidem
1233 2759 1435 2815 ethnici
1490 2775 1654 2814 unum
1684 2775 1749 2815 ex
1797 2767 2027 2828 quatuor

430 2847 868 2906 celebratissimis
905 2851 1198 2907 inferorum
1229 2852 1405 2907 ﬂuviis
1455 2866 1578 2906 esse
1624 2851 2020 2921 fabulabantur,

428 2941 773 3016 ignibusque,
822 2957 879 3001 ut
921 2948 995 3002 ait
1048 2946 1292 3015 Servius,
1338 2947 1576 3017 plenum,
1609 2947 1698 3019 qui
1742 2947 2022 3020 Pyriphle-

423 3034 700 3103 gethoutts
743 3054 909 3110 aquas
958 3039 1253 3109 recipiebat
1312 3039 1484 3113 (Serv.
1515 3040 1568 3093 in
1599 3040 1686 3094 lib.
1732 3056 1785 3094 v1
1839 3038 2019 3111 Virgil.

426 3124 646 3181 Αἰηεὶά.
708 3146 830 3202 pag.
859 3130 1011 3201 404).
1043 3133 1144 3201 Qui
1183 3143 1363 3189 autem
1396 3132 1595 3188 fuerint
1620 3132 1673 3187 bi
1699 3133 1896 3202 aliique
1916 3131 2025 3188 duo
2050 3139 2094 3203 ε

427 3216 723 3275 inferorum
758 3222 928 3291 ﬂuvii,
968 3239 1033 3279 ex
1080 3224 1335 3291 Platone,
1384 3225 1478 3296 qui
1530 3225 1650 3280 illos
1705 3224 2024 3296 descripsit.

424 3321 588 3382 atque
616 3314 736 3369 aliis
777 3332 935 3385 quam
970 3318 1214 3387 plurimis
1241 3319 1452 3375 discere
1492 3318 1721 3388 quilibet
1775 3318 2028 3374 facillime

422 3406 824 3478 poterit(Plato
868 3408 1012 3464 Plut.
1063 3421 1185 3465 tom.
1234 3428 1272 3475 ι,
1315 3428 1436 3483 pag.
1489 3410 1593 3466 112
1634 3421 1683 3466 et
1728 3410 1917 3482 θείνῃ).

496 3497 579 3552 Ab
628 3500 720 3553 illo
765 3517 978 3572 quoque
1029 3504 1253 3560 Platone
1297 3505 1487 3559 eadem
1526 3503 1785 3559 facilitate
1831 3504 2025 3559 edoce-

420 3592 586 3658 hitur,
623 3611 720 3651 cur
758 3596 891 3670 Styx
938 3615 968 3653 a
1016 3599 1251 3655 Minucio
1280 3600 1450 3669 palus,
1501 3615 1671 3671 eaque
1699 3598 1895 3654 ardore
1924 3613 2026 3653 sm—

417 3684 540 3756 pius
581 3689 775 3742 ambiri
821 3690 1065 3756 dicatur;
1118 3694 1329 3747 tametsi
1377 3692 1467 3746 alii
1500 3692 1721 3748 ﬂuvium
1755 3707 1877 3747 esse
1916 3703 2024 3748 tra-

420 3777 681 3847 diderint,
725 3783 880 3853 Cujus
934 3785 1071 3840 adeo
1123 3784 1316 3856 frigida
1369 3796 1450 3840 est
1500 3802 1659 3857 aqua,
1692 3793 2021 3856 uteaepota

418 3871 593 3941 quivis
647 3876 890 3944 protinus
963 3876 1245 3932 moriatur.
1299 3875 1430 3949 Styx
1483 3877 1648 3944 enim,
1714 3880 1905 3949 inquit,
1967 3878 2020 3933 in

417 3968 695 4023 horridum
722 3971 1119 4044 immanemque
1173 3972 1349 4027 locum
1401 3971 1618 4037 incidit,
1663 3974 2021 4044 paludemque

415 4057 604 4114 efficit.
638 4060 834 4133 (Idem,
887 4064 1017 4118 ibid.
1060 4082 1179 4136 pag.
1222 4061 1372 4136 115).
1421 4064 1640 4121 Terram
1673 4082 1802 4121 vero
1843 4068 2020 4136 ingre-

418 4152 587 4221 ditur,
615 4166 664 4209 et
693 4158 1089 4213 circumrotans
1119 4158 1291 4214 inﬂuit
1320 4159 1373 4214 in
1426 4159 2014 4232 Pyriphlegethontem,

416 4244 544 4316 igne
583 4247 889 4318 ardentem,
934 4267 1108 4320 neque
1152 4252 1270 4321 ejus
1297 4260 1475 4308 tamen
1516 4268 1653 4324 aqua
1685 4252 1757 4307 illi
1781 4263 1871 4309 aut
1898 4254 2014 4308 cui-

411 4340 555 4409 piam
600 4341 750 4397 alteri
803 4343 965 4398 ﬂuvio
1008 4345 1284 4399 miscetur.
1349 4345 1562 4400 Circulo
1611 4356 1790 4400 autem
1838 4345 2010 4410 facto,

409 4431 636 4488 effundit
680 4449 740 4491 se
793 4434 846 4489 in
902 4447 1180 4491 tartarum.
1230 4436 1399 4491 Totus
1442 4451 1605 4507 porro
1652 4436 1744 4491 ille
1774 4436 2012 4492 Platonis

402 4528 559 4585 locus
603 4532 672 4586 ab
711 4530 946 4587 Eusebio
1001 4532 1304 4603 descriptus
1358 4543 1442 4588 est

401 4620 643 4695 Priepar.
672 4622 873 4696 Eranq.
903 4640 1020 4695 cup.
1044 4625 1136 4692 25,
1164 4623 1384 4696 p.567).
1409 4623 1541 4691 Quis
1570 4640 1698 4680 vero
1721 4625 1819 4680 sibi
1850 4624 2010 4682 facile

403 4729 511 4770 non
559 4716 907 4787 persuadebit
964 4716 1106 4771 hunc
1154 4718 1328 4789 ipsum
1377 4718 1428 4771 in
1474 4717 1664 4787 primis
1705 4717 2004 4785 Platonem,

399 4808 834 4864 doctissimorum
874 4808 1173 4876 hominum,
1221 4810 1343 4875 vel,
1379 4819 1438 4864 ttt
1462 4811 1539 4865 ait
1597 4811 1999 4879 Tertullianus,

402 4902 881 4972 phiIOSuphorum,
938 4905 1177 4967 nomine,
1250 4905 1497 4975 Ituncque
1550 4906 1668 4975 ejus
1713 4906 1906 4961 librum
1971 4921 2004 4962 a

398 4992 634 5049 Minucio
670 5008 858 5051 nostro
902 4997 1096 5052 citari?
1124 4996 1313 5052 Nullus
1366 5012 1580 5069 quaque
1627 5000 1832 5054 inficias
1886 4999 1998 5056 for-

398 5096 543 5141 tasse
575 5087 699 5151 ihit,
753 5104 784 5143 e
842 5089 1073 5144 laudatis
1114 5089 1181 5144 ab
1226 5105 1292 5145 eo
1332 5099 1387 5146 et
1438 5089 1767 5146 Tertullinno
1803 5093 1996 5162 poetis,

395 5180 627 5248 primum
658 5180 911 5249 llmuero,
943 5194 997 5239 et
1020 5182 1314 5237 secundum
1347 5182 1564 5252 Virgilio
1594 5183 1827 5240 dandum
1869 5200 1995 5242 esse

389 5274 591 5333 locum.
644 5277 911 5335 Homerus
954 5280 1232 5335 enimvero
1269 5281 1494 5335 cecinit:

642 5394 737 5445 έναι
755 5408 819 5455 μὶν
841 5409 889 5454 ιὶς
912 5398 1097 5459 Ᾰχιρυντα
1124 5410 1388 5461 Πυριᾳλετίθων
1407 5423 1447 5449 τι
1470 5411 1606 5461 ῥέωσι,

644 5469 815 5515 Κώκυτός
848 5471 897 5515 θ’.
916 5472 955 5517 ες
974 5468 1022 5520 δὴ
1041 5474 1170 5519 Στυγὸς
1193 5469 1328 5518 ὕδατός
1353 5475 1451 5512 ἐστιν
1472 5472 1653 5524 ἀπυῤῥὼξ,

642 5533 761 5582 Πίτρη
794 5546 849 5578 τι,
873 5533 1010 5579 ξὺνισὶς
1035 5548 1072 5573 τι
1104 5531 1179 5574 δῦω
1199 5542 1369 5585 ποταμῶν
1394 5532 1604 5585 ιριδοῦκων.

479 5624 573 5675 Hic
596 5626 794 5690 quidem
820 5628 868 5675 in
909 5626 1241 5680 Acherontem
1285 5632 1833 5699 Pyyriphlegethonque
1873 5650 1989 5688 con-

478 5750 801 5817 Cocytusque,
827 5754 909 5815 qui
935 5758 1075 5804 certe
1095 5753 1262 5819 Stygis
1280 5768 1422 5821 aquae
1446 5764 1525 5809 est
1556 5697 1835 5814 ιιυέιὲιῗυηι

1522 4530 1734 4605 (Euseb.
1804 4533 1891 4587 lib.
1955 4541 2090 4603 χιι)

2140 1808 2230 1865 bio
2278 1810 2463 1881 procul
2512 1813 2747 1886 Stygias,
2798 1815 2867 1871 de
2914 1817 3108 1887 quibus
3135 1817 3425 1874 Homerus:

2387 1925 2495 1990 Ᾰτιηι
2516 1943 2577 1977 νῦν
2600 1952 2664 1989 μοι
2685 1940 2845 1991 ὁμότονον
2866 1941 3006 1981 “nam
3025 1941 3156 1994 Στυγὸς
3174 1939 3284 1995 ὕδωρ.

2233 2027 2344 2091 Age
2368 2042 2497 2080 nunc
2520 2031 2638 2081 mihi
2672 2034 2784 2097 jura
2807 2033 3144 2101 inviolabilem
3167 2036 3335 2101 Stygis
3355 2050 3550 2101 aquam.

2812 2095 3356 2161 (Ηοηιενηιιὶαάῖὶιν,
3380 2095 3428 2151 ὁ.
3449 2101 3586 2165 271.)

2136 2198 2256 2255 Alio
2276 2200 2437 2256 etiam
2468 2201 2520 2257 in
2552 2202 2689 2258 libro
2712 2204 2969 2261 canebat:

2383 2351 2459 2411 [ἰαὶ
2480 2351 2528 2389 τὸ
2545 2353 2808 2411 Ῠητιισόμινσν
2834 2355 2965 2407 Στυγὸς
2987 2351 3098 2409 ὖδορ.
3119 2358 3217 2398 in:
3241 2361 3414 2411 μᾶτιστος

2381 2402 2514 2465 ὅμως,
2537 2402 2748 2463 sum“
2771 2430 2814 2457 τι
2836 2402 2936 2458 sua:
2956 2402 3166 2472 μήᾆισσι
3184 2402 3312 2461 halm;

2226 2479 2289 2555 ξι
2314 2482 2417 2544 ipsa
2439 2485 2702 2555 subiacens
2718 2486 2885 2555 Stygis
2903 2502 3046 2554 aqua,
3069 2491 3202 2555 quod
3225 2495 3489 2544 tiiaximum

2225 2542 2588 2607 Jurarnentttin,
2611 2542 3053 2616 gravissimumque
3076 2542 3249 2605 existit
3266 2542 3429 2607 beatis
3452 2542 3576 2606 Diis.

2567 2630 2752 2695 (Idem,
2782 2636 2959 2703 Odyss.
2987 2634 3023 2686 l.
3046 2652 3094 2697 v,
3111 2649 3156 2687 υ.
3178 2637 3269 2688 185
3284 2646 3330 2690 et
3351 2640 3510 2705 seqq.)

2134 2732 2369 2792 Homero
2413 2737 2571 2809 plane
2623 2743 2860 2799 concinit
2909 2743 3160 2817 Virgilius
3200 2745 3349 2803 hisce
3401 2746 3747 2804 carminibus

2130 2827 2347 2886 latinis:

2224 2945 2384 3020 royti
2410 2954 2585 3020 stagna
2607 2949 2703 3020 alta
2728 2953 2869 3003 vides
2914 2952 3238 3020 Stygiamque
3266 2955 3517 3020 paludem,

2224 2968 2384 3023 υριγιι
2410 2968 2585 3025 stagna
2607 2968 2703 3026 alta
2728 2968 2869 3003 viues
2914 2968 3238 3065 Stfgtamque
3266 2969 3323 3020 pa

2224 3007 2286 3060 Dt
2309 3024 2449 3075 cujus
2459 3026 2630 3076 jurare
2648 3023 2827 3065 timent
2851 3024 2903 3067 et
2928 3020 2969 3065 ta
2994 3016 3101 3067 lere
3120 3031 3323 3068 numen.

2650 3096 2843 3163 (Virg,
2859 3098 2894 3150 l.
2916 3114 2965 3152 γι
2989 3097 3209 3161 Λῑηείάη
3237 3113 3282 3152 υ.
3308 3100 3399 3152 525
3416 3103 3637 3171 etseqq.)

2206 3192 2364 3251 Plura
2394 3197 2439 3253 si
2472 3199 2624 3265 velis,
2651 3201 2736 3256 adi
2762 3203 3105 3273 Apollonium
3133 3205 3414 3278 Argonaut.
3447 3207 3540 3264 lib.
3570 3225 3633 3278 ιι,
3673 3224 3734 3265 v.

2132 3285 2239 3343 290
2296 3289 2586 3349 Hesiodum
2641 3293 2906 3369 Theogon.
2938 3314 3010 3367 tv,
3041 3299 3146 3356 585
3171 3310 3225 3356 et
3253 3317 3405 3371 seqq.
3436 3312 3490 3358 et
3516 3319 3569 3358 v.
3617 3305 3733 3362 775

2129 3389 2185 3438 et
2223 3397 2373 3455 seqq.
2420 3384 2668 3443 Ovidium
2718 3391 2811 3447 lib.
2849 3392 3236 3469 tMetamorpIi.
3269 3413 3319 3451 ν.
3356 3398 3460 3453 184
3490 3408 3543 3453 et
3568 3415 3729 3473 seqq.

2128 3473 2409 3545 Apuleium
2456 3479 2552 3536 lib.
2596 3499 2669 3539 vu
2722 3483 3065 3557 Metamorph.
3118 3490 3260 3546 circa
3311 3491 3452 3547 med.
3478 3492 3731 3551 Natalem

2127 3566 2388 3626 Comitem
2440 3573 2531 3629 lih.
2562 3592 2620 3631 ιιι
2654 3576 2942 3651 Mytlwlog.
2971 3596 3090 3652 cap.
3144 3585 3168 3639 1
3203 3596 3253 3639 et
3284 3600 3436 3657 seqq.
3471 3586 3727 3643 Vossium

2126 3658 2218 3717 lib.
2261 3679 2298 3718 ιι
2337 3666 2400 3721 de
2445 3666 2590 3740 Orig.
2633 3682 2680 3726 et
2745 3669 2931 3745 Progr.
2970 3673 3144 3731 Id«.lo.
3177 3691 3298 3748 cap.
3342 3680 3403 3733 81
3464 3693 3583 3750 pag.
3615 3680 3729 3737 559

2125 3765 2181 3811 et
2230 3772 2381 3831 seqq.

2198 3851 2367 3919 Quam
2415 3866 2621 3911 certum
2667 3874 2828 3929 porro
2870 3872 2953 3918 est
3002 3863 3278 3935 improbos
3316 3865 3586 3936 homines,
3630 3869 3724 3941 qui

2125 3957 2192 3999 ex
2223 3942 2323 4002 hac
2374 3948 2475 4003 vita
2503 3951 2789 4006 criminum
2841 3958 3043 4010 conscii
3082 3958 3330 4029 migrant,
3359 3961 3575 4015 mteruis
3600 3976 3727 4032 sup.

2124 4037 2300 4107 pliciis
2348 4059 2377 4095 a
2437 4042 2586 4113 justo
2633 4058 2680 4101 et
2752 4050 3122 4120 omnipotente
3206 4051 3313 4109 Deo
3370 4054 3544 4120 affici,
3609 4065 3722 4111 tam

2121 4142 2373 4189 constare
2415 4136 2578 4191 debet
2614 4138 2811 4206 justus,
2840 4140 2893 4196 in
2935 4143 3141 4211 justitia
3175 4147 3493 4213 morientes,
3519 4148 3588 4203 ab
3622 4162 3722 4202 eo-

2119 4219 2242 4275 dem
2297 4224 2406 4280 Deo
2434 4228 2763 4298 sempiterna
2807 4233 3058 4291 felicitate
3084 4236 3293 4292 donari.
3324 4237 3586 4293 Minucius
3613 4254 3716 4292 au-

2120 4319 2226 4368 tem
2271 4329 2338 4370 eo
2377 4318 2512 4386 ipso,
2569 4336 2677 4391 quo
2721 4326 2946 4393 primum
2974 4328 3234 4396 probavit,
3260 4330 3554 4385 secundum
3583 4333 3721 4387 satis

2116 4417 2177 4457 se
2223 4405 2625 4467 demonstrasse
2678 4414 2970 4471 arbitratus
2999 4428 3103 4473 est.
3144 4418 3404 4487 Quocirca
3435 4421 3563 4477 illud
3593 4438 3716 4478 am-

2118 4498 2256 4567 plius
2296 4499 2632 4570 probandum
2681 4520 2789 4561 non
2839 4510 3196 4572 existimavit.
3256 4512 3543 4584 palamque
3587 4530 3717 4584 prae

2117 4591 2363 4646 nuntiare
2394 4609 2502 4648 non
2540 4595 2778 4652 dubitat:
2816 4618 2836 4651 ι
2865 4599 2977 4655 Hos
3007 4602 3123 4671 pios
3158 4603 3408 4660 videlicet
3435 4606 3714 4675 homines,

2110 4697 2208 4753 spe
2257 4681 2454 4740 futura:
2501 4684 2770 4745 felicitatis
2799 4705 3020 4750 securos
3063 4698 3267 4753 vivere.
3310 4719 3328 4750 ι

2709 4847 3003 4889 Αιιτιουωε
3029 4850 3105 4891 ιν.

2104 4963 2486 5026 Examinantur
2526 4984 2824 5045 argumenta
2876 4976 3057 5046 quibus
3107 4977 3347 5034 Octavius
3391 4990 3569 5036 contra
3594 4980 3712 5039 Cre~

2178 5062 2349 5116 cilium
2397 5066 2578 5136 probat
2615 5068 2863 5121 mundum
2910 5069 3029 5139 igne
3054 5070 3333 5140 aliquando
3383 5075 3709 5143 periturum;

2176 5169 2237 5209 ac
2287 5154 2352 5210 de
2403 5155 2718 5223 Stoicorum,
2769 5157 3163 5232 Epicureorum,
3240 5175 3287 5220 et
3343 5163 3589 5224 Platonis
3645 5186 3709 5225 ea

2175 5244 2239 5300 de
2275 5262 2330 5301 re
2351 5248 2696 5317 opinionibus.

2173 5381 2463 5438 Christiani
2515 5399 2614 5456 pro
2659 5396 2810 5443 certo
2859 5388 3036 5445 adhuc
3084 5401 3309 5460 ratoque
3358 5392 3580 5450 decreto
3603 5395 3705 5453 hac

2085 5475 2296 5532 .bebant
2344 5486 2510 5533 totum
2556 5478 2700 5535 hunc
2749 5482 3027 5551 nmudum,
3087 5495 3142 5541 et
3166 5487 3346 5543 omnia
3388 5505 3510 5560 quae
3543 5491 3698 5549 ineo

2094 5578 2255 5633 sunt,
2302 5570 2425 5641 igne
2463 5574 2851 5629 consumenda.
2893 5576 2998 5631 Sed
3040 5576 3171 5632 illud
3212 5576 3459 5634 C:ecilius
3511 5585 3702 5652 paucis

2094 5660 2178 5714 his
2208 5661 2388 5717 verbis
2426 5661 2734 5737 impugnat:
2776 5685 2795 5718 ι
2847 5667 3011 5735 Quasi
3038 5680 3129 5725 aut
3158 5680 3364 5727 natura:
3390 5673 3590 5730 divinis
3618 5677 3702 5734 le-

2086 5753 2247 5827 gibus
2268 5750 2597 5813 constituttts
2640 5768 2877 5816 aeternus
2925 5762 3062 5819 ordo
3113 5765 3380 5835 turbetur,
3412 5780 3503 5825 aut
3533 5781 3700 5843 rupto
