  <div class='ocr_page' id='page_1' title='image "/cluster/home/n/w/nwhite01/storage/ocr_20150623/3/hvd.32044015471212/286.png"; bbox 0 0 3972 6310; ppageno 0'>
   <div class='ocr_carea' id='block_1_1' title="bbox 234 218 349 275">
    <p class='ocr_par' dir='ltr' id='par_1_1' title="bbox 234 218 349 275">
     <span class='ocr_line' id='line_1_1' title="bbox 234 218 349 275; baseline 0 -1"><span class='ocrx_word' id='word_1_1' title='bbox 234 218 349 275; x_wconf 65' lang='lat'><strong>475</strong></span> 
     </span>
    </p>
   </div>
   <div class='ocr_carea' id='block_1_2' title="bbox 1628 216 2095 274">
    <p class='ocr_par' dir='ltr' id='par_1_2' title="bbox 1628 216 2095 274">
     <span class='ocr_line' id='line_1_2' title="bbox 1628 216 2095 274; baseline 0.004 -2"><span class='ocrx_word' id='word_1_2' title='bbox 1628 216 2095 274; x_wconf 78' lang='lat' dir='ltr'><strong>DlSSERTA&#39;I‘lO.</strong></span> 
     </span>
    </p>
   </div>
   <div class='ocr_carea' id='block_1_3' title="bbox 3434 217 3539 277">
    <p class='ocr_par' dir='ltr' id='par_1_3' title="bbox 3434 217 3539 277">
     <span class='ocr_line' id='line_1_3' title="bbox 3434 217 3539 277; baseline 0 -2"><span class='ocrx_word' id='word_1_3' title='bbox 3434 217 3539 277; x_wconf 58' lang='lat'><strong>£74</strong></span> 
     </span>
    </p>
   </div>
   <div class='ocr_carea' id='block_1_4' title="bbox 233 331 3540 404">
    <p class='ocr_par' dir='ltr' id='par_1_4' title="bbox 233 331 3540 404">
     <span class='ocr_line' id='line_1_4' title="bbox 233 331 3540 404; baseline -0.001 -12"><span class='ocrx_word' id='word_1_4' title='bbox 233 339 634 393; x_wconf 86' lang='lat' dir='ltr'><strong>elementorum</strong></span> <span class='ocrx_word' id='word_1_5' title='bbox 687 333 926 391; x_wconf 90' lang='lat' dir='ltr'><strong>omnium</strong></span> <span class='ocrx_word' id='word_1_6' title='bbox 977 331 1208 398; x_wconf 72' lang='lat' dir='ltr'><strong>ftetlcre,</strong></span> <span class='ocrx_word' id='word_1_7' title='bbox 1237 340 1292 387; x_wconf 90' lang='lat' dir='ltr'><strong>et</strong></span> <span class='ocrx_word' id='word_1_8' title='bbox 1341 331 1550 388; x_wconf 87' lang='lat' dir='ltr'><strong>coelein</strong></span> <span class='ocrx_word' id='word_1_9' title='bbox 1579 347 1835 404; x_wconf 82' lang='lat' dir='ltr'><strong>compage</strong></span> <span class='ocrx_word' id='word_1_10' title='bbox 1861 334 1914 395; x_wconf 73' lang='grc' dir='ltr'><strong>Α</strong></span> <span class='ocrx_word' id='word_1_11' title='bbox 1943 333 2168 390; x_wconf 91' lang='lat' dir='ltr'><strong>humore</strong></span> <span class='ocrx_word' id='word_1_12' title='bbox 2215 332 2442 389; x_wconf 89' lang='lat' dir='ltr'><strong>mtmdus</strong></span> <span class='ocrx_word' id='word_1_13' title='bbox 2495 333 2580 389; x_wconf 88' lang='lat' dir='ltr'><strong>hic</strong></span> <span class='ocrx_word' id='word_1_14' title='bbox 2628 333 2806 388; x_wconf 92' lang='lat' dir='ltr'><strong>omnis</strong></span> <span class='ocrx_word' id='word_1_15' title='bbox 2835 333 3093 403; x_wconf 88' lang='lat' dir='ltr'><strong>ignescat.</strong></span> <span class='ocrx_word' id='word_1_16' title='bbox 3134 351 3152 386; x_wconf 76' lang='grc' dir='ltr'><strong>ι</strong></span> <span class='ocrx_word' id='word_1_17' title='bbox 3190 333 3380 390; x_wconf 85' lang='lat' dir='ltr'><strong>Mirum</strong></span> <span class='ocrx_word' id='word_1_18' title='bbox 3408 347 3540 388; x_wconf 88' lang='lat' dir='ltr'><strong>sane</strong></span> 
     </span>
    </p>
   </div>
   <div class='ocr_carea' id='block_1_5' title="bbox 234 427 1838 500">
    <p class='ocr_par' dir='ltr' id='par_1_5' title="bbox 234 427 1838 500">
     <span class='ocr_line' id='line_1_5' title="bbox 234 427 1838 500; baseline -0.002 -13"><span class='ocrx_word' id='word_1_19' title='bbox 234 432 435 496; x_wconf 87' lang='lat' dir='ltr'><strong>divisa,</strong></span> <span class='ocrx_word' id='word_1_20' title='bbox 464 431 634 485; x_wconf 91' lang='lat' dir='ltr'><strong>moles</strong></span> <span class='ocrx_word' id='word_1_21' title='bbox 661 433 784 496; x_wconf 91' lang='lat' dir='ltr'><strong>ista,</strong></span> <span class='ocrx_word' id='word_1_22' title='bbox 816 445 936 500; x_wconf 72' lang='lat' dir='ltr'><strong>qua:</strong></span> <span class='ocrx_word' id='word_1_23' title='bbox 962 429 1288 494; x_wconf 88' lang='lat' dir='ltr'><strong>continetur,</strong></span> <span class='ocrx_word' id='word_1_24' title='bbox 1333 437 1388 483; x_wconf 88' lang='lat' dir='ltr'><strong>et</strong></span> <span class='ocrx_word' id='word_1_25' title='bbox 1427 428 1677 498; x_wconf 77' lang='lat' dir='ltr'><strong>cingitur,</strong></span> <span class='ocrx_word' id='word_1_26' title='bbox 1709 427 1838 483; x_wconf 90' lang='lat' dir='ltr'><strong>sub-</strong></span> 
     </span>
    </p>
   </div>
   <div class='ocr_carea' id='block_1_6' title="bbox 234 519 1837 591">
    <p class='ocr_par' dir='ltr' id='par_1_6' title="bbox 234 519 1837 591">
     <span class='ocr_line' id='line_1_6' title="bbox 234 519 1837 591; baseline -0.002 -13"><span class='ocrx_word' id='word_1_27' title='bbox 234 533 448 579; x_wconf 85' lang='lat' dir='ltr'><strong>ruatur.</strong></span> <span class='ocrx_word' id='word_1_28' title='bbox 489 542 507 576; x_wconf 77' lang='grc'><strong>»</strong></span> <span class='ocrx_word' id='word_1_29' title='bbox 557 523 660 580; x_wconf 85' lang='lat' dir='ltr'><strong>Sed</strong></span> <span class='ocrx_word' id='word_1_30' title='bbox 732 523 876 578; x_wconf 91' lang='lat' dir='ltr'><strong>illum</strong></span> <span class='ocrx_word' id='word_1_31' title='bbox 928 523 1182 578; x_wconf 76' lang='lat' dir='ltr'><strong>Octavius</strong></span> <span class='ocrx_word' id='word_1_32' title='bbox 1211 522 1292 574; x_wconf 89' lang='lat' dir='ltr'><strong>his</strong></span> <span class='ocrx_word' id='word_1_33' title='bbox 1346 519 1522 576; x_wconf 89' lang='lat' dir='ltr'><strong>verbis</strong></span> <span class='ocrx_word' id='word_1_34' title='bbox 1569 523 1837 591; x_wconf 79' lang='lat' dir='ltr'><strong>castigat:</strong></span> 
     </span>
    </p>
   </div>
   <div class='ocr_carea' id='block_1_7' title="bbox 244 612 1838 688">
    <p class='ocr_par' dir='ltr' id='par_1_7' title="bbox 244 612 1838 688">
     <span class='ocr_line' id='line_1_7' title="bbox 244 612 1838 688; baseline -0.001 -19"><span class='ocrx_word' id='word_1_35' title='bbox 244 635 268 669; x_wconf 71' lang='grc' dir='ltr'><strong>ι</strong></span> <span class='ocrx_word' id='word_1_36' title='bbox 306 619 417 672; x_wconf 81' lang='lat' dir='ltr'><strong>Aut</strong></span> <span class='ocrx_word' id='word_1_37' title='bbox 466 618 812 688; x_wconf 90' lang='lat' dir='ltr'><strong>improvisum</strong></span> <span class='ocrx_word' id='word_1_38' title='bbox 866 617 1042 687; x_wconf 89' lang='lat' dir='ltr'><strong>ignctu</strong></span> <span class='ocrx_word' id='word_1_39' title='bbox 1097 615 1314 678; x_wconf 86' lang='lat' dir='ltr'><strong>cadere,</strong></span> <span class='ocrx_word' id='word_1_40' title='bbox 1360 623 1450 669; x_wconf 88' lang='lat' dir='ltr'><strong>aut</strong></span> <span class='ocrx_word' id='word_1_41' title='bbox 1491 612 1704 668; x_wconf 89' lang='lat' dir='ltr'><strong>difﬁcile</strong></span> <span class='ocrx_word' id='word_1_42' title='bbox 1734 630 1838 668; x_wconf 91' lang='lat' dir='ltr'><strong>non</strong></span> 
     </span>
    </p>
   </div>
   <div class='ocr_carea' id='block_1_8' title="bbox 236 706 1841 780">
    <p class='ocr_par' dir='ltr' id='par_1_8' title="bbox 236 706 1841 780">
     <span class='ocr_line' id='line_1_8' title="bbox 236 706 1841 780; baseline -0.003 -15"><span class='ocrx_word' id='word_1_43' title='bbox 236 708 488 777; x_wconf 81' lang='lat' dir='ltr'><strong>credere,</strong></span> <span class='ocrx_word' id='word_1_44' title='bbox 545 710 780 780; x_wconf 78' lang='lat' dir='ltr'><strong>vulgaris</strong></span> <span class='ocrx_word' id='word_1_45' title='bbox 826 710 1029 764; x_wconf 91' lang='lat' dir='ltr'><strong>erroris</strong></span> <span class='ocrx_word' id='word_1_46' title='bbox 1079 718 1181 764; x_wconf 89' lang='lat' dir='ltr'><strong>est.</strong></span> <span class='ocrx_word' id='word_1_47' title='bbox 1225 727 1242 760; x_wconf 72' lang='grc' dir='ltr'><strong>ι</strong></span> <span class='ocrx_word' id='word_1_48' title='bbox 1279 706 1456 762; x_wconf 87' lang='lat' dir='ltr'><strong>Mollis</strong></span> <span class='ocrx_word' id='word_1_49' title='bbox 1498 715 1677 761; x_wconf 89' lang='lat' dir='ltr'><strong>autem</strong></span> <span class='ocrx_word' id='word_1_50' title='bbox 1730 707 1841 760; x_wconf 73' lang='lat' dir='ltr'><strong>lucc</strong></span> 
     </span>
    </p>
   </div>
   <div class='ocr_carea' id='block_1_9' title="bbox 237 798 1837 868">
    <p class='ocr_par' dir='ltr' id='par_1_9' title="bbox 237 798 1837 868">
     <span class='ocr_line' id='line_1_9' title="bbox 237 798 1837 868; baseline -0.004 -12"><span class='ocrx_word' id='word_1_51' title='bbox 237 803 471 858; x_wconf 90' lang='lat' dir='ltr'><strong>obscura</strong></span> <span class='ocrx_word' id='word_1_52' title='bbox 515 801 783 857; x_wconf 84' lang='lat' dir='ltr'><strong>videntur.</strong></span> <span class='ocrx_word' id='word_1_53' title='bbox 815 801 1175 868; x_wconf 89' lang='lat' dir='ltr'><strong>Quamobrem</strong></span> <span class='ocrx_word' id='word_1_54' title='bbox 1211 798 1489 868; x_wconf 77' lang='lat' dir='ltr'><strong>Rigaltius,</strong></span> <span class='ocrx_word' id='word_1_55' title='bbox 1519 810 1572 853; x_wconf 89' lang='lat' dir='ltr'><strong>et</strong></span> <span class='ocrx_word' id='word_1_56' title='bbox 1621 799 1837 868; x_wconf 91' lang='lat' dir='ltr'><strong>quidam</strong></span> 
     </span>
    </p>
   </div>
   <div class='ocr_carea' id='block_1_10' title="bbox 236 888 1840 962">
    <p class='ocr_par' dir='ltr' id='par_1_10' title="bbox 236 888 1840 962">
     <span class='ocr_line' id='line_1_10' title="bbox 236 888 1840 962; baseline -0.003 -13"><span class='ocrx_word' id='word_1_57' title='bbox 236 895 334 949; x_wconf 86' lang='lat' dir='ltr'><strong>alii</strong></span> <span class='ocrx_word' id='word_1_58' title='bbox 391 895 622 949; x_wconf 90' lang='lat' dir='ltr'><strong>duorum</strong></span> <span class='ocrx_word' id='word_1_59' title='bbox 655 894 945 950; x_wconf 77' lang='lat' dir='ltr'><strong>verborum</strong></span> <span class='ocrx_word' id='word_1_60' title='bbox 1003 892 1441 962; x_wconf 89' lang='lat' dir='ltr'><strong>transpositione,</strong></span> <span class='ocrx_word' id='word_1_61' title='bbox 1485 892 1562 944; x_wconf 74' lang='lat' dir='ltr'><strong>sic</strong></span> <span class='ocrx_word' id='word_1_62' title='bbox 1610 894 1660 944; x_wconf 93' lang='lat' dir='ltr'><strong>in</strong></span> <span class='ocrx_word' id='word_1_63' title='bbox 1683 888 1840 944; x_wconf 85' lang='lat' dir='ltr'><strong>editis</strong></span> 
     </span>
    </p>
   </div>
   <div class='ocr_carea' id='block_1_11' title="bbox 237 984 1838 1055">
    <p class='ocr_par' dir='ltr' id='par_1_11' title="bbox 237 984 1838 1055">
     <span class='ocr_line' id='line_1_11' title="bbox 237 984 1838 1055; baseline -0.004 -12"><span class='ocrx_word' id='word_1_64' title='bbox 237 997 488 1043; x_wconf 83' lang='lat' dir='ltr'><strong>correcta</strong></span> <span class='ocrx_word' id='word_1_65' title='bbox 511 987 672 1042; x_wconf 86' lang='lat' dir='ltr'><strong>scribi</strong></span> <span class='ocrx_word' id='word_1_66' title='bbox 725 987 1046 1042; x_wconf 90' lang='lat' dir='ltr'><strong>voluerunt:</strong></span> <span class='ocrx_word' id='word_1_67' title='bbox 1083 1004 1101 1038; x_wconf 78' lang='grc' dir='ltr'><strong>ι</strong></span> <span class='ocrx_word' id='word_1_68' title='bbox 1156 984 1625 1055; x_wconf 80' lang='lat' dir='ltr'><strong>Autimprovismn</strong></span> <span class='ocrx_word' id='word_1_69' title='bbox 1665 984 1838 1054; x_wconf 89' lang='lat' dir='ltr'><strong>ignem</strong></span> 
     </span>
    </p>
   </div>
   <div class='ocr_carea' id='block_1_12' title="bbox 235 1076 1841 1147">
    <p class='ocr_par' dir='ltr' id='par_1_12' title="bbox 235 1076 1841 1147">
     <span class='ocr_line' id='line_1_12' title="bbox 235 1076 1841 1147; baseline -0.001 -15"><span class='ocrx_word' id='word_1_70' title='bbox 235 1079 487 1142; x_wconf 80' lang='lat' dir='ltr'><strong>credere.</strong></span> <span class='ocrx_word' id='word_1_71' title='bbox 542 1090 634 1134; x_wconf 88' lang='lat' dir='ltr'><strong>aut</strong></span> <span class='ocrx_word' id='word_1_72' title='bbox 686 1078 906 1134; x_wconf 87' lang='lat' dir='ltr'><strong>difﬁcile</strong></span> <span class='ocrx_word' id='word_1_73' title='bbox 941 1094 1048 1134; x_wconf 90' lang='lat' dir='ltr'><strong>non</strong></span> <span class='ocrx_word' id='word_1_74' title='bbox 1076 1077 1270 1132; x_wconf 88' lang='lat' dir='ltr'><strong>cadere</strong></span> <span class='ocrx_word' id='word_1_75' title='bbox 1301 1078 1534 1147; x_wconf 83' lang='lat' dir='ltr'><strong>vulgaris</strong></span> <span class='ocrx_word' id='word_1_76' title='bbox 1572 1076 1841 1146; x_wconf 86' lang='lat' dir='ltr'><strong>opinionis</strong></span> 
     </span>
    </p>
   </div>
   <div class='ocr_carea' id='block_1_13' title="bbox 236 1169 1843 1238">
    <p class='ocr_par' dir='ltr' id='par_1_13' title="bbox 236 1169 1843 1238">
     <span class='ocr_line' id='line_1_13' title="bbox 236 1169 1843 1238; baseline -0.001 -12"><span class='ocrx_word' id='word_1_77' title='bbox 236 1179 347 1226; x_wconf 90' lang='lat' dir='ltr'><strong>est.</strong></span> <span class='ocrx_word' id='word_1_78' title='bbox 385 1191 403 1222; x_wconf 73' lang='grc' dir='ltr'><strong>ι</strong></span> <span class='ocrx_word' id='word_1_79' title='bbox 439 1171 691 1227; x_wconf 84' lang='lat' dir='ltr'><strong>Oozelius</strong></span> <span class='ocrx_word' id='word_1_80' title='bbox 740 1186 872 1228; x_wconf 89' lang='lat' dir='ltr'><strong>vero</strong></span> <span class='ocrx_word' id='word_1_81' title='bbox 919 1173 1077 1227; x_wconf 90' lang='lat' dir='ltr'><strong>unius</strong></span> <span class='ocrx_word' id='word_1_82' title='bbox 1127 1171 1276 1226; x_wconf 90' lang='lat' dir='ltr'><strong>verbi</strong></span> <span class='ocrx_word' id='word_1_83' title='bbox 1324 1169 1598 1224; x_wconf 89' lang='lat' dir='ltr'><strong>additioue</strong></span> <span class='ocrx_word' id='word_1_84' title='bbox 1641 1169 1843 1238; x_wconf 78' lang='lat' dir='ltr'><strong>putavit</strong></span> 
     </span>
    </p>
   </div>
   <div class='ocr_carea' id='block_1_14' title="bbox 232 1266 1838 1334">
    <p class='ocr_par' dir='ltr' id='par_1_14' title="bbox 232 1266 1838 1334">
     <span class='ocr_line' id='line_1_14' title="bbox 232 1266 1838 1334; baseline -0.003 -11"><span class='ocrx_word' id='word_1_85' title='bbox 232 1269 496 1323; x_wconf 87' lang='lat' dir='ltr'><strong>mendum</strong></span> <span class='ocrx_word' id='word_1_86' title='bbox 525 1269 721 1323; x_wconf 85' lang='lat' dir='ltr'><strong>debere</strong></span> <span class='ocrx_word' id='word_1_87' title='bbox 748 1269 818 1322; x_wconf 88' lang='lat' dir='ltr'><strong>ita</strong></span> <span class='ocrx_word' id='word_1_88' title='bbox 844 1268 1020 1322; x_wconf 88' lang='lat' dir='ltr'><strong>sanari</strong></span> <span class='ocrx_word' id='word_1_89' title='bbox 1059 1285 1070 1320; x_wconf 92' lang='lat'><strong>:</strong></span> <span class='ocrx_word' id='word_1_90' title='bbox 1097 1285 1116 1316; x_wconf 81' lang='grc' dir='ltr'><strong>ι</strong></span> <span class='ocrx_word' id='word_1_91' title='bbox 1158 1269 1264 1320; x_wconf 77' lang='lat' dir='ltr'><strong>Aut</strong></span> <span class='ocrx_word' id='word_1_92' title='bbox 1291 1267 1635 1334; x_wconf 83' lang='lat' dir='ltr'><strong>improvisum</strong></span> <span class='ocrx_word' id='word_1_93' title='bbox 1665 1266 1838 1332; x_wconf 85' lang='lat' dir='ltr'><strong>ignem</strong></span> 
     </span>
    </p>
   </div>
   <div class='ocr_carea' id='block_1_15' title="bbox 235 1358 1842 1428">
    <p class='ocr_par' dir='ltr' id='par_1_15' title="bbox 235 1358 1842 1428">
     <span class='ocr_line' id='line_1_15' title="bbox 235 1358 1842 1428; baseline -0.002 -13"><span class='ocrx_word' id='word_1_94' title='bbox 235 1360 461 1425; x_wconf 84' lang='lat' dir='ltr'><strong>cadere,</strong></span> <span class='ocrx_word' id='word_1_95' title='bbox 513 1370 606 1415; x_wconf 89' lang='lat' dir='ltr'><strong>aut</strong></span> <span class='ocrx_word' id='word_1_96' title='bbox 655 1359 908 1414; x_wconf 87' lang='lat' dir='ltr'><strong>sufﬁcere</strong></span> <span class='ocrx_word' id='word_1_97' title='bbox 947 1375 1051 1414; x_wconf 90' lang='lat' dir='ltr'><strong>non</strong></span> <span class='ocrx_word' id='word_1_98' title='bbox 1082 1363 1089 1368; x_wconf 76' lang='lat'>“</span> <span class='ocrx_word' id='word_1_99' title='bbox 1130 1361 1385 1423; x_wconf 82' lang='lat' dir='ltr'><strong>credere,</strong></span> <span class='ocrx_word' id='word_1_100' title='bbox 1431 1358 1666 1428; x_wconf 74' lang='lat' dir='ltr'><strong>vulgaris</strong></span> <span class='ocrx_word' id='word_1_101' title='bbox 1691 1372 1842 1412; x_wconf 78' lang='lat' dir='ltr'><strong>erro-</strong></span> 
     </span>
    </p>
   </div>
   <div class='ocr_carea' id='block_1_16' title="bbox 231 1452 1838 1525">
    <p class='ocr_par' dir='ltr' id='par_1_16' title="bbox 231 1452 1838 1525">
     <span class='ocr_line' id='line_1_16' title="bbox 231 1452 1838 1525; baseline -0.001 -17"><span class='ocrx_word' id='word_1_102' title='bbox 231 1454 315 1508; x_wconf 82' lang='lat' dir='ltr'><strong>ris</strong></span> <span class='ocrx_word' id='word_1_103' title='bbox 363 1463 466 1510; x_wconf 88' lang='lat' dir='ltr'><strong>est.</strong></span> <span class='ocrx_word' id='word_1_104' title='bbox 505 1474 522 1506; x_wconf 88' lang='grc'>›</span> <span class='ocrx_word' id='word_1_105' title='bbox 555 1454 660 1510; x_wconf 88' lang='lat' dir='ltr'><strong>Sed</strong></span> <span class='ocrx_word' id='word_1_106' title='bbox 715 1470 1014 1525; x_wconf 82' lang='lat' dir='ltr'><strong>perperam,</strong></span> <span class='ocrx_word' id='word_1_107' title='bbox 1058 1469 1120 1509; x_wconf 91' lang='lat' dir='ltr'><strong>ac</strong></span> <span class='ocrx_word' id='word_1_108' title='bbox 1168 1464 1354 1508; x_wconf 77' lang='lat' dir='ltr'><strong>Contra</strong></span> <span class='ocrx_word' id='word_1_109' title='bbox 1415 1452 1572 1506; x_wconf 90' lang='lat' dir='ltr'><strong>ﬁdem</strong></span> <span class='ocrx_word' id='word_1_110' title='bbox 1624 1466 1838 1508; x_wconf 85' lang='lat' dir='ltr'><strong>manus-</strong></span> 
     </span>
    </p>
   </div>
   <div class='ocr_carea' id='block_1_17' title="bbox 235 1544 1841 1617">
    <p class='ocr_par' dir='ltr' id='par_1_17' title="bbox 235 1544 1841 1617">
     <span class='ocr_line' id='line_1_17' title="bbox 235 1544 1841 1617; baseline -0.001 -16"><span class='ocrx_word' id='word_1_111' title='bbox 235 1546 402 1614; x_wconf 90' lang='lat' dir='ltr'><strong>cripti</strong></span> <span class='ocrx_word' id='word_1_112' title='bbox 445 1545 672 1611; x_wconf 84' lang='lat' dir='ltr'><strong>codicis,</strong></span> <span class='ocrx_word' id='word_1_113' title='bbox 725 1562 788 1602; x_wconf 90' lang='lat' dir='ltr'><strong>ac</strong></span> <span class='ocrx_word' id='word_1_114' title='bbox 836 1546 1050 1600; x_wconf 84' lang='lat' dir='ltr'><strong>Minucii</strong></span> <span class='ocrx_word' id='word_1_115' title='bbox 1100 1555 1356 1601; x_wconf 85' lang='lat' dir='ltr'><strong>mentem.</strong></span> <span class='ocrx_word' id='word_1_116' title='bbox 1387 1544 1649 1602; x_wconf 86' lang='lat' dir='ltr'><strong>Omnibus</strong></span> <span class='ocrx_word' id='word_1_117' title='bbox 1673 1546 1841 1617; x_wconf 90' lang='lat' dir='ltr'><strong>siqui-</strong></span> 
     </span>
    </p>
   </div>
   <div class='ocr_carea' id='block_1_18' title="bbox 232 1636 1840 1710">
    <p class='ocr_par' dir='ltr' id='par_1_18' title="bbox 232 1636 1840 1710">
     <span class='ocr_line' id='line_1_18' title="bbox 232 1636 1840 1710; baseline 0.002 -18"><span class='ocrx_word' id='word_1_118' title='bbox 232 1636 366 1693; x_wconf 85' lang='lat' dir='ltr'><strong>dem</strong></span> <span class='ocrx_word' id='word_1_119' title='bbox 417 1641 549 1692; x_wconf 83' lang='lat' dir='ltr'><strong>satis</strong></span> <span class='ocrx_word' id='word_1_120' title='bbox 602 1650 818 1709; x_wconf 86' lang='lat' dir='ltr'><strong>apertus</strong></span> <span class='ocrx_word' id='word_1_121' title='bbox 871 1648 954 1694; x_wconf 73' lang='lat' dir='ltr'><strong>est</strong></span> <span class='ocrx_word' id='word_1_122' title='bbox 1007 1640 1093 1694; x_wconf 89' lang='lat' dir='ltr'><strong>hic</strong></span> <span class='ocrx_word' id='word_1_123' title='bbox 1145 1639 1285 1695; x_wconf 91' lang='lat' dir='ltr'><strong>illius</strong></span> <span class='ocrx_word' id='word_1_124' title='bbox 1333 1639 1840 1710; x_wconf 85' lang='lat' dir='ltr'><strong>sensus:Vulgaris</strong></span> 
     </span>
    </p>
   </div>
   <div class='ocr_carea' id='block_1_19' title="bbox 1945 426 3534 499">
    <p class='ocr_par' dir='ltr' id='par_1_19' title="bbox 1945 426 3534 499">
     <span class='ocr_line' id='line_1_19' title="bbox 1945 426 3534 499; baseline 0.001 -20"><span class='ocrx_word' id='word_1_125' title='bbox 1945 436 2198 497; x_wconf 88' lang='lat' dir='ltr'><strong>quantum</strong></span> <span class='ocrx_word' id='word_1_126' title='bbox 2237 428 2287 482; x_wconf 91' lang='lat' dir='ltr'><strong>in</strong></span> <span class='ocrx_word' id='word_1_127' title='bbox 2340 428 2440 483; x_wconf 93' lang='lat' dir='ltr'><strong>hoc</strong></span> <span class='ocrx_word' id='word_1_128' title='bbox 2467 427 2608 494; x_wconf 92' lang='lat' dir='ltr'><strong>loco,</strong></span> <span class='ocrx_word' id='word_1_129' title='bbox 2639 443 2799 499; x_wconf 89' lang='lat' dir='ltr'><strong>quem</strong></span> <span class='ocrx_word' id='word_1_130' title='bbox 2831 438 3142 499; x_wconf 88' lang='lat' dir='ltr'><strong>corruptum</strong></span> <span class='ocrx_word' id='word_1_131' title='bbox 3180 442 3304 483; x_wconf 91' lang='lat' dir='ltr'><strong>esse</strong></span> <span class='ocrx_word' id='word_1_132' title='bbox 3331 426 3534 491; x_wconf 89' lang='lat' dir='ltr'><strong>volunt,</strong></span> 
     </span>
    </p>
   </div>
   <div class='ocr_carea' id='block_1_20' title="bbox 1944 519 3537 576">
    <p class='ocr_par' dir='ltr' id='par_1_20' title="bbox 1944 519 3537 576">
     <span class='ocr_line' id='line_1_20' title="bbox 1944 519 3537 576; baseline -0.003 0"><span class='ocrx_word' id='word_1_133' title='bbox 1944 521 2280 576; x_wconf 88' lang='lat' dir='ltr'><strong>emendando</strong></span> <span class='ocrx_word' id='word_1_134' title='bbox 2341 521 2531 575; x_wconf 91' lang='lat' dir='ltr'><strong>eruditi</strong></span> <span class='ocrx_word' id='word_1_135' title='bbox 2579 520 2677 576; x_wconf 91' lang='lat' dir='ltr'><strong>viri</strong></span> <span class='ocrx_word' id='word_1_136' title='bbox 2723 535 2753 574; x_wconf 92' lang='lat' dir='ltr'><strong>a</strong></span> <span class='ocrx_word' id='word_1_137' title='bbox 2803 535 2863 574; x_wconf 89' lang='lat' dir='ltr'><strong>se</strong></span> <span class='ocrx_word' id='word_1_138' title='bbox 2917 519 3144 574; x_wconf 87' lang='lat' dir='ltr'><strong>invicem</strong></span> <span class='ocrx_word' id='word_1_139' title='bbox 3197 519 3537 573; x_wconf 90' lang='lat' dir='ltr'><strong>dissentiant.</strong></span> 
     </span>
    </p>
   </div>
   <div class='ocr_carea' id='block_1_21' title="bbox 1944 613 3541 683">
    <p class='ocr_par' dir='ltr' id='par_1_21' title="bbox 1944 613 3541 683">
     <span class='ocr_line' id='line_1_21' title="bbox 1944 613 3541 683; baseline -0.001 -14"><span class='ocrx_word' id='word_1_140' title='bbox 1944 613 2075 669; x_wconf 81' lang='lat' dir='ltr'><strong>Nam</strong></span> <span class='ocrx_word' id='word_1_141' title='bbox 2127 613 2340 683; x_wconf 86' lang='lat' dir='ltr'><strong>quidam</strong></span> <span class='ocrx_word' id='word_1_142' title='bbox 2383 613 2715 668; x_wconf 87' lang='lat' dir='ltr'><strong>retinendam</strong></span> <span class='ocrx_word' id='word_1_143' title='bbox 2769 619 2994 668; x_wconf 87' lang='lat' dir='ltr'><strong>censent</strong></span> <span class='ocrx_word' id='word_1_144' title='bbox 3046 614 3396 679; x_wconf 87' lang='lat' dir='ltr'><strong>manuscripti</strong></span> <span class='ocrx_word' id='word_1_145' title='bbox 3446 625 3541 667; x_wconf 83' lang='lat' dir='ltr'><strong>co-</strong></span> 
     </span>
    </p>
   </div>
   <div class='ocr_carea' id='block_1_22' title="bbox 1945 707 3542 777">
    <p class='ocr_par' dir='ltr' id='par_1_22' title="bbox 1945 707 3542 777">
     <span class='ocr_line' id='line_1_22' title="bbox 1945 707 3542 777; baseline 0.001 -16"><span class='ocrx_word' id='word_1_146' title='bbox 1945 707 2078 762; x_wconf 90' lang='lat' dir='ltr'><strong>dicis</strong></span> <span class='ocrx_word' id='word_1_147' title='bbox 2119 708 2423 773; x_wconf 80' lang='lat' dir='ltr'><strong>let-tionem,</strong></span> <span class='ocrx_word' id='word_1_148' title='bbox 2478 707 2570 763; x_wconf 88' lang='lat' dir='ltr'><strong>sed</strong></span> <span class='ocrx_word' id='word_1_149' title='bbox 2624 718 2743 777; x_wconf 85' lang='lat' dir='ltr'><strong>post</strong></span> <span class='ocrx_word' id='word_1_150' title='bbox 2800 711 2912 761; x_wconf 75' lang='lat' dir='ltr'><strong>ltrec</strong></span> <span class='ocrx_word' id='word_1_151' title='bbox 2952 707 3149 762; x_wconf 89' lang='lat' dir='ltr'><strong>verba:</strong></span> <span class='ocrx_word' id='word_1_152' title='bbox 3203 725 3220 758; x_wconf 88' lang='grc' dir='ltr'><strong>ι</strong></span> <span class='ocrx_word' id='word_1_153' title='bbox 3285 715 3542 762; x_wconf 87' lang='lat' dir='ltr'><strong>constans</strong></span> 
     </span>
    </p>
   </div>
   <div class='ocr_carea' id='block_1_23' title="bbox 1945 801 3538 872">
    <p class='ocr_par' dir='ltr' id='par_1_23' title="bbox 1945 801 3538 872">
     <span class='ocr_line' id='line_1_23' title="bbox 1945 801 3538 872; baseline -0.001 -17"><span class='ocrx_word' id='word_1_154' title='bbox 1945 801 2128 872; x_wconf 84' lang='lat' dir='ltr'><strong>Opinio</strong></span> <span class='ocrx_word' id='word_1_155' title='bbox 2179 812 2291 868; x_wconf 90' lang='lat' dir='ltr'><strong>est,</strong></span> <span class='ocrx_word' id='word_1_156' title='bbox 2341 822 2359 853; x_wconf 71' lang='grc' dir='ltr'><strong>ι</strong></span> <span class='ocrx_word' id='word_1_157' title='bbox 2403 818 2521 872; x_wconf 66' lang='lat' dir='ltr'><strong>quae</strong></span> <span class='ocrx_word' id='word_1_158' title='bbox 2553 802 2622 856; x_wconf 93' lang='lat' dir='ltr'><strong>ibi</strong></span> <span class='ocrx_word' id='word_1_159' title='bbox 2662 803 3080 872; x_wconf 90' lang='lat' dir='ltr'><strong>subsequuntur,</strong></span> <span class='ocrx_word' id='word_1_160' title='bbox 3127 809 3396 870; x_wconf 82' lang='lat' dir='ltr'><strong>tamquam</strong></span> <span class='ocrx_word' id='word_1_161' title='bbox 3445 814 3538 854; x_wconf 84' lang='lat' dir='ltr'><strong>su-</strong></span> 
     </span>
    </p>
   </div>
   <div class='ocr_carea' id='block_1_24' title="bbox 1948 893 3538 965">
    <p class='ocr_par' dir='ltr' id='par_1_24' title="bbox 1948 893 3538 965">
     <span class='ocr_line' id='line_1_24' title="bbox 1948 893 3538 965; baseline -0.001 -17"><span class='ocrx_word' id='word_1_162' title='bbox 1948 895 2250 965; x_wconf 84' lang='lat' dir='ltr'><strong>perﬂuum,</strong></span> <span class='ocrx_word' id='word_1_163' title='bbox 2302 895 2447 965; x_wconf 92' lang='lat' dir='ltr'><strong>quod</strong></span> <span class='ocrx_word' id='word_1_164' title='bbox 2493 911 2562 950; x_wconf 77' lang='lat' dir='ltr'><strong>ex</strong></span> <span class='ocrx_word' id='word_1_165' title='bbox 2615 896 2853 960; x_wconf 72' lang='lat' dir='ltr'><strong>margine</strong></span> <span class='ocrx_word' id='word_1_166' title='bbox 2925 897 2974 949; x_wconf 93' lang='lat' dir='ltr'><strong>in</strong></span> <span class='ocrx_word' id='word_1_167' title='bbox 3037 906 3238 949; x_wconf 83' lang='lat' dir='ltr'><strong>texmm</strong></span> <span class='ocrx_word' id='word_1_168' title='bbox 3284 893 3538 963; x_wconf 89' lang='lat' dir='ltr'><strong>irrepsit,</strong></span> 
     </span>
    </p>
   </div>
   <div class='ocr_carea' id='block_1_25' title="bbox 1945 987 3541 1060">
    <p class='ocr_par' dir='ltr' id='par_1_25' title="bbox 1945 987 3541 1060">
     <span class='ocr_line' id='line_1_25' title="bbox 1945 987 3541 1060; baseline 0 -18"><span class='ocrx_word' id='word_1_169' title='bbox 1945 989 2366 1043; x_wconf 89' lang='lat' dir='ltr'><strong>additamentum</strong></span> <span class='ocrx_word' id='word_1_170' title='bbox 2423 989 2638 1060; x_wconf 86' lang='lat' dir='ltr'><strong>penitus</strong></span> <span class='ocrx_word' id='word_1_171' title='bbox 2673 990 2940 1058; x_wconf 89' lang='lat' dir='ltr'><strong>rejiciunt.</strong></span> <span class='ocrx_word' id='word_1_172' title='bbox 2992 987 3121 1044; x_wconf 83' lang='lat' dir='ltr'><strong>Eam</strong></span> <span class='ocrx_word' id='word_1_173' title='bbox 3161 995 3340 1042; x_wconf 89' lang='lat' dir='ltr'><strong>autem</strong></span> <span class='ocrx_word' id='word_1_174' title='bbox 3391 988 3541 1042; x_wconf 91' lang='lat' dir='ltr'><strong>aiunt</strong></span> 
     </span>
    </p>
   </div>
   <div class='ocr_carea' id='block_1_26' title="bbox 1945 1080 3540 1150">
    <p class='ocr_par' dir='ltr' id='par_1_26' title="bbox 1945 1080 3540 1150">
     <span class='ocr_line' id='line_1_26' title="bbox 1945 1080 3540 1150; baseline -0.001 -14"><span class='ocrx_word' id='word_1_175' title='bbox 1945 1097 2065 1137; x_wconf 81' lang='lat' dir='ltr'><strong>esse</strong></span> <span class='ocrx_word' id='word_1_176' title='bbox 2114 1082 2328 1136; x_wconf 81' lang='lat' dir='ltr'><strong>Minucii</strong></span> <span class='ocrx_word' id='word_1_177' title='bbox 2381 1092 2655 1138; x_wconf 84' lang='lat' dir='ltr'><strong>mentem:</strong></span> <span class='ocrx_word' id='word_1_178' title='bbox 2708 1081 2881 1137; x_wconf 85' lang='lat' dir='ltr'><strong>fontes</strong></span> <span class='ocrx_word' id='word_1_179' title='bbox 2928 1082 3039 1136; x_wconf 85' lang='lat' dir='ltr'><strong>suis</strong></span> <span class='ocrx_word' id='word_1_180' title='bbox 3081 1081 3327 1136; x_wconf 81' lang='lat' dir='ltr'><strong>dulcibus</strong></span> <span class='ocrx_word' id='word_1_181' title='bbox 3385 1080 3540 1150; x_wconf 84' lang='lat' dir='ltr'><strong>aquis</strong></span> 
     </span>
    </p>
   </div>
   <div class='ocr_carea' id='block_1_27' title="bbox 1947 1174 3540 1249">
    <p class='ocr_par' dir='ltr' id='par_1_27' title="bbox 1947 1174 3540 1249">
     <span class='ocr_line' id='line_1_27' title="bbox 1947 1174 3540 1249; baseline -0.003 -16"><span class='ocrx_word' id='word_1_182' title='bbox 1947 1195 2052 1233; x_wconf 91' lang='lat' dir='ltr'><strong>non</strong></span> <span class='ocrx_word' id='word_1_183' title='bbox 2112 1179 2343 1249; x_wconf 87' lang='lat' dir='ltr'><strong>amplius</strong></span> <span class='ocrx_word' id='word_1_184' title='bbox 2399 1179 2633 1232; x_wconf 82' lang='lat' dir='ltr'><strong>nutrient</strong></span> <span class='ocrx_word' id='word_1_185' title='bbox 2676 1178 2839 1232; x_wconf 85' lang='lat' dir='ltr'><strong>maris</strong></span> <span class='ocrx_word' id='word_1_186' title='bbox 2868 1192 3074 1248; x_wconf 84' lang='lat' dir='ltr'><strong>aquas:</strong></span> <span class='ocrx_word' id='word_1_187' title='bbox 3126 1175 3220 1231; x_wconf 87' lang='lat' dir='ltr'><strong>sed</strong></span> <span class='ocrx_word' id='word_1_188' title='bbox 3266 1174 3397 1230; x_wconf 90' lang='lat' dir='ltr'><strong>illttd</strong></span> <span class='ocrx_word' id='word_1_189' title='bbox 3441 1189 3540 1229; x_wconf 87' lang='lat' dir='ltr'><strong>nu-</strong></span> 
     </span>
    </p>
   </div>
   <div class='ocr_carea' id='block_1_28' title="bbox 1949 1268 3534 1340">
    <p class='ocr_par' dir='ltr' id='par_1_28' title="bbox 1949 1268 3534 1340">
     <span class='ocr_line' id='line_1_28' title="bbox 1949 1268 3534 1340; baseline -0.004 -12"><span class='ocrx_word' id='word_1_190' title='bbox 1949 1275 2098 1335; x_wconf 88' lang='lat' dir='ltr'><strong>trire,</strong></span> <span class='ocrx_word' id='word_1_191' title='bbox 2131 1276 2244 1329; x_wconf 87' lang='lat' dir='ltr'><strong>sive</strong></span> <span class='ocrx_word' id='word_1_192' title='bbox 2284 1273 2446 1328; x_wconf 89' lang='lat' dir='ltr'><strong>maris</strong></span> <span class='ocrx_word' id='word_1_193' title='bbox 2487 1274 2906 1337; x_wconf 87' lang='lat' dir='ltr'><strong>nutrimentum,</strong></span> <span class='ocrx_word' id='word_1_194' title='bbox 2950 1273 3023 1326; x_wconf 90' lang='lat' dir='ltr'><strong>uti</strong></span> <span class='ocrx_word' id='word_1_195' title='bbox 3053 1271 3360 1328; x_wconf 89' lang='lat' dir='ltr'><strong>Stoicorum</strong></span> <span class='ocrx_word' id='word_1_196' title='bbox 3411 1268 3534 1340; x_wconf 88' lang='lat' dir='ltr'><strong>opi-</strong></span> 
     </span>
    </p>
   </div>
   <div class='ocr_carea' id='block_1_29' title="bbox 1945 1365 3536 1438">
    <p class='ocr_par' dir='ltr' id='par_1_29' title="bbox 1945 1365 3536 1438">
     <span class='ocr_line' id='line_1_29' title="bbox 1945 1365 3536 1438; baseline -0.006 -13"><span class='ocrx_word' id='word_1_197' title='bbox 1945 1371 2034 1425; x_wconf 92' lang='lat' dir='ltr'><strong>nio</strong></span> <span class='ocrx_word' id='word_1_198' title='bbox 2060 1379 2172 1436; x_wconf 90' lang='lat' dir='ltr'><strong>est,</strong></span> <span class='ocrx_word' id='word_1_199' title='bbox 2201 1370 2252 1423; x_wconf 91' lang='lat' dir='ltr'><strong>in</strong></span> <span class='ocrx_word' id='word_1_200' title='bbox 2284 1371 2445 1424; x_wconf 91' lang='lat' dir='ltr'><strong>nivim</strong></span> <span class='ocrx_word' id='word_1_201' title='bbox 2475 1370 2612 1438; x_wconf 84' lang='lat' dir='ltr'><strong>ignis</strong></span> <span class='ocrx_word' id='word_1_202' title='bbox 2654 1368 2852 1427; x_wconf 88' lang='lat' dir='ltr'><strong>abibit.</strong></span> <span class='ocrx_word' id='word_1_203' title='bbox 2889 1382 2982 1422; x_wconf 88' lang='lat' dir='ltr'><strong>seu</strong></span> <span class='ocrx_word' id='word_1_204' title='bbox 3033 1368 3155 1434; x_wconf 83' lang='lat' dir='ltr'><strong>igne</strong></span> <span class='ocrx_word' id='word_1_205' title='bbox 3199 1365 3536 1420; x_wconf 89' lang='lat' dir='ltr'><strong>conlicietur.</strong></span> 
     </span>
    </p>
   </div>
   <div class='ocr_carea' id='block_1_30' title="bbox 1944 1457 3536 1531">
    <p class='ocr_par' dir='ltr' id='par_1_30' title="bbox 1944 1457 3536 1531">
     <span class='ocr_line' id='line_1_30' title="bbox 1944 1457 3536 1531; baseline -0.004 -12"><span class='ocrx_word' id='word_1_206' title='bbox 1944 1463 2048 1519; x_wconf 81' lang='lat' dir='ltr'><strong>Alii</strong></span> <span class='ocrx_word' id='word_1_207' title='bbox 2101 1463 2228 1518; x_wconf 88' lang='lat' dir='ltr'><strong>nihil</strong></span> <span class='ocrx_word' id='word_1_208' title='bbox 2286 1464 2336 1518; x_wconf 93' lang='lat' dir='ltr'><strong>in</strong></span> <span class='ocrx_word' id='word_1_209' title='bbox 2391 1473 2536 1518; x_wconf 76' lang='lat' dir='ltr'><strong>textu</strong></span> <span class='ocrx_word' id='word_1_210' title='bbox 2570 1461 2914 1531; x_wconf 79' lang='lat' dir='ltr'><strong>manuscripti</strong></span> <span class='ocrx_word' id='word_1_211' title='bbox 2965 1459 3189 1525; x_wconf 90' lang='lat' dir='ltr'><strong>codicis,</strong></span> <span class='ocrx_word' id='word_1_212' title='bbox 3239 1459 3337 1514; x_wconf 89' lang='lat' dir='ltr'><strong>nisi</strong></span> <span class='ocrx_word' id='word_1_213' title='bbox 3361 1457 3536 1512; x_wconf 67' lang='lat' dir='ltr'><strong>dulces</strong></span> 
     </span>
    </p>
   </div>
   <div class='ocr_carea' id='block_1_31' title="bbox 1942 1551 3537 1628">
    <p class='ocr_par' dir='ltr' id='par_1_31' title="bbox 1942 1551 3537 1628">
     <span class='ocr_line' id='line_1_31' title="bbox 1942 1551 3537 1628; baseline -0.005 -18"><span class='ocrx_word' id='word_1_214' title='bbox 1942 1574 2132 1628; x_wconf 73' lang='lat' dir='ltr'><strong>aquas,</strong></span> <span class='ocrx_word' id='word_1_215' title='bbox 2180 1572 2273 1622; x_wconf 88' lang='lat' dir='ltr'><strong>pro</strong></span> <span class='ocrx_word' id='word_1_216' title='bbox 2313 1556 2475 1610; x_wconf 75' lang='lat' dir='ltr'><strong>dulcis</strong></span> <span class='ocrx_word' id='word_1_217' title='bbox 2501 1572 2655 1623; x_wconf 87' lang='lat' dir='ltr'><strong>aqua,</strong></span> <span class='ocrx_word' id='word_1_218' title='bbox 2717 1552 3104 1608; x_wconf 90' lang='lat' dir='ltr'><strong>immutandum</strong></span> <span class='ocrx_word' id='word_1_219' title='bbox 3174 1551 3537 1621; x_wconf 81' lang='lat' dir='ltr'><strong>suspicantur,</strong></span> 
     </span>
    </p>
   </div>
   <div class='ocr_carea' id='block_1_32' title="bbox 1943 1642 3541 1719">
    <p class='ocr_par' dir='ltr' id='par_1_32' title="bbox 1943 1642 3541 1719">
     <span class='ocr_line' id='line_1_32' title="bbox 1943 1642 3541 1719; baseline -0.006 -14"><span class='ocrx_word' id='word_1_220' title='bbox 1943 1665 2173 1719; x_wconf 89' lang='lat' dir='ltr'><strong>eumque</strong></span> <span class='ocrx_word' id='word_1_221' title='bbox 2202 1664 2322 1704; x_wconf 82' lang='lat' dir='ltr'><strong>esse</strong></span> <span class='ocrx_word' id='word_1_222' title='bbox 2350 1649 2586 1704; x_wconf 84' lang='lat' dir='ltr'><strong>auctoris</strong></span> <span class='ocrx_word' id='word_1_223' title='bbox 2631 1649 2800 1702; x_wconf 86' lang='lat' dir='ltr'><strong>nostri</strong></span> <span class='ocrx_word' id='word_1_224' title='bbox 2850 1661 3104 1700; x_wconf 87' lang='lat' dir='ltr'><strong>sensum:</strong></span> <span class='ocrx_word' id='word_1_225' title='bbox 3166 1644 3400 1708; x_wconf 85' lang='lat' dir='ltr'><strong>Nutrire,</strong></span> <span class='ocrx_word' id='word_1_226' title='bbox 3427 1642 3541 1696; x_wconf 89' lang='lat' dir='ltr'><strong>sive</strong></span> 
     </span>
    </p>
   </div>
   <div class='ocr_carea' id='block_1_33' title="bbox 237 1733 1836 1812">
    <p class='ocr_par' dir='ltr' id='par_1_33' title="bbox 237 1733 1834 1806">
     <span class='ocr_line' id='line_1_33' title="bbox 237 1733 1834 1806; baseline 0 -16"><span class='ocrx_word' id='word_1_227' title='bbox 237 1734 449 1790; x_wconf 86' lang='lat' dir='ltr'><strong>erroris</strong></span> <span class='ocrx_word' id='word_1_228' title='bbox 476 1743 559 1790; x_wconf 77' lang='lat' dir='ltr'><strong>est</strong></span> <span class='ocrx_word' id='word_1_229' title='bbox 598 1733 822 1792; x_wconf 86' lang='lat' dir='ltr'><strong>credere</strong></span> <span class='ocrx_word' id='word_1_230' title='bbox 871 1735 1225 1805; x_wconf 88' lang='lat' dir='ltr'><strong>improvisum</strong></span> <span class='ocrx_word' id='word_1_231' title='bbox 1264 1735 1440 1806; x_wconf 84' lang='lat' dir='ltr'><strong>ignem</strong></span> <span class='ocrx_word' id='word_1_232' title='bbox 1485 1750 1588 1790; x_wconf 85' lang='lat' dir='ltr'><strong>non</strong></span> <span class='ocrx_word' id='word_1_233' title='bbox 1617 1734 1834 1801; x_wconf 79' lang='lat' dir='ltr'><strong>cadere,</strong></span> 
     </span>
    </p>
   </div>
   <div class='ocr_carea' id='block_1_34' title="bbox 1946 1733 3538 1812">
    <p class='ocr_par' dir='ltr' id='par_1_34' title="bbox 1946 1734 3538 1812">
     <span class='ocr_line' id='line_1_34' title="bbox 1946 1734 3538 1812; baseline -0.006 -15"><span class='ocrx_word' id='word_1_234' title='bbox 1946 1743 2312 1804; x_wconf 78' lang='lat' dir='ltr'><strong>nutrimenta.</strong></span> <span class='ocrx_word' id='word_1_235' title='bbox 2359 1758 2478 1812; x_wconf 72' lang='lat' dir='ltr'><strong>qua:</strong></span> <span class='ocrx_word' id='word_1_236' title='bbox 2539 1739 2711 1795; x_wconf 80' lang='lat' dir='ltr'><strong>fontes</strong></span> <span class='ocrx_word' id='word_1_237' title='bbox 2764 1749 2818 1794; x_wconf 91' lang='lat' dir='ltr'><strong>et</strong></span> <span class='ocrx_word' id='word_1_238' title='bbox 2872 1739 3036 1794; x_wconf 90' lang='lat' dir='ltr'><strong>maria</strong></span> <span class='ocrx_word' id='word_1_239' title='bbox 3093 1737 3230 1793; x_wconf 64' lang='lat' dir='ltr'><strong>caelo</strong></span> <span class='ocrx_word' id='word_1_240' title='bbox 3297 1734 3538 1800; x_wconf 90' lang='lat' dir='ltr'><strong>debent,</strong></span> 
     </span>
    </p>
   </div>
   <div class='ocr_carea' id='block_1_35' title="bbox 233 1827 1840 1899">
    <p class='ocr_par' dir='ltr' id='par_1_35' title="bbox 233 1827 1840 1899">
     <span class='ocr_line' id='line_1_35' title="bbox 233 1827 1840 1899; baseline -0.001 -15"><span class='ocrx_word' id='word_1_241' title='bbox 233 1838 334 1884; x_wconf 88' lang='lat' dir='ltr'><strong>aut</strong></span> <span class='ocrx_word' id='word_1_242' title='bbox 380 1829 429 1883; x_wconf 92' lang='lat' dir='ltr'><strong>id</strong></span> <span class='ocrx_word' id='word_1_243' title='bbox 463 1845 582 1883; x_wconf 88' lang='lat' dir='ltr'><strong>esse</strong></span> <span class='ocrx_word' id='word_1_244' title='bbox 611 1828 850 1894; x_wconf 89' lang='lat' dir='ltr'><strong>difﬁcile,</strong></span> <span class='ocrx_word' id='word_1_245' title='bbox 900 1830 1153 1884; x_wconf 91' lang='lat' dir='ltr'><strong>nimirum</strong></span> <span class='ocrx_word' id='word_1_246' title='bbox 1206 1828 1337 1896; x_wconf 77' lang='lat' dir='ltr'><strong>Deo,</strong></span> <span class='ocrx_word' id='word_1_247' title='bbox 1375 1829 1465 1899; x_wconf 91' lang='lat' dir='ltr'><strong>qui</strong></span> <span class='ocrx_word' id='word_1_248' title='bbox 1498 1829 1609 1898; x_wconf 88' lang='lat' dir='ltr'><strong>pari</strong></span> <span class='ocrx_word' id='word_1_249' title='bbox 1654 1827 1840 1898; x_wconf 87' lang='lat' dir='ltr'><strong>utique</strong></span> 
     </span>
    </p>
   </div>
   <div class='ocr_carea' id='block_1_36' title="bbox 232 1922 1836 1994">
    <p class='ocr_par' dir='ltr' id='par_1_36' title="bbox 232 1922 1836 1994">
     <span class='ocr_line' id='line_1_36' title="bbox 232 1922 1836 1994; baseline -0.002 -16"><span class='ocrx_word' id='word_1_250' title='bbox 232 1922 517 1988; x_wconf 83' lang='lat' dir='ltr'><strong>facilitate,</strong></span> <span class='ocrx_word' id='word_1_251' title='bbox 550 1938 652 1994; x_wconf 92' lang='lat' dir='ltr'><strong>qua</strong></span> <span class='ocrx_word' id='word_1_252' title='bbox 693 1926 874 1978; x_wconf 86' lang='lat' dir='ltr'><strong>omnia</strong></span> <span class='ocrx_word' id='word_1_253' title='bbox 919 1927 1156 1991; x_wconf 87' lang='lat' dir='ltr'><strong>creavit,</strong></span> <span class='ocrx_word' id='word_1_254' title='bbox 1192 1923 1280 1976; x_wconf 91' lang='lat' dir='ltr'><strong>illa</strong></span> <span class='ocrx_word' id='word_1_255' title='bbox 1328 1932 1501 1993; x_wconf 87' lang='lat' dir='ltr'><strong>potest</strong></span> <span class='ocrx_word' id='word_1_256' title='bbox 1530 1923 1836 1978; x_wconf 90' lang='lat' dir='ltr'><strong>destruere.</strong></span> 
     </span>
    </p>
   </div>
   <div class='ocr_carea' id='block_1_37' title="bbox 235 2016 1839 2086">
    <p class='ocr_par' dir='ltr' id='par_1_37' title="bbox 235 2016 1839 2086">
     <span class='ocr_line' id='line_1_37' title="bbox 235 2016 1839 2086; baseline -0.002 -13"><span class='ocrx_word' id='word_1_257' title='bbox 235 2019 309 2073; x_wconf 81' lang='lat' dir='ltr'><strong>At</strong></span> <span class='ocrx_word' id='word_1_258' title='bbox 354 2016 493 2072; x_wconf 88' lang='lat' dir='ltr'><strong>hanc</strong></span> <span class='ocrx_word' id='word_1_259' title='bbox 543 2031 663 2072; x_wconf 87' lang='lat' dir='ltr'><strong>esse</strong></span> <span class='ocrx_word' id='word_1_260' title='bbox 738 2033 922 2072; x_wconf 87' lang='lat' dir='ltr'><strong>veram</strong></span> <span class='ocrx_word' id='word_1_261' title='bbox 978 2017 1095 2086; x_wconf 84' lang='lat' dir='ltr'><strong>ejus</strong></span> <span class='ocrx_word' id='word_1_262' title='bbox 1147 2026 1379 2072; x_wconf 86' lang='lat' dir='ltr'><strong>mentem</strong></span> <span class='ocrx_word' id='word_1_263' title='bbox 1443 2016 1642 2086; x_wconf 84' lang='lat' dir='ltr'><strong>liquido</strong></span> <span class='ocrx_word' id='word_1_264' title='bbox 1697 2024 1839 2086; x_wconf 88' lang='lat' dir='ltr'><strong>patet</strong></span> 
     </span>
    </p>
   </div>
   <div class='ocr_carea' id='block_1_38' title="bbox 234 2109 1841 2182">
    <p class='ocr_par' dir='ltr' id='par_1_38' title="bbox 234 2109 1841 2182">
     <span class='ocr_line' id='line_1_38' title="bbox 234 2109 1841 2182; baseline 0 -17"><span class='ocrx_word' id='word_1_265' title='bbox 234 2126 309 2166; x_wconf 77' lang='lat' dir='ltr'><strong>ex</strong></span> <span class='ocrx_word' id='word_1_266' title='bbox 382 2109 834 2182; x_wconf 90' lang='lat' dir='ltr'><strong>subsequentibus</strong></span> <span class='ocrx_word' id='word_1_267' title='bbox 913 2112 1080 2180; x_wconf 89' lang='lat' dir='ltr'><strong>ipsius</strong></span> <span class='ocrx_word' id='word_1_268' title='bbox 1137 2111 1314 2166; x_wconf 84' lang='lat' dir='ltr'><strong>verbis</strong></span> <span class='ocrx_word' id='word_1_269' title='bbox 1386 2119 1440 2165; x_wconf 87' lang='lat' dir='ltr'><strong>et</strong></span> <span class='ocrx_word' id='word_1_270' title='bbox 1497 2121 1841 2181; x_wconf 88' lang='lat' dir='ltr'><strong>argumenta-</strong></span> 
     </span>
    </p>
   </div>
   <div class='ocr_carea' id='block_1_39' title="bbox 239 2208 408 2261">
    <p class='ocr_par' dir='ltr' id='par_1_39' title="bbox 239 2208 408 2261">
     <span class='ocr_line' id='line_1_39' title="bbox 239 2208 408 2261; baseline -0.006 -2"><span class='ocrx_word' id='word_1_271' title='bbox 239 2208 408 2261; x_wconf 87' lang='lat' dir='ltr'><strong>tione.</strong></span> 
     </span>
    </p>
   </div>
   <div class='ocr_carea' id='block_1_40' title="bbox 316 2297 1843 2372">
    <p class='ocr_par' dir='ltr' id='par_1_40' title="bbox 316 2297 1843 2372">
     <span class='ocr_line' id='line_1_40' title="bbox 316 2297 1843 2372; baseline -0.001 -19"><span class='ocrx_word' id='word_1_272' title='bbox 316 2299 516 2355; x_wconf 78' lang='lat' dir='ltr'><strong>V&#39;erum</strong></span> <span class='ocrx_word' id='word_1_273' title='bbox 583 2300 861 2356; x_wconf 85' lang='lat' dir='ltr'><strong>enimvero</strong></span> <span class='ocrx_word' id='word_1_274' title='bbox 930 2299 1351 2372; x_wconf 88' lang='lat' dir='ltr'><strong>propositionem</strong></span> <span class='ocrx_word' id='word_1_275' title='bbox 1394 2314 1568 2362; x_wconf 88' lang='lat' dir='ltr'><strong>suam,</strong></span> <span class='ocrx_word' id='word_1_276' title='bbox 1619 2297 1702 2352; x_wconf 89' lang='lat' dir='ltr'><strong>Itis</strong></span> <span class='ocrx_word' id='word_1_277' title='bbox 1754 2297 1843 2352; x_wconf 92' lang='lat' dir='ltr'><strong>ille</strong></span> 
     </span>
    </p>
   </div>
   <div class='ocr_carea' id='block_1_41' title="bbox 241 2397 1842 2472">
    <p class='ocr_par' dir='ltr' id='par_1_41' title="bbox 241 2397 1842 2472">
     <span class='ocr_line' id='line_1_41' title="bbox 241 2397 1842 2472; baseline 0.002 -21"><span class='ocrx_word' id='word_1_278' title='bbox 241 2397 439 2466; x_wconf 82' lang='lat' dir='ltr'><strong>probat</strong></span> <span class='ocrx_word' id='word_1_279' title='bbox 464 2402 829 2468; x_wconf 67' lang='lat' dir='ltr'><strong>argumentis;</strong></span> <span class='ocrx_word' id='word_1_280' title='bbox 866 2415 928 2455; x_wconf 92' lang='lat' dir='ltr'><strong>ac</strong></span> <span class='ocrx_word' id='word_1_281' title='bbox 952 2402 1121 2470; x_wconf 90' lang='lat' dir='ltr'><strong>primo</strong></span> <span class='ocrx_word' id='word_1_282' title='bbox 1147 2401 1391 2472; x_wconf 89' lang='lat' dir='ltr'><strong>quidem:</strong></span> <span class='ocrx_word' id='word_1_283' title='bbox 1431 2419 1448 2452; x_wconf 81' lang='grc' dir='ltr'><strong>ι</strong></span> <span class='ocrx_word' id='word_1_284' title='bbox 1477 2398 1608 2466; x_wconf 85' lang='lat' dir='ltr'><strong>Quis</strong></span> <span class='ocrx_word' id='word_1_285' title='bbox 1630 2399 1842 2464; x_wconf 83' lang='lat' dir='ltr'><strong>sapien-</strong></span> 
     </span>
    </p>
   </div>
   <div class='ocr_carea' id='block_1_42' title="bbox 244 2490 1841 2564">
    <p class='ocr_par' dir='ltr' id='par_1_42' title="bbox 244 2490 1841 2564">
     <span class='ocr_line' id='line_1_42' title="bbox 244 2490 1841 2564; baseline 0 -20"><span class='ocrx_word' id='word_1_286' title='bbox 244 2490 412 2558; x_wconf 91' lang='lat' dir='ltr'><strong>tium,</strong></span> <span class='ocrx_word' id='word_1_287' title='bbox 464 2493 652 2562; x_wconf 88' lang='lat' dir='ltr'><strong>inquit,</strong></span> <span class='ocrx_word' id='word_1_288' title='bbox 705 2494 913 2564; x_wconf 86' lang='lat' dir='ltr'><strong>ignorat</strong></span> <span class='ocrx_word' id='word_1_289' title='bbox 980 2493 1158 2548; x_wconf 90' lang='lat' dir='ltr'><strong>omnia</strong></span> <span class='ocrx_word' id='word_1_290' title='bbox 1204 2509 1323 2563; x_wconf 81' lang='lat' dir='ltr'><strong>quae</strong></span> <span class='ocrx_word' id='word_1_291' title='bbox 1364 2501 1480 2547; x_wconf 84' lang='lat' dir='ltr'><strong>orta</strong></span> <span class='ocrx_word' id='word_1_292' title='bbox 1526 2500 1670 2555; x_wconf 90' lang='lat' dir='ltr'><strong>sunt,</strong></span> <span class='ocrx_word' id='word_1_293' title='bbox 1702 2491 1841 2546; x_wconf 89' lang='lat' dir='ltr'><strong>occi-</strong></span> 
     </span>
    </p>
   </div>
   <div class='ocr_carea' id='block_1_43' title="bbox 243 2584 1840 2655">
    <p class='ocr_par' dir='ltr' id='par_1_43' title="bbox 243 2584 1840 2655">
     <span class='ocr_line' id='line_1_43' title="bbox 243 2584 1840 2655; baseline 0.001 -19"><span class='ocrx_word' id='word_1_294' title='bbox 243 2584 408 2648; x_wconf 86' lang='lat' dir='ltr'><strong>dere;</strong></span> <span class='ocrx_word' id='word_1_295' title='bbox 441 2599 559 2654; x_wconf 84' lang='lat' dir='ltr'><strong>qu:e</strong></span> <span class='ocrx_word' id='word_1_296' title='bbox 609 2585 746 2641; x_wconf 82' lang='lat' dir='ltr'><strong>facta</strong></span> <span class='ocrx_word' id='word_1_297' title='bbox 777 2596 920 2648; x_wconf 87' lang='lat' dir='ltr'><strong>sunt,</strong></span> <span class='ocrx_word' id='word_1_298' title='bbox 953 2586 1208 2640; x_wconf 84' lang='lat' dir='ltr'><strong>interire?</strong></span> <span class='ocrx_word' id='word_1_299' title='bbox 1234 2586 1440 2641; x_wconf 71' lang='lat' dir='ltr'><strong>leum</strong></span> <span class='ocrx_word' id='word_1_300' title='bbox 1473 2601 1685 2655; x_wconf 90' lang='lat' dir='ltr'><strong>quoque</strong></span> <span class='ocrx_word' id='word_1_301' title='bbox 1719 2600 1840 2638; x_wconf 92' lang='lat' dir='ltr'><strong>cum</strong></span> 
     </span>
    </p>
   </div>
   <div class='ocr_carea' id='block_1_44' title="bbox 242 2664 1839 2748">
    <p class='ocr_par' dir='ltr' id='par_1_44' title="bbox 242 2664 1839 2748">
     <span class='ocr_line' id='line_1_44' title="bbox 242 2664 1839 2748; baseline 0.003 -21"><span class='ocrx_word' id='word_1_302' title='bbox 242 2675 518 2741; x_wconf 78' lang='lat' dir='ltr'><strong>erunibus,</strong></span> <span class='ocrx_word' id='word_1_303' title='bbox 557 2693 677 2748; x_wconf 74' lang='lat' dir='ltr'><strong>qua:</strong></span> <span class='ocrx_word' id='word_1_304' title='bbox 733 2679 872 2733; x_wconf 68' lang='lat' dir='ltr'><strong>cmlo</strong></span> <span class='ocrx_word' id='word_1_305' title='bbox 925 2678 1304 2742; x_wconf 88' lang='lat' dir='ltr'><strong>continentur,</strong></span> <span class='ocrx_word' id='word_1_306' title='bbox 1338 2679 1408 2732; x_wconf 91' lang='lat' dir='ltr'><strong>ita</strong></span> <span class='ocrx_word' id='word_1_307' title='bbox 1461 2690 1515 2732; x_wconf 90' lang='lat' dir='ltr'><strong>ut</strong></span> <span class='ocrx_word' id='word_1_308' title='bbox 1568 2664 1839 2747; x_wconf 68' lang='lat' dir='ltr'><strong>cmpisse,</strong></span> 
     </span>
    </p>
   </div>
   <div class='ocr_carea' id='block_1_45' title="bbox 242 2769 1843 2844">
    <p class='ocr_par' dir='ltr' id='par_1_45' title="bbox 242 2769 1843 2844">
     <span class='ocr_line' id='line_1_45' title="bbox 242 2769 1843 2844; baseline 0.002 -20"><span class='ocrx_word' id='word_1_309' title='bbox 242 2769 522 2826; x_wconf 87' lang='lat' dir='ltr'><strong>desinere.</strong></span> <span class='ocrx_word' id='word_1_310' title='bbox 561 2791 580 2825; x_wconf 76' lang='grc' dir='ltr'><strong>ι</strong></span> <span class='ocrx_word' id='word_1_311' title='bbox 624 2773 700 2828; x_wconf 89' lang='lat' dir='ltr'><strong>ibi</strong></span> <span class='ocrx_word' id='word_1_312' title='bbox 749 2773 928 2844; x_wconf 83' lang='lat' dir='ltr'><strong>proettl</strong></span> <span class='ocrx_word' id='word_1_313' title='bbox 955 2772 1119 2828; x_wconf 87' lang='lat' dir='ltr'><strong>dubio</strong></span> <span class='ocrx_word' id='word_1_314' title='bbox 1147 2773 1373 2828; x_wconf 76' lang='lat' dir='ltr'><strong>indoctae</strong></span> <span class='ocrx_word' id='word_1_315' title='bbox 1403 2771 1676 2826; x_wconf 86' lang='lat' dir='ltr'><strong>hominum</strong></span> <span class='ocrx_word' id='word_1_316' title='bbox 1708 2771 1843 2827; x_wconf 89' lang='lat' dir='ltr'><strong>mul-</strong></span> 
     </span>
    </p>
   </div>
   <div class='ocr_carea' id='block_1_46' title="bbox 244 2863 1840 2937">
    <p class='ocr_par' dir='ltr' id='par_1_46' title="bbox 244 2863 1840 2937">
     <span class='ocr_line' id='line_1_46' title="bbox 244 2863 1840 2937; baseline 0.002 -21"><span class='ocrx_word' id='word_1_317' title='bbox 244 2863 462 2918; x_wconf 88' lang='lat' dir='ltr'><strong>titudini</strong></span> <span class='ocrx_word' id='word_1_318' title='bbox 503 2867 724 2934; x_wconf 89' lang='lat' dir='ltr'><strong>opponit</strong></span> <span class='ocrx_word' id='word_1_319' title='bbox 778 2865 1074 2937; x_wconf 82' lang='lat' dir='ltr'><strong>sapientes,</strong></span> <span class='ocrx_word' id='word_1_320' title='bbox 1121 2865 1234 2922; x_wconf 88' lang='lat' dir='ltr'><strong>sive</strong></span> <span class='ocrx_word' id='word_1_321' title='bbox 1285 2881 1349 2920; x_wconf 91' lang='lat' dir='ltr'><strong>eo</strong></span> <span class='ocrx_word' id='word_1_322' title='bbox 1393 2868 1613 2921; x_wconf 90' lang='lat' dir='ltr'><strong>nomine</strong></span> <span class='ocrx_word' id='word_1_323' title='bbox 1663 2866 1840 2936; x_wconf 82' lang='lat' dir='ltr'><strong>philo-</strong></span> 
     </span>
    </p>
   </div>
   <div class='ocr_carea' id='block_1_47' title="bbox 243 2957 1842 3029">
    <p class='ocr_par' dir='ltr' id='par_1_47' title="bbox 243 2957 1842 3029">
     <span class='ocr_line' id='line_1_47' title="bbox 243 2957 1842 3029; baseline 0.002 -20"><span class='ocrx_word' id='word_1_324' title='bbox 243 2957 452 3026; x_wconf 87' lang='lat' dir='ltr'><strong>sophos</strong></span> <span class='ocrx_word' id='word_1_325' title='bbox 493 2957 754 3027; x_wconf 73' lang='lat' dir='ltr'><strong>designet,</strong></span> <span class='ocrx_word' id='word_1_326' title='bbox 784 2960 922 3014; x_wconf 88' lang='lat' dir='ltr'><strong>sivct</strong></span> <span class='ocrx_word' id='word_1_327' title='bbox 950 2960 1082 3013; x_wconf 89' lang='lat' dir='ltr'><strong>alios</strong></span> <span class='ocrx_word' id='word_1_328' title='bbox 1111 2960 1395 3029; x_wconf 89' lang='lat' dir='ltr'><strong>quoslibet,</strong></span> <span class='ocrx_word' id='word_1_329' title='bbox 1449 2961 1535 3029; x_wconf 91' lang='lat' dir='ltr'><strong>qui</strong></span> <span class='ocrx_word' id='word_1_330' title='bbox 1580 2959 1842 3029; x_wconf 62' lang='lat' dir='ltr'><strong>imperitae</strong></span> 
     </span>
    </p>
   </div>
   <div class='ocr_carea' id='block_1_48' title="bbox 243 3048 1842 3121">
    <p class='ocr_par' dir='ltr' id='par_1_48' title="bbox 243 3048 1842 3121">
     <span class='ocr_line' id='line_1_48' title="bbox 243 3048 1842 3121; baseline 0.002 -20"><span class='ocrx_word' id='word_1_331' title='bbox 243 3048 422 3117; x_wconf 88' lang='lat' dir='ltr'><strong>plebis</strong></span> <span class='ocrx_word' id='word_1_332' title='bbox 451 3051 794 3119; x_wconf 87' lang='lat' dir='ltr'><strong>opinionibus</strong></span> <span class='ocrx_word' id='word_1_333' title='bbox 833 3051 953 3105; x_wconf 93' lang='lat' dir='ltr'><strong>duci</strong></span> <span class='ocrx_word' id='word_1_334' title='bbox 996 3067 1054 3106; x_wconf 89' lang='lat' dir='ltr'><strong>se</strong></span> <span class='ocrx_word' id='word_1_335' title='bbox 1097 3069 1202 3106; x_wconf 88' lang='lat' dir='ltr'><strong>non</strong></span> <span class='ocrx_word' id='word_1_336' title='bbox 1235 3053 1527 3121; x_wconf 90' lang='lat' dir='ltr'><strong>patiuntur.</strong></span> <span class='ocrx_word' id='word_1_337' title='bbox 1571 3051 1725 3105; x_wconf 89' lang='lat' dir='ltr'><strong>Prius</strong></span> <span class='ocrx_word' id='word_1_338' title='bbox 1748 3066 1842 3104; x_wconf 84' lang='lat' dir='ltr'><strong>au-</strong></span> 
     </span>
    </p>
   </div>
   <div class='ocr_carea' id='block_1_49' title="bbox 1945 1833 3151 1907">
    <p class='ocr_par' dir='ltr' id='par_1_49' title="bbox 1945 1833 3151 1907">
     <span class='ocr_line' id='line_1_49' title="bbox 1945 1833 3151 1907; baseline -0.002 -18"><span class='ocrx_word' id='word_1_339' title='bbox 1945 1839 2145 1907; x_wconf 90' lang='lat' dir='ltr'><strong>pariter</strong></span> <span class='ocrx_word' id='word_1_340' title='bbox 2188 1851 2309 1891; x_wconf 91' lang='lat' dir='ltr'><strong>cum</strong></span> <span class='ocrx_word' id='word_1_341' title='bbox 2359 1835 2452 1889; x_wconf 93' lang='lat' dir='ltr'><strong>illo</strong></span> <span class='ocrx_word' id='word_1_342' title='bbox 2497 1836 2549 1889; x_wconf 92' lang='lat' dir='ltr'><strong>in</strong></span> <span class='ocrx_word' id='word_1_343' title='bbox 2597 1837 2699 1890; x_wconf 90' lang='lat' dir='ltr'><strong>vim</strong></span> <span class='ocrx_word' id='word_1_344' title='bbox 2743 1835 2882 1905; x_wconf 90' lang='lat' dir='ltr'><strong>ignis</strong></span> <span class='ocrx_word' id='word_1_345' title='bbox 2923 1833 3151 1887; x_wconf 88' lang='lat' dir='ltr'><strong>abitura.</strong></span> 
     </span>
    </p>
   </div>
   <div class='ocr_carea' id='block_1_50' title="bbox 2015 1920 3540 1999">
    <p class='ocr_par' dir='ltr' id='par_1_50' title="bbox 2015 1920 3540 1999">
     <span class='ocr_line' id='line_1_50' title="bbox 2015 1920 3540 1999; baseline -0.007 -15"><span class='ocrx_word' id='word_1_346' title='bbox 2015 1929 2120 1984; x_wconf 89' lang='lat' dir='ltr'><strong>Sed</strong></span> <span class='ocrx_word' id='word_1_347' title='bbox 2159 1928 2494 1994; x_wconf 86' lang='lat' dir='ltr'><strong>Gronovius,</strong></span> <span class='ocrx_word' id='word_1_348' title='bbox 2533 1928 2770 1999; x_wconf 80' lang='lat' dir='ltr'><strong>explosis</strong></span> <span class='ocrx_word' id='word_1_349' title='bbox 2804 1927 2948 1980; x_wconf 88' lang='lat' dir='ltr'><strong>hisce</strong></span> <span class='ocrx_word' id='word_1_350' title='bbox 2979 1923 3229 1980; x_wconf 91' lang='lat' dir='ltr'><strong>omnibus</strong></span> <span class='ocrx_word' id='word_1_351' title='bbox 3259 1920 3540 1990; x_wconf 85' lang='lat' dir='ltr'><strong>conjectu-</strong></span> 
     </span>
    </p>
   </div>
   <div class='ocr_carea' id='block_1_51' title="bbox 1945 2013 3542 2093">
    <p class='ocr_par' dir='ltr' id='par_1_51' title="bbox 1945 2013 3542 2093">
     <span class='ocr_line' id='line_1_51' title="bbox 1945 2013 3542 2093; baseline -0.008 -15"><span class='ocrx_word' id='word_1_352' title='bbox 1945 2023 2051 2088; x_wconf 91' lang='lat' dir='ltr'><strong>ris,</strong></span> <span class='ocrx_word' id='word_1_353' title='bbox 2101 2034 2250 2093; x_wconf 87' lang='lat' dir='ltr'><strong>putat</strong></span> <span class='ocrx_word' id='word_1_354' title='bbox 2294 2022 2508 2077; x_wconf 80' lang='lat' dir='ltr'><strong>Minucii</strong></span> <span class='ocrx_word' id='word_1_355' title='bbox 2553 2022 2732 2077; x_wconf 88' lang='lat' dir='ltr'><strong>verbis</strong></span> <span class='ocrx_word' id='word_1_356' title='bbox 2761 2021 2941 2075; x_wconf 89' lang='lat' dir='ltr'><strong>omnia</strong></span> <span class='ocrx_word' id='word_1_357' title='bbox 2972 2013 3389 2088; x_wconf 88' lang='lat' dir='ltr'><strong>comprehendi,</strong></span> <span class='ocrx_word' id='word_1_358' title='bbox 3422 2027 3542 2082; x_wconf 75' lang='lat' dir='ltr'><strong>qua:</strong></span> 
     </span>
    </p>
   </div>
   <div class='ocr_carea' id='block_1_52' title="bbox 1947 2110 3544 2186">
    <p class='ocr_par' dir='ltr' id='par_1_52' title="bbox 1947 2110 3544 2186">
     <span class='ocr_line' id='line_1_52' title="bbox 1947 2110 3544 2186; baseline -0.006 -15"><span class='ocrx_word' id='word_1_359' title='bbox 1947 2118 2170 2186; x_wconf 88' lang='lat' dir='ltr'><strong>triplicis</strong></span> <span class='ocrx_word' id='word_1_360' title='bbox 2197 2117 2515 2173; x_wconf 69' lang='lat' dir='ltr'><strong>differentia:</strong></span> <span class='ocrx_word' id='word_1_361' title='bbox 2547 2126 2670 2172; x_wconf 91' lang='lat' dir='ltr'><strong>sunt</strong></span> <span class='ocrx_word' id='word_1_362' title='bbox 2697 2159 2712 2182; x_wconf 98' lang='lat'><strong>,</strong></span> <span class='ocrx_word' id='word_1_363' title='bbox 2747 2116 3012 2186; x_wconf 90' lang='lat' dir='ltr'><strong>liquorum</strong></span> <span class='ocrx_word' id='word_1_364' title='bbox 3043 2128 3259 2184; x_wconf 90' lang='lat' dir='ltr'><strong>genera.</strong></span> <span class='ocrx_word' id='word_1_365' title='bbox 3309 2110 3544 2180; x_wconf 86' lang='lat' dir='ltr'><strong>Quamo-</strong></span> 
     </span>
    </p>
   </div>
   <div class='ocr_carea' id='block_1_53' title="bbox 1879 2203 3539 2281">
    <p class='ocr_par' dir='ltr' id='par_1_53' title="bbox 1879 2203 3539 2281">
     <span class='ocr_line' id='line_1_53' title="bbox 1879 2203 3539 2281; baseline -0.005 -16"><span class='ocrx_word' id='word_1_366' title='bbox 1879 2217 1888 2230; x_wconf 93' lang='lat'><em>&#39;</em></span> <span class='ocrx_word' id='word_1_367' title='bbox 1945 2210 2095 2266; x_wconf 90' lang='lat' dir='ltr'><strong>brem</strong></span> <span class='ocrx_word' id='word_1_368' title='bbox 2129 2220 2330 2266; x_wconf 80' lang='lat' dir='ltr'><strong>textum</strong></span> <span class='ocrx_word' id='word_1_369' title='bbox 2363 2212 2478 2281; x_wconf 83' lang='lat' dir='ltr'><strong>ejus</strong></span> <span class='ocrx_word' id='word_1_370' title='bbox 2525 2211 2603 2265; x_wconf 91' lang='lat' dir='ltr'><strong>sic</strong></span> <span class='ocrx_word' id='word_1_371' title='bbox 2650 2207 3026 2280; x_wconf 87' lang='lat' dir='ltr'><strong>corrigendum</strong></span> <span class='ocrx_word' id='word_1_372' title='bbox 3075 2220 3198 2262; x_wconf 88' lang='lat' dir='ltr'><strong>esse</strong></span> <span class='ocrx_word' id='word_1_373' title='bbox 3245 2203 3539 2274; x_wconf 87' lang='lat' dir='ltr'><strong>opinatur:</strong></span> 
     </span>
    </p>
   </div>
   <div class='ocr_carea' id='block_1_54' title="bbox 1951 2294 3542 2374">
    <p class='ocr_par' dir='ltr' id='par_1_54' title="bbox 1951 2294 3542 2374">
     <span class='ocr_line' id='line_1_54' title="bbox 1951 2294 3542 2374; baseline -0.004 -20"><span class='ocrx_word' id='word_1_374' title='bbox 1951 2321 1970 2354; x_wconf 84' lang='grc' dir='ltr'><strong>ι</strong></span> <span class='ocrx_word' id='word_1_375' title='bbox 1993 2303 2449 2369; x_wconf 85' lang='lat' dir='ltr'><strong>Funtiutn,dulcis</strong></span> <span class='ocrx_word' id='word_1_376' title='bbox 2474 2320 2649 2374; x_wconf 68' lang='lat' dir='ltr'><strong>aqum,</strong></span> <span class='ocrx_word' id='word_1_377' title='bbox 2681 2303 2844 2356; x_wconf 90' lang='lat' dir='ltr'><strong>maris</strong></span> <span class='ocrx_word' id='word_1_378' title='bbox 2873 2302 3141 2355; x_wconf 89' lang='lat' dir='ltr'><strong>nutrimen</strong></span> <span class='ocrx_word' id='word_1_379' title='bbox 3173 2299 3225 2353; x_wconf 92' lang='lat' dir='ltr'><strong>in</strong></span> <span class='ocrx_word' id='word_1_380' title='bbox 3254 2298 3358 2352; x_wconf 87' lang='lat' dir='ltr'><strong>vim</strong></span> <span class='ocrx_word' id='word_1_381' title='bbox 3404 2294 3542 2366; x_wconf 79' lang='lat' dir='ltr'><strong>ignis</strong></span> 
     </span>
    </p>
   </div>
   <div class='ocr_carea' id='block_1_55' title="bbox 1945 2390 3542 2467">
    <p class='ocr_par' dir='ltr' id='par_1_55' title="bbox 1945 2390 3542 2467">
     <span class='ocr_line' id='line_1_55' title="bbox 1945 2390 3542 2467; baseline -0.004 -17"><span class='ocrx_word' id='word_1_382' title='bbox 1945 2395 2232 2450; x_wconf 88' lang='lat' dir='ltr'><strong>abiturum.</strong></span> <span class='ocrx_word' id='word_1_383' title='bbox 2261 2417 2280 2449; x_wconf 84' lang='grc'>›</span> <span class='ocrx_word' id='word_1_384' title='bbox 2312 2395 2509 2451; x_wconf 76' lang='lat' dir='ltr'><strong>Verum</strong></span> <span class='ocrx_word' id='word_1_385' title='bbox 2543 2407 2896 2467; x_wconf 65' lang='lat' dir='ltr'><strong>praeterquam</strong></span> <span class='ocrx_word' id='word_1_386' title='bbox 2930 2393 3070 2464; x_wconf 90' lang='lat' dir='ltr'><strong>quod</strong></span> <span class='ocrx_word' id='word_1_387' title='bbox 3119 2394 3233 2446; x_wconf 81' lang='lat' dir='ltr'><strong>inec</strong></span> <span class='ocrx_word' id='word_1_388' title='bbox 3275 2390 3542 2446; x_wconf 88' lang='lat' dir='ltr'><strong>correctio</strong></span> 
     </span>
    </p>
   </div>
   <div class='ocr_carea' id='block_1_56' title="bbox 1947 2487 3541 2558">
    <p class='ocr_par' dir='ltr' id='par_1_56' title="bbox 1947 2487 3541 2558">
     <span class='ocr_line' id='line_1_56' title="bbox 1947 2487 3541 2558; baseline -0.004 -15"><span class='ocrx_word' id='word_1_389' title='bbox 1947 2491 2264 2545; x_wconf 88' lang='lat' dir='ltr'><strong>auctoritate</strong></span> <span class='ocrx_word' id='word_1_390' title='bbox 2295 2489 2439 2543; x_wconf 86' lang='lat' dir='ltr'><strong>nulla</strong></span> <span class='ocrx_word' id='word_1_391' title='bbox 2483 2491 2751 2544; x_wconf 88' lang='lat' dir='ltr'><strong>stabilitur</strong></span> <span class='ocrx_word' id='word_1_392' title='bbox 2775 2531 2788 2552; x_wconf 97' lang='lat'><strong>,</strong></span> <span class='ocrx_word' id='word_1_393' title='bbox 2819 2487 3090 2558; x_wconf 89' lang='lat' dir='ltr'><strong>quodnam</strong></span> <span class='ocrx_word' id='word_1_394' title='bbox 3115 2528 3128 2549; x_wconf 92' lang='lat'><strong>,</strong></span> <span class='ocrx_word' id='word_1_395' title='bbox 3163 2487 3389 2539; x_wconf 89' lang='lat' dir='ltr'><strong>obsecro</strong></span> <span class='ocrx_word' id='word_1_396' title='bbox 3414 2525 3427 2546; x_wconf 92' lang='lat'><strong>,</strong></span> <span class='ocrx_word' id='word_1_397' title='bbox 3457 2491 3541 2537; x_wconf 93' lang='lat' dir='ltr'><strong>est</strong></span> 
     </span>
    </p>
   </div>
   <div class='ocr_carea' id='block_1_57' title="bbox 1945 2573 3540 2652">
    <p class='ocr_par' dir='ltr' id='par_1_57' title="bbox 1945 2573 3540 2652">
     <span class='ocr_line' id='line_1_57' title="bbox 1945 2573 3540 2652; baseline -0.008 -14"><span class='ocrx_word' id='word_1_398' title='bbox 1945 2582 2086 2638; x_wconf 87' lang='lat' dir='ltr'><strong>inter</strong></span> <span class='ocrx_word' id='word_1_399' title='bbox 2110 2584 2331 2637; x_wconf 88' lang='lat' dir='ltr'><strong>fontium</strong></span> <span class='ocrx_word' id='word_1_400' title='bbox 2355 2593 2408 2638; x_wconf 89' lang='lat' dir='ltr'><strong>et</strong></span> <span class='ocrx_word' id='word_1_401' title='bbox 2427 2582 2600 2637; x_wconf 86' lang='lat' dir='ltr'><strong>dulcis</strong></span> <span class='ocrx_word' id='word_1_402' title='bbox 2627 2599 2776 2652; x_wconf 81' lang='lat' dir='ltr'><strong>aqua:</strong></span> <span class='ocrx_word' id='word_1_403' title='bbox 2803 2583 3184 2636; x_wconf 90' lang='lat' dir='ltr'><strong>nutrimentum</strong></span> <span class='ocrx_word' id='word_1_404' title='bbox 3208 2573 3540 2632; x_wconf 81' lang='lat' dir='ltr'><strong>discrimen?</strong></span> 
     </span>
    </p>
   </div>
   <div class='ocr_carea' id='block_1_58' title="bbox 2019 2673 3542 2749">
    <p class='ocr_par' dir='ltr' id='par_1_58' title="bbox 2019 2673 3542 2749">
     <span class='ocr_line' id='line_1_58' title="bbox 2019 2673 3542 2749; baseline -0.006 -16"><span class='ocrx_word' id='word_1_405' title='bbox 2019 2681 2088 2733; x_wconf 83' lang='lat' dir='ltr'><strong>At</strong></span> <span class='ocrx_word' id='word_1_406' title='bbox 2132 2694 2290 2749; x_wconf 92' lang='lat' dir='ltr'><strong>quam</strong></span> <span class='ocrx_word' id='word_1_407' title='bbox 2335 2678 2560 2733; x_wconf 90' lang='lat' dir='ltr'><strong>obscura</strong></span> <span class='ocrx_word' id='word_1_408' title='bbox 2601 2687 2652 2733; x_wconf 88' lang='lat' dir='ltr'><strong>et</strong></span> <span class='ocrx_word' id='word_1_409' title='bbox 2695 2676 2980 2732; x_wconf 86' lang='lat' dir='ltr'><strong>emendato</strong></span> <span class='ocrx_word' id='word_1_410' title='bbox 3032 2673 3268 2729; x_wconf 82' lang='lat' dir='ltr'><strong>difﬁcilia</strong></span> <span class='ocrx_word' id='word_1_411' title='bbox 3300 2680 3425 2726; x_wconf 89' lang='lat' dir='ltr'><strong>sunt</strong></span> <span class='ocrx_word' id='word_1_412' title='bbox 3453 2685 3542 2724; x_wconf 82' lang='lat' dir='ltr'><strong>au-</strong></span> 
     </span>
    </p>
   </div>
   <div class='ocr_carea' id='block_1_59' title="bbox 1945 2763 3536 2837">
    <p class='ocr_par' dir='ltr' id='par_1_59' title="bbox 1945 2763 3536 2837">
     <span class='ocr_line' id='line_1_59' title="bbox 1945 2763 3536 2837; baseline -0.007 -10"><span class='ocrx_word' id='word_1_413' title='bbox 1945 2772 2112 2827; x_wconf 90' lang='lat' dir='ltr'><strong>ctoris</strong></span> <span class='ocrx_word' id='word_1_414' title='bbox 2153 2773 2318 2826; x_wconf 89' lang='lat' dir='ltr'><strong>nostri</strong></span> <span class='ocrx_word' id='word_1_415' title='bbox 2359 2771 2552 2834; x_wconf 88' lang='lat' dir='ltr'><strong>verba,</strong></span> <span class='ocrx_word' id='word_1_416' title='bbox 2587 2783 2691 2825; x_wconf 83' lang='lat' dir='ltr'><strong>tant</strong></span> <span class='ocrx_word' id='word_1_417' title='bbox 2721 2780 2924 2826; x_wconf 87' lang='lat' dir='ltr'><strong>certum</strong></span> <span class='ocrx_word' id='word_1_418' title='bbox 2959 2768 3200 2837; x_wconf 78' lang='lat' dir='ltr'><strong>profecm</strong></span> <span class='ocrx_word' id='word_1_419' title='bbox 3227 2764 3438 2819; x_wconf 84' lang='lat' dir='ltr'><strong>videtur</strong></span> <span class='ocrx_word' id='word_1_420' title='bbox 3469 2763 3536 2817; x_wconf 84' lang='lat' dir='ltr'><strong>il—</strong></span> 
     </span>
    </p>
   </div>
   <div class='ocr_carea' id='block_1_60' title="bbox 1945 2859 3540 2938">
    <p class='ocr_par' dir='ltr' id='par_1_60' title="bbox 1945 2859 3540 2938">
     <span class='ocr_line' id='line_1_60' title="bbox 1945 2859 3540 2938; baseline -0.006 -16"><span class='ocrx_word' id='word_1_421' title='bbox 1945 2867 2055 2922; x_wconf 92' lang='lat' dir='ltr'><strong>lum</strong></span> <span class='ocrx_word' id='word_1_422' title='bbox 2082 2867 2146 2922; x_wconf 90' lang='lat' dir='ltr'><strong>ad</strong></span> <span class='ocrx_word' id='word_1_423' title='bbox 2175 2867 2290 2922; x_wconf 68' lang='lat' dir='ltr'><strong>haec</strong></span> <span class='ocrx_word' id='word_1_424' title='bbox 2313 2867 2613 2938; x_wconf 72' lang='lat' dir='ltr'><strong>respexisse</strong></span> <span class='ocrx_word' id='word_1_425' title='bbox 2635 2866 2913 2922; x_wconf 85' lang='lat' dir='ltr'><strong>Ciceronis</strong></span> <span class='ocrx_word' id='word_1_426' title='bbox 2938 2865 3134 2920; x_wconf 89' lang='lat' dir='ltr'><strong>verba:</strong></span> <span class='ocrx_word' id='word_1_427' title='bbox 3165 2884 3183 2915; x_wconf 82' lang='grc' dir='ltr'><strong>ι</strong></span> <span class='ocrx_word' id='word_1_428' title='bbox 3209 2861 3344 2918; x_wconf 90' lang='lat' dir='ltr'><strong>Sunt</strong></span> <span class='ocrx_word' id='word_1_429' title='bbox 3367 2859 3540 2916; x_wconf 65' lang='lat' dir='ltr'><strong>stetit!-</strong></span> 
     </span>
    </p>
   </div>
   <div class='ocr_carea' id='block_1_61' title="bbox 1947 2958 3539 3030">
    <p class='ocr_par' dir='ltr' id='par_1_61' title="bbox 1947 2958 3539 3030">
     <span class='ocr_line' id='line_1_61' title="bbox 1947 2958 3539 3030; baseline -0.004 -15"><span class='ocrx_word' id='word_1_430' title='bbox 1947 2970 2132 3015; x_wconf 88' lang='lat' dir='ltr'><strong>natura</strong></span> <span class='ocrx_word' id='word_1_431' title='bbox 2167 2961 2462 3015; x_wconf 76' lang='lat' dir='ltr'><strong>ﬁammeze:</strong></span> <span class='ocrx_word' id='word_1_432' title='bbox 2495 2960 2747 3030; x_wconf 90' lang='lat' dir='ltr'><strong>quocirca</strong></span> <span class='ocrx_word' id='word_1_433' title='bbox 2793 2970 2949 3015; x_wconf 61' lang='lat' dir='ltr'><strong>terra:</strong></span> <span class='ocrx_word' id='word_1_434' title='bbox 2975 3000 2990 3023; x_wconf 92' lang='lat'><strong>,</strong></span> <span class='ocrx_word' id='word_1_435' title='bbox 3034 2958 3201 3012; x_wconf 73' lang='lat' dir='ltr'><strong>mat-is</strong></span> <span class='ocrx_word' id='word_1_436' title='bbox 3223 2997 3241 3024; x_wconf 91' lang='lat'><strong>,</strong></span> <span class='ocrx_word' id='word_1_437' title='bbox 3279 2970 3539 3021; x_wconf 88' lang='lat' dir='ltr'><strong>aquarum</strong></span> 
     </span>
    </p>
   </div>
   <div class='ocr_carea' id='block_1_62' title="bbox 1947 3047 3536 3124">
    <p class='ocr_par' dir='ltr' id='par_1_62' title="bbox 1947 3047 3536 3124">
     <span class='ocr_line' id='line_1_62' title="bbox 1947 3047 3536 3124; baseline -0.004 -18"><span class='ocrx_word' id='word_1_438' title='bbox 1947 3053 2239 3124; x_wconf 88' lang='lat' dir='ltr'><strong>vaporibus</strong></span> <span class='ocrx_word' id='word_1_439' title='bbox 2269 3053 2484 3107; x_wconf 89' lang='lat' dir='ltr'><strong>aluntur</strong></span> <span class='ocrx_word' id='word_1_440' title='bbox 2511 3052 2606 3118; x_wconf 92' lang='lat' dir='ltr'><strong>iis,</strong></span> <span class='ocrx_word' id='word_1_441' title='bbox 2640 3053 2730 3124; x_wconf 92' lang='lat' dir='ltr'><strong>qui</strong></span> <span class='ocrx_word' id='word_1_442' title='bbox 2763 3068 2791 3107; x_wconf 91' lang='lat' dir='ltr'><strong>a</strong></span> <span class='ocrx_word' id='word_1_443' title='bbox 2822 3048 2944 3106; x_wconf 55' lang='lat' dir='ltr'><strong>so!</strong></span> <span class='ocrx_word' id='word_1_444' title='bbox 2960 3065 3025 3105; x_wconf 78' lang='lat' dir='ltr'><strong>ex</strong></span> <span class='ocrx_word' id='word_1_445' title='bbox 3055 3047 3195 3119; x_wconf 74' lang='lat' dir='ltr'><strong>agris</strong></span> <span class='ocrx_word' id='word_1_446' title='bbox 3225 3047 3502 3117; x_wconf 88' lang='lat' dir='ltr'><strong>tepefactis</strong></span> <span class='ocrx_word' id='word_1_447' title='bbox 3523 3088 3536 3111; x_wconf 97' lang='lat'><strong>,</strong></span> 
     </span>
    </p>
   </div>
   <div class='ocr_carea' id='block_1_63' title="bbox 243 3139 3539 3219">
    <p class='ocr_par' dir='ltr' id='par_1_63' title="bbox 243 3139 3539 3219">
     <span class='ocr_line' id='line_1_63' title="bbox 243 3139 3539 3219; baseline 0.001 -25"><span class='ocrx_word' id='word_1_448' title='bbox 243 3151 357 3195; x_wconf 90' lang='lat' dir='ltr'><strong>tem</strong></span> <span class='ocrx_word' id='word_1_449' title='bbox 401 3139 615 3208; x_wconf 78' lang='lat' dir='ltr'><strong>Cit-ero,</strong></span> <span class='ocrx_word' id='word_1_450' title='bbox 671 3144 930 3198; x_wconf 85' lang='lat' dir='ltr'><strong>Velleium</strong></span> <span class='ocrx_word' id='word_1_451' title='bbox 983 3145 1300 3214; x_wconf 83' lang='lat' dir='ltr'><strong>Epicureum</strong></span> <span class='ocrx_word' id='word_1_452' title='bbox 1353 3144 1430 3199; x_wconf 91' lang='lat' dir='ltr'><strong>sic</strong></span> <span class='ocrx_word' id='word_1_453' title='bbox 1479 3145 1837 3216; x_wconf 71' lang='lat' dir='ltr'><strong>disputantem</strong></span> <span class='ocrx_word' id='word_1_454' title='bbox 1868 3145 1912 3208; x_wconf 88' lang='lat' dir='ltr'><strong>C</strong></span> <span class='ocrx_word' id='word_1_455' title='bbox 1945 3158 2001 3204; x_wconf 91' lang='lat' dir='ltr'><strong>et</strong></span> <span class='ocrx_word' id='word_1_456' title='bbox 2027 3165 2090 3203; x_wconf 83' lang='lat' dir='ltr'><strong>ex</strong></span> <span class='ocrx_word' id='word_1_457' title='bbox 2122 3149 2275 3219; x_wconf 87' lang='lat' dir='ltr'><strong>aquis</strong></span> <span class='ocrx_word' id='word_1_458' title='bbox 2305 3151 2638 3204; x_wconf 82' lang='lat' dir='ltr'><strong>excitantur.</strong></span> <span class='ocrx_word' id='word_1_459' title='bbox 2660 3187 2673 3201; x_wconf 94' lang='lat'><strong>.</strong></span> <span class='ocrx_word' id='word_1_460' title='bbox 2695 3187 2708 3201; x_wconf 94' lang='lat'><strong>.</strong></span> <span class='ocrx_word' id='word_1_461' title='bbox 2734 3188 2745 3201; x_wconf 96' lang='lat'><strong>.</strong></span> <span class='ocrx_word' id='word_1_462' title='bbox 2774 3149 2852 3202; x_wconf 82' lang='lat' dir='ltr'><strong>Ex</strong></span> <span class='ocrx_word' id='word_1_463' title='bbox 2885 3165 2990 3217; x_wconf 91' lang='lat' dir='ltr'><strong>quo</strong></span> <span class='ocrx_word' id='word_1_464' title='bbox 3019 3155 3334 3202; x_wconf 78' lang='lat' dir='ltr'><strong>eventurum</strong></span> <span class='ocrx_word' id='word_1_465' title='bbox 3369 3143 3539 3199; x_wconf 91' lang='lat' dir='ltr'><strong>nostri</strong></span> 
     </span>
    </p>
   </div>
   <div class='ocr_carea' id='block_1_64' title="bbox 241 3234 1842 3311">
    <p class='ocr_par' dir='ltr' id='par_1_64' title="bbox 241 3234 1842 3311">
     <span class='ocr_line' id='line_1_64' title="bbox 241 3234 1842 3311; baseline 0.005 -24"><span class='ocrx_word' id='word_1_466' title='bbox 241 3234 570 3290; x_wconf 82' lang='lat' dir='ltr'><strong>induxerat:</strong></span> <span class='ocrx_word' id='word_1_467' title='bbox 617 3255 636 3287; x_wconf 82' lang='grc' dir='ltr'><strong>ι</strong></span> <span class='ocrx_word' id='word_1_468' title='bbox 697 3237 848 3293; x_wconf 92' lang='lat' dir='ltr'><strong>Hunc</strong></span> <span class='ocrx_word' id='word_1_469' title='bbox 893 3239 1244 3311; x_wconf 79' lang='lat' dir='ltr'><strong>(Platonem)</strong></span> <span class='ocrx_word' id='word_1_470' title='bbox 1295 3255 1486 3294; x_wconf 84' lang='lat' dir='ltr'><strong>censes</strong></span> <span class='ocrx_word' id='word_1_471' title='bbox 1533 3241 1739 3310; x_wconf 90' lang='lat' dir='ltr'><strong>primis.</strong></span> <span class='ocrx_word' id='word_1_472' title='bbox 1785 3251 1842 3295; x_wconf 93' lang='lat' dir='ltr'><strong>ut</strong></span> 
     </span>
    </p>
   </div>
   <div class='ocr_carea' id='block_1_65' title="bbox 239 3326 1836 3404">
    <p class='ocr_par' dir='ltr' id='par_1_65' title="bbox 239 3326 1836 3404">
     <span class='ocr_line' id='line_1_65' title="bbox 239 3326 1836 3404; baseline 0.003 -23"><span class='ocrx_word' id='word_1_473' title='bbox 239 3326 465 3393; x_wconf 84' lang='lat' dir='ltr'><strong>dicitur,</strong></span> <span class='ocrx_word' id='word_1_474' title='bbox 500 3329 663 3384; x_wconf 91' lang='lat' dir='ltr'><strong>labris</strong></span> <span class='ocrx_word' id='word_1_475' title='bbox 692 3343 934 3401; x_wconf 88' lang='lat' dir='ltr'><strong>gustasse</strong></span> <span class='ocrx_word' id='word_1_476' title='bbox 954 3333 1338 3404; x_wconf 79' lang='lat' dir='ltr'><strong>physiologiam</strong></span> <span class='ocrx_word' id='word_1_477' title='bbox 1362 3375 1375 3398; x_wconf 94' lang='lat'><strong>,</strong></span> <span class='ocrx_word' id='word_1_478' title='bbox 1408 3333 1498 3404; x_wconf 95' lang='lat' dir='ltr'><strong>qui</strong></span> <span class='ocrx_word' id='word_1_479' title='bbox 1525 3333 1836 3404; x_wconf 87' lang='lat' dir='ltr'><strong>quidquam,</strong></span> 
     </span>
    </p>
   </div>
   <div class='ocr_carea' id='block_1_66' title="bbox 238 3423 1839 3498">
    <p class='ocr_par' dir='ltr' id='par_1_66' title="bbox 238 3423 1839 3498">
     <span class='ocr_line' id='line_1_66' title="bbox 238 3423 1839 3498; baseline 0.006 -26"><span class='ocrx_word' id='word_1_480' title='bbox 238 3423 385 3492; x_wconf 87' lang='lat' dir='ltr'><strong>quod</strong></span> <span class='ocrx_word' id='word_1_481' title='bbox 438 3433 614 3478; x_wconf 91' lang='lat' dir='ltr'><strong>ortum</strong></span> <span class='ocrx_word' id='word_1_482' title='bbox 660 3426 749 3491; x_wconf 90' lang='lat' dir='ltr'><strong>sit,</strong></span> <span class='ocrx_word' id='word_1_483' title='bbox 810 3437 958 3496; x_wconf 91' lang='lat' dir='ltr'><strong>putet</strong></span> <span class='ocrx_word' id='word_1_484' title='bbox 1001 3437 1258 3482; x_wconf 66' lang='lat' dir='ltr'><strong>aiternum</strong></span> <span class='ocrx_word' id='word_1_485' title='bbox 1317 3445 1435 3483; x_wconf 86' lang='lat' dir='ltr'><strong>esse</strong></span> <span class='ocrx_word' id='word_1_486' title='bbox 1479 3430 1670 3498; x_wconf 62' lang='lat' dir='ltr'><strong>posse?</strong></span> <span class='ocrx_word' id='word_1_487' title='bbox 1711 3432 1839 3496; x_wconf 65' lang='lat' dir='ltr'><strong>Quae</strong></span> 
     </span>
    </p>
   </div>
   <div class='ocr_carea' id='block_1_67' title="bbox 239 3520 1838 3597">
    <p class='ocr_par' dir='ltr' id='par_1_67' title="bbox 239 3520 1838 3597">
     <span class='ocr_line' id='line_1_67' title="bbox 239 3520 1838 3597; baseline 0.005 -25"><span class='ocrx_word' id='word_1_488' title='bbox 239 3528 328 3573; x_wconf 86' lang='lat' dir='ltr'><strong>cst</strong></span> <span class='ocrx_word' id='word_1_489' title='bbox 387 3520 528 3574; x_wconf 83' lang='lat' dir='ltr'><strong>cnim</strong></span> <span class='ocrx_word' id='word_1_490' title='bbox 579 3527 974 3592; x_wconf 88' lang='lat' dir='ltr'><strong>coagmentatio</strong></span> <span class='ocrx_word' id='word_1_491' title='bbox 1016 3540 1120 3579; x_wconf 92' lang='lat' dir='ltr'><strong>non</strong></span> <span class='ocrx_word' id='word_1_492' title='bbox 1163 3524 1530 3580; x_wconf 78' lang='lat' dir='ltr'><strong>dissolubilis?</strong></span> <span class='ocrx_word' id='word_1_493' title='bbox 1557 3527 1661 3581; x_wconf 86' lang='lat' dir='ltr'><strong>Aut</strong></span> <span class='ocrx_word' id='word_1_494' title='bbox 1709 3525 1838 3597; x_wconf 91' lang='lat' dir='ltr'><strong>quid</strong></span> 
     </span>
    </p>
   </div>
   <div class='ocr_carea' id='block_1_68' title="bbox 237 3615 1838 3688">
    <p class='ocr_par' dir='ltr' id='par_1_68' title="bbox 237 3615 1838 3688">
     <span class='ocr_line' id='line_1_68' title="bbox 237 3615 1838 3688; baseline 0.002 -18"><span class='ocrx_word' id='word_1_495' title='bbox 237 3626 348 3678; x_wconf 74' lang='grc' dir='ltr'><strong>εει,</strong></span> <span class='ocrx_word' id='word_1_496' title='bbox 395 3615 546 3684; x_wconf 74' lang='lat' dir='ltr'><strong>cujus</strong></span> <span class='ocrx_word' id='word_1_497' title='bbox 588 3617 904 3688; x_wconf 89' lang='lat' dir='ltr'><strong>principium</strong></span> <span class='ocrx_word' id='word_1_498' title='bbox 953 3618 1150 3688; x_wconf 78' lang='lat' dir='ltr'><strong>aliquid</strong></span> <span class='ocrx_word' id='word_1_499' title='bbox 1198 3621 1296 3685; x_wconf 91' lang='lat' dir='ltr'><strong>sit,</strong></span> <span class='ocrx_word' id='word_1_500' title='bbox 1353 3619 1483 3674; x_wconf 86' lang='lat' dir='ltr'><strong>nihil</strong></span> <span class='ocrx_word' id='word_1_501' title='bbox 1527 3621 1596 3673; x_wconf 90' lang='lat' dir='ltr'><strong>sit</strong></span> <span class='ocrx_word' id='word_1_502' title='bbox 1657 3629 1838 3674; x_wconf 73' lang='lat' dir='ltr'><strong>extre-</strong></span> 
     </span>
    </p>
   </div>
   <div class='ocr_carea' id='block_1_69' title="bbox 236 3700 1836 3776">
    <p class='ocr_par' dir='ltr' id='par_1_69' title="bbox 236 3700 1836 3776">
     <span class='ocr_line' id='line_1_69' title="bbox 236 3700 1836 3776; baseline 0.003 -22"><span class='ocrx_word' id='word_1_503' title='bbox 236 3703 434 3756; x_wconf 81' lang='lat' dir='ltr'><strong>mum?</strong></span> <span class='ocrx_word' id='word_1_504' title='bbox 471 3723 487 3752; x_wconf 76' lang='grc' dir='ltr'><strong>ι</strong></span> <span class='ocrx_word' id='word_1_505' title='bbox 531 3700 661 3776; x_wconf 83' lang='lat' dir='ltr'><strong>(Cic.</strong></span> <span class='ocrx_word' id='word_1_506' title='bbox 700 3704 788 3758; x_wconf 86' lang='lat' dir='ltr'><strong>lib.</strong></span> <span class='ocrx_word' id='word_1_507' title='bbox 833 3719 868 3758; x_wconf 92' lang='lat' dir='ltr'><strong>ll</strong></span> <span class='ocrx_word' id='word_1_508' title='bbox 900 3705 962 3758; x_wconf 79' lang='lat' dir='ltr'><strong>de</strong></span> <span class='ocrx_word' id='word_1_509' title='bbox 1012 3703 1202 3758; x_wconf 82' lang='lat' dir='ltr'><strong>Natur.</strong></span> <span class='ocrx_word' id='word_1_510' title='bbox 1243 3704 1400 3761; x_wconf 86' lang='lat' dir='ltr'><strong>Deor.</strong></span> <span class='ocrx_word' id='word_1_511' title='bbox 1435 3723 1553 3774; x_wconf 83' lang='lat' dir='ltr'><strong>pug.</strong></span> <span class='ocrx_word' id='word_1_512' title='bbox 1611 3703 1713 3760; x_wconf 75' lang='grc'><strong>198</strong></span> <span class='ocrx_word' id='word_1_513' title='bbox 1744 3706 1836 3759; x_wconf 85' lang='lat' dir='ltr'><strong>lin.</strong></span> 
     </span>
    </p>
   </div>
   <div class='ocr_carea' id='block_1_70' title="bbox 236 3796 601 3868">
    <p class='ocr_par' dir='ltr' id='par_1_70' title="bbox 236 3796 601 3868">
     <span class='ocr_line' id='line_1_70' title="bbox 236 3796 601 3868; baseline 0.005 -19"><span class='ocrx_word' id='word_1_514' title='bbox 236 3796 301 3851; x_wconf 78' lang='lat' dir='ltr'><strong>5i</strong></span> <span class='ocrx_word' id='word_1_515' title='bbox 347 3807 393 3850; x_wconf 84' lang='lat' dir='ltr'><strong>et</strong></span> <span class='ocrx_word' id='word_1_516' title='bbox 439 3799 601 3868; x_wconf 79' lang='lat' dir='ltr'><strong>seqq.)</strong></span> 
     </span>
    </p>
   </div>
   <div class='ocr_carea' id='block_1_71' title="bbox 313 3887 1839 3962">
    <p class='ocr_par' dir='ltr' id='par_1_71' title="bbox 313 3887 1839 3962">
     <span class='ocr_line' id='line_1_71' title="bbox 313 3887 1839 3962; baseline 0.005 -18"><span class='ocrx_word' id='word_1_517' title='bbox 313 3887 614 3962; x_wconf 89' lang='lat' dir='ltr'><strong>Cyprianus</strong></span> <span class='ocrx_word' id='word_1_518' title='bbox 658 3909 786 3949; x_wconf 91' lang='lat' dir='ltr'><strong>vero</strong></span> <span class='ocrx_word' id='word_1_519' title='bbox 834 3895 900 3950; x_wconf 89' lang='lat' dir='ltr'><strong>ad</strong></span> <span class='ocrx_word' id='word_1_520' title='bbox 936 3895 1332 3951; x_wconf 87' lang='lat' dir='ltr'><strong>Demetrianum</strong></span> <span class='ocrx_word' id='word_1_521' title='bbox 1376 3895 1563 3950; x_wconf 88' lang='lat' dir='ltr'><strong>scribit</strong></span> <span class='ocrx_word' id='word_1_522' title='bbox 1607 3895 1741 3949; x_wconf 83' lang='lat' dir='ltr'><strong>hanc.</strong></span> <span class='ocrx_word' id='word_1_523' title='bbox 1773 3897 1839 3951; x_wconf 92' lang='lat' dir='ltr'><strong>ab</strong></span> 
     </span>
    </p>
   </div>
   <div class='ocr_carea' id='block_1_72' title="bbox 236 3984 1838 4059">
    <p class='ocr_par' dir='ltr' id='par_1_72' title="bbox 236 3984 1838 4059">
     <span class='ocr_line' id='line_1_72' title="bbox 236 3984 1838 4059; baseline 0.004 -22"><span class='ocrx_word' id='word_1_524' title='bbox 236 3984 472 4053; x_wconf 65' lang='lat' dir='ltr'><strong>ipstimet</strong></span> <span class='ocrx_word' id='word_1_525' title='bbox 521 3986 632 4042; x_wconf 90' lang='lat' dir='ltr'><strong>Deo</strong></span> <span class='ocrx_word' id='word_1_526' title='bbox 673 3989 1017 4044; x_wconf 90' lang='lat' dir='ltr'><strong>constitutam</strong></span> <span class='ocrx_word' id='word_1_527' title='bbox 1065 4004 1186 4044; x_wconf 90' lang='lat' dir='ltr'><strong>esse</strong></span> <span class='ocrx_word' id='word_1_528' title='bbox 1239 3989 1428 4059; x_wconf 77' lang='lat' dir='ltr'><strong>legem,</strong></span> <span class='ocrx_word' id='word_1_529' title='bbox 1475 4000 1530 4042; x_wconf 93' lang='lat' dir='ltr'><strong>ut</strong></span> <span class='ocrx_word' id='word_1_530' title='bbox 1559 4005 1676 4059; x_wconf 82' lang='lat' dir='ltr'><strong>qtt:e</strong></span> <span class='ocrx_word' id='word_1_531' title='bbox 1721 4000 1838 4044; x_wconf 87' lang='lat' dir='ltr'><strong>orta</strong></span> 
     </span>
    </p>
   </div>
   <div class='ocr_carea' id='block_1_73' title="bbox 236 4080 1836 4153">
    <p class='ocr_par' dir='ltr' id='par_1_73' title="bbox 236 4080 1836 4153">
     <span class='ocr_line' id='line_1_73' title="bbox 236 4080 1836 4153; baseline 0.004 -22"><span class='ocrx_word' id='word_1_532' title='bbox 236 4087 388 4142; x_wconf 85' lang='lat' dir='ltr'><strong>sunt,</strong></span> <span class='ocrx_word' id='word_1_533' title='bbox 418 4080 596 4133; x_wconf 90' lang='lat' dir='ltr'><strong>omnia</strong></span> <span class='ocrx_word' id='word_1_534' title='bbox 625 4080 894 4144; x_wconf 84' lang='lat' dir='ltr'><strong>occidant,</strong></span> <span class='ocrx_word' id='word_1_535' title='bbox 924 4091 978 4136; x_wconf 90' lang='lat' dir='ltr'><strong>ct</strong></span> <span class='ocrx_word' id='word_1_536' title='bbox 1021 4082 1310 4153; x_wconf 90' lang='lat' dir='ltr'><strong>aliquando</strong></span> <span class='ocrx_word' id='word_1_537' title='bbox 1336 4083 1618 4137; x_wconf 89' lang='lat' dir='ltr'><strong>liniantur:</strong></span> <span class='ocrx_word' id='word_1_538' title='bbox 1641 4102 1657 4132; x_wconf 77' lang='lat' dir='ltr'><strong>t</strong></span> <span class='ocrx_word' id='word_1_539' title='bbox 1690 4083 1836 4150; x_wconf 76' lang='lat' dir='ltr'><strong>H.1&#39;C,</strong></span> 
     </span>
    </p>
   </div>
   <div class='ocr_carea' id='block_1_74' title="bbox 237 4171 1834 4242">
    <p class='ocr_par' dir='ltr' id='par_1_74' title="bbox 237 4171 1834 4242">
     <span class='ocr_line' id='line_1_74' title="bbox 237 4171 1834 4242; baseline 0.004 -18"><span class='ocrx_word' id='word_1_540' title='bbox 237 4171 446 4241; x_wconf 89' lang='lat' dir='ltr'><strong>ittquit,</strong></span> <span class='ocrx_word' id='word_1_541' title='bbox 485 4175 748 4229; x_wconf 84' lang='lat' dir='ltr'><strong>sententia</strong></span> <span class='ocrx_word' id='word_1_542' title='bbox 780 4176 978 4230; x_wconf 81' lang='lat' dir='ltr'><strong>mutulo</strong></span> <span class='ocrx_word' id='word_1_543' title='bbox 1009 4177 1129 4230; x_wconf 81' lang='lat' dir='ltr'><strong>data</strong></span> <span class='ocrx_word' id='word_1_544' title='bbox 1181 4187 1263 4231; x_wconf 90' lang='lat' dir='ltr'><strong>est</strong></span> <span class='ocrx_word' id='word_1_545' title='bbox 1286 4219 1299 4241; x_wconf 96' lang='lat'><strong>,</strong></span> <span class='ocrx_word' id='word_1_546' title='bbox 1348 4179 1461 4231; x_wconf 69' lang='lat' dir='ltr'><strong>ha&#39;c</strong></span> <span class='ocrx_word' id='word_1_547' title='bbox 1495 4179 1584 4232; x_wconf 90' lang='lat' dir='ltr'><strong>Dei</strong></span> <span class='ocrx_word' id='word_1_548' title='bbox 1616 4178 1698 4232; x_wconf 78' lang='lat' dir='ltr'><strong>lex</strong></span> <span class='ocrx_word' id='word_1_549' title='bbox 1733 4190 1834 4242; x_wconf 72' lang='lat' dir='ltr'><strong>est;</strong></span> 
     </span>
    </p>
   </div>
   <div class='ocr_carea' id='block_1_75' title="bbox 236 4265 1835 4333">
    <p class='ocr_par' dir='ltr' id='par_1_75' title="bbox 236 4265 1835 4333">
     <span class='ocr_line' id='line_1_75' title="bbox 236 4265 1835 4333; baseline 0.005 -18"><span class='ocrx_word' id='word_1_550' title='bbox 236 4272 296 4316; x_wconf 90' lang='lat' dir='ltr'><strong>ut</strong></span> <span class='ocrx_word' id='word_1_551' title='bbox 348 4265 525 4317; x_wconf 90' lang='lat' dir='ltr'><strong>omnia</strong></span> <span class='ocrx_word' id='word_1_552' title='bbox 579 4275 694 4319; x_wconf 87' lang='lat' dir='ltr'><strong>orta</strong></span> <span class='ocrx_word' id='word_1_553' title='bbox 740 4269 1009 4333; x_wconf 86' lang='lat' dir='ltr'><strong>occidant,</strong></span> <span class='ocrx_word' id='word_1_554' title='bbox 1057 4277 1110 4323; x_wconf 92' lang='lat' dir='ltr'><strong>et</strong></span> <span class='ocrx_word' id='word_1_555' title='bbox 1149 4279 1299 4322; x_wconf 90' lang='lat' dir='ltr'><strong>aucta</strong></span> <span class='ocrx_word' id='word_1_556' title='bbox 1349 4278 1730 4333; x_wconf 88' lang='lat' dir='ltr'><strong>senescant,et</strong></span> <span class='ocrx_word' id='word_1_557' title='bbox 1760 4271 1835 4323; x_wconf 79' lang='lat' dir='ltr'><strong>in~</strong></span> 
     </span>
    </p>
   </div>
   <div class='ocr_carea' id='block_1_76' title="bbox 240 4356 1836 4431">
    <p class='ocr_par' dir='ltr' id='par_1_76' title="bbox 240 4356 1836 4431">
     <span class='ocr_line' id='line_1_76' title="bbox 240 4356 1836 4431; baseline 0.005 -22"><span class='ocrx_word' id='word_1_558' title='bbox 240 4356 528 4410; x_wconf 89' lang='lat' dir='ltr'><strong>ﬁrmentur</strong></span> <span class='ocrx_word' id='word_1_559' title='bbox 582 4359 755 4423; x_wconf 78' lang='lat' dir='ltr'><strong>loitia,</strong></span> <span class='ocrx_word' id='word_1_560' title='bbox 811 4371 864 4415; x_wconf 90' lang='lat' dir='ltr'><strong>et</strong></span> <span class='ocrx_word' id='word_1_561' title='bbox 917 4378 1102 4431; x_wconf 85' lang='lat' dir='ltr'><strong>magna</strong></span> <span class='ocrx_word' id='word_1_562' title='bbox 1147 4362 1474 4427; x_wconf 84' lang='lat' dir='ltr'><strong>minuantur,</strong></span> <span class='ocrx_word' id='word_1_563' title='bbox 1525 4372 1722 4416; x_wconf 89' lang='lat' dir='ltr'><strong>etcum</strong></span> <span class='ocrx_word' id='word_1_564' title='bbox 1757 4363 1836 4417; x_wconf 89' lang='lat' dir='ltr'><strong>in-</strong></span> 
     </span>
    </p>
   </div>
   <div class='ocr_carea' id='block_1_77' title="bbox 234 4449 1833 4526">
    <p class='ocr_par' dir='ltr' id='par_1_77' title="bbox 234 4449 1833 4526">
     <span class='ocr_line' id='line_1_77' title="bbox 234 4449 1833 4526; baseline 0.005 -22"><span class='ocrx_word' id='word_1_565' title='bbox 234 4449 450 4504; x_wconf 89' lang='lat' dir='ltr'><strong>ﬁrmata</strong></span> <span class='ocrx_word' id='word_1_566' title='bbox 509 4462 562 4506; x_wconf 92' lang='lat' dir='ltr'><strong>et</strong></span> <span class='ocrx_word' id='word_1_567' title='bbox 616 4453 874 4509; x_wconf 75' lang='lat' dir='ltr'><strong>diminuta</strong></span> <span class='ocrx_word' id='word_1_568' title='bbox 925 4456 1155 4517; x_wconf 89' lang='lat' dir='ltr'><strong>fuerunt,</strong></span> <span class='ocrx_word' id='word_1_569' title='bbox 1213 4454 1481 4510; x_wconf 87' lang='lat' dir='ltr'><strong>liniantur.</strong></span> <span class='ocrx_word' id='word_1_570' title='bbox 1521 4454 1833 4526; x_wconf 74' lang='lat' dir='ltr'><strong>i((.&#39;yprian.</strong></span> 
     </span>
    </p>
   </div>
   <div class='ocr_carea' id='block_1_78' title="bbox 1947 3238 3539 3312">
    <p class='ocr_par' dir='ltr' id='par_1_78' title="bbox 1947 3238 3539 3312">
     <span class='ocr_line' id='line_1_78' title="bbox 1947 3238 3539 3312; baseline -0.003 -16"><span class='ocrx_word' id='word_1_571' title='bbox 1947 3241 1966 3311; x_wconf 88' lang='lat'>(</span> <span class='ocrx_word' id='word_1_572' title='bbox 1988 3241 2192 3297; x_wconf 91' lang='lat' dir='ltr'><strong>scilicet</strong></span> <span class='ocrx_word' id='word_1_573' title='bbox 2232 3241 2437 3312; x_wconf 91' lang='lat' dir='ltr'><strong>Stoici)</strong></span> <span class='ocrx_word' id='word_1_574' title='bbox 2468 3253 2653 3312; x_wconf 88' lang='lat' dir='ltr'><strong>putant</strong></span> <span class='ocrx_word' id='word_1_575' title='bbox 2686 3242 2770 3305; x_wconf 87' lang='lat' dir='ltr'><strong>id.</strong></span> <span class='ocrx_word' id='word_1_576' title='bbox 2803 3241 2870 3296; x_wconf 89' lang='lat' dir='ltr'><strong>de</strong></span> <span class='ocrx_word' id='word_1_577' title='bbox 2901 3257 3007 3312; x_wconf 90' lang='lat' dir='ltr'><strong>quo</strong></span> <span class='ocrx_word' id='word_1_578' title='bbox 3039 3241 3334 3296; x_wconf 68' lang='lat' dir='ltr'><strong>Panaetium</strong></span> <span class='ocrx_word' id='word_1_579' title='bbox 3366 3238 3539 3294; x_wconf 84' lang='lat' dir='ltr'><strong>addu-</strong></span> 
     </span>
    </p>
   </div>
   <div class='ocr_carea' id='block_1_79' title="bbox 1947 3335 3541 3403">
    <p class='ocr_par' dir='ltr' id='par_1_79' title="bbox 1947 3335 3541 3403">
     <span class='ocr_line' id='line_1_79' title="bbox 1947 3335 3541 3403; baseline 0.001 -15"><span class='ocrx_word' id='word_1_580' title='bbox 1947 3336 2116 3391; x_wconf 88' lang='lat' dir='ltr'><strong>hitare</strong></span> <span class='ocrx_word' id='word_1_581' title='bbox 2163 3336 2446 3403; x_wconf 87' lang='lat' dir='ltr'><strong>dicebant;</strong></span> <span class='ocrx_word' id='word_1_582' title='bbox 2505 3346 2563 3390; x_wconf 92' lang='lat' dir='ltr'><strong>ut</strong></span> <span class='ocrx_word' id='word_1_583' title='bbox 2607 3336 2674 3392; x_wconf 90' lang='lat' dir='ltr'><strong>ad</strong></span> <span class='ocrx_word' id='word_1_584' title='bbox 2728 3348 3030 3392; x_wconf 79' lang='lat' dir='ltr'><strong>extremum</strong></span> <span class='ocrx_word' id='word_1_585' title='bbox 3081 3337 3258 3391; x_wconf 89' lang='lat' dir='ltr'><strong>omnis</strong></span> <span class='ocrx_word' id='word_1_586' title='bbox 3307 3335 3541 3391; x_wconf 92' lang='lat' dir='ltr'><strong>mundus</strong></span> 
     </span>
    </p>
   </div>
   <div class='ocr_carea' id='block_1_80' title="bbox 1947 3429 3540 3501">
    <p class='ocr_par' dir='ltr' id='par_1_80' title="bbox 1947 3429 3540 3501">
     <span class='ocr_line' id='line_1_80' title="bbox 1947 3429 3540 3501; baseline 0.001 -18"><span class='ocrx_word' id='word_1_587' title='bbox 1947 3429 2276 3500; x_wconf 63' lang='lat' dir='ltr'><strong>ignesceret,</strong></span> <span class='ocrx_word' id='word_1_588' title='bbox 2303 3445 2447 3495; x_wconf 91' lang='lat' dir='ltr'><strong>cum,</strong></span> <span class='ocrx_word' id='word_1_589' title='bbox 2480 3430 2702 3486; x_wconf 89' lang='lat' dir='ltr'><strong>humore</strong></span> <span class='ocrx_word' id='word_1_590' title='bbox 2727 3441 3068 3501; x_wconf 88' lang='lat' dir='ltr'><strong>consumpto,</strong></span> <span class='ocrx_word' id='word_1_591' title='bbox 3101 3445 3275 3500; x_wconf 77' lang='lat' dir='ltr'><strong>neque</strong></span> <span class='ocrx_word' id='word_1_592' title='bbox 3305 3440 3444 3485; x_wconf 88' lang='lat' dir='ltr'><strong>terra</strong></span> <span class='ocrx_word' id='word_1_593' title='bbox 3469 3429 3540 3484; x_wconf 91' lang='lat' dir='ltr'><strong>ali</strong></span> 
     </span>
    </p>
   </div>
   <div class='ocr_carea' id='block_1_81' title="bbox 1945 3522 3539 3594">
    <p class='ocr_par' dir='ltr' id='par_1_81' title="bbox 1945 3522 3539 3594">
     <span class='ocr_line' id='line_1_81' title="bbox 1945 3522 3539 3594; baseline -0.001 -17"><span class='ocrx_word' id='word_1_594' title='bbox 1945 3535 2162 3594; x_wconf 90' lang='lat' dir='ltr'><strong>posset.</strong></span> <span class='ocrx_word' id='word_1_595' title='bbox 2195 3540 2370 3594; x_wconf 88' lang='lat' dir='ltr'><strong>neque</strong></span> <span class='ocrx_word' id='word_1_596' title='bbox 2400 3535 2660 3580; x_wconf 87' lang='lat' dir='ltr'><strong>remearet</strong></span> <span class='ocrx_word' id='word_1_597' title='bbox 2691 3541 2802 3588; x_wconf 89' lang='lat' dir='ltr'><strong>aer,</strong></span> <span class='ocrx_word' id='word_1_598' title='bbox 2829 3524 2984 3594; x_wconf 85' lang='lat' dir='ltr'><strong>cujus</strong></span> <span class='ocrx_word' id='word_1_599' title='bbox 3013 3534 3192 3591; x_wconf 90' lang='lat' dir='ltr'><strong>ortus,</strong></span> <span class='ocrx_word' id='word_1_600' title='bbox 3225 3538 3360 3593; x_wconf 86' lang='lat' dir='ltr'><strong>aqua</strong></span> <span class='ocrx_word' id='word_1_601' title='bbox 3391 3522 3539 3576; x_wconf 89' lang='lat' dir='ltr'><strong>omni</strong></span> 
     </span>
    </p>
   </div>
   <div class='ocr_carea' id='block_1_82' title="bbox 1945 3615 3542 3687">
    <p class='ocr_par' dir='ltr' id='par_1_82' title="bbox 1945 3615 3542 3687">
     <span class='ocr_line' id='line_1_82' title="bbox 1945 3615 3542 3687; baseline -0.001 -17"><span class='ocrx_word' id='word_1_602' title='bbox 1945 3615 2203 3671; x_wconf 78' lang='lat' dir='ltr'><strong>exhausta</strong></span> <span class='ocrx_word' id='word_1_603' title='bbox 2225 3659 2237 3677; x_wconf 88' lang='lat'><strong>.</strong></span> <span class='ocrx_word' id='word_1_604' title='bbox 2269 3632 2391 3671; x_wconf 89' lang='lat' dir='ltr'><strong>esse</strong></span> <span class='ocrx_word' id='word_1_605' title='bbox 2423 3635 2526 3671; x_wconf 90' lang='lat' dir='ltr'><strong>non</strong></span> <span class='ocrx_word' id='word_1_606' title='bbox 2562 3628 2762 3687; x_wconf 76' lang='lat' dir='ltr'><strong>posset.</strong></span> <span class='ocrx_word' id='word_1_607' title='bbox 2805 3617 2880 3672; x_wconf 88' lang='lat' dir='ltr'><strong>Ita</strong></span> <span class='ocrx_word' id='word_1_608' title='bbox 2910 3616 3140 3686; x_wconf 89' lang='lat' dir='ltr'><strong>relinqui</strong></span> <span class='ocrx_word' id='word_1_609' title='bbox 3175 3615 3302 3670; x_wconf 91' lang='lat' dir='ltr'><strong>nihil</strong></span> <span class='ocrx_word' id='word_1_610' title='bbox 3344 3625 3542 3686; x_wconf 56' lang='lat' dir='ltr'><strong>praiter</strong></span> 
     </span>
    </p>
   </div>
   <div class='ocr_carea' id='block_1_83' title="bbox 1945 3706 3542 3780">
    <p class='ocr_par' dir='ltr' id='par_1_83' title="bbox 1945 3706 3542 3780">
     <span class='ocr_line' id='line_1_83' title="bbox 1945 3706 3542 3780; baseline -0.003 -18"><span class='ocrx_word' id='word_1_611' title='bbox 1945 3707 2156 3778; x_wconf 90' lang='lat' dir='ltr'><strong>ignetn,</strong></span> <span class='ocrx_word' id='word_1_612' title='bbox 2189 3725 2217 3762; x_wconf 89' lang='lat' dir='ltr'><strong>a</strong></span> <span class='ocrx_word' id='word_1_613' title='bbox 2261 3725 2369 3780; x_wconf 89' lang='lat' dir='ltr'><strong>quo</strong></span> <span class='ocrx_word' id='word_1_614' title='bbox 2411 3725 2620 3764; x_wconf 86' lang='lat' dir='ltr'><strong>rursum</strong></span> <span class='ocrx_word' id='word_1_615' title='bbox 2662 3710 2935 3764; x_wconf 83' lang='lat' dir='ltr'><strong>animante</strong></span> <span class='ocrx_word' id='word_1_616' title='bbox 2975 3723 3038 3764; x_wconf 89' lang='lat' dir='ltr'><strong>ac</strong></span> <span class='ocrx_word' id='word_1_617' title='bbox 3077 3708 3217 3771; x_wconf 76' lang='lat' dir='ltr'><strong>Deo,</strong></span> <span class='ocrx_word' id='word_1_618' title='bbox 3258 3706 3542 3762; x_wconf 82' lang='lat' dir='ltr'><strong>renovatio</strong></span> 
     </span>
    </p>
   </div>
   <div class='ocr_carea' id='block_1_84' title="bbox 1945 3800 3536 3872">
    <p class='ocr_par' dir='ltr' id='par_1_84' title="bbox 1945 3800 3536 3872">
     <span class='ocr_line' id='line_1_84' title="bbox 1945 3800 3536 3872; baseline -0.001 -17"><span class='ocrx_word' id='word_1_619' title='bbox 1945 3801 2126 3856; x_wconf 90' lang='lat' dir='ltr'><strong>mundi</strong></span> <span class='ocrx_word' id='word_1_620' title='bbox 2163 3802 2344 3865; x_wconf 86' lang='lat' dir='ltr'><strong>ﬁeret,</strong></span> <span class='ocrx_word' id='word_1_621' title='bbox 2376 3815 2535 3872; x_wconf 87' lang='lat' dir='ltr'><strong>atque</strong></span> <span class='ocrx_word' id='word_1_622' title='bbox 2568 3804 2706 3860; x_wconf 90' lang='lat' dir='ltr'><strong>idem</strong></span> <span class='ocrx_word' id='word_1_623' title='bbox 2738 3813 2961 3858; x_wconf 87' lang='lat' dir='ltr'><strong>ornatus</strong></span> <span class='ocrx_word' id='word_1_624' title='bbox 2989 3804 3224 3857; x_wconf 89' lang='lat' dir='ltr'><strong>oriretur</strong></span> <span class='ocrx_word' id='word_1_625' title='bbox 3259 3801 3275 3869; x_wconf 94' lang='lat'>(</span> <span class='ocrx_word' id='word_1_626' title='bbox 3308 3801 3417 3855; x_wconf 83' lang='lat' dir='ltr'><strong>Cic.</strong></span> <span class='ocrx_word' id='word_1_627' title='bbox 3447 3800 3536 3854; x_wconf 87' lang='lat' dir='ltr'><strong>lib.</strong></span> 
     </span>
    </p>
   </div>
   <div class='ocr_carea' id='block_1_85' title="bbox 1945 3894 3544 3966">
    <p class='ocr_par' dir='ltr' id='par_1_85' title="bbox 1945 3894 3544 3966">
     <span class='ocr_line' id='line_1_85' title="bbox 1945 3894 3544 3966; baseline 0 -16"><span class='ocrx_word' id='word_1_628' title='bbox 1945 3911 1979 3950; x_wconf 91' lang='lat' dir='ltr'><strong>ll</strong></span> <span class='ocrx_word' id='word_1_629' title='bbox 2041 3896 2104 3948; x_wconf 84' lang='lat' dir='ltr'><strong>de</strong></span> <span class='ocrx_word' id='word_1_630' title='bbox 2153 3895 2342 3949; x_wconf 83' lang='lat' dir='ltr'><strong>Nutur.</strong></span> <span class='ocrx_word' id='word_1_631' title='bbox 2375 3894 2531 3950; x_wconf 85' lang='lat' dir='ltr'><strong>Deor.</strong></span> <span class='ocrx_word' id='word_1_632' title='bbox 2562 3915 2684 3966; x_wconf 79' lang='lat' dir='ltr'><strong>pag.</strong></span> <span class='ocrx_word' id='word_1_633' title='bbox 2713 3897 2851 3958; x_wconf 67' lang='lat'><strong>9&#39;52,</strong></span> <span class='ocrx_word' id='word_1_634' title='bbox 2881 3898 2976 3951; x_wconf 79' lang='lat' dir='ltr'><strong>lin.</strong></span> <span class='ocrx_word' id='word_1_635' title='bbox 3011 3896 3077 3951; x_wconf 75' lang='grc'><strong>12</strong></span> <span class='ocrx_word' id='word_1_636' title='bbox 3113 3905 3162 3950; x_wconf 85' lang='lat' dir='ltr'><strong>et</strong></span> <span class='ocrx_word' id='word_1_637' title='bbox 3188 3912 3321 3965; x_wconf 73' lang='lat' dir='ltr'><strong>seqq.</strong></span> <span class='ocrx_word' id='word_1_638' title='bbox 3347 3894 3385 3966; x_wconf 93' lang='lat'><strong>).</strong></span> <span class='ocrx_word' id='word_1_639' title='bbox 3411 3914 3432 3947; x_wconf 84' lang='grc'><strong><em>›</em></strong></span> <span class='ocrx_word' id='word_1_640' title='bbox 3451 3895 3544 3950; x_wconf 83' lang='lat' dir='ltr'><strong>Vi-</strong></span> 
     </span>
    </p>
   </div>
   <div class='ocr_carea' id='block_1_86' title="bbox 1942 3987 3544 4057">
    <p class='ocr_par' dir='ltr' id='par_1_86' title="bbox 1942 3987 3544 4057">
     <span class='ocr_line' id='line_1_86' title="bbox 1942 3987 3544 4057; baseline 0 -15"><span class='ocrx_word' id='word_1_641' title='bbox 1942 3987 2039 4043; x_wconf 91' lang='lat' dir='ltr'><strong>des</strong></span> <span class='ocrx_word' id='word_1_642' title='bbox 2070 3989 2210 4041; x_wconf 89' lang='lat' dir='ltr'><strong>enim</strong></span> <span class='ocrx_word' id='word_1_643' title='bbox 2244 3988 2486 4057; x_wconf 73' lang='lat' dir='ltr'><strong>quautam</strong></span> <span class='ocrx_word' id='word_1_644' title='bbox 2519 4004 2584 4043; x_wconf 83' lang='lat' dir='ltr'><strong>ex</strong></span> <span class='ocrx_word' id='word_1_645' title='bbox 2628 3990 2692 4044; x_wconf 91' lang='lat' dir='ltr'><strong>iis</strong></span> <span class='ocrx_word' id='word_1_646' title='bbox 2721 3990 2897 4044; x_wconf 88' lang='lat' dir='ltr'><strong>verbis</strong></span> <span class='ocrx_word' id='word_1_647' title='bbox 2937 3988 3125 4044; x_wconf 88' lang='lat' dir='ltr'><strong>eadem</strong></span> <span class='ocrx_word' id='word_1_648' title='bbox 3174 4001 3330 4051; x_wconf 82' lang='lat' dir='ltr'><strong>esse,</strong></span> <span class='ocrx_word' id='word_1_649' title='bbox 3382 3995 3544 4056; x_wconf 85' lang='lat' dir='ltr'><strong>atque</strong></span> 
     </span>
    </p>
   </div>
   <div class='ocr_carea' id='block_1_87' title="bbox 1942 4080 3542 4156">
    <p class='ocr_par' dir='ltr' id='par_1_87' title="bbox 1942 4080 3542 4156">
     <span class='ocr_line' id='line_1_87' title="bbox 1942 4080 3542 4156; baseline -0.002 -17"><span class='ocrx_word' id='word_1_650' title='bbox 1942 4085 2081 4154; x_wconf 88' lang='lat' dir='ltr'><strong>apml</strong></span> <span class='ocrx_word' id='word_1_651' title='bbox 2114 4085 2435 4148; x_wconf 83' lang='lat' dir='ltr'><strong>Minucium,</strong></span> <span class='ocrx_word' id='word_1_652' title='bbox 2469 4086 2559 4155; x_wconf 93' lang='lat' dir='ltr'><strong>qni</strong></span> <span class='ocrx_word' id='word_1_653' title='bbox 2602 4084 2827 4156; x_wconf 91' lang='lat' dir='ltr'><strong>proinde</strong></span> <span class='ocrx_word' id='word_1_654' title='bbox 2855 4099 3072 4138; x_wconf 87' lang='lat' dir='ltr'><strong>sensum</strong></span> <span class='ocrx_word' id='word_1_655' title='bbox 3103 4082 3383 4139; x_wconf 82' lang='lat' dir='ltr'><strong>Ciceronis</strong></span> <span class='ocrx_word' id='word_1_656' title='bbox 3417 4080 3542 4136; x_wconf 89' lang='lat' dir='ltr'><strong>red-</strong></span> 
     </span>
    </p>
   </div>
   <div class='ocr_carea' id='block_1_88' title="bbox 1944 4175 3544 4245">
    <p class='ocr_par' dir='ltr' id='par_1_88' title="bbox 1944 4175 3544 4245">
     <span class='ocr_line' id='line_1_88' title="bbox 1944 4175 3544 4245; baseline 0 -14"><span class='ocrx_word' id='word_1_657' title='bbox 1944 4177 2074 4231; x_wconf 86' lang='lat' dir='ltr'><strong>dere</strong></span> <span class='ocrx_word' id='word_1_658' title='bbox 2106 4178 2295 4232; x_wconf 87' lang='lat' dir='ltr'><strong>voluit.</strong></span> <span class='ocrx_word' id='word_1_659' title='bbox 2330 4177 2378 4232; x_wconf 91' lang='lat' dir='ltr'><strong>ls</strong></span> <span class='ocrx_word' id='word_1_660' title='bbox 2412 4192 2539 4231; x_wconf 83' lang='lat' dir='ltr'><strong>vero</strong></span> <span class='ocrx_word' id='word_1_661' title='bbox 2568 4193 2688 4231; x_wconf 90' lang='lat' dir='ltr'><strong>esse</strong></span> <span class='ocrx_word' id='word_1_662' title='bbox 2728 4175 2972 4230; x_wconf 89' lang='lat' dir='ltr'><strong>videtur:</strong></span> <span class='ocrx_word' id='word_1_663' title='bbox 3017 4176 3286 4230; x_wconf 90' lang='lat' dir='ltr'><strong>neminem</strong></span> <span class='ocrx_word' id='word_1_664' title='bbox 3329 4176 3544 4245; x_wconf 84' lang='lat' dir='ltr'><strong>sapien-</strong></span> 
     </span>
    </p>
   </div>
   <div class='ocr_carea' id='block_1_89' title="bbox 1945 4270 3543 4342">
    <p class='ocr_par' dir='ltr' id='par_1_89' title="bbox 1945 4270 3543 4342">
     <span class='ocr_line' id='line_1_89' title="bbox 1945 4270 3543 4342; baseline 0 -18"><span class='ocrx_word' id='word_1_665' title='bbox 1945 4274 2073 4326; x_wconf 88' lang='lat' dir='ltr'><strong>titttn</strong></span> <span class='ocrx_word' id='word_1_666' title='bbox 2108 4273 2354 4342; x_wconf 86' lang='lat' dir='ltr'><strong>ignorare</strong></span> <span class='ocrx_word' id='word_1_667' title='bbox 2383 4271 2615 4334; x_wconf 63' lang='lat' dir='ltr'><strong>malum,</strong></span> <span class='ocrx_word' id='word_1_668' title='bbox 2659 4285 2721 4325; x_wconf 91' lang='lat' dir='ltr'><strong>ac</strong></span> <span class='ocrx_word' id='word_1_669' title='bbox 2749 4270 2961 4334; x_wconf 90' lang='lat' dir='ltr'><strong>omnia,</strong></span> <span class='ocrx_word' id='word_1_670' title='bbox 3007 4285 3125 4338; x_wconf 65' lang='lat' dir='ltr'><strong>quae</strong></span> <span class='ocrx_word' id='word_1_671' title='bbox 3168 4271 3219 4323; x_wconf 94' lang='lat' dir='ltr'><strong>in</strong></span> <span class='ocrx_word' id='word_1_672' title='bbox 3260 4285 3328 4324; x_wconf 91' lang='lat' dir='ltr'><strong>eo</strong></span> <span class='ocrx_word' id='word_1_673' title='bbox 3369 4270 3543 4324; x_wconf 83' lang='lat' dir='ltr'><strong>conti-</strong></span> 
     </span>
    </p>
   </div>
   <div class='ocr_carea' id='block_1_90' title="bbox 1944 4362 3540 4432">
    <p class='ocr_par' dir='ltr' id='par_1_90' title="bbox 1944 4362 3540 4432">
     <span class='ocr_line' id='line_1_90' title="bbox 1944 4362 3540 4432; baseline -0.001 -16"><span class='ocrx_word' id='word_1_674' title='bbox 1944 4373 2160 4430; x_wconf 88' lang='lat' dir='ltr'><strong>nentttr,</strong></span> <span class='ocrx_word' id='word_1_675' title='bbox 2188 4373 2292 4417; x_wconf 93' lang='lat' dir='ltr'><strong>tam</strong></span> <span class='ocrx_word' id='word_1_676' title='bbox 2322 4362 2463 4417; x_wconf 91' lang='lat' dir='ltr'><strong>dulci</strong></span> <span class='ocrx_word' id='word_1_677' title='bbox 2495 4362 2750 4428; x_wconf 88' lang='lat' dir='ltr'><strong>fontium,</strong></span> <span class='ocrx_word' id='word_1_678' title='bbox 2777 4378 2934 4432; x_wconf 85' lang='lat' dir='ltr'><strong>qnam</strong></span> <span class='ocrx_word' id='word_1_679' title='bbox 2965 4363 3126 4415; x_wconf 80' lang='lat' dir='ltr'><strong>maris</strong></span> <span class='ocrx_word' id='word_1_680' title='bbox 3153 4375 3286 4431; x_wconf 88' lang='lat' dir='ltr'><strong>aqua</strong></span> <span class='ocrx_word' id='word_1_681' title='bbox 3314 4362 3540 4426; x_wconf 90' lang='lat' dir='ltr'><strong>nutriri;</strong></span> 
     </span>
    </p>
   </div>
   <div class='ocr_carea' id='block_1_91' title="bbox 1941 4455 3544 4527">
    <p class='ocr_par' dir='ltr' id='par_1_91' title="bbox 1941 4455 3544 4527">
     <span class='ocr_line' id='line_1_91' title="bbox 1941 4455 3544 4527; baseline -0.001 -18"><span class='ocrx_word' id='word_1_682' title='bbox 1941 4455 2180 4527; x_wconf 89' lang='lat' dir='ltr'><strong>illudque</strong></span> <span class='ocrx_word' id='word_1_683' title='bbox 2224 4457 2396 4526; x_wconf 91' lang='lat' dir='ltr'><strong>ipsum</strong></span> <span class='ocrx_word' id='word_1_684' title='bbox 2442 4457 2673 4520; x_wconf 63' lang='lat' dir='ltr'><strong>caelum,</strong></span> <span class='ocrx_word' id='word_1_685' title='bbox 2719 4470 3042 4526; x_wconf 90' lang='lat' dir='ltr'><strong>omnemque</strong></span> <span class='ocrx_word' id='word_1_686' title='bbox 3084 4455 3376 4513; x_wconf 91' lang='lat' dir='ltr'><strong>mundum.</strong></span> <span class='ocrx_word' id='word_1_687' title='bbox 3414 4469 3544 4510; x_wconf 88' lang='lat' dir='ltr'><strong>con-</strong></span> 
     </span>
    </p>
   </div>
   <div class='ocr_carea' id='block_1_92' title="bbox 230 4545 3540 4622">
    <p class='ocr_par' dir='ltr' id='par_1_92' title="bbox 230 4545 3540 4622">
     <span class='ocr_line' id='line_1_92' title="bbox 230 4545 3540 4622; baseline -0 -21"><span class='ocrx_word' id='word_1_688' title='bbox 230 4548 304 4601; x_wconf 80' lang='lat' dir='ltr'><strong>ad</strong></span> <span class='ocrx_word' id='word_1_689' title='bbox 360 4545 584 4602; x_wconf 76' lang='lat' dir='ltr'><strong>Deutelr.</strong></span> <span class='ocrx_word' id='word_1_690' title='bbox 639 4559 761 4603; x_wconf 83' lang='lat' dir='ltr'><strong>lout.</strong></span> <span class='ocrx_word' id='word_1_691' title='bbox 812 4567 822 4604; x_wconf 86' lang='grc' dir='ltr'><strong>ι</strong></span> <span class='ocrx_word' id='word_1_692' title='bbox 872 4568 992 4622; x_wconf 77' lang='lat' dir='ltr'><strong>pag.</strong></span> <span class='ocrx_word' id='word_1_693' title='bbox 1056 4550 1198 4619; x_wconf 79' lang='grc'><strong>187).</strong></span> <span class='ocrx_word' id='word_1_694' title='bbox 1240 4551 1305 4604; x_wconf 84' lang='grc' dir='ltr'>Ει</span> <span class='ocrx_word' id='word_1_695' title='bbox 1336 4549 1449 4604; x_wconf 76' lang='lat' dir='ltr'><strong>ltzt-c</strong></span> <span class='ocrx_word' id='word_1_696' title='bbox 1477 4552 1692 4620; x_wconf 88' lang='lat' dir='ltr'><strong>quidem</strong></span> <span class='ocrx_word' id='word_1_697' title='bbox 1751 4552 1839 4606; x_wconf 89' lang='lat' dir='ltr'><strong>ille</strong></span> <span class='ocrx_word' id='word_1_698' title='bbox 1869 4547 2196 4620; x_wconf 90' lang='lat' dir='ltr'><strong>Dsumpto.</strong></span> <span class='ocrx_word' id='word_1_699' title='bbox 2246 4551 2319 4604; x_wconf 92' lang='lat' dir='ltr'><strong>uti</strong></span> <span class='ocrx_word' id='word_1_700' title='bbox 2367 4550 2531 4606; x_wconf 87' lang='lat' dir='ltr'><strong>Stoici</strong></span> <span class='ocrx_word' id='word_1_701' title='bbox 2578 4550 2950 4619; x_wconf 73' lang='lat' dir='ltr'><strong>Opinabontur,</strong></span> <span class='ocrx_word' id='word_1_702' title='bbox 3005 4549 3266 4615; x_wconf 87' lang='lat' dir='ltr'><strong>humore,</strong></span> <span class='ocrx_word' id='word_1_703' title='bbox 3320 4547 3371 4602; x_wconf 91' lang='lat' dir='ltr'><strong>in</strong></span> <span class='ocrx_word' id='word_1_704' title='bbox 3422 4561 3540 4601; x_wconf 87' lang='lat' dir='ltr'><strong>eam</strong></span> 
     </span>
    </p>
   </div>
   <div class='ocr_carea' id='block_1_93' title="bbox 233 4640 1830 4713">
    <p class='ocr_par' dir='ltr' id='par_1_93' title="bbox 233 4640 1830 4713">
     <span class='ocr_line' id='line_1_93' title="bbox 233 4640 1830 4713; baseline 0 -17"><span class='ocrx_word' id='word_1_705' title='bbox 233 4640 412 4697; x_wconf 87' lang='lat' dir='ltr'><strong>fusius</strong></span> <span class='ocrx_word' id='word_1_706' title='bbox 451 4641 812 4711; x_wconf 88' lang='lat' dir='ltr'><strong>prosequitur,</strong></span> <span class='ocrx_word' id='word_1_707' title='bbox 861 4660 978 4712; x_wconf 76' lang='grc' dir='ltr'>ιμιςυ</span> <span class='ocrx_word' id='word_1_708' title='bbox 1009 4644 1057 4696; x_wconf 83' lang='grc' dir='ltr'>ἰιι</span> <span class='ocrx_word' id='word_1_709' title='bbox 1089 4643 1208 4713; x_wconf 88' lang='lat' dir='ltr'><strong>ejus</strong></span> <span class='ocrx_word' id='word_1_710' title='bbox 1237 4643 1374 4697; x_wconf 91' lang='lat' dir='ltr'><strong>libro</strong></span> <span class='ocrx_word' id='word_1_711' title='bbox 1403 4643 1580 4713; x_wconf 88' lang='lat' dir='ltr'><strong>legere</strong></span> <span class='ocrx_word' id='word_1_712' title='bbox 1609 4646 1830 4712; x_wconf 88' lang='lat' dir='ltr'><strong>poteris,</strong></span> 
     </span>
    </p>
   </div>
   <div class='ocr_carea' id='block_1_94' title="bbox 231 4737 1830 4808">
    <p class='ocr_par' dir='ltr' id='par_1_94' title="bbox 231 4737 1830 4808">
     <span class='ocr_line' id='line_1_94' title="bbox 231 4737 1830 4808; baseline 0 -16"><span class='ocrx_word' id='word_1_713' title='bbox 231 4738 393 4792; x_wconf 86' lang='lat' dir='ltr'><strong>sicuti</strong></span> <span class='ocrx_word' id='word_1_714' title='bbox 425 4747 479 4791; x_wconf 90' lang='lat' dir='ltr'><strong>ct</strong></span> <span class='ocrx_word' id='word_1_715' title='bbox 519 4737 725 4791; x_wconf 89' lang='lat' dir='ltr'><strong>inﬁnita</strong></span> <span class='ocrx_word' id='word_1_716' title='bbox 757 4739 1142 4808; x_wconf 87' lang='lat' dir='ltr'><strong>propemodum</strong></span> <span class='ocrx_word' id='word_1_717' title='bbox 1175 4738 1300 4802; x_wconf 90' lang='lat' dir='ltr'><strong>alia,</strong></span> <span class='ocrx_word' id='word_1_718' title='bbox 1328 4737 1377 4791; x_wconf 87' lang='lat' dir='ltr'><strong>itt</strong></span> <span class='ocrx_word' id='word_1_719' title='bbox 1421 4737 1666 4793; x_wconf 88' lang='lat' dir='ltr'><strong>eamdem</strong></span> <span class='ocrx_word' id='word_1_720' title='bbox 1719 4755 1830 4792; x_wconf 89' lang='lat' dir='ltr'><strong>rem</strong></span> 
     </span>
    </p>
   </div>
   <div class='ocr_carea' id='block_1_95' title="bbox 233 4833 1832 4906">
    <p class='ocr_par' dir='ltr' id='par_1_95' title="bbox 233 4833 1832 4906">
     <span class='ocr_line' id='line_1_95' title="bbox 233 4833 1832 4906; baseline 0.003 -20"><span class='ocrx_word' id='word_1_721' title='bbox 233 4833 306 4886; x_wconf 88' lang='lat' dir='ltr'><strong>ab</strong></span> <span class='ocrx_word' id='word_1_722' title='bbox 355 4833 474 4887; x_wconf 88' lang='lat' dir='ltr'><strong>aliis</strong></span> <span class='ocrx_word' id='word_1_723' title='bbox 520 4833 873 4902; x_wconf 84' lang='lat' dir='ltr'><strong>scriptoribus</strong></span> <span class='ocrx_word' id='word_1_724' title='bbox 931 4833 1144 4901; x_wconf 69' lang='lat' dir='ltr'><strong>tradita,</strong></span> <span class='ocrx_word' id='word_1_725' title='bbox 1193 4850 1310 4904; x_wconf 84' lang='lat' dir='ltr'><strong>qua:</strong></span> <span class='ocrx_word' id='word_1_726' title='bbox 1354 4849 1494 4888; x_wconf 86' lang='lat' dir='ltr'><strong>nunc</strong></span> <span class='ocrx_word' id='word_1_727' title='bbox 1538 4850 1832 4906; x_wconf 85' lang='lat' dir='ltr'><strong>congerere</strong></span> 
     </span>
    </p>
   </div>
   <div class='ocr_carea' id='block_1_96' title="bbox 232 4927 784 4982">
    <p class='ocr_par' dir='ltr' id='par_1_96' title="bbox 232 4927 784 4982">
     <span class='ocr_line' id='line_1_96' title="bbox 232 4927 784 4982; baseline -0.002 -1"><span class='ocrx_word' id='word_1_728' title='bbox 232 4927 370 4981; x_wconf 85' lang='lat' dir='ltr'><strong>nihil</strong></span> <span class='ocrx_word' id='word_1_729' title='bbox 423 4942 644 4982; x_wconf 85' lang='lat' dir='ltr'><strong>neCesse</strong></span> <span class='ocrx_word' id='word_1_730' title='bbox 683 4939 784 4982; x_wconf 85' lang='lat' dir='ltr'><strong>est.</strong></span> 
     </span>
    </p>
   </div>
   <div class='ocr_carea' id='block_1_97' title="bbox 309 5018 1827 5076">
    <p class='ocr_par' dir='ltr' id='par_1_97' title="bbox 309 5018 1827 5076">
     <span class='ocr_line' id='line_1_97' title="bbox 309 5018 1827 5076; baseline 0.002 -3"><span class='ocrx_word' id='word_1_731' title='bbox 309 5018 476 5074; x_wconf 88' lang='lat' dir='ltr'><strong>Porro</strong></span> <span class='ocrx_word' id='word_1_732' title='bbox 525 5031 702 5074; x_wconf 86' lang='lat' dir='ltr'><strong>autem</strong></span> <span class='ocrx_word' id='word_1_733' title='bbox 780 5020 1039 5075; x_wconf 84' lang='lat' dir='ltr'><strong>Minucius</strong></span> <span class='ocrx_word' id='word_1_734' title='bbox 1089 5031 1271 5076; x_wconf 90' lang='lat' dir='ltr'><strong>noster</strong></span> <span class='ocrx_word' id='word_1_735' title='bbox 1316 5021 1651 5075; x_wconf 83' lang='lat' dir='ltr'><strong>verissimam</strong></span> <span class='ocrx_word' id='word_1_736' title='bbox 1683 5021 1827 5076; x_wconf 86' lang='lat' dir='ltr'><strong>illam</strong></span> 
     </span>
    </p>
   </div>
   <div class='ocr_carea' id='block_1_98' title="bbox 229 5113 1828 5184">
    <p class='ocr_par' dir='ltr' id='par_1_98' title="bbox 229 5113 1828 5184">
     <span class='ocr_line' id='line_1_98' title="bbox 229 5113 1828 5184; baseline -0.001 -15"><span class='ocrx_word' id='word_1_737' title='bbox 229 5113 664 5169; x_wconf 73' lang='lat' dir='ltr'><strong>Christianorum</strong></span> <span class='ocrx_word' id='word_1_738' title='bbox 710 5114 776 5168; x_wconf 88' lang='lat' dir='ltr'><strong>de</strong></span> <span class='ocrx_word' id='word_1_739' title='bbox 832 5113 1012 5168; x_wconf 88' lang='lat' dir='ltr'><strong>tuttudi</strong></span> <span class='ocrx_word' id='word_1_740' title='bbox 1060 5114 1184 5177; x_wconf 87' lang='lat' dir='ltr'><strong>ﬁne.</strong></span> <span class='ocrx_word' id='word_1_741' title='bbox 1231 5113 1518 5184; x_wconf 77' lang='lat' dir='ltr'><strong>futuraque</strong></span> <span class='ocrx_word' id='word_1_742' title='bbox 1573 5115 1714 5168; x_wconf 90' lang='lat' dir='ltr'><strong>illius</strong></span> <span class='ocrx_word' id='word_1_743' title='bbox 1747 5115 1828 5168; x_wconf 84' lang='lat' dir='ltr'><strong>in-</strong></span> 
     </span>
    </p>
   </div>
   <div class='ocr_carea' id='block_1_99' title="bbox 229 5208 1828 5277">
    <p class='ocr_par' dir='ltr' id='par_1_99' title="bbox 229 5208 1828 5277">
     <span class='ocr_line' id='line_1_99' title="bbox 229 5208 1828 5277; baseline -0.001 -13"><span class='ocrx_word' id='word_1_744' title='bbox 229 5209 428 5264; x_wconf 83' lang='lat' dir='ltr'><strong>ccudio</strong></span> <span class='ocrx_word' id='word_1_745' title='bbox 470 5209 811 5272; x_wconf 76' lang='lat' dir='ltr'><strong>sententiam,</strong></span> <span class='ocrx_word' id='word_1_746' title='bbox 861 5223 964 5261; x_wconf 89' lang='lat' dir='ltr'><strong>non</strong></span> <span class='ocrx_word' id='word_1_747' title='bbox 1022 5208 1180 5262; x_wconf 88' lang='lat' dir='ltr'><strong>modo</strong></span> <span class='ocrx_word' id='word_1_748' title='bbox 1211 5209 1482 5261; x_wconf 87' lang='lat' dir='ltr'><strong>communi</strong></span> <span class='ocrx_word' id='word_1_749' title='bbox 1529 5208 1828 5277; x_wconf 84' lang='lat' dir='ltr'><strong>sapientum</strong></span> 
     </span>
    </p>
   </div>
   <div class='ocr_carea' id='block_1_100' title="bbox 226 5300 1827 5372">
    <p class='ocr_par' dir='ltr' id='par_1_100' title="bbox 226 5300 1827 5372">
     <span class='ocr_line' id='line_1_100' title="bbox 226 5300 1827 5372; baseline -0.001 -16"><span class='ocrx_word' id='word_1_750' title='bbox 226 5302 488 5372; x_wconf 83' lang='lat' dir='ltr'><strong>Opinione</strong></span> <span class='ocrx_word' id='word_1_751' title='bbox 514 5300 833 5362; x_wconf 88' lang='lat' dir='ltr'><strong>conﬁrmat,</strong></span> <span class='ocrx_word' id='word_1_752' title='bbox 863 5301 955 5353; x_wconf 81' lang='lat' dir='ltr'><strong>sed</strong></span> <span class='ocrx_word' id='word_1_753' title='bbox 985 5301 1338 5371; x_wconf 88' lang='lat' dir='ltr'><strong>quorumdam</strong></span> <span class='ocrx_word' id='word_1_754' title='bbox 1370 5316 1581 5369; x_wconf 82' lang='lat' dir='ltr'><strong>qu0quc</strong></span> <span class='ocrx_word' id='word_1_755' title='bbox 1615 5301 1827 5355; x_wconf 90' lang='lat' dir='ltr'><strong>tametsi</strong></span> 
     </span>
    </p>
   </div>
   <div class='ocr_carea' id='block_1_101' title="bbox 225 5395 1830 5466">
    <p class='ocr_par' dir='ltr' id='par_1_101' title="bbox 225 5395 1830 5466">
     <span class='ocr_line' id='line_1_101' title="bbox 225 5395 1830 5466; baseline -0.002 -14"><span class='ocrx_word' id='word_1_756' title='bbox 225 5412 342 5452; x_wconf 88' lang='lat' dir='ltr'><strong>non</strong></span> <span class='ocrx_word' id='word_1_757' title='bbox 371 5395 609 5466; x_wconf 84' lang='lat' dir='ltr'><strong>ejusdem</strong></span> <span class='ocrx_word' id='word_1_758' title='bbox 641 5407 802 5450; x_wconf 76' lang='lat' dir='ltr'><strong>scr-la:</strong></span> <span class='ocrx_word' id='word_1_759' title='bbox 837 5395 1275 5464; x_wconf 84' lang='lat' dir='ltr'><strong>philosophorum</strong></span> <span class='ocrx_word' id='word_1_760' title='bbox 1313 5396 1653 5450; x_wconf 88' lang='lat' dir='ltr'><strong>testimoniis.</strong></span> <span class='ocrx_word' id='word_1_761' title='bbox 1703 5395 1830 5450; x_wconf 87' lang='lat' dir='ltr'><strong>Post</strong></span> 
     </span>
    </p>
   </div>
   <div class='ocr_carea' id='block_1_102' title="bbox 224 5488 1826 5555">
    <p class='ocr_par' dir='ltr' id='par_1_102' title="bbox 224 5488 1826 5555">
     <span class='ocr_line' id='line_1_102' title="bbox 224 5488 1826 5555; baseline -0.002 -9"><span class='ocrx_word' id='word_1_762' title='bbox 224 5493 390 5546; x_wconf 82' lang='lat' dir='ltr'><strong>citata</strong></span> <span class='ocrx_word' id='word_1_763' title='bbox 413 5489 688 5544; x_wconf 87' lang='lat' dir='ltr'><strong>enimvero</strong></span> <span class='ocrx_word' id='word_1_764' title='bbox 713 5504 742 5542; x_wconf 91' lang='lat' dir='ltr'><strong>a</strong></span> <span class='ocrx_word' id='word_1_765' title='bbox 769 5488 926 5542; x_wconf 90' lang='lat' dir='ltr'><strong>nobis</strong></span> <span class='ocrx_word' id='word_1_766' title='bbox 951 5489 1225 5555; x_wconf 86' lang='lat' dir='ltr'><strong>superiora</strong></span> <span class='ocrx_word' id='word_1_767' title='bbox 1258 5488 1396 5542; x_wconf 81' lang='lat' dir='ltr'><strong>illius</strong></span> <span class='ocrx_word' id='word_1_768' title='bbox 1447 5488 1606 5542; x_wconf 87' lang='lat' dir='ltr'><strong>verba</strong></span> <span class='ocrx_word' id='word_1_769' title='bbox 1631 5530 1644 5548; x_wconf 86' lang='lat'><em>.</em></span> <span class='ocrx_word' id='word_1_770' title='bbox 1693 5503 1826 5542; x_wconf 84' lang='lat' dir='ltr'><strong>con-</strong></span> 
     </span>
    </p>
   </div>
   <div class='ocr_carea' id='block_1_103' title="bbox 229 5579 1826 5653">
    <p class='ocr_par' dir='ltr' id='par_1_103' title="bbox 229 5579 1826 5653">
     <span class='ocr_line' id='line_1_103' title="bbox 229 5579 1826 5653; baseline -0.004 -15"><span class='ocrx_word' id='word_1_771' title='bbox 229 5585 470 5638; x_wconf 81' lang='lat' dir='ltr'><strong>tincuter</strong></span> <span class='ocrx_word' id='word_1_772' title='bbox 500 5580 760 5650; x_wconf 82' lang='lat' dir='ltr'><strong>subjecit:</strong></span> <span class='ocrx_word' id='word_1_773' title='bbox 791 5600 810 5632; x_wconf 82' lang='grc' dir='ltr'><strong>ι</strong></span> <span class='ocrx_word' id='word_1_774' title='bbox 859 5579 1105 5635; x_wconf 81' lang='lat' dir='ltr'><strong>Fontium</strong></span> <span class='ocrx_word' id='word_1_775' title='bbox 1137 5581 1276 5635; x_wconf 91' lang='lat' dir='ltr'><strong>dulci</strong></span> <span class='ocrx_word' id='word_1_776' title='bbox 1306 5581 1435 5653; x_wconf 86' lang='lat' dir='ltr'><strong>(ms.</strong></span> <span class='ocrx_word' id='word_1_777' title='bbox 1463 5581 1658 5650; x_wconf 61' lang='lat' dir='ltr'><strong>dulcis)</strong></span> <span class='ocrx_word' id='word_1_778' title='bbox 1691 5595 1826 5649; x_wconf 86' lang='lat' dir='ltr'><strong>aqua</strong></span> 
     </span>
    </p>
   </div>
   <div class='ocr_carea' id='block_1_104' title="bbox 228 5672 1825 5746">
    <p class='ocr_par' dir='ltr' id='par_1_104' title="bbox 228 5672 1825 5746">
     <span class='ocr_line' id='line_1_104' title="bbox 228 5672 1825 5746; baseline -0.002 -17"><span class='ocrx_word' id='word_1_779' title='bbox 228 5676 467 5731; x_wconf 86' lang='lat' dir='ltr'><strong>tnarisve</strong></span> <span class='ocrx_word' id='word_1_780' title='bbox 500 5673 687 5728; x_wconf 90' lang='lat' dir='ltr'><strong>nutriri</strong></span> <span class='ocrx_word' id='word_1_781' title='bbox 712 5673 835 5746; x_wconf 90' lang='lat' dir='ltr'><strong>(ms.</strong></span> <span class='ocrx_word' id='word_1_782' title='bbox 855 5673 1019 5727; x_wconf 74' lang='lat' dir='ltr'><strong>mat-ia</strong></span> <span class='ocrx_word' id='word_1_783' title='bbox 1039 5672 1261 5745; x_wconf 83' lang='lat' dir='ltr'><strong>nutrire)</strong></span> <span class='ocrx_word' id='word_1_784' title='bbox 1279 5675 1332 5728; x_wconf 92' lang='lat' dir='ltr'><strong>in</strong></span> <span class='ocrx_word' id='word_1_785' title='bbox 1360 5675 1465 5728; x_wconf 89' lang='lat' dir='ltr'><strong>vim</strong></span> <span class='ocrx_word' id='word_1_786' title='bbox 1487 5675 1623 5745; x_wconf 90' lang='lat' dir='ltr'><strong>ignis</strong></span> <span class='ocrx_word' id='word_1_787' title='bbox 1649 5675 1825 5728; x_wconf 88' lang='lat' dir='ltr'><strong>abitu-</strong></span> 
     </span>
    </p>
   </div>
   <div class='ocr_carea' id='block_1_105' title="bbox 225 5767 1829 5840">
    <p class='ocr_par' dir='ltr' id='par_1_105' title="bbox 225 5767 1829 5840">
     <span class='ocr_line' id='line_1_105' title="bbox 225 5767 1829 5840; baseline -0.003 -14"><span class='ocrx_word' id='word_1_788' title='bbox 225 5786 384 5834; x_wconf 85' lang='lat' dir='ltr'><strong>rum,</strong></span> <span class='ocrx_word' id='word_1_789' title='bbox 438 5769 631 5824; x_wconf 81' lang='lat' dir='ltr'><strong>Stoicis</strong></span> <span class='ocrx_word' id='word_1_790' title='bbox 679 5777 932 5824; x_wconf 91' lang='lat' dir='ltr'><strong>constans</strong></span> <span class='ocrx_word' id='word_1_791' title='bbox 958 5767 1140 5839; x_wconf 81' lang='lat' dir='ltr'><strong>Opinio</strong></span> <span class='ocrx_word' id='word_1_792' title='bbox 1170 5778 1283 5834; x_wconf 90' lang='lat' dir='ltr'><strong>est,</strong></span> <span class='ocrx_word' id='word_1_793' title='bbox 1312 5767 1453 5840; x_wconf 88' lang='lat' dir='ltr'><strong>quod</strong></span> <span class='ocrx_word' id='word_1_794' title='bbox 1507 5776 1829 5837; x_wconf 90' lang='lat' dir='ltr'><strong>consumpto</strong></span> 
     </span>
    </p>
   </div>
   <div class='ocr_carea' id='block_1_106' title="bbox 1938 4638 3542 4713">
    <p class='ocr_par' dir='ltr' id='par_1_106' title="bbox 1938 4638 3542 4713">
     <span class='ocr_line' id='line_1_106' title="bbox 1938 4638 3542 4713; baseline -0.004 -15"><span class='ocrx_word' id='word_1_795' title='bbox 1938 4643 2079 4698; x_wconf 79' lang='lat' dir='ltr'><strong>unde</strong></span> <span class='ocrx_word' id='word_1_796' title='bbox 2122 4651 2394 4713; x_wconf 72' lang='lat' dir='ltr'><strong>cmperat,</strong></span> <span class='ocrx_word' id='word_1_797' title='bbox 2438 4643 2545 4696; x_wconf 89' lang='lat' dir='ltr'><strong>vim</strong></span> <span class='ocrx_word' id='word_1_798' title='bbox 2593 4643 2730 4712; x_wconf 86' lang='lat' dir='ltr'><strong>ignis</strong></span> <span class='ocrx_word' id='word_1_799' title='bbox 2771 4641 3062 4697; x_wconf 90' lang='lat' dir='ltr'><strong>abiturum.</strong></span> <span class='ocrx_word' id='word_1_800' title='bbox 3105 4641 3161 4695; x_wconf 83' lang='lat' dir='ltr'><strong>Si</strong></span> <span class='ocrx_word' id='word_1_801' title='bbox 3193 4638 3318 4708; x_wconf 90' lang='lat' dir='ltr'><strong>quid</strong></span> <span class='ocrx_word' id='word_1_802' title='bbox 3365 4650 3542 4694; x_wconf 89' lang='lat' dir='ltr'><strong>tamen</strong></span> 
     </span>
    </p>
   </div>
   <div class='ocr_carea' id='block_1_107' title="bbox 1935 4732 3393 4804">
    <p class='ocr_par' dir='ltr' id='par_1_107' title="bbox 1935 4732 3393 4804">
     <span class='ocr_line' id='line_1_107' title="bbox 1935 4732 3393 4804; baseline -0.004 -14"><span class='ocrx_word' id='word_1_803' title='bbox 1935 4736 2128 4804; x_wconf 76' lang='lat' dir='ltr'><strong>aliquis</strong></span> <span class='ocrx_word' id='word_1_804' title='bbox 2155 4737 2357 4790; x_wconf 83' lang='lat' dir='ltr'><strong>certius</strong></span> <span class='ocrx_word' id='word_1_805' title='bbox 2387 4738 2654 4804; x_wconf 86' lang='lat' dir='ltr'><strong>proferat,</strong></span> <span class='ocrx_word' id='word_1_806' title='bbox 2690 4733 2813 4788; x_wconf 91' lang='lat' dir='ltr'><strong>huic</strong></span> <span class='ocrx_word' id='word_1_807' title='bbox 2846 4749 2952 4788; x_wconf 91' lang='lat' dir='ltr'><strong>non</strong></span> <span class='ocrx_word' id='word_1_808' title='bbox 2986 4732 3393 4800; x_wconf 80' lang='lat' dir='ltr'><strong>refragabimur.</strong></span> 
     </span>
    </p>
   </div>
   <div class='ocr_carea' id='block_1_108' title="bbox 2012 4823 3541 4896">
    <p class='ocr_par' dir='ltr' id='par_1_108' title="bbox 2012 4823 3541 4896">
     <span class='ocr_line' id='line_1_108' title="bbox 2012 4823 3541 4896; baseline -0.002 -15"><span class='ocrx_word' id='word_1_809' title='bbox 2012 4829 2084 4882; x_wconf 90' lang='lat' dir='ltr'><strong>De</strong></span> <span class='ocrx_word' id='word_1_810' title='bbox 2115 4827 2213 4881; x_wconf 85' lang='lat' dir='ltr'><strong>hoe</strong></span> <span class='ocrx_word' id='word_1_811' title='bbox 2241 4837 2420 4882; x_wconf 88' lang='lat' dir='ltr'><strong>autem</strong></span> <span class='ocrx_word' id='word_1_812' title='bbox 2450 4827 2754 4882; x_wconf 91' lang='lat' dir='ltr'><strong>Stoicorum</strong></span> <span class='ocrx_word' id='word_1_813' title='bbox 2788 4827 3003 4896; x_wconf 54' lang='lat' dir='ltr'><strong>placito,</strong></span> <span class='ocrx_word' id='word_1_814' title='bbox 3037 4833 3232 4894; x_wconf 63' lang='lat' dir='ltr'><strong>praeter</strong></span> <span class='ocrx_word' id='word_1_815' title='bbox 3261 4823 3541 4878; x_wconf 86' lang='lat' dir='ltr'><strong>laudatum</strong></span> 
     </span>
    </p>
   </div>
   <div class='ocr_carea' id='block_1_109' title="bbox 1935 4917 3543 4990">
    <p class='ocr_par' dir='ltr' id='par_1_109' title="bbox 1935 4917 3543 4990">
     <span class='ocr_line' id='line_1_109' title="bbox 1935 4917 3543 4990; baseline -0.003 -13"><span class='ocrx_word' id='word_1_816' title='bbox 1935 4938 1965 4977; x_wconf 89' lang='lat' dir='ltr'><strong>a</strong></span> <span class='ocrx_word' id='word_1_817' title='bbox 1995 4923 2149 4976; x_wconf 90' lang='lat' dir='ltr'><strong>nobis</strong></span> <span class='ocrx_word' id='word_1_818' title='bbox 2178 4921 2512 4985; x_wconf 86' lang='lat' dir='ltr'><strong>Ciceronem,</strong></span> <span class='ocrx_word' id='word_1_819' title='bbox 2532 4921 2691 4976; x_wconf 92' lang='lat' dir='ltr'><strong>Philo</strong></span> <span class='ocrx_word' id='word_1_820' title='bbox 2725 4922 2838 4974; x_wconf 73' lang='lat' dir='ltr'><strong>ha~c</strong></span> <span class='ocrx_word' id='word_1_821' title='bbox 2864 4920 3081 4990; x_wconf 86' lang='lat' dir='ltr'><strong>scriptis</strong></span> <span class='ocrx_word' id='word_1_822' title='bbox 3111 4917 3366 4972; x_wconf 84' lang='lat' dir='ltr'><strong>tradidit:</strong></span> <span class='ocrx_word' id='word_1_823' title='bbox 3400 4927 3461 4972; x_wconf 79' lang='grc' dir='ltr'><strong>Οἱ</strong></span> <span class='ocrx_word' id='word_1_824' title='bbox 3493 4923 3543 4972; x_wconf 72' lang='lat' dir='ltr'><strong>3t</strong></span> 
     </span>
    </p>
   </div>
   <div class='ocr_carea' id='block_1_110' title="bbox 1934 5014 3536 5086">
    <p class='ocr_par' dir='ltr' id='par_1_110' title="bbox 1934 5014 3536 5086">
     <span class='ocr_line' id='line_1_110' title="bbox 1934 5014 3536 5086; baseline -0.002 -18"><span class='ocrx_word' id='word_1_825' title='bbox 1934 5018 2132 5072; x_wconf 63' lang='grc' dir='ltr'><strong>Στωῖκῡὶ</strong></span> <span class='ocrx_word' id='word_1_826' title='bbox 2158 5019 2328 5080; x_wconf 46' lang='lat' dir='ltr'><strong>natura</strong></span> <span class='ocrx_word' id='word_1_827' title='bbox 2354 5023 2454 5076; x_wconf 70' lang='grc' dir='ltr'><strong>ἱνα,</strong></span> <span class='ocrx_word' id='word_1_828' title='bbox 2481 5024 2694 5086; x_wconf 65' lang='grc' dir='ltr'><strong>γενέσεως</strong></span> <span class='ocrx_word' id='word_1_829' title='bbox 2725 5014 2764 5066; x_wconf 65' lang='grc' dir='ltr'><strong>δ’</strong></span> <span class='ocrx_word' id='word_1_830' title='bbox 2787 5018 2935 5068; x_wconf 69' lang='grc' dir='ltr'><strong>αὖτοῧ</strong></span> <span class='ocrx_word' id='word_1_831' title='bbox 2953 5021 3068 5067; x_wconf 66' lang='grc' dir='ltr'><strong>Θεὸν</strong></span> <span class='ocrx_word' id='word_1_832' title='bbox 3097 5022 3276 5076; x_wconf 67' lang='grc' dir='ltr'><strong>αἴτιον,</strong></span> <span class='ocrx_word' id='word_1_833' title='bbox 3298 5018 3467 5081; x_wconf 68' lang='grc' dir='ltr'><strong>ρθοοᾶς</strong></span> <span class='ocrx_word' id='word_1_834' title='bbox 3487 5015 3536 5065; x_wconf 77' lang='grc' dir='ltr'><strong>δὲ</strong></span> 
     </span>
    </p>
   </div>
   <div class='ocr_carea' id='block_1_111' title="bbox 1931 5103 3541 5178">
    <p class='ocr_par' dir='ltr' id='par_1_111' title="bbox 1931 5103 3541 5178">
     <span class='ocr_line' id='line_1_111' title="bbox 1931 5103 3541 5178; baseline -0.002 -16"><span class='ocrx_word' id='word_1_835' title='bbox 1931 5119 2106 5177; x_wconf 74' lang='grc' dir='ltr'><strong>μηκέτι</strong></span> <span class='ocrx_word' id='word_1_836' title='bbox 2127 5116 2273 5172; x_wconf 75' lang='grc' dir='ltr'><strong>Θεὸν,</strong></span> <span class='ocrx_word' id='word_1_837' title='bbox 2298 5114 2421 5163; x_wconf 73' lang='grc' dir='ltr'><strong><em>ἀλλὰ</em></strong></span> <span class='ocrx_word' id='word_1_838' title='bbox 2451 5118 2536 5164; x_wconf 65' lang='grc' dir='ltr'><strong>τὶν</strong></span> <span class='ocrx_word' id='word_1_839' title='bbox 2566 5115 2870 5178; x_wconf 65' lang='grc' dir='ltr'><strong>ὑπάρχουσαν</strong></span> <span class='ocrx_word' id='word_1_840' title='bbox 2906 5113 2950 5160; x_wconf 70' lang='grc' dir='ltr'><strong>ἰν</strong></span> <span class='ocrx_word' id='word_1_841' title='bbox 2979 5110 3078 5166; x_wconf 77' lang='grc' dir='ltr'><strong><em>τοῖς</em></strong></span> <span class='ocrx_word' id='word_1_842' title='bbox 3109 5103 3209 5159; x_wconf 77' lang='grc' dir='ltr'><strong>οὖσι</strong></span> <span class='ocrx_word' id='word_1_843' title='bbox 3235 5114 3384 5175; x_wconf 60' lang='lat' dir='ltr'><strong>arripi;</strong></span> <span class='ocrx_word' id='word_1_844' title='bbox 3414 5110 3541 5158; x_wconf 72' lang='grc' dir='ltr'><strong>ἀκα-</strong></span> 
     </span>
    </p>
   </div>
   <div class='ocr_carea' id='block_1_112' title="bbox 1924 5201 3542 5273">
    <p class='ocr_par' dir='ltr' id='par_1_112' title="bbox 1924 5201 3542 5273">
     <span class='ocr_line' id='line_1_112' title="bbox 1924 5201 3542 5273; baseline -0.004 -18"><span class='ocrx_word' id='word_1_845' title='bbox 1924 5212 2084 5271; x_wconf 70' lang='grc' dir='ltr'><strong>μάτθυ</strong></span> <span class='ocrx_word' id='word_1_846' title='bbox 2115 5208 2328 5268; x_wconf 61' lang='lat' dir='ltr'><strong>dun/iw,</strong></span> <span class='ocrx_word' id='word_1_847' title='bbox 2364 5209 2536 5273; x_wconf 69' lang='grc' dir='ltr'><strong><em>χρένω)</em></strong></span> <span class='ocrx_word' id='word_1_848' title='bbox 2574 5207 2788 5272; x_wconf 61' lang='grc' dir='ltr'><strong>μακραῖς</strong></span> <span class='ocrx_word' id='word_1_849' title='bbox 2834 5203 3064 5269; x_wconf 72' lang='grc' dir='ltr'><strong>περιόδοις</strong></span> <span class='ocrx_word' id='word_1_850' title='bbox 3096 5239 3112 5266; x_wconf 88' lang='grc'><em>,</em></span> <span class='ocrx_word' id='word_1_851' title='bbox 3145 5201 3440 5252; x_wconf 55' lang='lat' dir='ltr'><strong>diuidam“</strong></span> <span class='ocrx_word' id='word_1_852' title='bbox 3479 5204 3542 5254; x_wconf 75' lang='grc' dir='ltr'><strong>τὸ.</strong></span> 
     </span>
    </p>
   </div>
   <div class='ocr_carea' id='block_1_113' title="bbox 1931 5293 3541 5362">
    <p class='ocr_par' dir='ltr' id='par_1_113' title="bbox 1931 5293 3541 5362">
     <span class='ocr_line' id='line_1_113' title="bbox 1931 5293 3541 5362; baseline -0.005 -9"><span class='ocrx_word' id='word_1_853' title='bbox 1931 5305 2089 5354; x_wconf 71' lang='grc' dir='ltr'><strong>πάντα</strong></span> <span class='ocrx_word' id='word_1_854' title='bbox 2114 5302 2180 5356; x_wconf 75' lang='grc' dir='ltr'><strong>εὶς</strong></span> <span class='ocrx_word' id='word_1_855' title='bbox 2209 5305 2401 5358; x_wconf 61' lang='lat' dir='ltr'><strong>icturi»,</strong></span> <span class='ocrx_word' id='word_1_856' title='bbox 2437 5304 2485 5362; x_wconf 63' lang='grc' dir='ltr'><em>ἐξ</em></span> <span class='ocrx_word' id='word_1_857' title='bbox 2510 5301 2564 5357; x_wconf 80' lang='grc' dir='ltr'><strong>ἧς</strong></span> <span class='ocrx_word' id='word_1_858' title='bbox 2595 5305 2739 5348; x_wconf 65' lang='grc' dir='ltr'><strong>πάλιν</strong></span> <span class='ocrx_word' id='word_1_859' title='bbox 2765 5293 2827 5347; x_wconf 68' lang='grc' dir='ltr'><strong>αὖ</strong></span> <span class='ocrx_word' id='word_1_860' title='bbox 2850 5297 3150 5359; x_wconf 58' lang='lat' dir='ltr'><strong>durib-muti</strong></span> <span class='ocrx_word' id='word_1_861' title='bbox 3175 5297 3350 5362; x_wconf 76' lang='grc' dir='ltr'><strong>κόσμου</strong></span> <span class='ocrx_word' id='word_1_862' title='bbox 3377 5298 3541 5348; x_wconf 65' lang='lat' dir='ltr'><strong>iuratu-</strong></span> 
     </span>
    </p>
   </div>
   <div class='ocr_carea' id='block_1_114' title="bbox 1932 5384 3537 5465">
    <p class='ocr_par' dir='ltr' id='par_1_114' title="bbox 1932 5384 3537 5465">
     <span class='ocr_line' id='line_1_114' title="bbox 1932 5384 3537 5465; baseline -0.006 -17"><span class='ocrx_word' id='word_1_863' title='bbox 1932 5401 2015 5448; x_wconf 69' lang='grc' dir='ltr'><strong>θαι</strong></span> <span class='ocrx_word' id='word_1_864' title='bbox 2042 5407 2100 5465; x_wconf 75' lang='grc' dir='ltr'><strong>τῇ</strong></span> <span class='ocrx_word' id='word_1_865' title='bbox 2130 5400 2394 5462; x_wconf 73' lang='grc' dir='ltr'><strong>προμηθείᾳ</strong></span> <span class='ocrx_word' id='word_1_866' title='bbox 2424 5397 2505 5446; x_wconf 75' lang='grc' dir='ltr'><strong>τοῦ</strong></span> <span class='ocrx_word' id='word_1_867' title='bbox 2547 5399 2780 5458; x_wconf 79' lang='grc' dir='ltr'><strong>τεχνίτου.</strong></span> <span class='ocrx_word' id='word_1_868' title='bbox 2818 5406 2834 5436; x_wconf 76' lang='lat' dir='ltr'><strong>t</strong></span> <span class='ocrx_word' id='word_1_869' title='bbox 2867 5387 3032 5442; x_wconf 76' lang='grc' dir='ltr'><strong>5ιυίοἱ</strong></span> <span class='ocrx_word' id='word_1_870' title='bbox 3073 5403 3234 5440; x_wconf 81' lang='grc' dir='ltr'>υιιιιιιι</span> <span class='ocrx_word' id='word_1_871' title='bbox 3279 5384 3537 5440; x_wconf 78' lang='grc' dir='ltr'>ιιιυιιάιιηι</span> 
     </span>
    </p>
   </div>
   <div class='ocr_carea' id='block_1_115' title="bbox 1935 5479 3540 5549">
    <p class='ocr_par' dir='ltr' id='par_1_115' title="bbox 1935 5479 3540 5549">
     <span class='ocr_line' id='line_1_115' title="bbox 1935 5479 3540 5549; baseline -0.004 -11"><span class='ocrx_word' id='word_1_872' title='bbox 1935 5494 2222 5549; x_wconf 80' lang='lat' dir='ltr'><strong>asserunt,</strong></span> <span class='ocrx_word' id='word_1_873' title='bbox 2251 5492 2305 5536; x_wconf 90' lang='lat' dir='ltr'><strong>et</strong></span> <span class='ocrx_word' id='word_1_874' title='bbox 2341 5483 2503 5536; x_wconf 84' lang='lat' dir='ltr'><strong>Deum</strong></span> <span class='ocrx_word' id='word_1_875' title='bbox 2537 5492 2812 5535; x_wconf 88' lang='lat' dir='ltr'><strong>auctorem</strong></span> <span class='ocrx_word' id='word_1_876' title='bbox 2844 5480 2961 5549; x_wconf 88' lang='lat' dir='ltr'><strong>cjus</strong></span> <span class='ocrx_word' id='word_1_877' title='bbox 2987 5479 3386 5548; x_wconf 85' lang='lat' dir='ltr'><strong>generationis;</strong></span> <span class='ocrx_word' id='word_1_878' title='bbox 3418 5493 3540 5532; x_wconf 77' lang='lat' dir='ltr'><strong>cor-</strong></span> 
     </span>
    </p>
   </div>
   <div class='ocr_carea' id='block_1_116' title="bbox 1935 5573 3536 5648">
    <p class='ocr_par' dir='ltr' id='par_1_116' title="bbox 1935 5573 3536 5648">
     <span class='ocr_line' id='line_1_116' title="bbox 1935 5573 3536 5648; baseline -0.006 -13"><span class='ocrx_word' id='word_1_879' title='bbox 1935 5580 2200 5648; x_wconf 89' lang='lat' dir='ltr'><strong>rnptionis</strong></span> <span class='ocrx_word' id='word_1_880' title='bbox 2232 5594 2358 5631; x_wconf 87' lang='lat' dir='ltr'><strong>vero</strong></span> <span class='ocrx_word' id='word_1_881' title='bbox 2391 5593 2493 5631; x_wconf 88' lang='lat' dir='ltr'><strong>non</strong></span> <span class='ocrx_word' id='word_1_882' title='bbox 2531 5577 2654 5631; x_wconf 88' lang='lat' dir='ltr'><strong>item</strong></span> <span class='ocrx_word' id='word_1_883' title='bbox 2691 5578 2888 5637; x_wconf 88' lang='lat' dir='ltr'><strong>Deum,</strong></span> <span class='ocrx_word' id='word_1_884' title='bbox 2923 5574 3016 5628; x_wconf 84' lang='lat' dir='ltr'><strong>sed</strong></span> <span class='ocrx_word' id='word_1_885' title='bbox 3064 5573 3384 5628; x_wconf 80' lang='lat' dir='ltr'><strong>indelessam</strong></span> <span class='ocrx_word' id='word_1_886' title='bbox 3433 5573 3536 5626; x_wconf 91' lang='lat' dir='ltr'><strong>vim</strong></span> 
     </span>
    </p>
   </div>
   <div class='ocr_carea' id='block_1_117' title="bbox 1933 5665 3535 5743">
    <p class='ocr_par' dir='ltr' id='par_1_117' title="bbox 1933 5665 3535 5743">
     <span class='ocr_line' id='line_1_117' title="bbox 1933 5665 3535 5743; baseline -0.004 -17"><span class='ocrx_word' id='word_1_887' title='bbox 1933 5673 2103 5743; x_wconf 87' lang='lat' dir='ltr'><strong>ignis,</strong></span> <span class='ocrx_word' id='word_1_888' title='bbox 2132 5673 2291 5726; x_wconf 88' lang='lat' dir='ltr'><strong>rebus</strong></span> <span class='ocrx_word' id='word_1_889' title='bbox 2315 5672 2528 5725; x_wconf 90' lang='lat' dir='ltr'><strong>insitam</strong></span> <span class='ocrx_word' id='word_1_890' title='bbox 2551 5713 2564 5734; x_wconf 94' lang='lat'><strong>,</strong></span> <span class='ocrx_word' id='word_1_891' title='bbox 2596 5679 2715 5739; x_wconf 88' lang='lat' dir='ltr'><strong>p0st</strong></span> <span class='ocrx_word' id='word_1_892' title='bbox 2743 5668 2926 5738; x_wconf 74' lang='lat' dir='ltr'><strong>longas</strong></span> <span class='ocrx_word' id='word_1_893' title='bbox 2953 5679 3251 5736; x_wconf 88' lang='lat' dir='ltr'><strong>temporum</strong></span> <span class='ocrx_word' id='word_1_894' title='bbox 3278 5665 3535 5734; x_wconf 87' lang='lat' dir='ltr'><strong>ambages</strong></span> 
     </span>
    </p>
   </div>
   <div class='ocr_carea' id='block_1_118' title="bbox 1931 5759 3536 5837">
    <p class='ocr_par' dir='ltr' id='par_1_118' title="bbox 1931 5759 3536 5837">
     <span class='ocr_line' id='line_1_118' title="bbox 1931 5759 3536 5837; baseline -0.004 -19"><span class='ocrx_word' id='word_1_895' title='bbox 1931 5765 2338 5837; x_wconf 86' lang='lat' dir='ltr'><strong>absumpturam</strong></span> <span class='ocrx_word' id='word_1_896' title='bbox 2359 5806 2372 5829; x_wconf 93' lang='lat'><strong>,</strong></span> <span class='ocrx_word' id='word_1_897' title='bbox 2397 5775 2451 5818; x_wconf 90' lang='lat' dir='ltr'><strong>et</strong></span> <span class='ocrx_word' id='word_1_898' title='bbox 2479 5763 2529 5817; x_wconf 93' lang='lat' dir='ltr'><strong>in</strong></span> <span class='ocrx_word' id='word_1_899' title='bbox 2561 5772 2732 5819; x_wconf 86' lang='lat' dir='ltr'><strong>semet</strong></span> <span class='ocrx_word' id='word_1_900' title='bbox 2760 5771 3081 5818; x_wconf 77' lang='lat' dir='ltr'><strong>mutaturum</strong></span> <span class='ocrx_word' id='word_1_901' title='bbox 3107 5759 3319 5828; x_wconf 89' lang='lat' dir='ltr'><strong>omnia,</strong></span> <span class='ocrx_word' id='word_1_902' title='bbox 3345 5773 3408 5814; x_wconf 80' lang='lat' dir='ltr'><strong>ex</strong></span> <span class='ocrx_word' id='word_1_903' title='bbox 3433 5772 3536 5832; x_wconf 90' lang='lat' dir='ltr'><strong>qua</strong></span> 
     </span>
    </p>
   </div>
  </div>
