4058 6316
457 241 563 301 475

1752 249 1838 306 DE
1880 246 2137 310 MINUCll
2175 251 2475 313 OCTAVIO

3671 269 3783 330 476

458 362 639 441 denuo
671 360 925 419 nmndum
955 359 1371 419 insmitratnram
1403 346 1622 436 Dpilicis
1667 368 2055 438 providentiam
2084 376 2138 435 Α
2164 373 2323 429 modo
2355 370 2615 445 Epicurus
2645 376 2729 435 vel
2760 376 2876 450 ejus
2907 389 3207 440 sectatores
3238 384 3496 444 mundum
3530 386 3783 447 interitu'

463 455 481 528 (
507 454 673 510 Philo.
703 456 788 512 lib.
818 456 968 522 Quod
990 475 1129 535 nutu.
1155 459 1219 512 δὶι
1240 468 1491 531 corrupt,
1517 477 1637 533 pag.
1663 461 1845 531 910).»
1871 461 2065 518 Postea

463 560 642 604 tamen
674 548 901 619 adjecit:
940 571 958 603 ‹
989 546 1225 606 Boethus
1246 592 1258 614 .
1295 548 1644 607 Possidonins
1676 562 1729 609 et
1760 552 2056 621 Panaetius,

461 634 563 697 viri
605 642 783 698 Stoica
827 643 1067 700 doctrina
1101 636 1451 700 valentissimi
1477 689 1492 715 ,
1528 658 1797 716 tamquam
1830 650 2064 719 correpti

463 737 716 803 numine,
769 737 985 794 omissis
1035 736 1407 795 evustionibns
1451 749 1503 794 et
1547 740 2057 808 instauratiOnibus,

463 830 865 902 transfugerunt
893 833 960 887 ad
986 832 1221 888 diVittius
1250 833 1316 889 de
1346 835 1848 906 incorruptibiliiate
1876 830 2060 892 niundi

465 930 736 997 placitum.
771 947 788 979 ι
826 935 943 1000 Πρὸς
972 938 1203 1000 θειότερον
1242 934 1425 1000 δόγμα,
1470 939 1523 986 τὸ
1569 946 1652 994 τῆς
1685 934 1948 1003 αἱρῧιιρσίας
1980 940 2063 988 τοῦ

462 1026 638 1091 κόσμου
670 1032 842 1083 παντὸς
862 1063 877 1088 ,
912 1022 1260 1093 αὖτομόλησαν.
1309 1026 1557 1077 Animum
1591 1035 1767 1078 autem
1792 1068 1803 1087 ,
1839 1040 2020 1095 qua-so
2046 1067 2059 1089 ,

460 1118 711 1173 advertas
738 1135 804 1173 an
840 1119 923 1176 bis
966 1122 1142 1175 verbis
1181 1121 1488 1176 conﬁrmari
1537 1125 1740 1193 possit,
1790 1124 1929 1194 quod
1977 1125 2059 1179 di-

459 1218 603 1264 ctum
633 1228 661 1263 a
690 1211 951 1267 Cicerone
975 1213 1207 1268 vidimus
1228 1255 1240 1276 ,
1272 1212 1377 1268 non
1407 1215 1695 1269 Parta-tium
1724 1218 1894 1270 solum
1923 1261 1935 1279 ,
1968 1222 2063 1273 sed

460 1298 594 1357 alios
616 1304 776 1358 etiam
810 1303 1021 1361 Stoicos
1043 1306 1389 1362 addubitasse
1415 1317 1589 1362 utrum
1618 1326 1740 1364 vera
1765 1321 1903 1364 eSst-t
1930 1308 2057 1364 alio—

460 1411 577 1450 rum
611 1396 873 1452 sodalium
900 1414 1119 1454 suorum
1147 1398 1213 1455 de
1241 1396 1421 1455 l'utnro
1451 1402 1631 1456 mundi
1666 1402 1913 1459 incendio
1939 1420 2063 1461 scn-

463 1490 647 1543 lentia.
680 1490 784 1547 Sed
812 1486 1045 1548 Minucio
1072 1502 1259 1548 nostro
1289 1493 1427 1549 hanc.
1453 1496 1609 1568 longe
1640 1496 1867 1564 plurium
1900 1498 2062 1555 fuisse

458 1572 782 1638 sollieicbat.
819 1583 1029 1640 Videsis
1061 1584 1112 1640 in
1152 1587 1372 1643 citatum
1412 1587 1685 1644 Ciceronis
1728 1591 1900 1645 locum
1936 1591 2061 1647 Les-

458 1675 733 1745 calopierii
759 1672 1202 1746 observationes,
1226 1690 1279 1734 et
1301 1680 1549 1751 Origenis
1570 1682 1824 1737 adversus
1844 1683 2057 1739 CeISnm

2170 482 2284 521 rum
2316 467 2577 535 dixerint,
2627 480 2807 529 utrum
2845 491 3012 546 aqua,
3056 493 3122 532 an
3156 480 3312 551 igne,
3343 492 3436 537 aut
3462 493 3775 542 atomorum

2168 562 2694 631 corpusculorumve,
2732 567 2867 622 sicut
2907 568 3217 627 Lactantius
3255 575 3359 638 ait,
3390 574 3775 647 dissolutione,

2171 651 2250 705 vel
2302 667 2488 708 eorum
2541 657 2827 725 conﬂictu,
2882 676 2945 716 ac
2992 666 3467 734 percussionibos,
3520 674 3784 741 quemad-

2168 743 2383 799 modum
2413 746 2564 801 Philo
2593 748 2676 804 his
2702 751 2965 822 signiﬁcat
2992 756 3058 810 de
3090 758 3427 821 Democrito.
3457 771 3511 816 et
3541 762 3783 834 Epicuro

2166 837 2345 893 verbis
2380 857 2394 893 :
2428 849 2631 904 Πολλοὺς
2660 848 2858 913 iubemur
2885 853 3234 921 ὑτογρέῖριυυσιν
3254 893 3268 915 ,
3298 857 3358 907 ὧν
3384 868 3470 916 τὴν
3491 866 3579 925 μὲν
3603 865 3784 923 γένεσιν

2166 935 2537 998 ἀλληλοτυτίοιις
2557 977 2570 999 ,
2603 940 2682 989 καὶ
2715 944 2998 1002 ἐπιπὶοκαιῖς
3029 948 3221 1012 ἀτόμων
3249 946 3561 1014 ἀνατιθέασι,
3604 966 3692 1012 τὴν
3733 956 3783 1005 δὲ

2165 1026 2341 1094 ῳῖερὲιν
2367 1027 2665 1094 ἀντικοπαῖς,
2696 1036 2778 1084 καὶ
2804 1035 3098 1091 attonitae“
3126 1056 3214 1094 τῶν
3237 1044 3507 1111 γεγονότων.
3540 1062 3559 1094 ί
3586 1044 3782 1100 Multos

2168 1115 2396 1169 nnmdos
2446 1121 2820 1190 nnnginantur,
2853 1142 3080 1196 quntum
3126 1138 3533 1200 generationem
3585 1138 3785 1195 conﬂi-

2166 1207 2487 1265 ctationibus
2508 1221 2561 1265 et
2587 1217 3008 1273 connexionibus
3032 1231 3333 1280 atomorum
3365 1226 3637 1295 tribuunt,
3663 1247 3785 1286 cor-

2169 1308 2466 1366 ruptionem
2504 1309 2941 1373 pert-itssiooibns
2970 1324 3023 1367 et
3056 1312 3369 1371 dissultibu~
3390 1319 3659 1390 (Philam,
3684 1324 3779 1381 lib.

2170 1389 2321 1457 Quod
2348 1396 2523 1448 mund.
2556 1399 2620 1452 sit
2647 1399 2953 1474 inoorrttpt.,
2986 1424 3105 1478 pag.
3136 1408 3242 1465 940
3329 1432 3348 1464 ι
3381 1389 3571 1470 Multos
3604 1418 3787 1473 cnim-

2166 1501 2296 1542 vero
2329 1490 2556 1546 mundos
2599 1494 2642 1547 si
2688 1498 2847 1551 variis
2891 1498 3112 1570 hujusce
3154 1506 3297 1559 modi
3339 1506 3783 1568 conﬂictionibus

2165 1597 2227 1636 ac
2256 1587 2694 1653 perenssionibus
2724 1582 2997 1664 corrumpi
3030 1612 3188 1665 posse
3220 1582 3482 1668 Epicurus
3522 1616 3782 1659 automa-

2166 1676 2243 1730 vit
2265 1718 2277 1742 ,
2304 1694 2397 1731 cur
2424 1697 2526 1733 non
2557 1693 2607 1735 et
2635 1687 2858 1738 omnes?
2883 1684 3192 1743 Gas~endns
3219 1700 3396 1747 tamen
3426 1695 3783 1755 verisimilius

459 1766 881 1838 disputatiOnem
914 1769 1107 1842 (Orig.
1144 1772 1232 1828 lib.
1267 1790 1319 1828 v.
1349 1787 1512 1828 contr.
1550 1775 1682 1830 Cels.
1718 1794 1835 1847 pug.
1871 1774 1976 1833 2H
2002 1777 2047 1850 )Ἰ

2167 1770 2417 1839 opinatur
2460 1772 2604 1828 illum
2648 1774 2896 1832 docuisse
2938 1782 3197 1838 mundum
3229 1781 3371 1839 hunc
3402 1785 3555 1857 igne,
3590 1801 3784 1861 u'pote

458 1872 521 1913 ac
550 1875 612 1914 ea
642 1868 805 1915 etiam
827 1903 843 1929 ,
887 1861 933 1918 si
966 1863 1097 1920 vclis
1117 1907 1132 1930 ,
1163 1882 1281 1933 qua:
1310 1882 1342 1921 a
1375 1864 1528 1922 nobis
1558 1869 1612 1923 in
1642 1870 1904 1938 superiori
1948 1874 2059 1942 Ap-

455 1964 672 2027 paratus
695 1959 861 2013 nosui
891 1967 1035 2014 tonio
1062 1960 1343 2016 observata
1369 1973 1491 2017 sunt
1524 1962 1712 2035 (Tom.
1738 1964 1776 2019 l.
1806 1967 2054 2036 Apparat.

456 2050 546 2104 lib.
582 2067 674 2115 ιιι,
709 2052 909 2108 dissert.
941 2055 976 2108 2
1007 2071 1118 2126 Cttp.
1159 2054 1241 2111 16.
1278 2066 1377 2112 art.
1416 2059 1479 2131 l,
1501 2075 1620 2129 pag.
1662 2059 1853 2129 1117).

528 2138 712 2216 Neque
739 2164 902 2218 porro
931 2148 1068 2203 hanc
1099 2146 1362 2205 Minucius
1394 2161 1575 2205 noster
1602 2146 1904 2208 Stoicorum
1938 2163 2057 2210 tan-

456 2238 736 2295 tummodo
777 2238 844 2297 de
879 2236 1270 2299 elementorum
1312 2234 1731 2316 conﬂagratione
1752 2288 1764 2312 ,
1793 2256 1843 2302 et
1874 2251 2057 2306 mundi

460 2330 612 2387 ruina
640 2350 763 2390 esse
792 2336 1098 2407 opiniOnetn
1131 2340 1359 2405 asScrit;
1390 2341 1483 2394 sed
1514 2342 1674 2394 etiam
1708 2360 1725 2392 t
1753 2338 2054 2414 Epicureis,

452 2424 662 2497 inquit,
693 2428 880 2485 eadem
914 2428 1029 2500 ipsa
1061 2430 1327 2487 sententia
1356 2442 1458 2488 est.
1492 2452 1510 2486 ι
1548 2432 1737 2489 Utrum
1770 2446 1949 2492 autem
1983 2438 2054 2495 ibi

449 2518 515 2575 de
546 2521 830 2591 omnibus,
863 2526 943 2580 vel
984 2524 1051 2582 de
1088 2525 1405 2597 quibusdam
1452 2528 1733 2585 dumtaxat
1778 2532 2054 2603 Epicureis

450 2615 832 2687 intelligendus
863 2619 968 2685 sit,
998 2629 1052 2675 et
1084 2629 1259 2675 utrum
1309 2621 1600 2697 Epicurum
1645 2640 1673 2677 a
1721 2639 2053 2696 praeceptore

448 2722 548 2762 suo
579 2708 918 2779 Democrito,
949 2711 998 2767 id
1026 2715 1301 2783 accepisse
1327 2702 1635 2779 crediderit,
1665 2733 1769 2771 non
1800 2718 2053 2778 minimus

450 2797 609 2853 datur
634 2799 914 2857 dubitandi
946 2805 1114 2859 locus.
1162 2805 1240 2859 Ad
1275 2800 1589 2879 Pythoclem
1623 2810 1905 2867 enimvero
1937 2814 2053 2871 hmc

449 2880 711 2960 Epicurus
741 2896 957 2965 scripsit
988 2898 1005 2967 (
1035 2897 1188 2967 Apud
1216 2896 1388 2955 Laert.
1425 2898 1512 2954 lib.
1544 2917 1605 2967 x,
1644 2900 1671 2973 ἐ
1706 2901 1808 2977 88)
1843 2903 1894 2960 ἰη
1924 2924 2050 2963 ver-

444 2981 542 3039 ba:
574 2988 756 3055 Κόσμσς
786 2992 887 3043 ἐστὶ
920 3006 1121 3087 περιᾶρί
1154 3016 1226 3051 τις
1257 2994 1483 3063 οὐρανοῦ,
1516 2999 1670 3065 ἄστρα
1698 3016 1746 3052 τΐ
1780 2999 1863 3051 καὶ
1892 2992 2052 3056 aiunt

444 3079 706 3146 φαινόμενα
736 3079 1064 3152 ἕτεριξχουσθξ
1089 3087 1336 3152 ἀποτομὴν
1366 3093 1539 3154 ἔχουσα
1570 3092 1671 3142 ἀπὸ
1701 3095 1786 3144 τοῦ
1813 3097 2043 3161 ἀπείρου,

2168 1866 2377 1920 ett-teris
2424 1870 2673 1925 onmibns
2721 1870 3003 1931 clementis
3049 1881 3219 1948 magis
3256 1888 3511 1946 actuoso,
3557 1897 3780 1953 pemtus

2164 1959 2574 2018 absumemlum.
2623 1965 2641 2038 (
2672 1962 2986 2038 Ctisseudus,
3026 1968 3225 2046 Syntag
3275 1973 3579 2047 Philomph.
3612 1976 3775 2049 Epic.

2166 2049 2193 2124 §
2226 2050 2261 2105 2
2285 2096 2299 2117 ,
2332 2071 2447 2123 cap.
2483 2057 2535 2122 7,
2570 2066 2691 2113 (om.
2738 2076 2792 2115 ιιι
2818 2102 2830 2122 ,
2872 2079 2991 2135 pag.
3025 2064 3093 2119 52
3124 2065 3165 2135 ).
3207 2067 3277 2121 At
3317 2067 3362 2121 si
3406 2069 3563 2123 citata
3612 2070 3778 2141 paulo

2164 2157 2289 2202 ante
2315 2164 2342 2201 a
2376 2150 2532 2205 nobis
2560 2151 2796 2207 auctoris
2827 2158 2993 2210 nostri
3041 2158 3203 2214 verba
3243 2170 3334 2213 aut
3374 2156 3626 2233 legisset,
3668 2174 3769 2220 aut

2161 2254 2219 2292 se
2247 2242 2538 2311 aliquando
2570 2245 2763 2315 legisse
2792 2249 3152 2318 meminisset,
3188 2263 3396 2320 poterat
3424 2256 3609 2325 procul
3655 2257 3765 2313 du-

2161 2331 2250 2386 bio
2282 2332 2365 2387 illa
2398 2335 2448 2388 in
2482 2338 2805 2405 coiojectnrte
2854 2357 2964 2396 sua:
3016 2342 3154 2399 haud
3203 2336 3424 2415 prcrsus
3470 2346 3767 2406 invalidam

2159 2416 2401 2496 proferre
2429 2433 2914 2490 cotilirmationcm.

2229 2521 2389 2578 Venit
2416 2535 2687 2594 postremo
2708 2526 2967 2585 Minucius
2990 2532 3056 2587 ad
3082 2530 3359 2590 Platonem
3377 2578 3391 2603 ,
3417 2535 3504 2607 qui
3522 2579 3535 2602 ,
3562 2548 3618 2592 ut
3643 2537 3768 2610 ipse

2157 2614 2357 2673 refert:
2397 2638 2415 2669 ι
2448 2618 2706 2689 Loquitur
2729 2623 2877 2677 Plato
2923 2635 3098 2695 partes
3132 2627 3279 2683 orbis
3314 2645 3455 2686 nunc
3491 2630 3766 2691 inundare

2155 2705 2284 2762 dicit
2318 2728 2337 2762 ι
2370 2711 2506 2781 (sed
2538 2712 2638 2768 hoc
2666 2715 2908 2771 ultinmm
2951 2721 3173 2775 verbum
3214 2721 3461 2792 quidam,
3502 2735 3592 2779 aut
3631 2726 3766 2797 reji-

2153 2800 2426 2865 ciunt,aut
2455 2806 2706 2871 retinent,
2739 2808 2781 2861 si
2814 2821 2931 2877 post
2967 2809 3136 2873 Plato,
3167 2813 3440 2886 addatur),
3474 2835 3491 2867 ι
3527 2826 3578 2871 et
3610 2834 3763 2876 nunc

2153 2894 2376 2951 alternis
2418 2897 2621 2953 vicibus
2664 2900 2978 2968 ardescere;
3013 2912 3079 2966 et
3117 2920 3238 2959 cum
3281 2906 3452 2977 ipsum
3495 2908 3760 2966 mundum

2154 2996 2466 3057 perpetuum
2486 3034 2499 3057 ,
2535 3002 2590 3046 ct
2632 2991 2973 3049 iusiilubilem
3002 2995 3213 3053 diceret
3243 3014 3364 3054 esse
3397 2999 3711 3057 fabricatum
3737 3044 3755 3068 ,

2152 3080 2295 3134 addit
2340 3089 2517 3137 tamen
2563 3085 2659 3151 ipsi
2701 3085 2892 3141 artiﬁci
2937 3087 3045 3143 Deo
3086 3088 3223 3155 soli,
3266 3100 3315 3146 et
3349 3090 3663 3160 solubilem,
3697 3106 3762 3152 et

445 3172 528 3222 καὶ
560 3180 898 3238 καταλήγουσα
934 3181 979 3229 ἐν
1024 3182 1229 3246 πέρατι,
1265 3185 1294 3237 ἢ
1324 3180 1513 3248 ἀραιῷ,
1563 3186 1591 3239 ἦ
1644 3192 1818 3250 πυκνῷ.
1866 3182 1949 3234 καὶ
1990 3187 2045 3237 οὗ

2157 3192 2270 3231 esse
2298 3179 2598 3234 mortalem.
2634 3180 2709 3234 lta
2744 3183 2876 3236 nihil
2908 3182 3098 3239 mirum
3132 3182 3247 3252 erit,
3278 3178 3321 3241 Si
3356 3187 3454 3243 ista
3486 3190 3655 3244 moles
3682 3191 3761 3247 ab

447 3260 699 3327 λυομένου.
729 3270 887 3319 πάντα.
906 3281 966 3321 τα
994 3268 1038 3320 ἓν
1070 3273 1195 3337 ἐντῷ
1222 3276 1446 3338 σύγχυσιν
1474 3277 1719 3338 iubam”
1776 3277 1820 3326 ἕν
1846 3274 1880 3326 ὧ
1908 3280 2045 3346 λῆγον

447 3359 528 3410 οὐκ
559 3364 658 3411 ἔστι
687 3364 993 3414 καταλαϐεῖν.
1034 3381 1052 3413 ι
1076 3354 1304 3417 Μιιιὶάυε
1333 3374 1415 3419 est
1445 3366 1566 3418 (ἴωὶί
1595 3367 1838 3437 quzedam
1867 3370 2042 3423 contic

445 3440 662 3515 nenti'a,
697 3446 917 3520 stellas,
950 3464 1004 3509 et
1047 3463 1276 3523 terram,
1319 3470 1374 3513 et
1413 3476 1533 3530 qua:
1576 3460 1823 3516 videnlur
1864 3463 2042 3519 omnia

444 3544 755 3608 centineus.
801 3545 1294 3622 absciSsionemque
1331 3568 1399 3608 ex
1439 3554 1645 3610 inﬁnito
1677 3554 1913 3625 habens,
1958 3566 2039 3614 at‘

451 3646 555 3704 que
586 3637 634 3690 in
669 3630 900 3693 termino
930 3639 1183 3697 desinens
1212 3646 1327 3699 sive
1357 3662 1480 3701 raro
1501 3690 1515 3714 ,
1549 3647 1662 3703 sive
1700 3647 1900 3703 denso:
1934 3667 2043 3722 quo

443 3730 649 3797 Soluto,
681 3749 800 3804 qua!
830 3722 881 3790 in
913 3720 1003 3792 illo
1046 3748 1170 3792 sunt
1214 3740 1390 3794 omnia
1414 3783 1429 3808 ,
1476 3740 1847 3799 confusionem
1895 3746 2038 3801 acci-

443 3808 625 3892 pient:
658 3836 749 3880 aut
780 3826 1063 3896 desinens,
1094 3840 1183 3885 aut
1224 3830 1275 3887 in
1315 3848 1408 3901 eo,
1454 3832 1593 3905 quod
1637 3837 2036 3907 circumagitur,

440 3925 533 3971 aut
565 3919 614 3972 in
642 3937 740 3987 eo,
768 3916 909 3992 quod
939 3922 1284 3980 stabilitatem
1316 3923 1506 3982 habet.
1529 3967 1541 3979 .
1563 3968 1575 3981 .
1600 3967 1614 3981 .
1644 3929 1694 3982 in
1723 3946 1830 3999 quo
1860 3932 2042 3985 termi-

441 4027 567 4066 num
620 4002 1082 4079 comprehendere
1128 4018 1432 4090 nequimus.
1462 4040 1481 4075 ι
1508 4020 1830 4079 Plutarchus
1872 4041 2036 4092 vero,

438 4102 590 4170 cuius
620 4103 884 4162 Eusebius
914 4109 1075 4166 verba
1107 4102 1319 4181 retulit,
1352 4108 1469 4169 hmc
1502 4127 1686 4173 narrat
1716 4118 1766 4172 in
1799 4120 2040 4176 secundo

438 4194 506 4251 de
545 4197 761 4255 Placitis
815 4202 1256 4275 philosotihorUm
1308 4206 1477 4263 libro:
1526 4217 1785 4279 Επίκουρος
1830 4221 2039 4286 φθαρτὸν

439 4288 655 4363 (κόσμων)
685 4299 758 4349 ὅτι
781 4306 962 4366 ⁴μιιντόν
982 4338 994 4361 ,
1024 4304 1082 4361 ὡς
1109 4310 1255 4365 gat»,
1285 4307 1344 4363 ὡς
1372 4312 1533 4374 φυτὸν.
1570 4300 1586 4355 t
1612 4303 1872 4373 Epicurus
1901 4306 2040 4375 peri-

438 4391 618 4438 turum
642 4428 653 4449 ,
681 4385 816 4440 dixit
846 4387 1175 4460 (mundum)
1204 4392 1323 4461 quia
1353 4394 1564 4465 genitus
1592 4397 1692 4455 sit.
1724 4405 1777 4449 nt
1805 4398 2040 4453 animan-

438 4482 579 4543 tctn,
626 4486 680 4532 et
724 4478 956 4549 plantam
1002 4480 1323 4552 (Plutarch.
1366 4485 1455 4541 lib.
1506 4489 1636 4542 nde
1669 4482 1855 4543 Plocit.
1897 4489 2037 4547 Phil.

2151 3285 2246 3333 eo,
2279 3287 2384 3340 quo
2414 3281 2653 3328 extructa
2684 3282 2764 3328 est
2785 3317 2799 3341 ,
2832 3274 3158 3331 destruatur.
3189 3298 3209 3330 ι
3243 3278 3356 3334 Dno
3388 3280 3455 3335 ibi
3489 3282 3758 3337 Minucius

2148 3381 2175 3416 a
2206 3364 2428 3420 Platone
2460 3380 2664 3421 assi-rta
2700 3378 2899 3422 narrat.
2928 3368 3111 3424 Primo
3140 3372 3399 3426 mundum
3425 3388 3455 3427 a
3483 3374 3591 3428 Deo
3623 3394 3641 3425 ι
3671 3376 3758 3429 ἰη-

2147 3456 2428 3513 solubilem
2459 3478 2476 3511 ι
2507 3470 2745 3514 ert-alunt
2767 3506 2781 3529 ,
2814 3462 2906 3516 sed
2938 3463 3009 3517 ita
3036 3474 3212 3518 tamen
3242 3473 3297 3519 tit
3324 3467 3392 3519 ab
3421 3465 3513 3520 illo
3538 3466 3667 3520 solvi
3696 3477 3757 3522 et

2146 3551 2346 3608 destrui
2379 3555 2569 3624 possit.
2606 3554 2858 3611 Secundo
2901 3568 3081 3626 partes
3121 3557 3303 3613 mundi
3346 3558 3568 3614 alternis
3612 3559 3752 3617 vici-

2149 3645 2245 3698 bus
2271 3688 2284 3707 ,
2319 3660 2405 3700 aut
2438 3646 2728 3714 inundare,
2760 3648 2809 3702 id
2842 3638 2958 3716 est,
2990 3651 3143 3721 aquis
3168 3652 3361 3721 obrui,
3393 3660 3483 3708 aut
3515 3673 3534 3706 t
3559 3653 3753 3710 ardcs-
3778 3674 3816 3703 ο

2146 3755 2303 3807 cere,
2336 3760 2354 3793 ι
2389 3742 2489 3796 hoc
2521 3752 2603 3797 est
2633 3745 2754 3813 igne
2783 3745 3141 3802 concremari.

2219 3834 2288 3887 At
2340 3835 2569 3903 primttm
2615 3836 2829 3903 quidem
2866 3837 3017 3893 Plalo
3048 3841 3385 3909 apertissime
3416 3832 3613 3896 edixit:
3649 3854 3753 3905 Δη-

2146 3932 2361 3997 λοὺμενις
2379 3927 2457 3983 οὖν
2484 3936 2675 4002 ἄριστον
2702 3940 2909 4002 γξνλημκ
2938 3958 3044 3988 ποις
3068 3961 3110 3999 ν,
3141 3947 3305 3992 τοῦτον
3336 3943 3486 3992 ἐποίει
3514 3946 3632 3992 Θῖόν
3659 3964 3759 4007 γεν-

2142 4034 2300 4086 νητὸν,
2332 4031 2513 4080 obnoxii.
2541 4032 2884 4099 φθαρησόμενον
2915 4031 2994 4084 ὑπ’
3022 4032 3152 4102 ἄλλῳ
3178 4034 3321 4103 αἰτίῳ
3355 4075 3368 4095 ,
3399 4042 3486 4100 ἔξω
3510 4046 3576 4105 τῷ
3603 4039 3757 4089 αὐτὸν

2145 4128 2499 4190 σηντεταγμξνῳ
2529 4128 2665 4191 ego,
2700 4131 2870 4178 εἴτοκα
2911 4128 3074 4187 axis-ro
3114 4130 3257 4197 utut-6v
3295 4131 3526 4183 διαὶὺειν.
3562 4146 3581 4179 ι
3610 4129 3753 4185 Cum

2145 4212 2306 4282 igitur
2358 4214 2495 4270 Deus
2544 4217 2704 4272 Vellet
2756 4219 3175 4289 puchn-rrimum
3223 4222 3441 4287 ltetum,
3487 4220 3753 4278 mundum

2145 4307 2480 4377 producere,
2526 4308 2668 4365 hunc
2707 4308 2885 4368 ell‘ecit
2931 4314 3094 4369 Deum
3135 4316 3410 4380 genitum.
3455 4333 3753 4388 numquam

2145 4403 2595 4473 corrumpendum
2627 4405 2694 4462 ab
2724 4408 2825 4463 alia
2858 4423 3049 4478 causa,
3086 4420 3281 4482 pra-ter
3320 4426 3482 4482 quam
3522 4429 3551 4466 a
3596 4412 3752 4482 Deo,

2144 4498 2234 4567 qui
2263 4500 2434 4569 ipsum
2464 4496 2769 4570 composuit
2791 4545 2804 4569 ,
2834 4504 2877 4559 si
2906 4507 3120 4575 quando
3151 4506 3316 4562 voluit
3347 4508 3521 4576 ipsum
3551 4509 3756 4565 dissol-

432 4585 550 4639 cap.
598 4570 657 4625 4.
702 4564 822 4643 ρὰθ.
882 4572 1007 4630 886.
1058 4564 1247 4633 Euseb.
1283 4580 1372 4634 lib.
1408 4597 1477 4635 xv
1506 4580 1744 4652 Prtvpur.
1810 4582 2034 4656 Evuug.,
2062 4592 2116 4654 D
2146 4564 2330 4663 vere‘(
2360 4591 2532 4649 Plato.
2578 4564 2629 4649 in
2660 4564 2883 4663 Timore,
2924 4564 3052 4655 iam.
3080 4615 3168 4667 tu,
3204 4618 3323 4672 pag.
3356 4564 3426 4657 D4
3518 4622 3537 4655 ι
3574 4603 3752 4671 Quam

434 4680 555 4734 pag.
611 4664 762 4735 812).
818 4687 836 4719 ι
871 4668 1148 4727 Testatnm
1194 4690 1326 4730 vero
1396 4674 1705 4731 Lactantius
1755 4678 1889 4734 facit:
1924 4680 2039 4737 hmc

437 4756 624 4813 hausta
676 4761 745 4816 ab
798 4752 1031 4830 Epicuro
1080 4783 1145 4822 ex
1204 4764 1496 4825 Democriti
1546 4772 1824 4829 fantibus:
1865 4794 1883 4826 ι
1914 4774 2041 4846 Epi-

435 4867 628 4917 curus,
676 4865 896 4911 auctore
944 4857 1283 4929 Democrito,
1314 4852 1389 4917 ait
1421 4866 1673 4921 mundmn
1696 4910 1709 4933 ,
1741 4880 1794 4923 et
1826 4880 1999 4925 ortum
2022 4913 2038 4939 ,

436 4952 491 4999 et
511 4945 800 5016 aliquando
825 4966 945 5006 csse
974 4955 1294 5023 periturum.
1332 4978 1350 5010 ι
1381 4958 1569 5015 Postea
1599 4978 1725 5016 vero
1754 4963 1893 5018 illius
1921 4965 2040 5034 opi-

356 5100 359 5101 ν
439 5038 651 5094 nionem
679 5042 1008 5102 enucleatius
1033 5048 1286 5119 exponit:
1317 5070 1335 5103 ι
1366 5034 1659 5124 Epicurus,
1695 5052 1862 5127 inquit
1882 5100 1896 5123 ,
1928 5059 2042 5115 sive

441 5129 776 5190 Democritus
822 5155 915 5196 sua
956 5142 1150 5212 sponte
1181 5156 1360 5199 natum
1392 5132 1512 5202 esse
1542 5144 1711 5214 dixit,
1742 5148 2039 5207 seminibus

439 5218 582 5278 inter
623 5241 682 5282 se
722 5234 1075 5303 coeuntibus,
1108 5236 1303 5306 quibus
1343 5230 1535 5294 iterum
1570 5232 1840 5307 rt-Solutis,
1873 5240 2035 5297 dissi-

436 5315 620 5383 dium,
654 5322 814 5389 ﬁtque
842 5320 1115 5382 interitum
1143 5316 1452 5386 secumruin
1486 5330 1783 5404 (Lactant.,
1814 5334 1901 5389 lib.
1934 5338 2029 5406 'vu,

438 5409 609 5465 Divin.
635 5411 829 5483 lustit.,
854 5432 969 5487 cap.
999 5438 1117 5493 pag.
1141 5420 1266 5486 647,
1294 5435 1338 5479 et
1365 5443 1481 5495 cap.
1507 5428 1561 5495 5,
1588 5446 1709 5500 pag.
1737 5427 1841 5483 657
1863 5428 1935 5497 ).ι
1968 5414 2033 5486 Et

437 5515 582 5560 recte
610 5506 847 5575 quidem.
888 5508 1019 5566 Nam
1063 5515 1221 5585 paulo
1262 5533 1419 5588 supra
1466 5519 1785 5590 Epicureum
1827 5522 2033 5578 audivi-

435 5613 586 5665 mus,
617 5600 707 5670 qui
736 5600 876 5671 apud
905 5600 1221 5664 Ciceronem
1252 5624 1524 5669 asseverat
1555 5630 1745 5685 omne,
1777 5616 1917 5687 quod
1947 5632 2033 5672 or-

432 5686 544 5748 ιιιηὶ
591 5706 665 5750 est
688 5736 703 5762 ,
732 5699 1041 5754 necessario
1070 5700 1384 5771 peritorum.

506 5786 574 5845 At
624 5790 862 5847 nondum
917 5793 1047 5850 satis
1095 5798 1431 5870 eXploratum
1484 5803 1744 5861 habemus
1795 5818 2029 5876 quonam

2142 4700 2272 4741 sane
2310 4685 2380 4742 ob
2419 4703 2636 4744 causam
2675 4690 2743 4745 ab
2785 4691 3020 4747 Arnobio
3061 4692 3251 4748 litteris
3300 4693 3401 4750 hoc
3432 4696 3749 4752 mandatum

2141 4779 2403 4850 legimus:
2434 4800 2451 4833 ι
2474 4780 2625 4837 Plato
2653 4783 2740 4839 ille
2768 4784 2978 4839 divinus
3008 4787 3171 4842 multa
3198 4788 3267 4845 de
3295 4789 3402 4844 Deo
3426 4788 3616 4861 digna.
3647 4805 3751 4847 nec

2141 4877 2445 4930 Communia
2494 4878 2733 4933 sentiens
2783 4878 3143 4948 multitudini,
3189 4882 3239 4936 in
3268 4897 3334 4937 eo
3380 4870 3633 4938 sermone
3682 4899 3749 4941 ac

2143 4969 2313 5036 libro,
2362 4970 2447 5025 cui
2493 4986 2689 5027 nomen
2719 4972 2941 5030 Timwus
2986 4976 3315 5042 inscribitur,
3356 4977 3490 5034 deos
3524 4976 3653 5035 dicit
3692 4989 3751 5036 et

2147 5064 2403 5119 mundum
2450 5069 2826 5136 corruptibiles
2872 5086 2992 5126 esse
3036 5081 3259 5141 natura,
3303 5089 3481 5145 neque
3523 5077 3746 5134 omnino

2139 5158 2510 5214 dis<olntionis
2555 5172 2839 5232 expertes:
2887 5163 2980 5219 sed
3023 5166 3300 5221 voluntate
3343 5167 3433 5222 Dei
3486 5172 3624 5240 regis
3677 5186 3743 5225 ac

2141 5250 2431 5322 principis,
2479 5255 2749 5310 vinctione
2790 5257 2843 5312 in
2891 5268 3147 5329 perpetua
3187 5261 3452 5317 contineri
3480 5262 3741 5334 (Arnob.,

2136 5350 2225 5406 lib.
2257 5368 2291 5406 Il
2315 5395 2329 5421 ,
2364 5369 2483 5423 pag.
2517 5351 2649 5427 68
2688 5374 2708 5408 ι

2210 5445 2485 5502 Testatutn
2533 5458 2708 5504 autem
2759 5447 2881 5503 fecit
2923 5449 3075 5504 Philo
3113 5448 3330 5507 Judmus
3369 5451 3511 5509 hanc
3550 5470 3743 5510 revera

2135 5539 2301 5597 fuisse
2345 5541 2584 5597 Platonis
2629 5542 2696 5599 de
2747 5542 2947 5598 mundo
2988 5552 3169 5599 creato
3224 5557 3277 5601 et
3344 5546 3741 5616 incorruptibili

2136 5637 2494 5705 sententiam,
2544 5635 2666 5706 quia
2713 5636 2781 5692 ab
2828 5636 2917 5693 illo
2965 5639 3104 5694 Deus
3145 5653 3429 5710 supremus
3470 5641 3742 5698 inducitur

2137 5729 2251 5785 thC
2296 5731 2361 5786 ad
2408 5731 2541 5786 alios
2578 5732 2710 5788 deos
2749 5731 2939 5788 fecisse
2980 5734 3175 5789 verba:
3223 5733 3407 5811 (Phil.
3448 5735 3537 5791 lib.
3586 5736 3741 5802 Quod

2135 5825 2311 5881 mund.
2358 5828 2422 5881 sit
2461 5842 2665 5898 corrup.
2715 5844 2835 5899 pag.
2879 5826 2984 5884 950
3004 5826 3048 5900 ).
3090 5836 3200 5884 Beat
3237 5836 3381 5897 θεῶν,
3427 5832 3488 5885 ὧν
3523 5837 3612 5903 ἐγὼ
3651 5837 3741 5894 δη-
