4058 6316
452 277 558 334 479

1749 273 1840 330 DE
1883 271 2138 331 MINUCII
2173 273 2472 331 OCTAVIO

3654 277 3765 335 480

454 391 670 461 tigasse,
707 390 790 448 vel
816 389 1331 461 ausos_investigare
1358 401 1535 445 utrum
1582 404 1707 447 vera
1736 401 1918 447 essent
1960 390 2052 446 illa
2080 394 2127 452 Α
2160 394 2408 463 ptismate
2454 391 2828 461 iuitiabantnr,
2877 398 3088 470 quoties
3140 398 3434 456 Christiani
3490 399 3770 456 solemnes

453 484 886 541 Christianorum
914 484 1163 551 crimina,
1189 500 1257 540 ne
1282 483 1415 541 falsa
1433 498 1554 541 esse
1580 485 1871 557 aliquando
1893 501 2057 558 agno-

453 588 688 636 scerent.
721 579 934 637 Nullum
964 595 1179 653 quoque
1199 580 1487 651 cujuslibet
1514 581 1839 636 conditionis
1870 580 2052 637 homi-

455 689 604 743 nem,
636 685 695 732 ut
723 687 906 747 postea
935 676 1167 741 dicetur,
1198 677 1443 734 invenire
1463 692 1715 749 umquam
1742 686 2055 750 potuerunt,

455 767 560 823 nisi
604 769 961 841 paucissimos
986 767 1415 827 Christianorum
1448 772 1738 828 mendaces
1776 786 1997 839 servos,
2029 788 2057 825 a

457 862 653 933 quibus
682 865 1087 921 crudelissimus
1116 865 1357 921 omnium
1390 877 1668 938 tyrannus.
1692 867 2062 940 exquisitissi-

458 956 562 1010 mis
586 957 979 1028 quantumlibet
1028 957 1309 1031 suppliciis
1333 968 1656 1031 extorquere
1692 963 1958 1031 potuerit,
2001 971 2059 1016 nt

458 1045 574 1104 haec
628 1050 853 1106 crimina
883 1066 1011 1109 vera
1050 1062 1107 1109 et
1135 1068 1164 1107 a
1192 1051 1513 1111 Christianis
1543 1063 1752 1124 patrata
1791 1052 1956 1109 fuisse
1982 1052 2059 1108 fa-

464 1150 686 1201 teretur.

530 1233 788 1302 Quamvis
819 1248 998 1295 autem
1043 1238 1147 1295 hoc
1174 1249 1282 1293 tam
1310 1250 1516 1295 certum
1540 1282 1555 1309 ,
1583 1256 1744 1313 quam
1785 1242 2058 1314 publicum

458 1328 824 1387 testimonium
878 1331 943 1387 ad
983 1332 1198 1388 Minucii
1251 1334 1422 1389 nostri
1474 1334 1591 1390 haec
1618 1336 1917 1392 execranda
1955 1338 2064 1393 cri-

456 1421 600 1477 mina
646 1423 771 1493 jure
810 1426 1004 1480 merito
1048 1425 1327 1495 prwfracte
1357 1428 1641 1497 negantis,
1687 1430 2058 1499 explicandam

455 1517 990 1590 conlirmandamqne
1017 1522 1342 1577 sententiam
1381 1522 1683 1587 sufficiant;
1716 1523 1839 1594 quia
1872 1533 2055 1580 tamen

458 1609 713 1666 Cascilius
737 1615 898 1683 paulo
936 1614 1127 1681 aliter,
1159 1629 1320 1685 quam
1351 1614 1498 1670 citati
1523 1630 1552 1669 a
1584 1617 1737 1671 nobis
1764 1618 2058 1687 scriptores

459 1702 598 1759 hanc
628 1705 842 1761 instruit
885 1707 1281 1763 accusationem
1304 1751 1318 1773 ,
1346 1708 1495 1779 juvat
1527 1725 1649 1766 eum
1688 1710 1896 1766 audire.
1938 1713 2055 1782 Quo

2164 488 2379 556 quidem
2408 503 2531 545 suos
2559 499 2765 557 (cetus,
2798 491 2890 548 sed
2920 505 3161 550 secretos
3201 494 3445 550 inibant?
3491 495 3638 550 Bene
3684 504 3768 550 la-

2167 600 2287 639 mcn
2343 592 2467 651 est,
2511 586 2654 654 quod
2707 584 3012 643 Gronovius
3060 589 3289 646 infantes
3344 589 3513 646 sacris
3581 588 3771 660 Bapti-

2165 678 2353 731 smatis
2420 676 2578 734 undis
2617 685 2776 736 actate
2838 680 3051 738 Minucii
3108 681 3304 739 Felicis
3342 683 3553 739 ablutos
3597 683 3771 740 fuisse

2166 770 2307 825 ultro
2338 769 2587 826 fateatur.

2236 862 2387 930 Quod
2421 878 2549 917 vero
2579 874 2787 934 spectat
2812 866 2878 923 ad
2926 869 3183 937 crimina,
3214 884 3439 939 quorum
3468 867 3769 924 Christiani

2168 966 2273 1012 tam
2311 957 2477 1025 falso,
2523 974 2680 1029 quam
2727 970 2928 1020 temere
2953 963 3380 1036 postulabantur.
3414 964 3480 1019 dc
3519 963 3603 1018 bis
3630 962 3774 1017 Ter-

2166 1050 2416 1105 tullianus
2446 1054 2700 1122 scriptum
2733 1054 2883 1111 nobis
2915 1056 2964 1111 id
2995 1056 3207 1124 reliquit
3250 1074 3263 1109 :
3314 1075 3333 1109 ι
3380 1054 3617 1111 Dicimur
3642 1069 3772 1110 sce-

2165 1140 2470 1198 leratissimi
2497 1144 2564 1198 de
2589 1156 2931 1201 sacramento
2957 1146 3295 1215 infanticidii,
3318 1157 3371 1201 et
3396 1147 3592 1217 pabulo
3614 1145 3767 1211 inde,

2164 1244 2219 1290 et
2259 1245 2378 1305 post
2404 1238 2706 1292 convivium
2743 1239 2980 1305 incesto;
3021 1238 3165 1309 quod
3194 1254 3476 1295 eversores
3501 1239 3771 1294 luminum

2163 1341 2356 1393 c.1nes,
2390 1329 2613 1385 lenones
2651 1330 2858 1385 scilicet
2889 1332 3171 1394 tenebras,
3217 1339 3328 1386 tum
3380 1341 3435 1387 et
3476 1331 3772 1387 libidinum

2164 1423 2449 1493 impiarum
2484 1425 2917 1482 inverecundiam
2966 1435 3257 1496 procurent
3283 1424 3526 1498 (Tertull.
3559 1423 3773 1495 Apolo-

2163 1527 2264 1589 get.
2295 1533 2413 1589 cap.
2440 1521 2492 1583 7,
2514 1536 2637 1590 pag.
2656 1518 2736 1592 8).
2764 1520 2837 1575 lbi
2859 1530 3036 1574 autem
3061 1518 3151 1574 ille
3177 1520 3359 1590 paucis
3380 1518 3557 1573 verbis
3580 1516 3775 1573 omnia

2164 1613 2405 1683 congerit
2435 1614 2682 1680 crimina,
2716 1631 2835 1686 qua:
2861 1613 3131 1676 Caacilins.
3163 1617 3278 1669 sive
3308 1612 3572 1669 Minucius
3603 1612 3780 1683 pluri-

2168 1711 2265 1765 bus
2291 1709 2491 1777 edixit,
2518 1724 2710 1779 nempe
2735 1710 3154 1773 infanticidium,
3183 1709 3484 1764 convivium
3510 1723 3676 1763 carne
3705 1716 3767 1763 et

459 1797 662 1853 etenim
718 1798 877 1854 modo
906 1799 1104 1856 ethnici
1146 1810 1270 1856 tunc
1313 1800 1616 1858 detestabili
1658 1804 1748 1858 illo
1781 1805 2059 1861 mendacio
2090 1799 2136 1859 B
2165 1804 2424 1875 sanguine
2495 1803 2713 1858 infantis
2781 1802 3225 1857 inhumanissime
3296 1803 3457 1859 occisi
3525 1800 3764 1856 adorna-

463 1889 808 1959 impudcnter
845 1891 1214 1959 abuterentur,
1263 1896 1405 1949 hunc
1454 1894 1542 1950 ille
1579 1895 1808 1965 explicat
1846 1898 1899 1952 in
1948 1915 2062 1953 mo-

461 1982 588 2038 dum
630 2001 644 2039 :
702 2003 721 2036 ‹
764 1984 838 2040 De
886 1984 1161 2041 initiandis
1193 1986 1473 2042 tirunculis
1518 1988 1689 2043 fabula
1740 1998 1845 2044 tam
1889 1990 2062 2047 detes-

462 2076 646 2144 tanda,
676 2094 836 2150 quam
866 2092 991 2135 neta
1016 2088 1116 2136 est.
1149 2079 1329 2135 Infans
1361 2080 1502 2136 farre
1526 2090 1834 2149 contectus,
1868 2093 1926 2139 ut
1959 2085 2057 2141 de-

462 2173 665 2245 cipiant
696 2174 939 2231 incautos
963 2216 978 2239 ,
1010 2176 1300 2246 apponitur
1324 2176 1371 2231 ei
1396 2178 1483 2244 qui
1507 2178 1674 2233 sacris
1697 2178 1971 2236 imbuitur.
2008 2180 2057 2236 Is

462 2263 640 2322 infans
678 2282 708 2322 a
742 2267 1007 2324 tirunculo
1036 2267 1193 2324 farris
1220 2267 1525 2341 superficie,
1552 2270 1703 2341 quasi
1726 2271 1791 2326 ad
1813 2272 2061 2329 innoxios

463 2357 601 2416 ictus
624 2370 945 2429 provocato,
975 2362 1133 2418 czrcis
1167 2364 1497 2434 occultisque
1525 2364 1836 2421 vulneribus
1862 2367 2064 2422 occidi-

464 2462 570 2509 tur.
596 2453 785 2525 llujus,
805 2455 939 2527 proh
964 2454 1147 2512 nefas!
1183 2456 1428 2513 sitienter
1454 2459 1765 2530 sanguinem
1797 2460 2061 2529 lamlmnt,

464 2544 625 2616 hujus
652 2549 900 2603 certatim
938 2548 1181 2604 membra
1209 2550 1535 2620 diSpertiunt
1688 2551 1754 2606 Et
1783 2553 1851 2607 de
1882 2554 2065 2608 eonvi-

462 2639 552 2695 vio
582 2651 767 2695 nounn
799 2649 1006 2696 est.....
1038 2640 1121 2698 Ad
1151 2642 1338 2711 epulas
1358 2642 1582 2698 solemni
1613 2643 1700 2699 die
1730 2655 1924 2699 coeunt
1942 2661 2063 2700 cum

464 2734 715 2790 onmibus
743 2734 929 2790 liberis
952 2778 968 2803 ,
1014 2736 1290 2792 sororibus
1311 2776 1325 2799 ,
1360 2737 1619 2792 matribus
1643 2780 1657 2803 ,
1700 2752 1860 2793 sexus
1890 2739 2066 2794 omnis

466 2825 735 2895 homines,
756 2838 810 2882 et
826 2829 1002 2884 omnis
1022 2829 1215 2884 aetatis.
1247 2828 1362 2885 Illic
1384 2842 1497 2898 post
1530 2829 1728 2886 multas
1749 2831 1954 2899 epulas,
1978 2832 2065 2887 ubi

466 2922 775 2979 convivium
805 2923 1005 2987 caluit,
1030 2932 1087 2978 et
1118 2924 1336 2979 incestte
1363 2923 1604 2980 libidinis
1630 2923 1779 2980 furor
1804 2926 2067 2982 ebrietate

464 3009 694 3078 exarsit,
731 3013 879 3066 canis
901 3011 988 3077 qui
1016 3008 1346 3067 candelabro
1370 3026 1537 3065 nexus
1562 3020 1681 3073 est,
1710 3010 1856 3081 jactn
1887 3010 2066 3066 offula:

465 3107 605 3163 ultra
634 3109 865 3179 spatium
897 3109 1086 3175 lineae,
1111 3125 1215 3181 qua
1238 3111 1449 3165 vinctus
1474 3121 1551 3165 est
1571 3152 1586 3173 ,
1617 3111 1682 3165 ad
1726 3112 1980 3177 impetum
2014 3123 2066 3168 et

2166 1906 2278 1953 tum
2300 1938 2315 1964 ,
2346 1910 2629 1952 eversores
2658 1894 2853 1950 dehinc
2893 1895 3150 1949 luminum
3182 1909 3344 1950 canes
3368 1936 3383 1960 ,
3423 1909 3487 1949 ac
3525 1895 3768 1965 promis-

2165 2005 2297 2045 cuos
2327 1989 2596 2059 quoslibet
2622 1989 2939 2044 Concubitus
2965 1999 3131 2057 atque
3185 1987 3439 2043 incestus.
3473 1986 3549 2043 lbi
3582 1995 3776 2042 tamen

2166 2083 2525 2139 Tertullianus
2570 2099 2674 2138 non
2722 2083 3002 2152 perSpicue
3038 2082 3257 2137 omnino
3293 2081 3579 2150 edisserit,
3622 2096 3773 2152 quo-

2168 2179 2333 2233 modo
2361 2177 2539 2233 infans
2561 2177 2832 2232 diceretur
2856 2194 2886 2233 a
2911 2176 3234 2232 Christianis
3261 2175 3457 2231 occidi.

2244 2274 2441 2340 Aperte
2466 2281 2642 2326 autem
2673 2283 2855 2340 posma
2888 2269 3128 2325 declarat
3157 2268 3398 2324 ethnicos
3428 2283 3613 2324 revera
3640 2282 3778 2323 cre-

2167 2366 2370 2422 didisse
2417 2383 2444 2419 a
2488 2364 2807 2421 Christianis
2834 2374 3119 2435 exceptum
3148 2363 3366 2419 infantis
3392 2365 3569 2419 rudem
3594 2407 3609 2431 ,
3650 2364 3779 2420 sive

2167 2459 2391 2516 crudum
2421 2460 2741 2530 sanguinem,
2766 2474 2938 2529 eoque
2967 2473 3157 2528 panem
3187 2458 3487 2523 intinctum,
3516 2470 3623 2526 quo
3650 2465 3775 2511 tum

2167 2554 2416 2625 quidem,
2452 2552 2900 2624 quemadmodum
2947 2561 3002 2607 et
3041 2552 3283 2621 ejusdem
3324 2550 3540 2607 infantis
3583 2552 3779 2606 carni-

2169 2645 2288 2710 bus,
2319 2645 2669 2701 vescebantur
2700 2644 2861 2713 (Ibid.
2894 2660 3012 2715 cap.
3039 2644 3074 2699 8
3100 2685 3115 2708 ,
3159 2660 3281 2715 pag.
3328 2642 3408 2712 9).
3440 2643 3557 2698 Alio
3582 2653 3776 2697 autem

2171 2740 2222 2795 in
2258 2739 2393 2793 libro
2417 2738 2698 2793 obscurius
2725 2738 2986 2807 loquitur,
3021 2736 3265 2807 nihlque
3294 2735 3439 2792 aliud
3470 2744 3775 2799 memorat,

2170 2832 2273 2887 nisi
2321 2848 2339 2881 ί
2383 2830 2814 2897 infanticidium,
2866 2829 3052 2884 horam
3094 2830 3466 2894 lucernarum,
3514 2828 3777 2884 caninum

2174 2926 2549 2988 ministerium,
2583 2931 2638 2977 et
2662 2922 2869 2992 ingenia
2900 2922 3269 2988 tenebrarum,
3307 2940 3327 2974 ι
3361 2921 3553 2992 quibus
3580 2918 3779 2975 favenc

2173 3020 2336 3078 tibus.
2367 3017 2657 3073 Christiani
2683 3016 2922 3086 quolibet
2948 3025 3155 3082 stupro,
3185 3015 3452 3070 adulterio
3476 3027 3531 3071 et
3557 3017 3777 3070 incestu

2170 3112 2519 3169 centaminari
2574 3111 2892 3168 dicebantur
2935 3110 3107 3179 (Idem
3137 3152 3151 3177 ,
3204 3110 3291 3164 lib.
3341 3126 3358 3165 ι
3405 3111 3472 3163 ad
3524 3108 3771 3176 Nation.,

468 3200 664 3256 saltum
691 3212 1033 3272 provocatur.
1070 3202 1160 3260 Sic
1185 3217 1379 3259 everso
1401 3213 1455 3259 et
1479 3203 1719 3259 extincto
1744 3207 1963 3261 conscio
1986 3206 2067 3260 lu-
2093 3202 2139 3267 C
2172 3224 2292 3277 cap.
2323 3207 2390 3261 15
2424 3216 2470 3260 et
2511 3204 2610 3267 16,
2643 3222 2762 3277 png.
2792 3205 2905 3272 60).
2943 3204 3049 3261 Sed
3081 3204 3196 3259 lucc
3224 3218 3324 3258 suo
3357 3205 3472 3259 loco
3512 3204 3781 3259 enuclea-

468 3295 636 3358 mine,
668 3294 1071 3365 impudentibus
1111 3296 1368 3363 tenebris,
1401 3312 1571 3353 nexus
1604 3297 1835 3353 infanda-
1862 3298 2067 3369 cupidi-

468 3386 596 3442 tatis
620 3386 925 3456 involvunt,
958 3405 1051 3457 per
1084 3392 1345 3446 incertum
1375 3390 1559 3459 sortis,
1586 3394 1704 3447 etsi
1741 3408 1847 3448 non
1879 3409 2068 3449 omnes

470 3495 657 3553 opera,
687 3484 1021 3542 conscientia
1045 3494 1223 3543 tamen
1255 3487 1465 3543 incesti.
1506 3506 1524 3539 s
1561 3488 1697 3555 Quid
1730 3487 1813 3543 his
1840 3488 2066 3544 sceleri-

470 3577 573 3635 bus
612 3578 780 3651 magis
816 3580 1063 3647 crudele,
1109 3580 1329 3652 impium
1355 3621 1371 3647 ,
1417 3580 1802 3647 inhumanum,
1835 3591 1889 3637 ct
1937 3581 2064 3637 hor-

471 3671 553 3729 rid
561 3688 648 3729 ttm
662 3673 686 3725 τ

546 3768 615 3823 At
659 3767 970 3839 priusquam
1017 3769 1243 3824 ulterius
1295 3769 1718 3841 progrediamur,
1773 3770 2067 3825 observan-

474 3858 602 3916 dum
633 3871 716 3917 est
757 3862 808 3917 in
849 3861 1215 3934 manuscripto
1246 3861 1431 3918 codice
1459 3862 1558 3933 legi
1591 3880 1605 3917 :
1646 3882 1664 3916 ‹
1699 3862 1923 3918 lncestm
1950 3863 2070 3919 libi-

473 3953 614 4009 dinis
658 3953 834 4010 fervor
858 3954 1167 4019 ebrietatis;
1204 3974 1223 4008 ι
1271 3954 1365 4010 sed
1410 3954 1611 4011 librarii
1641 3954 1919 4011 oscitantia
1946 3997 1962 4021 ,
2014 3964 2073 4012 ut

476 4046 723 4118 plerique
751 4047 991 4103 arbitrati
1021 4058 1167 4104 sunt.
1207 4048 1468 4119 Quocirca
1512 4050 1563 4104 in
1607 4050 1848 4121 pluribus
1873 4050 2071 4106 editio-

477 4136 636 4193 nihus
660 4139 916 4210 scriptum
946 4143 1226 4197 voluerunt
1254 4143 1490 4198 ebrietate
1511 4184 1527 4208 ,
1558 4148 1688 4199 satis
1717 4145 1898 4214 utique
1925 4143 2071 4200 claro

476 4239 529 4286 et
562 4241 749 4301 aperto
777 4247 958 4288 sensu.
993 4233 1189 4289 Verum
1229 4234 1344 4292 ha-c
1381 4236 1687 4291 emendatio
1727 4253 1832 4291 non
1876 4237 2073 4306 placuit

475 4322 775 4391 Gronovio,
806 4327 895 4398 qui
928 4342 1087 4384 voces
1114 4329 1318 4384 incesta:
1346 4329 1572 4385 libidinis
1602 4330 1919 4400 depravatas
1948 4345 2070 4385 sns-

477 4418 686 4488 picatus
728 4428 843 4482 est,
884 4434 948 4476 ac
974 4420 1254 4492 legendum
1289 4441 1308 4474 ι
1342 4422 1393 4477 ἰη
1422 4437 1593 4477 ωιεθε
1620 4421 1865 4477 libidines
1898 4421 2074 4478 fervor

477 4512 755 4570 ebrietatis
791 4516 1011 4572 exarsit.
1048 4535 1067 4570 r
1118 4515 1251 4571 Nam
1294 4515 1363 4572 de
1402 4516 1637 4584 incestu,
1672 4516 1872 4585 inquit,
1916 4516 2074 4583 paulo

2172 3300 2278 3355 tius
2325 3298 2713 3370 explicabimus
2757 3296 2999 3369 (Dissert.
3078 3298 3132 3352 in
3178 3295 3434 3365 Tertull.,
3488 3314 3606 3369 cap.
3658 3297 3773 3365 20,

2172 3406 2276 3451 art.
2311 3395 2382 3466 l).
3400 3384 3405 3387 ’

2244 3488 2502 3559 Origenes
2551 3503 2678 3542 vero
2736 3487 2822 3542 ubi
2882 3486 3093 3542 Celsum
3152 3485 3269 3542 lucc
3318 3485 3491 3541 adhuc
3542 3485 3777 3541 crimina

2171 3578 2492 3635 Christianis
2522 3580 2676 3635 solita
2712 3580 3036 3649 procacitate
3061 3578 3421 3648 objectantem
3453 3593 3547 3648 pro
3575 3578 3780 3633 merito

2172 3676 2417 3744 castigat,
2451 3674 2519 3728 ibi
2552 3671 2866 3728 testificatur
2894 3670 3051 3740 hujus
3077 3669 3379 3737 calumniae,
3407 3670 3476 3725 ab
3500 3670 3616 3740 ipso
3644 3683 3777 3724 nas-

2172 3767 2342 3823 centis
2395 3766 2647 3822 Ecclesia:
2700 3764 2850 3819 initio
2902 3763 3218 3820 Christianis
3265 3763 3467 3831 illatre,
3524 3772 3779 3817 auctores

2173 3862 2337 3918 fuisse
2364 3877 2466 3916 non
2489 3860 2704 3932 quidem
2731 3860 2996 3925 ethnicos,
3026 3867 3117 3913 aut
3143 3858 3444 3925 haereticos,
3479 3865 3537 3912 ut
3560 3857 3629 3912 ab
3654 3856 3779 3912 aliis

2179 3958 2340 4030 paulo
2385 3965 2507 4010 ante
2535 3954 2736 4010 dictum
2768 3954 3014 4020 vidimus,
3043 3952 3134 4008 sed
3162 3951 3396 4008 Judzeos.
3432 3951 3593 4006 Addit
3632 3967 3776 4022 pra:-

2178 4061 2320 4108 terea
2373 4066 2471 4105 suo
2519 4049 2693 4105 adhuc
2735 4061 2971 4119 tempore
3000 4047 3258 4119 quosdam
3306 4046 3389 4101 his
3433 4046 3780 4116 quantumvis

2175 4143 2473 4199 falsiSsintis
2511 4141 2814 4197 rumoribus
2849 4143 2916 4197 ab
2954 4140 3322 4211 amplectenda
3351 4137 3655 4194 Christiana
3687 4155 3780 4195 re-

2175 4237 2371 4306 ligione
2400 4236 2683 4291 deterritos
2708 4277 2722 4300 ,
2755 4238 3099 4305 omnimuqoe
3126 4232 3551 4289 Chrisuianorum
3582 4234 3783 4303 fugisse

2173 4333 2461 4401 colloquia.
2496 4335 2634 4387 Δοκεῖ
2669 4356 2753 4399 μοι
2786 4336 3123 4402 παρκπλήσιον
3161 4321 3396 4391 laudent;
3422 4336 3772 4393 πεποιηκέναι,

2173 4442 2271 4487 τοῖς
2296 4432 2423 4482 κατὰ
2445 4435 2531 4483 τήν
2560 4431 2717 4496 ἀρχιὶν
2759 4431 3141 4494 Χριστιανισμθῧ
3178 4427 3567 4480 instruendaque:
3598 4426 3783 4494 δυηηο

2177 4531 2295 4590 μίαν
2333 4531 2416 4574 τοῦ
2457 4524 2611 4590 λόγου·
2640 4525 2700 4581 ὣς
2730 4525 2828 4589 ἄρα
2856 4526 3203 4577 καταῗῦσειντες
3229 4520 3422 4571 παιδίω
3458 4522 3787 4584 μιταὶιμϐἇ·

476 4614 602 4678 post
640 4605 837 4662 dicitur
880 4625 893 4660 :
927 4608 1237 4662 conscientia
1284 4618 1448 4662 tamen
1499 4609 1690 4678 pariter
1737 4611 1930 4663 incesti.
1965 4608 2067 4665 Sed

2177 4637 2329 4668 νουσιν
2359 4618 2507 4669 εὖτ-οῦ
2534 4630 2625 4668 τῶν
2653 4628 2854 4683 σαρκῶν
2888 4615 2969 4665 καὶ
3000 4618 3165 4676 πάλιν,
3206 4617 3283 4665 ὅτι
3309 4618 3353 4664 σε
3371 4612 3469 4663 ἀπὸ
3506 4619 3595 4664 τοῦ
3620 4617 3781 4675 λόγου,

478 4707 685 4756 tantum
730 4701 917 4765 abest,
949 4710 1005 4756 ut
1048 4700 1131 4756 his
1156 4702 1336 4758 verbis
1377 4700 1577 4756 ultimis
1605 4702 1957 4757 excludantur
1981 4718 2071 4756 sn-

479 4793 689 4864 perinra
717 4794 921 4850 incesta:
948 4793 1189 4859 libidinis,
1217 4795 1343 4864 quin
1370 4808 1432 4849 ea
1462 4794 1637 4864 potius
1664 4794 1942 4849 \ideantnr
1962 4795 2071 4861 jam

480 4883 619 4941 dicta
647 4886 906 4943 indicare.
946 4886 1028 4942 Ad
1065 4902 1249 4941 vermn
1293 4886 1471 4957 itaque
1512 4888 1726 4956 prapius
1765 4886 1969 4942 accedit
1997 4886 2074 4941 al-

482 4984 598 5032 tera
627 4978 818 5045 lectio;
865 4979 1105 5035 melioris
1140 4986 1319 5033 tamen
1345 4978 1545 5033 codicis
1571 4980 1888 5035 auctoritate
1916 4980 2078 5035 debet

483 5070 816 5129 confirmari.

561 5162 630 5218 At
656 5166 800 5221 omni
831 5166 1207 5237 probabilitate
1241 5166 1371 5222 illttd
1393 5176 1575 5232 caret,
1605 5166 1746 5239 quod
1777 5165 2083 5222 Gronovius

485 5256 683 5312 ibidem
737 5259 965 5330 adjecit,
1014 5261 1102 5317 his
1145 5260 1345 5317 Czecilii
1394 5261 1462 5317 de
1510 5260 1935 5317 Christianarum
1988 5276 2082 5330 sy-

484 5367 719 5407 naxenm
748 5356 926 5411 verbis
946 5398 959 5417 .
989 5356 1254 5429 designari
1284 5356 1561 5412 infantium
1589 5356 1876 5425 Baptisma.
1912 5353 2081 5409 Num-

483 5445 612 5518 quid
643 5447 784 5503 enim
812 5449 1060 5506 Ctecilius
1084 5450 1373 5507 Gentilium
1404 5450 1640 5515 nomine,
1669 5450 1719 5504 in
1749 5447 2085 5503 Christianos

484 5539 841 5610 disputando,
873 5541 940 5597 de
967 5542 1135 5598 sacris-
1167 5544 1356 5599 horum
1386 5544 1616 5600 t-mtibus
1658 5542 1802 5609 loqui
1834 5555 1938 5595 non
1984 5555 2080 5607 po-

488 5636 620 5703 tuit,
653 5636 752 5691 nisi
786 5636 1110 5691 mentionem
1155 5638 1406 5709 Βιψιίςωί
1437 5636 1672 5693 faceret"
1709 5634 1973 5704 Numquid
2009 5633 2081 5688 illi

485 5742 542 5792 et
566 5730 796 5788 ethnicis
820 5740 1152 5802 compertum
1195 5744 1310 5789 erat
1336 5733 1591 5805 quidquid
1638 5732 1689 5787 in
1734 5730 1818 5786 his
1853 5731 2082 5786 coetibus

486 5829 783 5904 agebatur?
822 5826 1088 5902 Numquid
1125 5829 1287 5887 etiam
1328 5826 1560 5888 infantes
1589 5826 1747 5887 tones
1783 5839 1938 5885 sacro
1977 5824 2083 5883 Βαι-

2170 4715 2238 4765 τὰ
2266 4715 2347 4764 τοῦ
2377 4712 2541 4764 σκότου
2588 4714 2808 4778 πράττειν
2848 4710 3146 4778 pauidus-ast,
3175 4712 3436 4759 σϐεννύουσι
3460 4712 3546 4771 μὲν
3567 4714 3621 4759 τὸ
3642 4713 3737 4776 ﬁt;
3766 4744 3784 4769 ,

2172 4808 2365 4864 ἕκαστος
2405 4805 2453 4854 δὲ
2474 4816 2536 4871 τῇ
2562 4805 2899 4871 παριτυχοὺτῃ
2928 4809 3162 4865 μίγνυται.
3193 4807 3221 4859 ἢ
3245 4822 3315 4858 τις
3342 4801 3584 4864 δυσφημίι
3611 4802 3787 4867 ταρί-

2179 4896 2311 4964 λογος
2333 4900 2481 4949 πάλιν
2515 4902 2600 4962 μὲν
2624 4903 2854 4949 πλείστων
2885 4898 3001 4945 ὅσων
3035 4898 3221 4961 inpiast
3242 4897 3468 4943 πείθουσα
3495 4897 3605 4949 τοὺς
3630 4891 3788 4942 eius-

2183 4999 2345 5058 τρῖςυς
2386 4993 2470 5043 τοῦ
2515 4988 2670 5057 λόγω,
2716 4992 2791 5041 ὃτι
2829 4993 3042 5040 estsit-al
3066 4987 3159 5036 εἱσι
3182 4988 3490 5052 Χριστιανοί.
3520 4983 3607 5032 καὶ
3633 4990 3710 5032 νῦν
3732 4982 3788 5032 δὲ

2184 5088 2278 5143 ἔτι,
2304 5085 2475 5149 ἀπατᾷ
2497 5102 2648 5143 nam,
2678 5084 3085 5149 ἀποτριπῡμξνσυς
3123 5080 3203 5128 διὰ
3245 5082 3307 5131 τὰ
3348 5079 3572 5133 τοιαῦτα,
3606 5074 3788 5141 aquosi;

2183 5180 2425 5225 κοινωνίαν
2460 5173 2783 5239 ἀπὶουστέρσιν
2814 5187 2903 5225 τῶν
2932 5172 3074 5234 λόγων
3133 5176 3265 5228 ἣκειν
3302 5176 3414 5236 πρὸς
3455 5169 3786 5235 Χριστιανοὺς

2192 5280 2212 5313 t
2246 5262 2489 5329 Vidi-tur,
2518 5264 2713 5323 aiebat.
2748 5262 2875 5317 mihi
2898 5304 2911 5328 ,
2945 5260 3133 5317 Celsus
3155 5301 3170 5326 ,
3201 5259 3395 5315 fecisse
3426 5259 3567 5313 idem
3587 5300 3602 5316 .
3638 5256 3789 5328 quod

2186 5354 2380 5421 Judtei,
2413 5355 2733 5413 Christiana:
2773 5355 3031 5410 doctrina:
3082 5353 3256 5419 initio,
3311 5366 3503 5421 sparso
3540 5365 3785 5418 rumore,

2188 5448 2328 5519 quod
2356 5448 2475 5519 ejus
2503 5458 2662 5503 secta!
2709 5448 2954 5502 homines
2985 5445 3201 5501 mactati
3251 5443 3403 5514 pueri
3434 5451 3790 5497 vescerentur

2185 5542 2467 5605 carnibus;
2527 5550 2581 5597 et
2610 5540 2749 5609 quod
2796 5540 3005 5610 quoties
3055 5539 3136 5594 eis
3183 5538 3346 5593 libeat
3393 5551 3615 5607 operam
3654 5534 3789 5590 dare

2186 5634 2411 5689 occultis
2434 5633 2762 5695 libidinibus,
2787 5631 3026 5687 extincto
3059 5630 3274 5691 lumine,
3292 5636 3606 5698 constupret
3625 5640 3787 5697 quam

2189 5728 2414 5799 quisque
2445 5729 2669 5799 primam
2713 5736 2902 5783 nactus
2946 5725 3126 5780 fuerit.
3168 5724 3297 5793 Quae
3338 5722 3465 5777 falsa
3509 5731 3565 5777 et
3602 5720 3788 5792 iniqua

2187 5823 2370 5896 Opinio
2400 5821 2599 5878 dudum
2626 5822 2781 5879 valde
2807 5821 3001 5878 multos
3028 5834 3058 5875 a
3090 5816 3349 5891 religione
3370 5824 3552 5873 nostra
3574 5816 3789 5876 alienos
