3972 6310
156 304 260 362 481

1615 300 2084 364 DlSSERTATlO.

3360 312 3466 370 482

154 417 372 485 tenuit,
413 428 700 488 persuasos
738 414 881 487 quod
913 416 1048 474 tales
1075 417 1185 474 sint
1212 414 1541 487 Christiani;
1583 430 1638 476 et
1683 421 1748 474 ad
1776 418 1839 483 Α
1862 421 2137 480 vobiscum
2183 426 2452 495 quondam
2483 426 2657 483 adhuc
2701 427 2830 484 caeci
2862 436 2917 485 et
2945 427 3167 486 hebetes
3193 429 3465 487 sentieba-

153 510 264 566 boc
311 510 573 580 temporis
632 509 921 565 nonnullos
988 508 1160 578 fallit;
1210 511 1331 581 quia
1379 529 1441 567 ea
1485 512 1555 569 de
1592 529 1758 568 causa

152 602 502 661 Christianos
556 605 628 660 ita
678 617 1037 671 aversantur,
1085 615 1140 661 ut
1188 621 1257 661 ne
1316 606 1549 676 simplex
1598 608 1768 662 collo-

151 700 346 771 quium
374 715 498 756 cum
533 700 747 755 homine
775 698 1086 755 Christiano
1108 698 1306 756 habere
1333 699 1763 772 velint.i(0rig.,

152 794 248 849 lib.
284 810 337 850 vi
367 804 532 849 contr.
562 792 720 862 Cels.,
754 812 874 867 pag.
905 793 1012 850 293
1035 807 1081 849 et
1103 797 1269 866 seqq.)

232 886 621 944 Verumtamen
668 888 715 943 si
769 887 939 944 Judaei
981 888 1141 957 hujus
1187 888 1471 943 calumniae
1515 896 1766 943 auctores

156 981 403 1049 fuerunt,
425 998 544 1038 eam
571 983 756 1053 procul
782 982 948 1038 dubio
974 991 1244 1039 auxerunt
1274 983 1513 1054 quidant,
1544 984 1594 1038 in
1625 982 1764 1053 Lug-

156 1077 428 1134 dunensis
458 1076 887 1148 Viennensisque
912 1076 1174 1133 Ecclesia:
1208 1076 1470 1145 Epistula,
1497 1078 1566 1131 ab
1592 1077 1766 1132 Euse-

154 1172 252 1228 bio
277 1172 568 1241 descripta,
594 1171 760 1226 notati
783 1171 1013 1240 gentiles
1034 1169 1460 1226 ChriSIianorum
1479 1171 1642 1237 Servi,
1672 1170 1765 1241 qui

154 1283 188 1323 a
218 1266 461 1339 praeside
478 1266 643 1335 capti,
664 1281 786 1321 cum
816 1274 1081 1321 tormenta
1109 1263 1544 1333 refortnilarettt,
1572 1275 1630 1321 et
1654 1264 1768 1320 da:-

155 1376 389 1417 monum
419 1361 675 1415 instinctu
696 1400 712 1423 ,
744 1367 799 1413 et
829 1358 1083 1413 militibus
1127 1359 1473 1413 incitantibus
1501 1403 1511 1420 ,
1555 1358 1765 1413 mentiti

156 1455 381 1512 fuerant
407 1452 836 1510 Christianorum
864 1462 1083 1511 θυὶστιια
1103 1457 1269 1508 δεῖ-ενα
1287 1494 1303 1518 ,
1334 1456 1416 1507 καὶ
1450 1456 1765 1515 cmmoditatis

156 1560 344 1618 μίξεις,
376 1567 395 1600 ι
433 1547 748 1620 Thyesteas
768 1560 975 1611 cmnas,
1006 1554 1060 1601 et
1083 1545 1314 1599 incestos
1338 1543 1531 1615 (Edipi
1560 1559 1764 1599 concu—

156 1644 332 1708 bitus,
373 1661 392 1694 ι
418 1657 538 1714 qua:
565 1641 724 1712 paulo
751 1649 923 1711 posta
950 1637 1527 1709 nobisexplicabuntur
1550 1636 1763 1709 (Euseb.

158 1737 254 1792 lib.
289 1753 345 1802 v,
378 1752 499 1806 cap.
528 1735 585 1800 2,
616 1751 736 1806 pag.
770 1732 921 1805 156).

1870 533 2011 580 tntis,
2043 521 2194 590 quasi
2224 520 2514 576 Christiani
2542 535 2781 579 moostra
2807 524 3042 580 colerent
3069 567 3083 590 ,
3113 524 3344 583 infantes
3371 542 3468 582 vo.

1868 615 2337 676 rarent,eonvivia
2381 615 2582 672 incesta
2616 619 2926 674 miscerent.
2970 616 3081 674 Nec
3124 619 3464 691 intelligeba-

1868 721 1987 760 mus
2014 706 2082 759 ab
2109 707 2190 762 his
2225 706 2431 763 fabulas
2465 711 2596 766 istas
2625 726 2842 783 semper
2869 712 3145 779 ventilari,
3195 730 3297 770 nec
3342 732 3461 771 um-

1867 815 2026 870 quam
2057 800 2139 855 vel
2170 794 2496 873 investigari,
2532 804 2611 859 vel
2641 805 2889 874 probari;
2922 821 3022 862 nec
3050 816 3199 862 tanto
3223 820 3467 880 tempore

1869 896 2102 966 aliquem
2133 899 2392 967 existere,
2418 900 2513 970 qui
2567 901 2817 971 proderet
2849 918 2953 956 nou
2987 912 3190 957 tantum
3218 904 3339 959 facti
3374 922 3466 962 ve-

1871 990 2037 1051 niam,
2082 1006 2266 1046 verum
2297 995 2458 1047 etiam
2500 994 2680 1050 indicii
2719 996 2946 1066 gratiam
2974 1006 3411 1053 consecuturum.
3442 1019 3462 1054 ι

1870 1081 2128 1139 Eamdetn
2160 1095 2337 1140 autem
2377 1085 2609 1142 vidimus
2658 1086 2822 1143 fuisse
2872 1087 3229 1158 aequissimam
3270 1088 3468 1147 Justini

1873 1179 2158 1249 martyris,
2208 1178 2542 1250 aliorumque
2578 1194 2609 1234 a
2641 1180 2795 1235 nobis
2824 1181 2982 1251 paulo
3010 1190 3134 1238 ante
3157 1184 3466 1251 citatorum,

1870 1270 2279 1340 querimoniam.
2304 1271 2409 1328 Sed
2434 1287 2551 1327 eam
2579 1271 2753 1328 adhuc
2773 1279 2951 1329 acrius
2974 1273 3251 1346 fusiusque
3281 1286 3468 1333 contra

1870 1364 2117 1421 ethnicos
2146 1375 2299 1436 urget
2324 1364 2685 1422 Tertullianus
2706 1408 2719 1432 ,
2748 1377 2802 1424 et
2833 1377 2953 1438 post
2979 1383 3099 1424 eum
3138 1368 3466 1437 Lactantius,

1872 1468 2035 1529 atque
2065 1460 2182 1526 alii,
2211 1462 2349 1516 sicut
2380 1477 2408 1515 a
2438 1461 2594 1517 nobis
2622 1477 2721 1517 suo
2744 1463 2864 1519 loco
2884 1463 3362 1522 demonstrandum
3389 1476 3472 1523 est

1874 1554 2113 1623 (Tertull.
2165 1556 2409 1626 Apolog.,
2473 1572 2590 1628 cap.
2634 1558 2656 1612 1
2691 1572 2736 1612 et
2768 1557 2825 1625 2,
2867 1568 2914 1613 et
2952 1557 3090 1615 lib.t
3131 1559 3202 1614 ad
3249 1558 3470 1618 Nation.

1870 1666 1986 1719 cap.
2020 1650 2072 1703 7.
2100 1647 2339 1705 Lactant.
2370 1649 2460 1703 lib.
2486 1665 2538 1717 v,
2565 1667 2679 1721 cap.
2714 1651 2789 1723 1).

1947 1766 2132 1835 Neque
2163 1767 2232 1822 ibi
2277 1776 2454 1822 tamen
2484 1769 2631 1824 stetit
2658 1784 2870 1825 summa
2905 1772 3182 1842 gentilium
3213 1773 3475 1831 adversus

235 1833 311 1886 At
356 1828 501 1883 ι’τθνί
546 1838 754 1933 Romen"
785 1839 1026 1933 ""T'Ipom
1053 1827 1269 1882 duram
1319 1825 1765 1933 '{i‘fc_°‘f“'"‘"i“'
1800 1830 1849 1891 Β
1880 1856 2224 1914 Christianos
2251 1867 2436 1913 contra
2463 1859 2549 1929 jus
2581 1876 2742 1916 omne
2783 1825 3056 1933 iniquitas.
3108 1863 3371 1922 Minucius
3397 1866 3474 1921 si-

157 1923 301 1982 Nam
340 1932 477 1979 teste
501 1922 676 1978 adhuc
717 1923 968 1987 Eusebio,
1018 1933 1296 1993 postquam
1337 1921 1765 1977 Christianorum

162 2017 481 2074 iunocentia
509 2015 761 2072 omnibus
794 2015 1114 2071 innotuisset
1136 2056 1152 2082 ,
1186 2014 1643 2084 impudentissima
1678 2014 1768 2069 illa

159 2109 475 2167 criminatio
502 2108 715 2178 penitus
755 2108 988 2163 extincta
1020 2118 1120 2162 est.
1174 2125 1191 2158 ε
1245 2106 1354 2163 Sed
1393 2107 1474 2161 lue
1504 2106 1770 2162 dietnonis

158 2214 338 2269 artes,
370 2224 389 2256 ι
432 2202 606 2273 inquit
633 2202 877 2259 eruditus
906 2201 996 2256 ille
1025 2202 1124 2265 vir,
1153 2219 1173 2253 ε
1210 2217 1546 2273 nequaquam
1575 2204 1626 2256 in
1651 2202 1773 2256 diu-

160 2308 389 2356 turnum
427 2307 636 2368 tempus
684 2298 736 2355 ei
789 2311 1136 2370 processere;
1167 2298 1365 2367 quippe
1410 2312 1532 2351 cum
1574 2297 1771 2352 veritas

157 2396 286 2467 ipsa
316 2410 379 2451 se
406 2394 574 2463 ipsam
626 2402 913 2459 astrueret,
942 2400 998 2447 et
1046 2390 1448 2447 commendaret
1470 2431 1486 2455 ,
1518 2405 1770 2461 progres-

162 2504 348 2560 suque
400 2487 659 2558 temporis
689 2485 880 2541 indies
915 2485 1365 2541 elucesceret.....
1404 2483 1579 2541 Simul
1609 2485 1768 2540 etiam

158 2580 436 2637 exstincta
499 2587 583 2634 est
627 2577 886 2647 temporis
939 2577 1092 2644 lapsu
1142 2576 1409 2631 calumnia
1461 2575 1591 2641 illa,
1652 2591 1773 2644 qua:

162 2684 375 2730 nostra:
418 2673 660 2746 religioni
705 2671 880 2728 alticta
920 2671 1093 2727 fuerat
1142 2669 1392 2743 (Euscb.,
1423 2670 1511 2727 lib.
1545 2688 1598 2727 tv
1653 2670 1774 2728 His-

158 2776 292 2833 tor.,
321 2782 443 2837 cap.
471 2766 524 2830 7,
552 2783 670 2837 pag.
719 2765 867 2835 120).
912 2785 931 2817 ι
963 2764 1217 2820 lamvero
1244 2764 1656 2820 examinandum
1689 2778 1773 2822 est

160 2859 444 2930 quomodo
488 2858 748 2915 Minucius
787 2857 906 2914 haec
954 2866 1061 2914 tam
1108 2857 1264 2924 falsa,
1296 2872 1458 2927 quam
1504 2857 1769 2914 horrenda

161 2953 400 3011 crimina
425 2951 616 3009 diluat.

764 3065 1058 3107 ABTICULUS
1096 3067 1130 3105 ll
1140 3092 1153 3108 ο

162 3141 553 3215 [impenduntur
594 3145 854 3216 generales
900 3144 1144 3211 rationes,
1198 3142 1379 3214 quibus
1413 3140 1654 3196 Octavius
1684 3140 1772 3195 ob-

240 3238 379 3301 iecta
406 3234 708 3292 Christianis
759 3252 790 3291 a
841 3234 1046 3292 Otacilio
1119 3244 1167 3290 et
1214 3234 1500 3291 Gentilibus
1561 3234 1777 3289 crimina

240 3328 418 3385 diluit.

245 3423 453 3495 Duplici
525 3422 879 3493 responsione
942 3421 1199 3479 Octavius
1251 3421 1468 3491 planum
1524 3420 1778 3476 omnibus

167 3519 324 3584 facit,
368 3515 500 3571 nihil
544 3529 766 3586 prorsus
812 3514 897 3570 his
921 3514 1206 3570 calumniis
1246 3528 1370 3569 esse
1410 3512 1667 3583 putidius,
1709 3514 1777 3567 ab

166 3615 402 3687 ipsaque
444 3611 707 3675 veritate,
762 3618 819 3665 et
860 3610 1005 3665 omni
1062 3623 1282 3679 prorsus
1309 3606 1778 3664 verisimilitudine

168 3705 349 3776 magis
370 3704 630 3761 alienum.
663 3702 840 3759 Prima
870 3712 1049 3758 autem
1073 3703 1352 3772 responsio
1373 3700 1639 3768 generalis
1667 3707 1772 3765 est,

166 3807 337 3869 atque
377 3797 560 3852 omnia
610 3797 771 3851 simul
823 3796 1199 3863 complectitur
1247 3795 1334 3849 illa
1373 3794 1624 3861 erimina,
1653 3809 1775 3862 quae

168 3888 429 3947 Octavius
478 3886 767 3945 falsissima
835 3897 996 3958 atque
1049 3887 1270 3942 omnino
1298 3886 1630 3942 incredibilia
1658 3900 1780 3941 esse

166 3986 531 4042 demonstrat.
582 3981 829 4037 Secunda
861 3995 990 4036 vero
1017 3979 1431 4049 unumquodque
1456 3980 1663 4034 critnt-n
1691 3980 1773 4035 di-

166 4078 296 4145 luit,
323 4092 386 4131 ae
416 4077 700 4147 perspicue
730 4073 965 4131 ostendit
992 4072 1197 4144 singula
1220 4082 1326 4126 tam
1357 4072 1490 4126 falso
1515 4071 1779 4128 Christia-

169 4173 262 4229 nis
290 4170 510 4238 inferri,
539 4186 697 4240 quam
730 4169 1088 4242 impudenter,
1114 4178 1170 4223 et
1194 4168 1412 4238 impune
1435 4182 1463 4221 a
1486 4166 1778 4237 gentilibus

169 4266 649 4340 perpetrabantur.
678 4265 833 4322 Prior
867 4264 955 4320 illa
987 4262 1267 4331 responsio
1298 4262 1351 4317 itt
1384 4261 1486 4316 hoc
1523 4260 1776 4329 articulo,

169 4363 449 4437 posterior
470 4361 521 4416 in
547 4358 1002 4431 subsequentibus
1027 4354 1379 4412 examinanda
1409 4364 1513 4409 est.

248 4456 506 4514 Octavius
532 4455 713 4525 itaque
738 4496 754 4521 ,
783 4467 877 4507 seu
904 4448 1190 4513 Minucius,
1224 4448 1456 4503 fidenter
1486 4447 1780 4519 respondet

172 4549 335 4606 malis
362 4547 668 4603 daamonum
713 4544 919 4599 artibus
971 4543 1202 4605 factum,
1255 4550 1312 4594 ut
1362 4539 1561 4595 ethnici
1604 4559 1623 4592 ι
1654 4550 1778 4596 ante

1874 1953 2091 2024 quidem
2138 1964 2193 2006 et
2223 1952 2496 2013 Octavius.
2539 1968 2664 2008 cum
2701 1954 2876 2011 adhuc
2904 1958 3180 2027 gentilium
3209 1963 3473 2029 supersti-

1876 2048 2114 2103 tionibus
2143 2045 2380 2115 addicti,
2415 2046 2628 2117 publico
2655 2049 2942 2117 causidici,
2976 2059 3033 2106 ut
3058 2051 3326 2117 diximus,
3359 2069 3478 2108 tnu-

1875 2159 2025 2199 nere-
2055 2142 2405 2213 fungerentur
2426 2186 2440 2209 ,
2475 2145 2742 2215 quoslibet
2780 2145 3106 2217 sacrilegos,
3158 2147 3474 2219 parricidas,

1876 2236 2213 2307 aliorumque
2238 2236 2501 2291 scelerum
2527 2237 2967 2308 gravissimorum
3000 2255 3123 2295 reos
3168 2255 3351 2296 coram
3382 2240 3478 2311 ju-

1876 2328 2089 2383 dicibus
2119 2327 2517 2395 defendebant,
2566 2328 2884 2400 illorumque
2909 2331 3270 2402 suscipiebant
3297 2342 3479 2402 patro-

1875 2422 2098 2478 cinium.
2124 2422 2322 2477 Contra
2350 2437 2478 2478 vero
2506 2424 2557 2478 in
2586 2421 2943 2492 Christianos,
2967 2426 3124 2498 impia
3151 2444 3373 2499 prorsus
3399 2439 3479 2485 at-

1875 2534 1981 2590 que
2030 2519 2286 2573 hactenus
2335 2518 2570 2574 inaudita
2614 2521 3117 2585 commiseratione.
3154 2525 3475 2593 sarvieutes,

1876 2612 1989 2667 dira
2019 2612 2315 2678 quaestione
2341 2613 2807 2683 acerbissimisque
2837 2615 3115 2685 suppliciis
3135 2631 3249 2684 eos,
3288 2616 3335 2672 si
3359 2617 3478 2675 fieri

1880 2714 2081 2775 posset,
2107 2705 2406 2777 cogebant,
2437 2720 2541 2760 non
2576 2716 2629 2760 ut
2653 2708 2875 2761 crimina
2906 2707 2997 2763 illa
3031 2708 3348 2778 faterentur,
3378 2711 3477 2768 sed

1875 2813 1936 2856 se
1961 2798 2286 2854 christianos
2312 2812 2433 2855 esse
2461 2808 2729 2870 negarent
2769 2818 2789 2850 ι
2819 2799 3167 2869 Excreentes,
3191 2804 3285 2872 ait,
3318 2803 3369 2859 itt
3395 2803 3478 2860 his

1877 2906 2187 2963 perversam
2222 2893 2598 2962 qua‘stionem,
2630 2906 2738 2946 non
2767 2907 2886 2963 qua:
2914 2907 3098 2949 verum
3129 2896 3476 2965 erueret,sed

1877 2999 1999 3056 quae
2027 2983 2362 3040 mendacium
2393 2995 2631 3054 cogeret.
2665 3004 2684 3037 ι

1951 3102 2310 3158 Tertullianus
2339 3117 2552 3172 quoque
2577 3102 2822 3159 eamdem
2865 3102 3159 3160 Gentilium
3207 3104 3478 3177 iniquissi-

1803 3232 1850 3296 ρ
1883 3214 2023 3253 mam
2048 3198 2415 3253 crudelitatem
2445 3197 2525 3253 sic
2553 3198 2782 3268 exagitat
2815 3217 2835 3251 s
2872 3197 3055 3271 Itaque
3083 3215 3183 3256 nec
3214 3200 3264 3257 in
3294 3202 3385 3259 illo
3411 3219 3479 3267 ex

1886 3291 2054 3348 forma
2100 3290 2361 3346 malorum
2401 3288 2812 3360 iudicandorum
2853 3292 3009 3364 agitis
3032 3309 3158 3366 erga
3187 3310 3306 3359 nos,
3336 3296 3479 3367 quod

1882 3386 2094 3444 caeteris
2125 3384 2439 3456 negantibus
2482 3383 2749 3440 adhibetis
2802 3393 3063 3441 tormenta
3105 3388 3173 3443 ad
3217 3390 3482 3445 confiten-

1881 3480 2029 3541 dum.
2063 3479 2193 3533 solis
2220 3477 2544 3533 Christianis
2585 3477 2651 3533 ad
2690 3477 3016 3549 negandum,
3056 3495 3178 3536 cum
3204 3481 3247 3536 si
3281 3483 3481 3539 malum

1881 3582 2048 3639 esset,
2079 3587 2176 3629 nos
2207 3571 2423 3644 quidem
2445 3586 2784 3643 negaremus,
2818 3589 2913 3628 vos
2940 3589 3068 3630 vero
3095 3576 3344 3634 eouliteri
3368 3588 3480 3634 tor-

1881 3669 2076 3723 mentis
2118 3666 2634 3736 compvlleretis...”
2665 3665 3005 3723 Vociferatur
3053 3667 3214 3726 homo
3248 3690 3262 3725 :
3293 3671 3480 3728 Chris-

1882 3765 2061 3820 tianus
2087 3779 2226 3817 sunt.
2260 3761 2412 3829 Quod
2442 3771 2545 3823 est.
2577 3760 2708 3817 dicit
2733 3780 2746 3816 :
2774 3771 2828 3816 tu
2877 3763 2960 3816 vis
2986 3762 3174 3819 audire
3200 3766 3341 3835 quod
3373 3783 3479 3823 non

1880 3870 1983 3915 est.
2018 3857 2267 3914 Veritatis
2304 3857 2687 3929 extorquendae
2730 3857 2987 3925 praesides
3033 3857 3102 3914 de
3155 3858 3312 3914 nobis
3351 3861 3483 3917 solis

1880 3954 2219 4010 mendacium
2250 3954 2535 4010 elaboratis
2566 3953 2772 4008 audire.
2805 3953 2918 4009 Hoc
2944 3970 3086 4021 sum,
3115 3955 3308 4027 inquit.
3338 3955 3482 4027 quod

1880 4048 2077 4119 quarris
2097 4064 2162 4103 an
2194 4049 2315 4113 sini.
2345 4048 2480 4116 Quid
2515 4061 2601 4103 me
2624 4057 2841 4118 torques
2872 4048 2922 4102 itt
2957 4064 3268 4118 perversum
3291 4050 3317 4105 ἲ
3341 4050 3485 4106 Cou-

1883 4142 2057 4209 fiteor,
2084 4153 2137 4199 et
2183 4154 2435 4214 torques;
2469 4142 2594 4212 quid
2644 4142 2870 4208 faceres,
2895 4142 2939 4196 si
2972 4157 3230 4214 negarem
3257 4145 3281 4199 ἳ
3316 4143 3484 4203 Plane

1880 4239 2003 4294 aliis
2028 4240 2347 4311 negantibus
2361 4256 2464 4293 non
2494 4236 2646 4293 facile
2669 4236 2828 4293 fidem
2846 4239 3267 4297 accommodatis
3293 4241 3484 4298 :uobis

1880 4335 1925 4390 si
1975 4337 2382 4406 negaverimus,
2417 4335 2599 4391 statim
2624 4332 2866 4388 creditis.
2909 4332 3170 4404 SttSpecta
3218 4337 3289 4392 sit
3332 4337 3484 4393 vobis

1882 4430 1982 4484 ista
2016 4430 2361 4500 perversitas,
2394 4448 2464 4487 ne
2485 4446 2588 4503 qua
2615 4429 2694 4483 vis
2726 4428 2883 4483 lateat
2908 4429 2959 4482 iti
2985 4430 3216 4492 occulto.
3245 4446 3365 4500 quae
3387 4445 3485 4486 vos

1881 4523 2140 4580 adversus
2172 4524 2420 4586 formam.
2462 4525 2726 4580 adversus
2758 4532 3002 4578 naturam
3024 4522 3319 4594 judicaudi,
3352 4538 3486 4579 eon-

170 4657 276 4698 nos
304 4638 563 4710 incipiam
614 4636 860 4693 homines
889 4635 1103 4701 "disse,
1139 4647 1299 4702 quam
1341 4647 1541 4698 nosse;
1573 4647 1643 4687 ne
1683 4647 1777 4687 co-
1805 4633 1859 4695 Ι)
1886 4626 1968 4672 ira
2016 4617 2159 4686 ipsas
2185 4632 2396 4687 quoque
2444 4615 2589 4687 leges
2630 4616 2897 4710 ministret
2933 4636 2952 4670 ι
2987 4614 3229 4687 (Tertull.
3260 4615 3483 4689 Apolog.

170 4736 357 4807 gnitns
384 4744 475 4788 aut
513 4730 713 4786 imitari
760 4733 967 4799 possint
1002 4735 1094 4783 aut
1123 4728 1382 4781 damnare
1408 4740 1514 4779 non
1550 4724 1779 4794 possint.

172 4827 333 4898 Quod
360 4825 575 4897 quidem
618 4823 839 4879 totidem
866 4821 1043 4877 verbis
1092 4819 1285 4888 repetit
1318 4817 1618 4891 Cyprianus
1651 4817 1780 4891 (Cy-

173 4938 289 4994 pr.,
326 4920 416 4976 lib.
444 4919 506 4975 de
534 4916 673 4973 ldol.
712 4915 910 4982 Vanit.,
935 4932 1053 4987 pag.
1087 4913 1199 4982 M).
1220 4912 1579 4980 Quamobrem
1602 4911 1784 4983 justis-

174 5014 320 5069 sime
347 5028 467 5068 cum
493 5010 713 5067 Czeeilio
749 5009 976 5078 aliisque
1008 5005 1300 5079 gentilibus
1326 5005 1416 5061 ille
1444 5006 1781 5075 expostulat,

175 5105 328 5177 quod
356 5103 694 5161 Christianos
743 5102 1047 5173 incognitos
1069 5143 1084 5168 ,
1128 5100 1516 5169 inexploratos,
1546 5108 1601 5153 ct
1627 5115 1785 5152 num-

176 5215 344 5273 quam
394 5199 605 5255 auditos
647 5198 1091 5254 condemnarent.
1140 5194 1218 5252 Ne
1255 5204 1432 5249 autem
1479 5193 1528 5248 id
1581 5192 1785 5249 ethnici

175 5308 383 5365 negare
408 5291 691 5355 auderent,
721 5297 1097 5345 asseveranter
1131 5287 1368 5341 affirmat
1403 5301 1463 5341 se
1515 5284 1643 5341 illud
1674 5301 1780 5341 non

173 5389 250 5444 ab
272 5387 393 5442 aliis
416 5394 617 5441 tantum
642 5392 792 5439 certo
815 5380 1189 5446 didicisse,sed
1205 5386 1539 5450 compertum
1567 5380 1787 5434 omnino

178 5482 385 5539 habere
442 5476 801 5534 funestissima
864 5490 960 5531 sua
1022 5473 1392 5545 experientia,
1455 5472 1609 5543 cujus
1657 5481 1783 5527 tunc

176 5582 359 5653 ipsum
386 5576 617 5631 maxime
647 5570 960 5642 paenitebat.
993 5569 1047 5627 Si
1081 5569 1236 5625 nobis
1264 5583 1369 5624 non
1395 5567 1585 5624 credas
1611 5608 1626 5633 ,
1657 5582 1784 5624 ecce

177 5678 415 5747 ipsamet
458 5671 602 5727 illius
629 5670 793 5726 verba
822 5711 837 5734 ,
885 5688 904 5721 ι
929 5667 1100 5736 Quam
1132 5665 1372 5736 iniquum
1400 5666 1471 5721 sit
1508 5664 1575 5720 de
1604 5665 1785 5731 incog-

183 5770 315 5827 nitis
338 5776 393 5824 et
422 5765 775 5838 inexploratis
798 5763 1061 5836 judicare,
1082 5760 1224 5833 quod
1248 5760 1449 5827 facitis;
1475 5757 1629 5813 nobis
1656 5755 1785 5826 ipsis

181 5862 575 5944 pmoitentibus
602 5857 926 5918 credite..Et
953 5872 1050 5913 nos
1078 5854 1219 5913 idem
1244 5853 1445 5911 fuimus
1467 5892 1486 5922 ,
1517 5859 1572 5909 et
1593 5848 1783 5908 eadem

1883 4727 1997 4784 cap.
2046 4710 2103 4776 2,
2138 4727 2255 4781 pag.
2290 4712 2345 4774 '5,
2386 4721 2434 4766 et
2462 4710 2551 4765 lib.
2610 4727 2624 4765 ι
2663 4712 2730 4765 ad
2787 4709 3002 4766 Natio».
3034 4727 3148 4780 cap.
3172 4710 3230 4777 ‘2,
3263 4727 3385 4782 pag.
3414 4709 3486 4766 46

1884 4815 1931 4858 et
1980 4803 2168 4876 seqq.).
2222 4801 2331 4857 Nec
2395 4802 2445 4858 id
2500 4802 2668 4859 semel
2695 4802 2899 4860 dixisse
2923 4813 3209 4859 contentus
3238 4801 3355 4869 fttit,
3387 4801 3485 4857 sed

1884 4916 2070 4955 rursus
2110 4908 2293 4970 postea
2321 4897 2568 4953 ethniCos
2599 4906 2771 4967 urget,
2802 4899 2981 4967 aitque
3015 4913 3031 4951 :
3070 4915 3088 4948 ι
3125 4895 3309 4968 Longe
3338 4894 3484 4951 aliud

1838 5024 1843 5027 -
1888 5008 2080 5048 ntunus
2100 4991 2340 5049 carnifici
2384 4990 2438 5047 iti
2470 4990 2809 5046 Christianos
2836 4990 3129 5061 imperatis,
3179 5005 3288 5045 non
3317 4987 3487 5065 utdi-

1887 5097 2032 5151 cant,
2057 5104 2126 5157 qu
2146 5106 2174 5139 ι·
2202 5085 2426 5149 faciunt.
2459 5087 2554 5142 sed
2583 5097 2641 5141 ut
2664 5095 2878 5157 negent,
2908 5084 3051 5155 quod
3083 5093 3228 5140 sunt.
3262 5103 3281 5137 s

1961 5184 2261 5257 Cyprianus
2288 5198 2415 5237 vero
2444 5182 2497 5238 in
2528 5180 2748 5237 eosdem
2780 5179 3006 5250 gentiles
3032 5178 3192 5234 simili
3216 5177 3378 5235 modo
3400 5194 3486 5234 ar-

1888 5287 2253 5351 gumentatur,
2284 5291 2486 5347 eosque
2549 5277 2651 5330 hoc
2688 5273 2929 5329 confutet
2979 5270 3366 5344 confunditqne
3403 5272 3488 5328 di-

1889 5374 2185 5431 lemmate:
2223 5391 2243 5424 ‹
2279 5370 2643 5427 Christianum
2691 5382 2815 5424 esse
2861 5376 2955 5422 aut
2994 5375 3074 5422 est
3128 5366 3354 5428 crimen,
3394 5372 3488 5421 aut

1886 5484 1993 5526 non
2021 5477 2129 5524 est.
2161 5466 2216 5524 Si
2247 5456 2453 5521 crimen
2478 5472 2583 5531 est,
2625 5461 2753 5533 quid
2785 5477 2890 5517 non
2940 5459 3198 5517 interﬁcis
3222 5459 3482 5516 confiten-

1888 5564 2040 5620 tem?
2067 5562 2123 5617 Si
2153 5562 2356 5616 crimen
2389 5576 2493 5614 non
2524 5567 2628 5621 est,
2680 5555 2809 5627 quid
2841 5554 3180 5627 persequeris
3221 5553 3483 5609 innocen-

1889 5658 2031 5713 tem?
2060 5655 2318 5728 Torqueri
2356 5654 2498 5710 enim
2547 5651 2743 5715 debui,
2792 5651 2835 5705 si
2879 5665 3158 5722 negarem,
3188 5648 3234 5704 si
3267 5662 3482 5719 pomarii

1889 5760 2037 5808 tuam
2064 5763 2342 5815 metuens,
2391 5747 2445 5805 id
2492 5745 2637 5824 quod
2670 5746 2818 5816 prius
2843 5743 3072 5813 fueram,
3103 5752 3158 5801 et
3180 5742 3325 5815 quod
3354 5744 3485 5797 deos

1886 5854 2010 5903 tuos
2037 5860 2141 5904 non
2168 5843 2437 5899 colueram
2462 5885 2478 5911 ,
2512 5839 2795 5901 mendacio
2822 5838 3042 5897 fallente
3066 5836 3320 5904 celarein,
3361 5844 3487 5897 tunc
