4034 6320
540 286 650 345 485
1870 282 1959 340 DE
1998 280 2133 340 MINI

2173 281 2256 339 cn
2295 246 2592 339 ocravto
3687 283 3766 346 ω

542 407 874 478 torquendus
908 404 1152 470 fuissem,
1186 412 1314 460 tunc
1346 402 1413 458 ad
1455 400 1854 458 confessionem
1898 400 2141 457 criminis
2169 402 2217 461 Α
2248 400 2468 471 Apolog.
2510 414 2628 469 cap.
2670 397 2738 465 2,
2767 414 2889 471 pag.
2923 396 3041 470 4)?
3077 418 3096 449 ι
3137 395 3334 466 Quanti
3367 408 3533 455 autem
3575 399 3662 456 hoc
3702 416 3768 457 ar-

541 500 593 553 vi
637 499 841 555 doloris
876 497 1188 569 adigendus,
1235 498 1372 551 sicut
1410 496 1462 551 in
1501 495 1712 550 caeteris
1751 494 2138 563 quaestionibus
2246 506 2560 566 gumentum
2591 494 2662 549 sit
2692 494 2945 564 ponderis
2971 504 3023 549 et
3053 494 3332 561 momenti,
3377 494 3491 548 inde
3531 496 3767 566 colligitur,

544 602 861 662 torquentur
887 594 987 659 rei,
1013 592 1103 661 qui
1134 607 1193 645 se
1225 601 1419 660 negant
1449 590 1696 656 crimine,
1725 605 1834 660 quo
1873 604 2136 645 accusan-
2246 590 2389 660 qttod
2421 590 2536 645 ﬁeri
2582 605 2686 644 non
2728 589 2920 659 possit,
2955 597 3011 644 ut
3062 587 3223 643 homo
3264 599 3339 643 tot
3383 588 3636 644 criminum
3666 605 3768 645 cun-

546 690 654 753 tnr,‘
687 686 889 749 teneri;
919 697 973 740 ut
1003 684 1258 739 facinoris
1290 683 1507 747 veritas,
1532 698 1650 753 quae
1680 682 1857 738 indice
1881 696 2014 738 voce
2033 697 2137 736 non
2245 686 2410 747 scius,
2450 685 2532 739 vel
2586 685 2699 739 sola
2733 682 2944 739 vindice
2993 683 3357 747 cousrieutia,
3392 698 3490 739 non
3517 684 3769 750 erubuerit;

543 779 824 849 premitur,
852 777 1037 833 dolore
1057 777 1299 846 Corporis
1314 773 1833 844 expritnatttr.Nttnc
1860 790 1987 830 vero
2008 789 2131 830 cum
2247 778 2330 833 vel
2357 792 2481 833 enm
2507 793 2613 831 non
2639 775 3153 845 poeuitucritsectze,
3186 776 3252 831 ad
3285 775 3397 830 haec
3417 776 3600 831 scelera
3627 776 3772 847 impel-

539 882 732 941 sponte
779 870 1064 934 conﬁtear,
1095 879 1148 923 et
1182 868 1435 934 clamem,
1468 878 1523 923 et
1557 867 1763 923 crebris
1792 882 1856 922 ac
1894 867 2137 937 repetitis
2250 871 2443 936 lentis,
2492 887 2650 926 suum
2679 870 2893 925 dedisse
2923 886 3153 937 nomen;
3182 881 3270 925 aut
3314 870 3533 942 denique
3558 880 3624 926 tot
3645 887 3766 927 exse-

547 962 838 1018 identidem
878 963 1101 1017 vocibus
1141 960 1505 1016 Christianum
1558 974 1644 1015 me
1686 974 1808 1016 eSse
1836 970 2136 1027 conleslel‘.
2244 967 2567 1021 crandornm
2617 966 2939 1036 flagitiorum
2966 977 3271 1027 accusatus.
3304 981 3484 1036 pomus
3511 967 3667 1021 subire
3690 982 3769 1023 non

540 1057 672 1128 quid
716 1066 984 1110 tormenta
1019 1054 1243 1109 adhibes
1274 1052 1555 1109 conﬁtenti
1587 1052 1768 1126 (Cypr.
1818 1053 1909 1110 lib.
1936 1053 2005 1108 ad
2038 1052 2142 1109 De-
2242 1056 2401 1114 fuerit
2444 1060 2668 1114 veritus.
2719 1058 2881 1129 Atqui
2938 1059 3071 1114 nihil
3116 1059 3220 1114 tale
3256 1059 3562 1116 Christianis
3608 1060 3776 1115 accidit.

536 1162 647 1205 met.
680 1168 800 1221 pag.
830 1149 932 1205 I90
978 1158 1024 1204 et
1066 1147 1270 1220 aeqq.)?
1309 1168 1328 1201 ι
2244 1152 2496 1221 Quiuitno
2522 1164 2580 1209 et
2608 1152 2676 1208 de
2721 1154 2940 1208 nomine
2990 1168 3111 1219 suo,
3153 1164 3210 1209 et
3257 1154 3575 1225 professione
3610 1170 3778 1225 semper

608 1246 770 1300 Aliud
796 1242 1120 1315 iniquissimi
1171 1241 1448 1312 gentilium
1496 1240 1549 1296 in
1578 1240 1916 1297 Christianos
1953 1240 2139 1311 iudicii
2241 1247 2495 1319 gloriati,
2561 1262 2656 1316 pro
2702 1245 2980 1315 utriusque
3026 1244 3345 1302 defensioue
3392 1246 3623 1317 quaslibet
3655 1248 3778 1301 etiam

536 1348 696 1409 caput
726 1338 846 1404 fuit,
877 1338 1021 1409 quod
1050 1339 1095 1393 si
1114 1339 1235 1408 quis
1251 1338 1586 1393 cruciatuum
1613 1337 1663 1390 vi
1696 1337 1911 1392 tandem
1940 1338 2135 1404 victus,
2243 1339 2613 1394 crudelissima
2654 1338 2720 1392 ad
2761 1346 2993 1394 mortem
3025 1353 3193 1411 usque
3220 1348 3482 1395 tormenta
3508 1341 3780 1395 constantis-

537 1431 910 1486 Chrisuannm
955 1444 1016 1486 se
1043 1445 1163 1485 esse
1214 1429 1564 1496 inliciaretur,
1609 1437 1737 1484 tunc
1781 1429 1829 1484 ei
1863 1428 2131 1496 favebant,
2242 1434 2380 1489 sime
2412 1432 2769 1502 pertulerunt.

534 1525 784 1581 laudibus
828 1524 976 1579 illum
1018 1523 1367 1588 extollebant,
1398 1523 1769 1593 augebantqne
1815 1521 2132 1577 honoribus.
2316 1524 2486 1581 Porro
2512 1535 2689 1581 autem
2714 1524 2979 1583 Minucius
3007 1536 3191 1583 noster
3228 1527 3371 1584 ferre
3400 1543 3504 1584 non
3532 1538 3687 1598 potest
3704 1530 3782 1587 sibi

534 1618 701 1684 Quasi
732 1632 860 1672 vero
887 1615 967 1671 fas
1012 1616 1091 1669 eis
1123 1616 1313 1670 luisset
1340 1619 1440 1670 hac
1470 1614 1598 1670 falsa
1637 1615 1833 1684 pietate
1866 1615 2133 1679 homines,
2242 1618 2312 1675 ab
2331 1618 2562 1673 ethnicis
2589 1618 2752 1687 ohjici
2786 1616 3128 1675 Christianos
3159 1630 3236 1676 tot
3263 1623 3782 1693 tantorumquccritni-

536 1722 614 1766 tot
646 1722 1022 1780 tantorumque
1046 1710 1330 1764 criminum
1356 1719 1658 1773 accusatos,
1687 1723 1785 1764 nec
1816 1725 1878 1763 ea
1910 1724 1969 1764 se
1988 1724 2137 1763 com-
2244 1729 2370 1769 num
2396 1714 2533 1769 fama
2564 1714 2760 1785 ubique
2784 1716 2995 1783 vulgata
3026 1719 3264 1787 coargui.
3297 1720 3529 1775 Primum
3555 1721 3680 1776 enim
3713 1720 3785 1775 fal-

536 1805 749 1858 misisse
779 1813 1058 1874 negantes,
1092 1818 1196 1855 non
1226 1802 1397 1855 solum
1430 1800 1733 1862 absolvere,
1763 1799 1856 1856 sed
1885 1800 2135 1855 omnibus
2166 1805 2214 1867 Β
2242 1821 2332 1862 sos
2377 1807 2476 1862 hos
2505 1822 2750 1863 rumores
2782 1809 2958 1877 pravis
2997 1810 3305 1866 dtemonutn
3335 1814 3535 1868 artibus
3578 1812 3779 1869 disserui.

537 1897 711 1960 bonis,
743 1898 812 1948 ob
854 1894 1024 1949 solam
1076 1895 1307 1948 nominis
1336 1892 1612 1948 christtani
1642 1893 2004 1965 negationem,
2040 1908 2135 1948 cu-
2242 1908 2397 1956 natos
2429 1898 2595 1955 fuisse
2614 1901 2911 1956 contendit.
2944 1901 3147 1957 Deinde
3170 1919 3337 1960 vero:
3369 1923 3388 1957 ι
3428 1904 3599 1972 Fama,
3633 1906 3781 1977 inquit,

536 1991 741 2043 mnlare
766 1987 788 2042 ?
821 1987 911 2045 Sic
940 1988 1117 2058 itaque
1156 1986 1459 2041 fatebantur
1484 1987 1535 2041 in
1567 1987 1703 2052 solo,
1741 1997 1797 2041 ut
1818 1987 1891 2041 ait
1919 1985 2135 2043 Tertul-
2239 2008 2455 2063 semper
2474 1994 2675 2063 sparsis
2701 1994 2998 2050 mendaciis
3021 1995 3203 2060 alitur,
3234 2008 3447 2053 ostensa
3470 1997 3674 2053 veritate
3689 2012 3786 2054 cott-

534 2084 729 2146 lianns,
762 2081 1196 2137 Christianorum
1251 2081 1469 2136 nomine
1521 2081 1691 2153 posita
1743 2078 1910 2135 fuisse
1954 2081 2134 2134 omnia
2240 2087 2487 2140 sumitur.
2531 2104 2549 2137 ι
2583 2085 2687 2140 Sed
2721 2084 2821 2139 hoc
2850 2084 3215 2143 Tertullianus
3243 2086 3408 2158 longe
3452 2088 3610 2144 fusius
3644 2102 3786 2157 prose-

537 2192 723 2229 eornm
753 2175 977 2229 crimina
1008 2172 1250 2246 (Tertull.
1285 2173 1504 2245 Apolag.
1549 2189 1665 2245 cap.
1699 2172 1735 2226 2
1763 2183 1809 2226 et
1834 2173 1886 2237 5,
1922 2189 2045 2245 pag.
2077 2172 2132 2238 4,
2238 2177 2444 2248 quitur,
2478 2193 2544 2233 ac
2569 2178 2733 2234 citato
2756 2178 2917 2235 etiam
2955 2179 3166 2250 Virgilii
3194 2184 3460 2247 carmine,
3494 2181 3785 2237 invictissime

527 2278 573 2323 et
604 2268 693 2349 lib.
727 2283 742 2322 t
771 2267 839 2319 ad
873 2266 1087 2320 Nation.
1119 2282 1231 2336 cap.
1266 2267 1319 2329 5,
1354 2264 1433 2337 5).
2240 2271 2577 2326 demonstrat
2605 2271 2736 2325 nihil
2771 2275 2876 2327 huc
2903 2285 3221 2344 argumento
3256 2290 3379 2330 esse
3406 2274 3674 2345 quidquam
3696 2288 3785 2328 tua-

605 2360 800 2413 V'erum
824 2360 921 2413 hac
950 2359 1094 2429 impii
1126 2358 1371 2412 homines
1400 2357 1586 2415 fraude
1608 2361 1874 2414 etastutia
1899 2359 2038 2414 alios
2064 2359 2133 2415 ad
2241 2366 2327 2436 gis
2376 2365 2515 2428 leve,
2559 2365 2853 2429 inﬁrmum,
2909 2377 2965 2421 et
3010 2367 3303 2422 absurdum
3342 2368 3577 2438 (Tertull.
3600 2366 3778 2438 Apolog.

530 2454 846 2524 cjurandatn
876 2454 1226 2531 Christianam
1283 2452 1441 2507 fidem
1489 2454 1695 2507 lat-ilius
1722 2454 1939 2508 allicere
1981 2455 2131 2509 vole-
2237 2475 2353 2528 cap.
2382 2458 2435 2524 7,
2481 2467 2528 2513 et
2554 2457 2641 2513 lib.
2669 2474 2683 2513 t
2707 2458 2775 2513 ad
2803 2456 3020 2515 Natio».
3049 2476 3165 2531 cap.
3202 2459 3281 2533 7).
3317 2460 3426 2518 Sed
3478 2459 3719 2534 quomodo
3741 2458 3768 2515 il

534 2548 683 2602 bant.
712 2545 899 2617 Neque
931 2547 981 2601 id
1012 2547 1177 2617 gratis
1210 2562 1239 2600 a
1272 2545 1427 2601 nobis
1450 2545 1627 2623 ﬁctum
1663 2556 1836 2619 putes.
1872 2546 2133 2604 Minucius
2240 2551 2355 2618 lnd,
2376 2553 2586 2621 aliaque
2615 2567 2645 2606 a
2678 2553 2835 2607 nobis
2859 2555 3099 2613 exnosita
3129 2564 3338 2625 urgeat,
3369 2570 3468 2611 suo
3496 2555 3607 2610 loco
3623 2551 3787 2609 exami-

531 2644 727 2698 ctenitn
763 2640 891 2696 illud
920 2658 946 2694 a
978 2658 1035 2695 se
1065 2639 1284 2702 factum,
1330 2656 1434 2694 non
1481 2641 1599 2695 sine
1641 2641 1875 2695 maximo
1916 2641 2133 2695 contriti
2237 2647 2485 2704 nabimns
2510 2644 2752 2718 (Disserl.
2786 2649 2839 2703 in
2867 2646 3090 2703 Tertulli
3118 2666 3236 2719 cap.
3258 2649 3353 2717 ει),
3386 2662 3488 2706 art.
3518 2649 3592 2722 l).

529 2737 709 2790 cordis
736 2735 921 2789 dolore
952 2734 1261 2789 conﬁtetur.
1298 2754 1316 2785 ι
1359 2734 1425 2789 El.
1455 2736 1498 2807 si
1546 2736 1686 2806 quis,
1720 2737 1813 2801 ait,
1844 2736 2131 2805 inﬁrmior,
2868 2759 3093 2817 CAPUT
3122 2760 3217 2817 IX.

533 2830 673 2884 malo
700 2842 920 2900 pressus
944 2837 996 2881 et
1023 2827 1231 2893 victus,
1264 2827 1615 2883 christianum
1647 2844 1704 2884 se
1735 2838 2004 2898 negasset,
2052 2827 2131 2882 fa~
2237 2853 2673 2911 numnum“
2716 2870 2863 2919 om.
2918 2869 3083 2910 ut”
3112 2871 3229 2911 sn".
3263 2870 3373 2912 Duo
3421 2871 3575 2911 nu“
3615 2868 3790 2911 cum,

532 2923 788 2977 vehamus
818 2920 887 2986 ei,
919 2921 1070 2990 quasi
1101 2921 1309 2991 ejerato
1350 2923 1570 2999 nomine
1591 2964 1605 2987 ,
1643 2922 1753 2993 jam
1787 2924 1965 2976 omnia
1996 2922 2129 2977 facta
2310 2963 2639 3003 cumsuam
2654 2962 2913 3013 omne“,
2948 2964 3213 3004 Imm“.
3243 2965 3311 3004 η
3336 2965 3467 3005 “ms
3492 2964 3642 3004 sum
3667 2960 3789 3001 ,πει

535 3031 632 3069 sua
664 3015 751 3068 illa
778 3030 875 3069 sua
903 3013 1187 3085 negatione
1219 3025 1492 3084 purgaret.
1537 3015 1912 3085 Agnoscitisne
1940 3014 2128 3070 eadem
2307 3057 2573 3098 “manu
2606 3057 2804 3108 (καθ’.
2834 3057 2901 3098 Λα
2931 3057 3132 3099 vos“,
3163 3058 3437 3102 “non”
3466 3060 3581 3101 ms
3607 3055 3787 3107 cum,

530 3123 627 3161 nos
649 3106 883 3161 sensisse
912 3118 966 3162 et
994 3106 1189 3177 egisse,
1218 3121 1340 3177 quae
1387 3106 1598 3162 sentitis
1638 3116 1689 3162 et
1719 3109 1905 3178 geritis
1931 3108 1954 3161 ?
1986 3106 2119 3162 Cum
2307 3150 2486 3199 "om;
2526 3106 2798 3193 Emmeos‘
2838 3152 2871 3191 Ε
2913 3151 3218 3193 comma“,
3257 3153 3443 3194 no."
3472 3153 3669 3195 “vam
3695 3148 3789 3191 εεςε

530 3199 575 3254 si
604 3199 761 3261 ratio,
807 3213 911 3252 non
964 3198 1233 3267 instigatio
1265 3197 1529 3253 daemonis
1564 3197 1866 3268 judicaret,
1902 3199 2129 3271 urgendi
2155 3207 2202 3271 ο

535 3243 575 3254 -.
605 3243 761 3261 .,-.υ,
808 3243 911 3252 ..-..
1267 3243 1529 3253 -.ν...ν...,
1564 3243 1866 3268 ,νωνηνη
1904 3243 2129 3271 “om.-.
2155 3243 2202 3271 υ

535 3294 726 3363 magis,
757 3308 862 3346 non
888 3302 944 3346 ιιι
973 3292 1333 3348 diffiterentur
1367 3308 1426 3347 se
1445 3290 1808 3360 Christianos,
1841 3294 1934 3347 sed
1957 3293 2025 3348 de
2050 3295 2131 3348 in-
2308 3243 2464 3286 nos.
2780 3318 3071 3360 Αιιτιευιυς
3109 3320 3320 3361 paruus,

533 3387 718 3451 cestis,
736 3385 960 3455 stupris,
983 3385 1050 3441 de
1078 3387 1332 3456 impiatis,
1366 3386 1416 3440 id
1439 3399 1543 3450 est,
1574 3387 1812 3457 pollutis,
1843 3388 2032 3454 sacris,
2061 3388 2131 3445 de
2236 3394 2586 3451 Excutiuutur
2633 3409 2951 3469 argumenta,
3004 3398 3184 3469 quibus
3235 3400 3502 3459 Minucius
3530 3399 3793 3456 Christianos

532 3480 828 3534 infantibus
884 3478 1174 3535 immolatis
1220 3480 1533 3535 faterentur.
1598 3499 1617 3532 ι
1661 3480 1862 3536 Eadem
1914 3498 2129 3553 quoque
2523 3488 2619 3543 hoc
2647 3498 2859 3560 utroque
2880 3490 3090 3545 crimine
3115 3508 3326 3563 prorsus
3355 3493 3555 3549 liberat.

533 3574 844 3631 Lactantius
883 3588 1163 3630 memoria:
1219 3583 1402 3643 postea
1442 3574 1528 3629 his
1577 3573 1909 3646 totidemque
1951 3577 2132 3633 verbis
2305 3580 2540 3636 Tametsi
2588 3580 2851 3641 Minucius
2917 3584 3264 3653 generalibus
3325 3585 3604 3656 responsis
3652 3583 3795 3639 inusta

533 3669 797 3732 prodidit:
826 3687 844 3719 ι
880 3669 933 3725 Si
956 3670 1044 3739 qui
1070 3678 1251 3723 autem
1282 3668 1487 3723 doloris
1512 3668 1605 3724 vel
1630 3671 1820 3723 mortis
1846 3681 2013 3735 metu,
2043 3670 2127 3726 vel
2234 3671 2600 3730 Christianisa
2633 3674 2869 3737 CtPCiliO.
2893 3685 2947 3730 et
2967 3675 3087 3731 aliis
3116 3677 3413 3746 gentilibus
3443 3678 3539 3733 tria
3568 3670 3792 3735 horrenda

528 3771 716 3833 suapte
744 3761 1207 3833 perﬁdiacteleste
1238 3769 1632 3817 sacramentum
1651 3761 2014 3831 deseruerint,
2043 3764 2126 3819 vel
2233 3769 2556 3839 infandaque
2623 3769 2830 3825 scelera
2893 3768 3024 3824 satis
3097 3785 3368 3841 superque
3414 3771 3688 3835 diluisset,
3743 3763 3798 3820 ad

524 3854 592 3910 ad
627 3857 835 3910 funesta
885 3854 1149 3910 sacriﬁcia
1192 3856 1590 3924 consenserint,
1639 3870 1734 3911 eos
1766 3855 2011 3925 laudant,
2072 3865 2127 3913 et
2231 3861 2657 3933 unumquodque
2687 3871 2865 3918 tamen
2909 3863 3076 3927 venit,
3107 3863 3248 3934 quod
3278 3864 3593 3933 singulatim
3631 3856 3796 3929 duplici

525 3950 820 4005 honoribus
861 3959 1120 4016 mactant,
1167 3958 1225 4004 ut
1254 3964 1444 4004 eorum
1489 3949 1740 4018 exemplo
1766 3961 1994 4008 caeteros
2019 3952 2127 4007 illi-
2231 3954 2442 4010 ratione
2463 3952 2707 4010 confutat
2728 3963 2783 4009 et
2824 3952 3074 4009 destruit.
3107 3954 3288 4011 Primo
3312 3956 3461 4011 enim
3490 3953 3615 4011 illud
3639 3951 3799 4008 falsum

519 4045 660 4100 ciant
684 4042 945 4118 (Lactant.
971 4044 1062 4099 lib.
1101 4058 1141 4111 ι,
1174 4060 1294 4112 cap.
1315 4043 1371 4106 9,
1400 4060 1521 4115 pag.
1546 4039 1706 4115 48?).
1738 4059 1762 4099 ι
2232 4046 2458 4101 omnino
2484 4060 2606 4101 esse
2632 4044 2988 4100 demonstrat.
3022 4044 3228 4101 Deinde
3257 4060 3389 4102 vero
3417 4044 3800 4103 luculentissima

593 4139 752 4194 Aliud
779 4140 1137 4195 certissimum
1169 4138 1487 4207 integritatis
1516 4147 1570 4193 et
1600 4138 1921 4193 innocentia:
1961 4136 2124 4192 Chri-
2232 4139 2427 4209 probat
2456 4138 2719 4209 ipsosmet
2744 4138 2972 4210 genttles
2994 4178 3011 4205 ,
3051 4138 3486 4194 Christianorum
3515 4138 3714 4195 odiosos
3734 4146 3805 4188 ac-

521 4238 822 4293 stianorum
857 4235 1110 4290 indicium
1134 4242 1269 4298 erat,
1302 4232 1445 4304 quod
1467 4232 1511 4289 si
1544 4243 1685 4288 tanta
1715 4233 1910 4304 ﬂagitia
1953 4232 2127 4287 admi-
2231 4241 2530 4297 cusatores,
2563 4232 2709 4286 illius
2736 4233 2914 4302 rcipsa
2941 4246 3061 4288 esse
3082 4247 3208 4288 reos
3237 4246 3300 4287 ac
3328 4230 3600 4288 conscios.

519 4334 758 4397 sissent,
787 4331 997 4399 aliquos
1040 4328 1233 4384 saltent
1284 4342 1470 4383 eorum
1513 4326 1802 4397 aliquando
1842 4327 2125 4395 ptenituis-
2305 4326 2518 4381 Initium
2548 4333 2726 4381 autem
2754 4325 2823 4379 ab
2860 4325 3062 4381 infante
3083 4327 3287 4392 occiso,
3320 4324 3505 4382 adesis
3522 4324 3637 4394 eius
3656 4316 3806 4387 carni-

518 4432 603 4481 set
637 4466 652 4490 ,
698 4433 791 4477 aut
824 4422 1132 4477 timuissent
1178 4435 1370 4491 poenas
1397 4419 1717 4474 criminibus
1756 4420 1870 4474 suis
1912 4418 2123 4474 debitas
2231 4419 2351 4488 bus,
2390 4428 2677 4490 potatoque
2709 4421 2987 4491 sanguine,
3027 4420 3111 4475 his
3143 4420 3232 4476 ille
3276 4420 3461 4477 verbis
3487 4418 3644 4476 duxit
3670 4435 3682 4471 :
3713 4413 3803 4470 «Il-

515 4519 687 4584 lurre,
736 4528 827 4571 ant
855 4514 1071 4570 tandem
1098 4514 1442 4569 erubuissent
1469 4527 1666 4567 nomen
1708 4510 1755 4565 ei
1784 4511 2001 4567 dedisse
2032 4528 2123 4568 re-
2241 4516 2350 4570 lttm
2374 4516 2483 4586 jam
2518 4514 2671 4571 velim
2714 4515 3024 4582 convenire,
3050 4516 3139 4585 qtti
3186 4516 3385 4570 initiari
3424 4530 3530 4572 nos
3571 4513 3711 4578 dicit,
3734 4511 3810 4563 aui

514 4613 724 4685 ligiuni,
777 4625 897 4681 qua!
938 4608 1003 4663 ad
1038 4607 1123 4662 illa
1164 4605 1521 4678 perpetranda
1549 4605 1930 4673 Compellebat.
1965 4625 1986 4658 ι
2022 4609 2115 4661 At-
2144 4610 2198 4670 D
2224 4609 2397 4664 credit
2438 4608 2504 4663 tle
2555 4607 2702 4662 crede
2748 4606 2996 4674 infantis,
3046 4616 3138 4662 aut
3166 4609 3450 4689 sanguine.
3482 4608 3645 4664 Putas
3672 4612 3804 4674 posse

511 4709 603 4781 qui
630 4708 828 4762 malum
853 4703 992 4760 adeo
1020 4717 1126 4757 non
1153 4710 1257 4764 est,
1281 4701 1357 4755 ait
1387 4698 1671 4766 Minui-ius,
1703 4710 1758 4753 ut
1786 4698 2121 4756 Christianus
2228 4703 2367 4768 ﬁeri,
2399 4714 2456 4756 ut
2479 4712 2586 4756 tam
2614 4701 2796 4765 molle,
2832 4711 2939 4756 tam
2972 4702 3252 4771 parvulum
3286 4716 3489 4771 corpus
3517 4700 3623 4756 fata
3643 4697 3806 4751 vulne-

520 4818 642 4857 rcus
670 4816 774 4854 non
808 4797 1181 4858 erubesceret,
1219 4809 1318 4849 nec
1365 4791 1610 4859 timeret,
1641 4803 1694 4847 et
1722 4807 1882 4846 unum
1913 4792 2117 4847 solum-
2226 4810 2345 4850 rum
2376 4795 2574 4864 capiat,
2618 4803 2676 4848 ut
2727 4793 3014 4863 quisquam
3062 4793 3211 4848 illum
3253 4791 3445 4848 rudem
3496 4792 3807 4863 sanguinem.

514 4896 695 4956 modo.
747 4894 887 4965 quod
939 4906 1046 4946 non
1077 4897 1202 4944 ante
1249 4886 1430 4949 fuerit,
1465 4886 1768 4957 pwniteret.
1809 4906 1828 4938 ι
1864 4887 1969 4943 Sed
2002 4886 2118 4942 ltzrc
2224 4888 2440 4963 (eodem
2472 4886 2835 4944 Tertulliatnts
2862 4885 3030 4941 verbo
3058 4884 3249 4957 utitur)
3274 4886 3499 4951 novelli,
3531 4886 3683 4941 etvix
3704 4880 3808 4935 dum

517 4990 684 5043 fusius
719 4985 1113 5043 a'Tertnlliano
1135 4993 1293 5053 antea
1324 4980 1465 5036 dicta
1498 4980 1661 5036 fuisse
1691 4980 1934 5053 legimus.
1970 4982 2119 5054 Ιρςει-
2226 4986 2338 5040 nati
2359 4983 2597 5037 hominis
2624 4981 2818 5047 caedat,
2845 4980 3046 5041 fundat,
3072 4979 3390 5035 exhauriat?
3421 4978 3592 5034 Netno
3616 4979 3712 5032 hoc
3730 4987 3808 5042 p0-

518 5090 626 5137 tnct
677 5082 818 5135 enim
866 5080 1011 5134 illius
1062 5077 1248 5132 isthaec
1300 5083 1424 5130 sunt
1474 5074 1681 5129 verba:
1719 5092 1737 5127 ι
1775 5073 2118 5130 Christianus
2230 5088 2334 5134 test
2358 5075 2606 5138 credere.
2629 5074 2731 5131 nisi
2765 5075 2853 5146 qui
2879 5074 3049 5145 possit
3072 5074 3273 5138 audere
3321 5072 3573 5142 (Tertull.
3614 5067 3807 5141 Apolog-

518 5189 646 5228 vero
675 5172 801 5241 quid
834 5171 1054 5226 simile?
1097 5169 1378 5225 Neminem
1409 5167 1593 5238 pudet,
1639 5169 1906 5223 neminem
1938 5171 2116 5240 pteni-
2224 5189 2343 5241 cap,
2374 5171 2427 5233 8,
2456 5187 2557 5241 pag
2608 5168 2689 5236 9).
2723 5187 2743 5237 ι
2777 5169 2912 5223 Dicit
2939 5169 3117 5239 itaque
3139 5167 3280 5223 hanc
3316 5158 3812 5223 criminatinnetnab

520 5278 617 5327 tet.
647 5267 747 5321 nisi
790 5275 934 5321 retro
960 5282 1063 5319 non
1090 5263 1277 5320 fuisse.
1310 5262 1366 5319 Si
1394 5263 1705 5322 denotetur.
1735 5262 1995 5332 gloriatur
2024 5280 2038 5317 :
2074 5262 2122 5318 si
2225 5267 2371 5321 omni
2400 5280 2624 5336 prorsus
2652 5265 2877 5320 veritate
2915 5264 2993 5319 sic
3020 5263 3315 5319 abhorrere
3341 5280 3356 5327 ;
3390 5273 3447 5317 ut
3475 5262 3547 5316 ab
3572 5261 3634 5316 iis
3656 5255 3808 5313 Solum

522 5368 827 5427 accusatur,
853 5374 960 5415 non
982 5358 1260 5415 defendit:
1296 5358 1682 5427 interrogatus,
1718 5356 1801 5411 vel
1827 5357 1969 5411 ultro
1989 5372 2123 5411 con-
2226 5358 2374 5413 credi
2405 5356 2573 5428 possit
2598 5398 2613 5421 ,
2663 5357 2751 5427 qui
2799 5356 2979 5411 scelus
3018 5354 3161 5410 idem
3200 5353 3606 5424 perpetrabant.
3635 5349 3810 5416 Marlyl‘

521 5459 700 5513 ﬁtetur
734 5473 748 5508 :
780 5453 1098 5517 damnatus,
1130 5450 1328 5521 gratias
1365 5450 1495 5519 agit.
1529 5448 1669 5515 Quid
1699 5448 1802 5504 hoc
1840 5449 1967 5505 mali
2014 5460 2117 5518 est,
2224 5465 2355 5506 vero
2401 5448 2651 5505 Justinus
2693 5446 2931 5504 rationes
2967 5446 3120 5502 nobis
3169 5446 3377 5510 reddit,
3406 5461 3505 5501 cur
3533 5444 3586 5502 id
3620 5452 3808 5497 omnem

522 5556 664 5623 quod
698 5545 960 5602 naturalia
993 5543 1121 5613 (ms.
1153 5553 1341 5598 natura
1369 5541 1522 5617 alia),
1552 5542 1675 5597 mali
1705 5557 1813 5596 non
1836 5541 2016 5608 habet,
2051 5543 2123 5597 ti-
2229 5543 2514 5597 humanam
2559 5541 2715 5596 ﬁdem
2748 5548 2966 5610 superet
3008 5537 3242 5612 (Iastia.
3295 5537 3484 5606 Mart,
3517 5538 3665 5609 Apol.
3702 5549 3807 5606 pag-

521 5637 1047 5709 morem,pudorem,
1068 5636 1586 5704 tergiversationem,
1616 5634 2123 5705 puenitentiam,de-
2230 5633 2350 5706 50).
2386 5632 2597 5690 Nemini
2638 5633 2919 5689 enimvero
2958 5631 3241 5697 credibile,
3266 5632 3462 5703 inquit,
3488 5632 3603 5687 ﬁeri
3628 5630 3805 5701 potest.

526 5732 921 5810 plorationem?
947 5728 1084 5798 Quid
1137 5730 1238 5785 hoc
1270 5731 1395 5786 mali
1438 5740 1542 5797 est,
1575 5731 1729 5800 cujus
1757 5745 1881 5786 reus
1904 5730 2121 5799 gaudet,
2229 5739 2283 5783 ut
2332 5728 2579 5785 homines
2626 5726 3061 5799 ﬂagitiosissimis
3100 5726 3461 5797 voluptatibus
3494 5725 3688 5787 dediti,
3720 5722 3807 5773 ltu-

519 5830 672 5904 cujus
703 5824 976 5888 accusatio
1001 5830 1182 5880 votum
1207 5831 1321 5891 est,
1351 5832 1407 5881 et
1436 5838 1590 5896 poena
1618 5823 1844 5880 felicitas
1875 5822 2122 5898 (Tertull.
2232 5839 2511 5896 manisque
2536 5823 2662 5885 caesi
2689 5822 2909 5887 infantis
2936 5821 3213 5890 carnibus,
3245 5821 3429 5894 quales
3453 5814 3729 5877 Christiani
3747 5811 3805 5875 ab
