4034 6320
268 312 381 377 483

1675 308 2154 380 DISSERTATIO.

3482 329 3585 386 486

277 432 519 488 ethnicis
548 431 903 505 fingebantur,
938 439 1247 498 vescrnles,
1301 439 1493 504 sponte
1530 447 1589 489 se
1629 436 1881 489 omnibus
1907 440 1956 498 Α
1989 437 2149 492 modo
2174 437 2479 510 quisquam,
2502 438 2576 493 ait
2600 438 2801 505 ille,vel
2822 439 3586 506 li0tnicidii,\'elhumanarum

268 527 456 590 bonis,
503 527 706 581 divitiis
743 537 797 581 et
827 527 1170 581 facultatibus
1200 512 1496 599 privari-nt,
1532 530 1879 599 sinerentque

266 637 330 679 se
362 625 436 677 ob
464 624 635 678 solam
682 624 958 699 religionis
1004 623 1139 679 adeo
1181 623 1416 678 crudelis
1458 623 1875 692 confessionem,

267 716 711 789 exquisitissimis
746 726 1029 791 tormentis
1051 715 1244 781 occidi,
1278 732 1341 770 ac
1363 716 1502 771 ultro
1523 718 1683 787 etiam
1713 732 1881 788 quan-

267 809 451 881 doque
472 812 627 867 morti
660 825 720 865 se
742 794 1019 879 oll‘errent‘.

340 904 484 973 Quid
515 911 717 971 autem,
750 904 892 975 quod
926 904 1143 977 Trypho
1172 903 1391 981 Judmus
1419 904 1486 959 ab
1527 904 1719 960 eodem
1749 903 1877 961 Jus-

268 997 386 1052 tino
416 1009 652 1073 martyre
698 989 1076 1071 interrogatus,
1121 1012 1186 1063 an
1233 1013 1417 1053 verum
1466 1014 1589 1054 esse
1631 1007 1882 1055 censeret

268 1089 400 1144 illud
444 1101 502 1144 et
539 1089 790 1161 alterum,
834 1089 976 1161 quod
1013 1088 1333 1155 Christianis
1365 1090 1603 1163 inﬂigere
1634 1089 1881 1147 solebant

268 1181 536 1253 ﬂagitium
582 1200 595 1237 :
646 1201 664 1234 ι
701 1182 957 1238 Homines
1003 1199 1213 1249 vorare,
1258 1194 1310 1238 et
1355 1196 1474 1253 post
1511 1184 1750 1254 epulum,
1798 1185 1879 1239 lu-

266 1276 451 1331 cernis
497 1275 788 1344 extinctis,
843 1276 1052 1341 nefario
1099 1279 1405 1347 promiscue
1463 1278 1748 1335 concubitu
1793 1277 1877 1337 in-

264 1368 450 1436 volvi;
492 1386 511 1420 ι
549 1368 654 1423 ulla
684 1368 888 1439 absque
938 1370 1275 1429 haesitatione
1304 1370 1584 1438 respondit
1628 1388 1641 1423 :
1686 1376 1799 1442 Περὶ
1830 1375 1881 1426 δὲ

264 1461 330 1517 ὧν
359 1464 523 1516 πολλοὶ
554 1463 782 1532 λέγουσιν,
807 1466 861 1519 οὗ
890 1469 1142 1520 πιστεῦσαι
1167 1468 1322 1529 ἄξιον
1347 1466 1501 1534 πᾶῥρω
1530 1470 1625 1535 γὰρ
1644 1473 1879 1535 κεχώρηκε

262 1570 354 1619 τῆς
382 1561 676 1626 ἀνθρωπίνης
701 1561 897 1627 pinnae.
931 1575 951 1609 ί
985 1560 1116 1625 Quae
1143 1574 1173 1613 a
1202 1560 1385 1614 multis
1410 1561 1705 1630 jactantur,
1740 1561 1889 1617 indi!

265 1663 372 1723 ειη
419 1659 547 1709 sunt
594 1648 739 1716 fide;
790 1652 947 1721 longe
992 1652 1136 1711 enim
1188 1668 1217 1707 a
1272 1663 1460 1709 natura
1507 1653 1741 1709 humana
1782 1654 1879 1708 ab-

263 1750 398 1795 sunt
437 1740 705 1812 (Justin.,
734 1741 945 1814 Dialog.
996 1755 1176 1809 contra
1221 1743 1418 1816 Tryplt.
1470 1764 1592 1817 pay.
1640 1745 1811 1816 227).
1854 1766 1873 1800 ι

1981 535 2224 587 carnium
2270 534 2595 602 epulationis
2639 534 2976 591 insimularet
3018 536 3156 595 illos.
3193 552 3327 607 quos
3353 537 3588 606 nejnste

1980 625 2200 695 quidem
2248 625 2526 701 occidendi
2569 626 2801 681 hominis
2848 629 3167 699 supplicium
3227 630 3421 686 intueri
3455 631 3590 687 \elle

1980 728 2071 771 aut
2103 733 2262 788 posse
2322 720 2652 790 cognoverit.
2693 739 2710 773 ι
2759 725 2851 783 Οὓς
2899 731 2993 794 γὰρ
3042 732 3198 780 ἴσασιν
3222 725 3475 792 οὔδ’ἰδεῖν,
3503 729 3589 797 κᾷν

1982 816 2174 873 δικαίως
2202 816 2498 885 φονευόμενον
2520 820 2834 883 ὑπομένοντας
2852 858 2864 878 ,
2894 822 3069 872 τούτων
3092 829 3161 880 τίς
3193 821 3251 873 ἂν
3284 830 3525 884 κατείποι,
3557 827 3586 882 ἣ

1982 910 2373 978 ἀνθρωποῑυονίιν,
2419 915 2448 969 ἡ
2478 914 2886 980 ἀνθρωποεορίαη
2920 930 2937 961 ι
2973 910 3154 989 Pergit
3181 914 3269 989 ille
3323 928 3337 963 :
3388 932 3407 965 ι
3456 914 3589 983 Quis

1981 1016 2088 1063 non
2120 1002 2424 1072 spectacula
2460 1003 2570 1068 illa,
2622 1005 2673 1057 in
2718 1005 2910 1079 quibus
2939 1005 3264 1081 gladiatores
3295 1016 3351 1067 et
3379 1010 3585 1077 belluas

1982 1095 2183 1163 populo
2213 1097 2513 1163 praesertim
2542 1111 2639 1152 vos
2660 1096 3019 1167 Imperatores
3046 1100 3331 1175 exhibetis.
3363 1101 3582 1167 maximi

1981 1184 2143 1242 facit?
2178 1186 2285 1243 Nos
2328 1204 2458 1253 vero
2499 1205 2603 1243 non
2650 1190 2723 1244 ita
2782 1191 3028 1265 nultum,
3062 1192 3173 1265 sive
3204 1203 3479 1264 spectator
3517 1194 3587 1250 sit

1981 1278 2195 1352 aliquis,
2220 1280 2335 1336 sive
2356 1291 2546 1335 auctor
2568 1282 2752 1357 caedis,
2772 1264 3381 1355 interesse,_itidicantes,
3405 1266 3584 1343 alieno

1980 1374 2050 1428 ab
2081 1376 2163 1430 his
2186 1374 2510 1444 spectaculis
2539 1377 2720 1431 animo
2749 1392 2954 1451 sumus.
2986 1378 3271 1449 Quomodo
3314 1380 3472 1451 igitur
3494 1382 3586 1452 qui

1982 1482 2050 1521 ne
2096 1468 2162 1523 ab
2188 1468 2307 1523 aliis
2352 1469 2569 1540 quidem
2611 1469 2749 1535 ﬁeri,
2800 1486 2867 1525 ne
2912 1472 3039 1549 quid
3062 1471 3209 1549 [inde
3258 1474 3499 1539 sceleris,
3531 1482 3586 1545 et

1983 1561 2175 1633 piaculi
2204 1562 2256 1617 in
2284 1579 2381 1619 nos
2413 1563 2699 1634 redundet,
2747 1564 2936 1621 videre
2979 1546 3329 1634 sustinemus,
3362 1567 3587 1641 homici-

1984 1656 2129 1713 dium
2156 1660 2555 1714 commiltcmus
2595 1658 2695 1729 ipsi
2724 1658 2999 1733 (Athenag.
3024 1702 3038 1728 ,
3077 1657 3261 1732 Legal.
3295 1678 3389 1737 pro
3416 1660 3590 1717 Claris—

1983 1751 2137 1817 tian.,
2165 1769 2285 1823 pag.
2318 1752 2390 1810 38
2411 1751 2473 1823 )?
2512 1772 2531 1805 ι

264 1833 513 1889 Audisne
558 1834 801 1901 indicum
833 1852 939 1890 non
971 1851 1065 1899 sua
1100 1846 1304 1907 tantum
1352 1848 1545 1909 Sponte
1575 1842 1727 1897 fateri
1760 1842 1877 1896 haec
1906 1855 1955 1917 Β
2058 1844 2324 1899 Eumdem
2354 1845 2517 1917 plane
2545 1844 2597 1900 in
2623 1844 2842 1901 modum
2873 1856 3059 1903 contra
3088 1846 3331 1903 Gentiles
3354 1847 3593 1918 disputat

265 1940 393 1984 esse
422 1928 789 1996 incredibilia;
839 1932 933 1987 sed
986 1932 1248 1993 rationein
1298 1935 1460 1991 etiam
1506 1936 1735 1993 reddere
1781 1953 1877 1994 cur

269 2024 365 2080 illa
411 2025 545 2081 falsa
596 2041 717 2088 esse
766 2030 1010 2097 omnino,
1063 2046 1165 2088 nec
1194 2031 1342 2088 credi
1373 2047 1532 2102 posse
1560 2047 1875 2104 persuasum

264 2117 563 2175 habuerit?

342 2208 711 2270 Tertullianns
763 2222 942 2271 autem
990 2213 1134 2271 haud
1181 2215 1450 2273 immerito
1488 2217 1681 2273 asserit
1721 2228 1879 2273 extra

264 2317 487 2359 omnem
528 2306 738 2374 penitus
783 2319 905 2363 esse
952 2304 1391 2375 crediliilitatem,
1442 2320 1606 2380 atque
1644 2310 1877 2366 hominis

264 2412 383 2453 non
412 2406 589 2454 mente
620 2400 832 2469 penitus
877 2402 1018 2471 capti
1065 2403 1395 2473 opinionem,
1441 2420 1507 2459 eo
1541 2402 1879 2460 Christianos

266 2491 491 2549 venisse
520 2493 851 2561 dementiae,
896 2507 952 2549 ut
989 2496 1152 2550 vitam
1184 2496 1597 2568 mercedemque
1621 2507 1878 2552 aeternam

269 2583 340 2639 iis
371 2585 769 2653 promitterent,
816 2586 908 2655 qui
952 2586 1114 2643 lautis
1145 2600 1361 2658 tamque
1390 2590 1677 2645 horrendis
1707 2589 1877 2645 scele—

268 2676 429 2733 ribus
462 2692 566 2732 non
596 2678 767 2753 semel
791 2688 885 2735 aut
922 2695 1064 2745 raro,
1110 2682 1205 2739 sed
1248 2688 1360 2737 toto
1399 2680 1574 2739 ferme
1616 2682 1737 2737 vita:
1765 2695 1877 2736 suae

270 2780 522 2842 tempore
548 2774 1062 2832 contaminarentur.
1092 2776 1325 2832 Praestat
1344 2791 1475 2831 vero
1503 2791 1627 2832 eum
1655 2776 1880 2847 loquen-

270 2873 388 2921 tem
426 2866 612 2921 audire
644 2884 659 2920 :
695 2884 713 2917 ι
752 2865 819 2923 Ut
865 2867 1022 2923 fidem
1064 2878 1269 2924 natura:
1301 2870 1469 2939 ipsius
1492 2870 1755 2940 appellem
1780 2871 1877 2925 ad-

270 2974 468 3017 versus
490 2974 606 3027 eos,
638 2961 728 3035 qui
752 2961 877 3018 talia
904 2961 1171 3017 credenda
1199 2977 1322 3018 esse
1352 2974 1725 3033 przcsumunt;
1750 2979 1879 3020 ecce

270 3055 629 3123 proponimus
680 3052 874 3111 horum
941 3056 1239 3112 facinorum
1296 3057 1627 3114 mercedem.
1705 3059 1877 3114 Vitam

270 3159 535 3211 aeternam
562 3150 962 3218 repromittunt.
1001 3151 1215 3211 Credite
1239 3152 1475 3209 interim.
1516 3154 1587 3209 De
1611 3156 1713 3210 hoc
1733 3155 1878 3211 enim

1982 1936 2317 2008 Theophilus
2361 1936 2756 1994 Antiochenns.
2787 1938 2867 1995 Ad
2925 1940 3249 2012 Antolyrum
3301 1938 3587 2013 (TlteOpIi.

1982 2030 2071 2086 lib.
2132 2047 2186 2095 ιιι
2234 2031 2302 2084 ad
2367 2033 2630 2104 Autolyc.,
2681 2049 2800 2105 pag.
2860 2032 3019 2106 126)
3099 2036 3296 2105 quippe
3366 2033 3481 2090 haec
3539 2034 3589 2087 in

1981 2126 2142 2181 verba
2184 2126 2401 2197 scripsit
2451 2145 2465 2183 :
2514 2146 2532 2180 ι
2572 2127 2722 2183 Nunc
2748 2127 2870 2183 vide
2899 2144 2967 2183 an
3009 2127 3062 2184 hi
3106 2129 3195 2199 qui
3229 2128 3352 2184 talia
3378 2147 3397 2180 ι
3425 2170 3440 2196 ,
3490 2126 3594 2181 hoc

1981 2230 2082 2285 est,
2118 2232 2444 2276 memoratas
2474 2238 2504 2276 a
2535 2237 2595 2277 se
2622 2220 2994 2276 sanctissimas
3021 2220 3222 2278 Christi
3255 2221 3424 2292 leges,
3465 2220 3592 2277 ido-

1980 2322 2190 2389 centur,
2224 2313 2458 2385 taliaque
2480 2314 2716 2380 discunt,
2761 2313 2974 2384 possint
2997 2330 3149 2369 more
3175 2314 3457 2369 brutorum
3477 2314 3593 2368 aui-

1981 2408 2202 2462 malinm
2228 2409 2429 2475 vivere,
2456 2417 2509 2463 et
2539 2408 2698 2478 pollui
2726 2408 2946 2462 nefariis
2973 2407 3471 2473 conimixtionibus,
3497 2414 3590 2461 aut

1982 2503 2212 2575 possint,
2267 2502 2409 2574 quod
2454 2502 2691 2576 omnium
2735 2501 3185 2557 immanissimum
3233 2510 3337 2567 est,
3395 2514 3588 2555 carnes

1981 2594 2281 2661 humanas,
2330 2596 2552 2651 infantis
2594 2594 2803 2650 scilicet
2831 2610 2861 2648 a
2901 2610 2960 2669 se
2983 2595 3178 2662 occisi,
3213 2593 3477 2662 attingere
3504 2591 3527 2644 ?
3561 2610 3577 2642 ι

1980 2679 2120 2743 ὅπου
2141 2714 2191 2756 γε
2225 2700 2306 2744 καὶ
2331 2694 2417 2751 τὰς
2447 2697 2553 2751 θέας
2583 2706 2672 2765 τῶν
2690 2711 2978 2757 μονομαχων
3010 2694 3124 2757 ἡμῖν
3150 2691 3417 2761 ἀπερὶητιιι
3444 2692 3556 2759 ὁρᾷν
3575 2727 3591 2754 ,

1985 2789 2061 2836 ἵνα
2087 2794 2159 2855 μὶ
2178 2790 2411 2849 κοινωνοὶ,
2440 2786 2523 2837 χαὶ
2561 2794 2826 2855 συνίστορες
2862 2794 2953 2838 τῶν
3004 2785 3144 2857 φόνου
3174 2788 3429 2849 γενώμεθα.
3481 2779 3590 2836 ἀλλ’

1983 2879 2092 2931 οὗδὲ
2124 2880 2207 2936 τὰς
2233 2880 2406 2938 λοιπὰς
2433 2883 2627 2947 θεωρίας
2652 2880 2767 2953 ὁρᾶξιν
2793 2885 2910 2947 χρὴ
2943 2880 3019 2945 ivli:
3040 2885 3111 2943 μ’ἱι
3139 2879 3432 2943 μολύνωντσιι
3463 2882 3596 2943 ἡμῶν

1985 2977 2029 3022 οἱ
2057 2972 2307 3040 {ipsum}.
2339 2979 2422 3023 uti
2453 2973 2516 3047 τᾲ
2536 2973 2655 3028 ὦτα.
2677 2971 2899 3047 γενόμενα.
2926 2974 3208 3038 συμμέτοχοι
3233 2985 3325 3023 τῶν
3354 2974 3449 3022 (ut
3492 2990 3593 3039 φω-

1983 3078 2068 3117 νῶν
2096 3063 2332 3133 ᾀδομένων
2350 3102 2363 3121 ,
2392 3066 2435 3114 εἰ
2456 3042 2551 3135 pip
2575 3067 2702 3117 εἴποι
2742 3084 2820 3132 τις
2848 3062 2957 3131 θηρὶ
2987 3063 3368 3137 ἀνθρωποὼρζας
3404 3063 3501 3113 ἐκεῖ
3530 3064 3595 3114 rit

1982 3162 2211 3218 Θυέστου,
2244 3165 2327 3208 καὶ
2350 3161 2529 3226 Τερὲως
2572 3162 2713 3229 timet
2749 3158 3013 3223 ἑσθιόμενσι.
3051 3171 3071 3204 t
3108 3152 3415 3225 Praesertim
3466 3166 3588 3206 cum

270 3257 485 3312 quaero,
514 3257 581 3296 an
613 3253 667 3298 et
692 3245 781 3313 qui
804 3243 1120 3311 credideris,
1154 3248 1286 3301 tanti
1316 3246 1517 3302 habeas
1545 3247 1611 3302 ad
1636 3263 1755 3303 eam
1784 3248 1876 3305 tali
1903 3256 1949 3320 ρ
1981 3247 2146 3302 etiam
2177 3246 2581 3325 monouiachias
2625 3258 2870 3327 spectare
2921 3245 3075 3300 nobis
3119 3244 3461 3315 interdictum
3493 3244 3587 3311 sit,

270 3338 609 3394 conscientia
640 3340 941 3408 pervenire.
974 3338 1132 3404 Veni,
1178 3339 1431 3411 demet-ge
1477 3339 1677 3395 ferrum
1710 3344 1763 3395 in
1797 3342 1877 3395 in—

269 3432 506 3499 fantem,
558 3434 753 3489 nullius
807 3434 1106 3497 inimicum,
1156 3435 1357 3489 nullius
1407 3450 1581 3503 reum,
1632 3437 1874 3491 omnium

270 3524 445 3580 lilium
479 3540 493 3578 :
528 3525 611 3580 vel
650 3525 694 3583 si
742 3526 963 3587 alterius
990 3525 1227 3581 officium
1258 3535 1374 3593 est,
1408 3537 1462 3581 tu
1495 3529 1657 3582 modo
1685 3529 1878 3583 assiste

271 3619 532 3674 moriettti
558 3617 780 3684 homini,
805 3633 1091 3689 antequam
1116 3618 1271 3675 vixit.
1303 3619 1621 3690 Fugientem
1642 3622 1876 3675 animam

272 3726 470 3766 novam
501 3723 776 3781 exspecta.
813 3711 1013 3781 Excipe
1051 3713 1238 3768 rudem
1268 3716 1622 3784 sanguinem;
1676 3730 1741 3770 eo
1787 3730 1879 3785 pa-

273 3822 402 3862 nem
431 3816 579 3861 tuum
626 3809 801 3874 satia;
856 3822 1076 3863 vescere
1107 3809 1371 3864 libenter.
1409 3807 1615 3865 Interea
1643 3810 1879 3866 discum-

266 3896 440 3963 bens,
499 3898 777 3952 dinumera
832 3899 982 3963 loca;
1029 3900 1117 3983 ubi
1156 3908 1347 3965 mater,
1386 3901 1476 3954 ubi
1517 3915 1693 3968 soror,
1750 3909 1879 3956 nota

268 3992 581 4063 diligenter,
629 4002 685 4046 nt
711 4007 844 4070 pum
886 3993 1124 4049 tenebrae
1168 3993 1466 4049 ceciderint
1507 3995 1736 4061 caninae,
1769 4010 1877 4050 non

269 4102 449 4143 erres.
482 4085 758 4141 Piaculum
799 4088 942 4141 enim
970 4088 1277 4153 admiseris,
1308 4086 1411 4142 nisi
1444 4087 1705 4142 incestum
1733 4087 1880 4143 feceo

268 4180 373 4236 ris.
404 4178 551 4235 Talia
584 4179 845 4245 initiatus,
887 4189 943 4234 et
981 4180 1351 4251 consignatus,
1398 4180 1541 4235 vivis
1581 4181 1633 4234 in
1678 4196 1877 4236 aevum.

266 4274 447 4344 Cupio
467 4275 820 4343 respondeas,
845 4274 889 4328 si
916 4275 1044 4329 tanti
1076 4275 1389 4329 aeternitas?
1412 4276 1518 4329 Ant
1541 4276 1734 4340 sinon,
1760 4275 1882 4330 ideo

270 4383 378 4424 nec
425 4368 711 4423 credenda.
759 4368 978 4433 Etiamsi
1023 4367 1340 4431 credideris,
1392 4383 1530 4438 nego
1581 4378 1633 4423 te
1686 4368 1879 4424 velle:

267 4462 487 4518 etiamsi
512 4461 772 4525 volneris,
798 4475 933 4531 nego
957 4471 1008 4516 te
1039 4474 1216 4530 posse.
1243 4458 1354 4515 Cur
1382 4476 1512 4529 ergo
1532 4462 1621 4516 alii
1649 4464 1878 4531 possint,

266 4558 317 4613 si
348 4571 451 4610 vos
493 4571 599 4610 non
647 4555 910 4626 potestis?
947 4552 1057 4610 Cur
1086 4572 1191 4610 non
1239 4554 1477 4626 possitis,
1525 4556 1568 4610 si
1615 4555 1704 4610 alii
1754 4572 1880 4625 pos-

1981 3355 2049 3397 ne
2081 3341 2331 3401 videlicet
2364 3340 2652 3421 partirtpes
2683 3339 2987 3419 huiusmodi
3018 3338 3247 3421 caedium
3276 3337 3592 3393 reddamur.

1978 3434 2089 3493 Nec
2132 3447 2331 3492 caetera
2374 3412 2967 3513 spcchtcula‘spectare
3007 3412 3286 3507 audeititts,
3341 3446 3409 3511 ne
3453 3429 3598 3513 oculi

1979 3529 2148 3591 nostri
2181 3527 2547 3597 inquinentur,
2580 3535 2635 3599 et
2660 3540 2821 3609 uures
2854 3534 3052 3579 nostrae
3079 3523 3297 3605 audiant
3339 3522 3591 3594 profana,

1980 3635 2098 3691 qua:
2126 3621 2195 3674 ibi
2226 3620 2601 3695 decantantur,
2631 3604 2907 3685 carmina;
2941 3606 3133 3695 nempe
3161 3606 3288 3693 dum
3330 3615 3584 3687 Thyestis

1983 3696 2179 3784 tragica
2203 3712 2438 3769 facinora
2454 3692 2903 3793 commemorant,
2930 3694 2985 3766 et
3005 3692 3159 3789 Terei
3190 3709 3392 3793 liberos
3421 3709 3589 3764 devo-

1980 3815 2126 3883 ratos
2154 3806 2402 3861 recitant.
2444 3824 2463 3858 ι
2612 3784 2641 3801 ”
3144 3792 3147 3801 ’
3253 3788 3255 3795 Α

2053 3898 2226 3954 Nemo
2250 3909 2333 3955 est
2359 3907 2538 3954 autem
2568 3896 2658 3968 qui
2692 3896 2898 3953 nesciat
2925 3910 3045 3971 qum
3075 3894 3182 3950 sint
3210 3892 3299 3948 illa
3330 3892 3589 3965 Thyestis

1984 3992 2248 4064 Tereique
2303 3992 2502 4065 tragica
2574 3990 3073 4071 immanissimaque
3129 3988 3401 4049 facinora,
3467 4002 3588 4058 quae

1983 4087 2180 4165 ethnici
2216 4086 2443 4165 publicis
2468 4086 2518 4165 in
2550 4085 2873 4165 Spectaculis
2897 4082 3380 4154 repraesentabani.
3411 4080 3600 4153 Tliyca

1984 4192 2067 4240 tes
2096 4164 2238 4239 enini
2286 4184 2454 4239 fertur
2491 4164 2649 4239 Atrei
2691 4183 2869 4238 fratris
2918 4181 3002 4236 sui
3049 4197 3273 4259 uxorem
3324 4180 3593 4236 adulterio

1983 4278 2225 4333 vitiasse.
2275 4276 2441 4351 Cujus
2492 4275 2680 4348 flagitii
2731 4260 2786 4331 in
2835 4258 3127 4330 vindictam
3179 4277 3378 4355 Atreus
3427 4274 3593 4343 filiuni

1985 4372 2306 4443 epulandum
2345 4372 2393 4427 ei
2442 4370 2722 4440 apposuit,
2751 4386 2871 4447 quae
2922 4370 3139 4463 quidem
3169 4369 3369 4455 sceiera
3412 4387 3480 4447 nc
3512 4370 3596 4426 sol

1983 4465 2214 4529 videret,
2249 4479 2405 4519 suum
2438 4464 2641 4518 idcirco
2688 4477 2906 4517 cursum
2935 4473 3079 4519 retro
3106 4462 3109 4463 ⁷
3136 4463 3469 4518 convertisse
3518 4462 3598 4517 fa-

1985 4562 2254 4616 bulantur.
2282 4559 2488 4615 Tereus
2516 4573 2664 4625 vero,
2708 4557 2977 4633 Thracum
3023 4558 3176 4623 Rex,
3233 4538 3596 4639 Philomelam

266 4659 403 4706 sunt
431 4647 698 4722 (Tertull.,
726 4648 944 4719 Apolog.
962 4664 1074 4718 cap.
1110 4649 1162 4713 8,
1195 4665 1315 4719 pag.
1347 4648 1401 4705 9.
1435 4648 1581 4703 Idem
1634 4648 1877 4717 Tertull.,
1906 4657 1959 4718 D
1983 4654 2224 4728 Prognes
2282 4656 2474 4710 uxoris
2526 4668 2639 4729 suae
2694 4667 2936 4708 sororem
2967 4693 2982 4716 ,
3055 4660 3340 4733 postquam
3376 4661 3600 4735 {constu-

267 4748 363 4804 lib.
395 4763 412 4802 ι
438 4744 505 4800 ad
532 4744 747 4800 Nntian.
790 4762 909 4814 cap.
969 4746 1001 4799 7
1038 4762 1157 4817 pag.
1190 4744 1283 4800 52.
1313 4743 1531 4800 Dissert.
1576 4746 1629 4799 in
1657 4744 1878 4800 Tertull.

266 4858 392 4912 cap.
418 4839 490 4895 20
518 4848 619 4895 art.
661 4839 689 4894 1
726 4851 773 4894 et
797 4836 1013 4909 seqq.)?
1048 4857 1067 4890 ο
1118 4842 1188 4893 At
1241 4838 1330 4892 ille
1390 4834 1560 4892 fusius
1602 4836 1779 4892 adhuc
1809 4837 1881 4894 ibi

268 4946 328 4992 et
356 4936 483 4990 alibi
517 4936 630 4990 hate
661 4943 898 5000 enarrat,
950 4948 1071 5004 quae
1115 4949 1145 4987 a
1198 4933 1354 4987 nobis
1393 4946 1492 4988 suo
1535 4932 1655 4989 loco
1695 4936 1879 5003 expla-

269 5029 454 5087 nanda
485 5037 631 5083 sunt.

348 5122 485 5183 Iluic
510 5130 689 5177 autem
722 5121 1059 5191 responsioni
1107 5118 1399 5176 secundam
1432 5118 1693 5176 Minucius
1735 5120 1876 5192 adji-

270 5221 371 5284 cit,
406 5218 798 5273 iufanticidium
840 5217 970 5271 illud
998 5228 1105 5272 tam
1135 5219 1203 5271 ab
1238 5219 1351 5287 ipsa
1384 5219 1627 5283 veritate,
1659 5233 1816 5288 quam
1845 5232 1878 5273 a

270 5311 704 5370 Christianorum
751 5312 991 5367 moribus
1034 5321 1091 5367 et
1141 5313 1401 5367 institutis
1448 5326 1568 5367 esse
1620 5311 1876 5366 alienum.

270 5405 560 5476 Quomodo
600 5405 742 5459 enim
777 5405 886 5458 illis
925 5404 1180 5459 Ecclesiie
1219 5419 1330 5459 sum
1366 5413 1457 5459 aut
1490 5402 1879 5458 consuetudine

270 5509 369 5555 aut
408 5507 699 5570 praecepto,
747 5497 1005 5553 infantem
1052 5501 1269 5569 impune
1315 5498 1623 5555 interficere
1669 5498 1880 5565 liceret,

269 5593 470 5665 quibus
494 5612 513 5645 ι
536 5592 938 5659 homicidium,’
964 5593 1040 5648 uti
1066 5593 1160 5650 ille
1191 5592 1386 5665 arguit,
1417 5607 1547 5648 «nec
1575 5592 1757 5647 videre
1778 5590 1880 5659 fas,

270 5701 382 5743 nec
405 5685 630 5741 audire?
667 5704 685 5737 ι
1866 5680 1869 5685 ’

380 5772 463 5833 1η’
491 5778 710 5835 eosdem
770 5778 1039 5851 publicos
1071 5779 1416 5850 nefariosque
1464 5776 1885 5834 calumniatores

270 5871 423 5933 idem
447 5862 863 5944 quoqueitelum
893 5879 1214 5945 contorquet
1235 5872 1608 5944 Athenagoras
1635 5886 1651 5928 :
1684 5866 1715 5925 ς’
1734 5871 1881 5941 Quo-

1986 4761 2191 4820 prasset
2213 4793 2228 4817 ,
2256 4749 2487 4819 linguam
2519 4748 2565 4801 ei
2593 4746 2839 4825 przecidit
2860 4787 2876 4812 ,
2906 4747 3319 4819 arctissimaque
3352 4743 3599 4827 custodia

1983 4845 2221 4900 inclusit.
2251 4843 2357 4898 Sed
2400 4842 2525 4898 inde
2555 4859 2583 4894 a
2614 4841 2827 4913 Progne
2875 4840 3069 4896 cducm
3099 4850 3178 4917 est
3202 4883 3218 4909 ,
3260 4857 3326 4921 ac
3372 4847 3600 4925 utraque

1979 4938 2136 5010 Itym,
2170 4937 2475 4999 adulterino
2497 4937 2787 5015 concubitu
2821 4946 3162 5011 prognatum,
3186 4934 3359 5015 Tereo
3383 4924 3518 5004 patri
3542 4934 3596 5009 in

1980 5032 2230 5087 convivio
2255 5012 2655 5086 comedendum
2675 5027 2841 5084 dedit.
2870 5028 2973 5083 Tot
3000 5026 3226 5109 crimina
3257 5012 3452 5105 praeter
3475 5024 3601 5103 Ovi-

1980 5107 2126 5180 diuiii
2151 5133 2205 5179 et
2229 5125 2388 5188 alios,
2408 5121 2669 5178 Martialis
2697 5121 2909 5177 duobus
2929 5107 3259 5191 carminibus
3281 5120 3354 5199 ita
3379 5119 3597 5175 cecinit.

2174 5238 2271 5291 Ille
2295 5240 2454 5302 magis
2477 5239 2623 5299 ludit,
2651 5240 2734 5302 qui
2752 5239 2927 5302 scribit
2953 5237 3154 5302 prandia
3176 5238 3294 5288 saevi

2230 5300 2442 5362 Tereos,
2467 5310 2549 5351 aut
2574 5300 2763 5352 omnem
2782 5301 2935 5350 crude
2954 5300 3175 5364 Thyeste
3191 5308 3349 5350 tuam.

1979 5386 2167 5453 (0vid.,
2194 5387 2229 5438 l.
2272 5402 2321 5437 vr
2343 5394 2388 5439 et
2412 5401 2491 5437 ιιν
2513 5385 2868 5463 Μθιαηιρνριι.;
2903 5378 3143 5471 martial”
3251 5372 3422 5448 Epigr.
3454 5382 3550 5449 19).

1991 5490 2153 5548 Vides
2190 5492 2353 5571 igitur
2376 5507 2539 5567 quam
2570 5491 2761 5573 merito
2782 5490 2907 5561 iure
2934 5487 3198 5571 Minucius
3254 5499 3439 5571 noster
3481 5488 3600 5577 alii-

1986 5602 2091 5658 que
2115 5586 2477 5658 antiquissimi
2508 5585 2764 5641 Ecclesiie
2806 5583 2996 5659 Patres
3026 5590 3408 5663 asseverarent
3435 5582 3597 5637 Chri-

1986 5663 2192 5759 stianos
2220 5684 2288 5759 ab
2319 5664 2551 5751 ethnicis
2591 5668 2866 5759 homicidii
2913 5679 3047 5734 falso
3090 5666 3287 5759 {falsius
3311 5666 3593 5759 accusari;

1987 5756 2184 5847 quippe
2205 5752 2296 5846 qui
2326 5775 2455 5830 illud
2495 5774 2632 5829 adeo
2665 5752 3061 5840 abhorrebant,
3092 5754 3170 5827 ‘nt
3200 5766 3329 5828 illud
3366 5752 3432 5828 ne
3475 5774 3596 5843 qui-

1985 5867 2108 5926 dem
2158 5870 2210 5926 in
2269 5869 2498 5943 publicis
2550 5866 2873 5942 Spectaculis
2930 5873 3376 5940 reprzcsentatum
3408 5865 3594 5927 videre
