4034 6320
395 335 497 394 187

394 545 472 600 cis
503 546 623 601 illos
653 564 883 604 comesa:
921 551 1168 603 humanae
1207 548 1388 601 carnis
1443 557 1548 600 tam
1607 544 1778 610 falso,
1829 561 1988 612 quam

393 658 521 698 vere
560 643 821 714 quosdam
873 644 1120 700 ethnicos
1173 639 1488 694 insimulari.
1541 639 1596 693 Si
1643 639 1761 708 quis
1812 652 1990 694 autem

392 735 530 790 alios
553 738 802 793 similiter
825 744 1262 808 argumentantes
1289 733 1388 788 sibi
1410 731 1588 788 adhuc
1642 732 1867 801 proferri
1897 749 1989 788 ve-

393 831 474 896 lit,
506 831 893 888 Tertullianum
939 830 1224 887 citabimus
1270 827 1360 882 lib.
1395 827 1458 881 de
1487 827 1835 896 Spectaculis,
1870 842 1990 897 cap.

395 923 462 980 19
507 936 558 980 ει
607 925 699 991 20,
750 925 1101 998 Cyprianum,
1128 921 1360 992 Epistola
1407 921 1476 975 ad
1507 920 1696 976 Donat.
1737 937 1856 991 cap.
1901 921 1989 976 15.

392 1018 725 1073 Lactantium
756 1019 846 1073 lib.
884 1035 961 1087 vi,
992 1033 1115 1089 cap.
1153 1015 1246 1083 20,
1272 1031 1392 1086 pag.
1423 1014 1550 1080 6l9,
1577 1023 1631 1070 et
1665 1016 1720 1070 in
1753 1013 1993 1085 Epitome

390 1128 510 1182 cap.
539 1114 596 1178 6,
631 1129 751 1184 pag.
775 1115 904 1170 745.

462 1205 646 1277 Neque
697 1222 858 1278 porro
901 1207 1004 1262 hoc
1031 1214 1275 1270 tantum,
1330 1203 1424 1259 sed
1471 1202 1577 1257 alio
1627 1202 1786 1257 etiam
1835 1218 1994 1273 argu-

387 1312 571 1360 mento
623 1301 887 1357 Minucius
943 1301 1086 1355 illam
1140 1299 1462 1355 calumniam
1524 1296 1764 1352 refellit:
1798 1315 1816 1347 ‹
1854 1297 1995 1352 Tan-

388 1409 530 1460 tum,
559 1397 763 1468 inquit,
798 1396 866 1449 ab
912 1395 1150 1450 humano
1199 1392 1460 1462 sanguine
1490 1406 1777 1454 cavemus;
1807 1401 1864 1446 ut
1894 1407 1994 1446 nec

386 1492 623 1547 edulium
673 1506 928 1561 pecorum
979 1489 1032 1543 in
1081 1487 1216 1543 cibis
1246 1486 1560 1556 sanguinem
1603 1491 1930 1540 noverimus.
1969 1506 1988 1538 ι

389 1584 585 1642 Acrius
625 1599 756 1639 vero
787 1592 842 1637 et
887 1581 1264 1638 vehementius
1290 1579 1654 1634 Tertullianus
1691 1578 1744 1632 in
1776 1576 1993 1633 eosdem

388 1679 638 1735 ethnicos
671 1677 809 1732 hanc
849 1673 1372 1748 argumentationem
1407 1683 1579 1742 urget.
1617 1673 1778 1742 Digna
1811 1683 1994 1726 autem

387 1770 634 1843 profecto
675 1779 832 1832 sunt,
868 1784 989 1838 qua:
1039 1769 1125 1824 hic
1174 1766 1553 1821 describantur
1595 1765 1738 1819 illius
1783 1765 1944 1818 verba
1979 1784 1991 1821 :

1662 335 1750 392 DE
1790 333 2045 393 MlNUCll
2081 333 2380 393 OCTAVIO

394 459 488 506 aut
509 449 697 508 audire
732 467 982 524 umquam
1008 451 1225 508 vellent.
1253 449 1365 506 Nec
1407 449 1586 505 minus
1609 450 1752 505 clare
1782 451 1990 521 conspi-
2015 454 2070 515 Α

3596 338 3709 396 488

2710 487 3011 530 Αιιτιεῠιῠε
3044 488 3105 532 ιι.

2099 649 2396 706 Ostenditur
2442 668 2595 723 quam
2636 663 2772 708 certo
2829 651 3092 708 Minucius
3153 655 3384 711 ethnicos
3439 655 3709 710 homicidii

2170 745 2472 812 convincat,
2517 756 2688 816 utpote
2732 747 2821 817 qui
2864 747 3002 816 ﬁlios
3045 762 3222 803 recens
3275 758 3422 804 natos
3468 765 3704 817 expone-

2170 845 2300 901 rent,
2331 847 2419 889 aut
2447 836 2624 891 abortu
2647 847 2900 902 necarent,
2915 846 3068 908 atque
3091 840 3243 893 etiam
3270 841 3703 912 Carthaginenses

2169 927 2395 982 Saturno
2424 931 2650 997 ﬁliorum
2685 947 2894 984 suorum
2927 934 3169 1000 voratori,
3203 950 3322 988 suos
3353 934 3704 999 immolaretur,

2166 1029 2371 1090 tumque
2391 1021 2596 1074 illorum
2623 1023 2864 1092 gemitum
2913 1022 3175 1079 blanditiis
3225 1036 3272 1080 et
3319 1027 3511 1081 osculis
3555 1043 3698 1081 com-

2169 1115 2387 1181 primere
2413 1124 2718 1170 conarentur
2739 1157 2755 1183 ,
2783 1132 2844 1169 ac
2868 1132 3026 1187 quam
3045 1120 3107 1173 ob
3130 1135 3356 1174 causam.

2169 1274 2329 1330 Nulla
2354 1275 2524 1348 major
2550 1293 2579 1332 a
2606 1276 3070 1347 depravatissimis
3097 1276 3404 1334 hominibus
3435 1278 3708 1334 calumnia

2097 1369 2392 1439 excogitari
2418 1379 2612 1440 potest,
2641 1385 2799 1442 quam
2821 1386 2943 1427 cum
2969 1370 3406 1440 gravissimorum
3435 1376 3707 1428 scelerum

2097 1477 2327 1532 quorum
2363 1464 2579 1533 ipsimet
2611 1464 2692 1519 rei
2723 1471 2880 1529 sunt,
2911 1463 3046 1519 alios
3084 1465 3306 1518 omnino
3346 1465 3589 1519 insontes
3621 1465 3708 1520 in-

2101 1554 2377 1609 simulant.
2408 1553 2567 1610 Tales
2595 1564 2772 1610 autem
2818 1555 3081 1612 Minucius
3113 1557 3304 1626 prohat
3332 1556 3503 1612 fuisse
3539 1558 3712 1612 ethni-

2100 1662 2216 1702 cos.
2247 1648 2427 1702 Palam
2453 1648 2730 1703 enimvero
2764 1649 3014 1704 omnibus
3037 1649 3128 1705 ille
3168 1649 3294 1705 facit
3323 1651 3708 1719 homicidium,

2100 1745 2253 1812 cujus
2283 1743 2600 1810 falsis-sime,
2642 1745 2717 1798 uti
2758 1745 3023 1815 superiori
3051 1745 3284 1800 articulo
3331 1745 3536 1800 dictum
3583 1755 3708 1814 est,

392 1837 412 1916 ξ
450 1863 750 1920 Erubescat
777 1837 931 1918 error
953 1873 1133 1916 vester
1165 1859 1514 1927 Christianis,
1547 1860 1638 1929 qui
1671 1875 1737 1913 ne
1786 1859 1992 1913 anima-
2022 1862 2070 1921 B
2100 1837 2436 1891 ωπίδῑίδηθδ
2463 1839 2791 1908 υνθυειιδηιυ
2826 1839 2895 1894 ab
2918 1838 3048 1906 ίνδὶε
3101 1853 3322 1905 rem”:
3365 1853 3468 1895 nec
3507 1840 3708 1903 semels

387 1958 516 2014 lium
561 1957 776 2028 quidem
822 1955 1133 2026 sanguinem
1192 1954 1244 2008 in
1287 1952 1461 2021 epulis
1512 1950 1803 2005 esculentis
1831 1949 1994 2004 habe-

387 2051 654 2121 mus;qui
686 2059 970 2120 propterea
1018 2061 1230 2117 quoque
1275 2043 1548 2099 suffocatis
1597 2053 1651 2097 ct
1696 2043 1993 2098 morticinis

390 2145 760 2208 abstinemus,
814 2156 881 2195 ne
937 2154 1044 2210 quo
1097 2139 1356 2208 sanguine
1403 2136 1853 2201 contaminemur,
1908 2134 1992 2188 vel

389 2238 532 2295 intra
564 2236 768 2290 viscera
796 2231 1277 2304 sepulto.Denique
1309 2230 1447 2285 inter
1471 2237 1798 2282 tentamenta
1829 2225 1990 2281 Chri-

386 2335 687 2396 stianorum
712 2333 924 2387 botulos
947 2333 1108 2387 etiam
1138 2346 1328 2386 cruore
1349 2329 1614 2382 distentos
1653 2325 1952 2380 admovetis
1972 2365 1989 2390 ,

386 2427 670 2484 certissimi
698 2427 899 2482 scilicet
930 2425 1174 2481 illicitum
1201 2439 1320 2479 esse
1352 2437 1518 2494 penes
1546 2421 1689 2487 illos,
1723 2437 1816 2490 per
1844 2419 1986 2489 quod

386 2520 696 2577 exorbitare
725 2535 822 2574 vos
853 2519 1030 2574 \ultis.
1064 2518 1230 2573 Porro
1257 2517 1416 2587 quale
1443 2525 1527 2570 est
1547 2557 1560 2578 .
1605 2524 1661 2568 ut
1689 2529 1824 2584 quos
1864 2528 1989 2568 san-

387 2615 604 2686 guinem
638 2615 847 2683 pecoris
890 2613 1114 2668 horrere
1159 2610 1463 2675 confiditis,
1498 2609 1734 2663 humano
1779 2607 1988 2663 inhiare

384 2707 659 2765 credatis?
704 2705 924 2778 (Tertul.
956 2705 1177 2777 Apolog.
1211 2720 1327 2774 cap.
1363 2703 1418 2770 9,
1453 2720 1575 2774 pag.
1606 2702 1720 2774 10).

464 2802 582 2858 Non
611 2801 712 2856 soli
735 2811 915 2856 autem
949 2799 1085 2862 viri,
1117 2797 1210 2853 sed
1259 2808 1314 2853 et
1359 2796 1614 2852 mulieres
1661 2795 1761 2850 hac
1812 2792 1991 2849 valida

384 2897 597 2954 ratione
623 2894 964 2951 Christianos
1003 2891 1191 2947 ﬁetitio
1236 2890 1395 2960 plane
1424 2890 1650 2946 crimine
1673 2889 1987 2959 purgabant.

383 2990 572 3047 Narrat
604 2989 871 3060 siquidem
896 2986 1162 3043 Eusebius
1190 2984 1510 3048 Bibliadem,
1543 2983 1891 3038 christianum
1912 2981 1984 3037 fe-

387 3085 610 3149 minam,
642 3082 930 3138 dirissimis
967 3079 1242 3150 suppliciis
1286 3085 1631 3148 superatam,
1666 3076 1838 3145 primo
1869 3075 1988 3145 qui-

387 3179 509 3235 dem
535 3179 776 3249 ejurasse
805 3175 960 3231 fidem
986 3173 1211 3240 Christi,
1257 3173 1530 3242 multaque
1567 3170 1636 3226 de
1665 3167 1987 3224 Christianis

2099 1945 2198 1984 nec
2251 1945 2357 1984 uno
2405 1939 2610 1985 tantum
2660 1932 2854 1998 modo,
2901 1932 2995 1988 sed
3021 1947 3165 2003 smpe
3203 1933 3400 2002 sit-pius
3433 1935 3712 2003 variisque

2098 2023 2272 2077 modis
2301 2026 2584 2078 committi.
2609 2024 2741 2079 Nam
2774 2037 2972 2095 praeter
3015 2025 3131 2092 illa,
3173 2040 3294 2095 qua:
3334 2027 3385 2079 in
3429 2025 3712 2096 superiori

2097 2118 2325 2172 articulo
2363 2133 2429 2171 ex
2458 2117 2757 2189 Theophilo
2807 2117 3145 2174 Antiocheno
3174 2118 3453 2174 retulimus
3474 2161 3489 2182 ,
3532 2119 3714 2174 Minu-

2096 2210 2212 2263 cius
2241 2220 2426 2266 noster
2468 2211 2668 2280 duplex
2712 2210 2792 2265 eis
2836 2211 3124 2281 exprobrat
3165 2210 3438 2266 homicidii
3483 2227 3658 2282 genus
3685 2254 3701 2278 ,

2101 2301 2334 2357 filiorum
2387 2317 2576 2358 recens
2603 2291 2850 2358 natorum
2885 2305 3298 2374 expositionem,
3331 2313 3702 2375 etautequam

2099 2405 2454 2450 nascerentur
2480 2396 2726 2452 abortum
2756 2418 2768 2452 :
2814 2416 2833 2448 ι
2887 2396 3074 2464 Video,
3101 2397 3293 2467 inquit,
3319 2413 3415 2453 vos
3447 2413 3708 2467 procrea-

2100 2498 2181 2543 tos
2206 2489 2346 2543 ﬁlios
2371 2505 2511 2544 nunc
2537 2487 2667 2546 feris
2710 2498 2767 2546 et
2812 2490 3004 2545 avibus
3056 2506 3364 2561 exponere,
3408 2508 3548 2547 nunc
3601 2493 3713 2547 ad-

2096 2577 2459 2652 strangulatos
2515 2584 2714 2639 misero
2774 2585 2963 2640 mortis
3023 2599 3220 2655 genere
3275 2584 3502 2641 elidere.
3556 2585 3710 2642 Sunt

2095 2689 2215 2744 qua:
2247 2675 2297 2728 in
2332 2675 2463 2743 ipsis
2499 2675 2828 2742 visceribus,
2861 2676 3306 2734 medicaminibus
3335 2679 3506 2749 epotis
3527 2721 3543 2746 ,
3587 2681 3710 2734 ori-

2095 2766 2274 2836 ginem
2330 2765 2490 2820 futuri
2568 2765 2801 2822 hominis
2853 2767 3168 2839 extinguant
3232 2783 3286 2825 et
3353 2769 3709 2840 parricidium

2094 2858 2312 2923 faciant,
2341 2861 2880 2931 antequampariant.
2924 2879 2944 2914 ι

2168 2951 2370 3007 Eodem
2429 2968 2642 3024 quoque
2688 2955 2851 3008 modo
2907 2963 3065 3008 antea
3113 2953 3504 3026 Athenagoras.
3579 2956 3709 3024 Qua

2094 3047 2338 3114 ratione,
2385 3047 2591 3118 inquit,
2627 3047 2873 3103 homines
2895 3047 3298 3119 jugulabimus?
3345 3059 3426 3116 Οἱ,
3471 3057 3559 3111 τὰς
3597 3056 3710 3113 τοῖς

2096 3145 2460 3214 ἀμϐλωθριδίοις
2501 3151 2743 3214 χρωμῦοις
2784 3147 3074 3214 ἀνδροφονιῖν
3123 3167 3173 3198 τε
3203 3148 3284 3200 καὶ
3341 3150 3472 3216 λόγον
3519 3149 3713 3216 ὑφέξειν

386 3281 492 3326 tam
541 3239 700 3339 iinpia
728 3285 888 3338 quam
915 3267 1044 3321 falsa
1083 3282 1262 3322 coram
1297 3239 1524 3337 tyranno
1564 3264 1768 3318 dixisse
1802 3280 1814 3316 :
1848 3256 1898 3315 H'
1939 3265 1986 3315 Si

2104 3253 2175 3297 ri;
2202 3244 2528 3303 ἰξαμϐλὼσεως
2553 3250 2620 3308 τῷ
2651 3246 2773 3308 Θεῷ,
2795 3245 2966 3309 φαμέν.
2997 3257 3014 3290 ι
3040 3239 3140 3306 Qui
3170 3239 3421 3295 mulieres
3466 3241 3710 3295 medica-

384 3373 432 3421 ἓν
456 3379 516 3436 τῇ
545 3374 816 3439 στρεϐλώσει
843 3369 1060 3430 ἀνένηψα,
1087 3365 1168 3417 καὶ
1197 3369 1255 3424 ὣς
1280 3364 1337 3415 ἂν
1364 3365 1531 3425 εἰπεῖν,
1567 3366 1614 3415 ιιι
1639 3366 1812 3431 βαθέος
1847 3364 1990 3412 ὕπνου

384 3468 768 3534 ἀνεγρηγὸρησεν⁶
803 3465 1152 3527 ὓπομνησθιῖσα
1180 3460 1262 3510 διὰ
1290 3471 1373 3518 τῖς
1424 3464 1713 3526 προσκαίρου
1754 3463 1991 3524 τιμωρίαις

383 3568 470 3615 τὶν
497 3561 686 3610 αἰώνιον
714 3560 760 3609 ἐν
787 3561 944 3624 γεέννᾳ
993 3555 1209 3617 κόλασιν,
1251 3553 1334 3604 καὶ
1365 3555 1415 3614 ἐξ
1441 3554 1645 3610 ἐναντίας
1675 3550 1867 3602 ἀντεῖπε
1893 3550 1993 3606 τοῖς

385 3659 690 3724 plano-piper;
717 3662 926 3722 φήσασα-⁸
951 3655 1054 3707 Πῶς
1083 3649 1140 3699 ἃν
1167 3648 1342 3699 natatu.
1365 3650 1555 3714 φάγοιεν
1576 3655 1620 3696 οι
1657 3648 1893 3706 τοιοῦτοι,
1923 3639 1991 3701 οἷς

384 3749 506 3815 μηδὲ
537 3750 715 3810 ἀλόγων
743 3750 870 3807 ζώων
912 3739 1038 3808 αἷμα
1077 3743 1240 3810 φαγεῖν
1274 3741 1393 3804 ἐξόν.
1430 3753 1447 3786 ι
1492 3735 1687 3790 Verum
1720 3735 1804 3789 illa
1854 3733 1988 3789 resi-

384 3838 519 3910 puit,
555 3835 769 3890 Eusebii
821 3833 982 3888 verba
1011 3840 1164 3896 sunt,
1199 3830 1340 3885 inter
1364 3829 1669 3894 cruciatus,
1718 3842 1780 3882 ac
1821 3824 1986 3881 veluti

385 3945 453 3986 ex
502 3930 612 3983 alto
669 3942 863 3982 somno
891 3926 1119 3980 excitata
1175 3932 1286 3990 est,
1330 3931 1595 3992 praesente
1623 3920 1883 3991 supplicio
1923 3917 1990 3973 de

384 4034 599 4080 aeternae
637 4021 904 4090 gehennzc
925 4018 1248 4074 cruciatibus
1280 4019 1450 4086 ipsam
1500 4016 1874 4079 submonente,
1937 4021 1992 4067 et

383 4114 767 4172 Contradicens
796 4111 973 4184 impiis
1007 4129 1019 4164 :
1047 4111 1147 4178 Qui
1181 4111 1293 4166 fieri
1328 4119 1538 4179 posset,
1572 4109 1885 4180 inquiebat,
1932 4115 1991 4160 ut

383 4209 618 4267 infantes
643 4208 1023 4272 comederent,
1073 4205 1266 4276 quibus
1290 4220 1357 4258 ne
1401 4203 1720 4274 sanguinem
1767 4199 1986 4271 quidem

382 4303 736 4361 animantium
797 4301 1085 4373 degustare
1151 4299 1277 4355 licet
1339 4297 1564 4368 (Euseb.
1625 4297 1712 4351 lib.
1765 4311 1797 4348 v
1841 4293 1987 4348 Eccl.

387 4398 552 4462 Hist.,
581 4414 701 4467 cap.
730 4412 767 4462 ι,
805 4412 920 4468 pag.
959 4393 1113 4467 159)?
1152 4412 1170 4446 ι

454 4492 594 4560 Quid
661 4490 763 4546 hoc
819 4488 1034 4546 femina:
1085 4485 1398 4543 teStimonio
1459 4483 1527 4538 ad
1606 4481 1987 4538 revincendam

382 4586 722 4642 ethnicorum
750 4582 1073 4638 calumniam
1096 4579 1322 4634 validius
1349 4587 1403 4632 et
1429 4574 1742 4631 efﬁcacius?
1789 4574 1990 4629 Biblia-

384 4680 480 4737 des
501 4678 810 4736 Chrisnana
825 4675 1020 4731 femina
1047 4715 1061 4739 ,
1090 4671 1489 4728 immanissimis
1521 4667 1798 4738 suppliciis
1827 4682 1988 4720 vexa-

388 4784 436 4827 ta
457 4815 472 4838 ,
516 4773 812 4842 impactum
845 4767 1177 4827 ,Cnris'tianis
1217 4765 1418 4820 crimen
1449 4761 1640 4817 falsum
1672 4775 1793 4816 esse
1840 4759 1983 4814 afﬁr-

386 4875 532 4933 mat,
580 4865 675 4921 sed
722 4861 950 4919 summis
979 4857 1255 4914 doloribus
1283 4856 1460 4923 victa,
1512 4863 1675 4924 atque
1717 4863 1775 4908 ut
1817 4853 1880 4907 iis
1922 4853 1987 4906 li-

387 4962 691 5019 beraretur.
715 4973 900 5014 verum
929 4969 1051 5011 esse
1075 4964 1181 5006 tam
1203 4951 1358 5016 falso,
1392 4965 1549 5020 quam
1583 4949 1748 5003 invito
1769 4946 1985 5002 fatetur.

387 5053 470 5110 Ad
501 5054 768 5108 saniorem
813 5048 1010 5105 deinde
1052 5054 1286 5101 mentem
1344 5043 1514 5108 redit,
1568 5042 1847 5112 palamque
1886 5040 1986 5114 gle-

387 5146 558 5203 clarat
588 5160 648 5200 se
690 5145 742 5200 vi
774 5150 1166 5199 tormentorum
1195 5149 1470 5203 coactam,
1518 5135 1706 5189 falsum
1751 5134 1987 5199 dixisse;

387 5256 452 5296 ac
479 5239 693 5296 tandem
720 5237 1008 5293 dirioribus
1036 5232 1318 5290 tormentis
1355 5230 1759 5288 excarnitleata.
1800 5228 1856 5283 iu
1891 5227 1989 5282 hac

389 5334 576 5391 ultima
608 5332 697 5387 illa
717 5330 1061 5387 confessione
1093 5333 1427 5400 perseverat,
1475 5331 1529 5378 et
1560 5322 1806 5377 moritur.
1857 5319 1988 5388 Quis

388 5443 520 5498 ergo
550 5440 695 5481 sanae
719 5425 916 5481 mentis
950 5424 1114 5478 homo
1136 5421 1261 5477 huic
1287 5419 1597 5477 testimonio
1644 5417 1802 5472 fidem
1833 5416 1988 5470 abro-

389 5521 571 5596 gabit?
621 5522 695 5576 De
749 5518 1035 5574 interdicto
1079 5528 1259 5574 autem
1309 5513 1632 5569 Christianis
1675 5511 1990 5568 animalium

390 5617 656 5687 sanguine
710 5614 839 5669 alibi
903 5613 1293 5685 disputavimus
1339 5610 1512 5684 (Tom.
1559 5627 1572 5664 I
1641 5609 1840 5680 Appar.
1900 5607 1990 5662 lib.

391 5727 471 5780 nt,
507 5711 712 5766 dissert.
748 5707 799 5775 1,
821 5723 938 5779 cap.
972 5712 1027 5775 ξ»,
1048 5716 1148 5762 art.
1180 5707 1236 5776 5,
1257 5721 1378 5779 pag.
1423 5703 1528 5760 680
1559 5711 1605 5758 et
1636 5718 1772 5775 seqq.
1804 5701 1844 5771 ).

2095 3333 2290 3385 mentis
2332 3331 2588 3385 abortivis
2625 3341 2836 3385 utentes
2865 3331 3136 3386 homicidii
3168 3347 3324 3398 reas,
3352 3340 3406 3387 et
3435 3334 3705 3387 rationem

2099 3423 2209 3478 Deo
2267 3421 2567 3477 reddituras
2614 3422 2863 3478 dicimus.
2922 3442 2940 3474 γ
2996 3423 3323 3494 (Athenag.,
3369 3423 3546 3495 Legat.
3607 3441 3710 3494 pro

2093 3512 2398 3582 Christian.,
2441 3532 2495 3585 p.
2527 3513 2644 3586 58.)
2677 3513 2866 3569 Nonne
2910 3515 3054 3570 enim
3083 3514 3348 3585 ejusdem,
3383 3518 3556 3588 pergit
3586 3517 3704 3583 ille,

2093 3607 2314 3662 sceleris
2361 3607 2609 3663 conscius
2661 3618 2776 3675 est,
2822 3609 2913 3678 qui
2968 3606 3159 3663 fretum
3205 3610 3259 3664 in
3304 3611 3493 3666 matris
3537 3620 3700 3666 utero

2100 3701 2407 3770 extinguit,
2454 3710 2548 3754 aut
2594 3714 2783 3756 recens
2854 3711 3037 3754 uatum
3083 3702 3243 3757 morti
3290 3703 3510 3774 exponit
3555 3701 3707 3760 haud

2094 3793 2349 3858 incertas,
2406 3804 2568 3864 atque
2605 3794 2693 3849 ille
2740 3795 2829 3864 qui
2876 3795 3146 3850 hominem
3183 3805 3342 3850 aetate
3387 3806 3707 3866 provectum

2094 3886 2392 3942 interficit?
2421 3887 2582 3958 Atqui
2607 3887 2675 3942 ab
2713 3887 2794 3942 his
2818 3888 3156 3954 criminibus,
3198 3888 3274 3942 ait
3311 3888 3384 3943 ibi
3429 3889 3556 3954 ille,
3591 3898 3706 3946 tam

2093 3979 2811 4042 abhorrebantChristiani,
2847 3997 3006 4052 quam
3060 3996 3203 4052 saepe
3250 3996 3314 4036 ac
3364 3983 3583 4052 impune
3632 3983 3706 4039 ab

2095 4073 2336 4128 Ethmeis
2369 4075 2835 4144 perpetrabantur.
2865 4071 2971 4129 Sed
2997 4074 3280 4129 audiamus
3306 4074 3703 4132 Tertullianum

2093 4168 2183 4239 qui
2216 4169 2390 4239 palam
2434 4167 2796 4238 audacterque
2849 4167 2966 4224 haec
3016 4168 3121 4223 illis
3167 4169 3497 4238 exprobrat,
3542 4181 3599 4226 et
3644 4171 3703 4226 in

2092 4277 2188 4319 eos
2211 4261 2288 4317 sic
2315 4270 2722 4330 argumentatur
2751 4278 2763 4315 :
2801 4279 2820 4312 ‹
2856 4260 2961 4316 Sed
2993 4261 3241 4331 quoniam
3274 4260 3344 4316 de
3368 4261 3707 4319 infanticidio

2092 4355 2224 4410 nihil
2257 4355 2514 4419 interest,
2555 4368 2744 4419 sacro,
2775 4367 2840 4408 an
2894 4353 3119 4408 arbitrio
3168 4363 3535 4424 perpetretur,
3569 4354 3706 4410 licet

2093 4448 2161 4504 de
2189 4447 2482 4519 parricidio
2510 4446 2761 4510 intersit,
2789 4455 3078 4500 convertar
3123 4446 3190 4500 ad
3215 4448 3467 4517 pepulum
3499 4463 3513 4499 :
3553 4447 3706 4516 Quot

2092 4544 2251 4598 vultis
2280 4559 2346 4597 ex
2380 4542 2462 4596 his
2501 4539 3007 4604 circumstantibus,
3059 4547 3116 4595 et
3164 4541 3217 4594 in
3263 4538 3699 4596 Christianorum

2014 4641 2067 4701 D
2093 4635 2408 4705 sanguinem
2447 4633 2741 4700 hiantibus,
2781 4645 2836 4689 et
2876 4634 3006 4703 ipsis
3052 4635 3212 4689 etiam
3263 4633 3418 4688 vobis
3456 4633 3701 4704 justissi-

2093 4728 2215 4792 mis,
2237 4738 2291 4782 et
2319 4725 2676 4782 severissimis
2694 4725 2746 4779 in
2775 4739 2875 4780 nos
2905 4724 3224 4796 przrsidihus
3253 4726 3390 4795 apud
3421 4725 3704 4782 conscieno

2094 4821 2195 4875 tias
2239 4820 2476 4889 pulsem,
2505 4818 2597 4889 qui
2633 4827 2790 4873 natos
2816 4818 2916 4874 sibi
2962 4817 3159 4874 liberos
3205 4818 3478 4875 enecant?
3519 4816 3702 4890 Siqui-

2091 4915 2214 4970 dem
2242 4925 2298 4968 et
2326 4913 2393 4969 de
2436 4927 2636 4983 genere
2688 4913 2837 4969 necis
2868 4911 3086 4977 differt,
3117 4913 3301 4983 utique
3341 4911 3613 4968 crudelius
3643 4913 3699 4968 in

2091 5023 2227 5078 aqua
2257 5007 2503 5077 spiritum
2533 5006 2904 5075 extorquetis;
2954 5016 3044 5060 aut
3076 5004 3295 5075 frigori,
3327 5014 3383 5061 et
3422 5004 3546 5060 fami
3572 5048 3587 5070 ,
3639 5015 3700 5061 et

2093 5102 2318 5157 canibus
2344 5099 2855 5171 exponitis?Ferro
2906 5101 3047 5154 enim
3108 5099 3244 5154 mori
3293 5107 3425 5154 tetas
3479 5115 3698 5170 quoque

2094 5195 2267 5268 major
2295 5197 2580 5266 optaverit.
2628 5193 2796 5250 Nobis
2822 5209 2950 5249 vero
2982 5193 3272 5248 homicidio
3320 5195 3483 5249 semel
3530 5194 3695 5249 inter-

2092 5290 2259 5353 dicto,
2289 5290 2450 5345 etiam
2491 5298 2811 5359 conceptum
2861 5297 3032 5352 utero,
3078 5285 3204 5342 dum
3253 5285 3428 5342 adhuc
3476 5288 3697 5359 sanguis

2093 5384 2145 5438 iu
2176 5383 2450 5438 hominem
2489 5369 2851 5448 deliberatur,
2897 5380 3198 5436 dissolvere
3247 5397 3352 5434 non
3404 5380 3546 5435 licet.
3580 5379 3699 5436 Ho-

2096 5478 2297 5535 micidii
2349 5477 2620 5534 festinatio
2663 5486 2778 5542 est,
2828 5475 3119 5546 prohibere
3160 5474 3346 5540 nasci;
3405 5490 3505 5530 nec
3533 5475 3702 5531 refert

2097 5583 2276 5628 natam
2324 5573 2444 5643 quis
2469 5571 2663 5642 eripiat
2690 5571 2943 5637 animam,
2971 5585 3037 5624 an
3067 5575 3374 5623 nascentem
3405 5567 3694 5625 disturbet.

2097 5665 2270 5720 Homo
2296 5673 2399 5730 est,
2437 5673 2491 5719 et
2517 5665 2606 5735 qui
2641 5663 2888 5726 futurus;
2920 5662 3079 5718 etiam
3125 5661 3327 5715 fructus
3374 5662 3548 5716 omnis
3582 5662 3698 5731 jam

2097 5757 2150 5813 in
2183 5758 2389 5812 semine
2446 5765 2528 5811 est
2557 5755 2794 5827 (Tertull.
2829 5755 3047 5826 Apolog.
3093 5770 3210 5823 cap.
3242 5751 3296 5814 9,
3343 5767 3462 5821 pag.
3525 5751 3634 5824 10).
3673 5773 3695 5807 ι

2097 5852 2164 5911 At
2192 5851 2259 5912 de
2281 5851 2367 5910 his
2388 5866 2488 5908 nos
2519 5849 2728 5922 plenius
2773 5850 2828 5906 in
2867 5857 3050 5905 nostra
3075 5847 3147 5907 de
3175 5846 3276 5904 hoc
3313 5843 3453 5903 libro
3489 5845 3701 5908 disser-
