4034 6320
310 287 420 348 480

1716 282 2046 345 DISSERTA
2057 287 2187 346 T10.

3500 302 3618 357 490

315 403 519 459 talione
552 401 868 477 (Diam-tat.
919 399 974 456 in
1020 400 1356 469 Tertulliau.,
1405 420 1521 476 cap.
1551 404 1644 473 20,
1693 416 1795 461 art.
1827 407 1904 479 5).
1936 410 1989 469 Α
2015 405 2506 463 obumbratricibus
2538 409 2827 480 scelerum,
2852 412 3049 470 votivis
3072 414 3324 471 crucibus
3347 419 3618 486 exposuit,

385 498 499 554 Nec
558 499 735 554 minus
784 498 1011 561 acriter.
1075 513 1175 554 nec
1223 500 1341 554 sine
1385 498 1555 554 ironia
1607 499 1919 556 Lactantius

311 591 521 656 hancce
553 591 921 664 impudentem
951 592 1276 648 calumniam
1308 595 1609 665 propulsat,
1643 612 1802 667 quam
1834 597 1918 667 ip-

311 685 479 742 simet
507 687 586 743 rei
631 686 891 742 adversus
937 688 1254 743 innocentes
1301 690 1559 745 adhibere
1609 705 1714 745 non
1765 707 1918 747 vere-

310 779 557 836 bantur:
594 799 614 833 r
652 778 850 851 lmpios
875 823 890 846 ,
922 781 1127 852 inquit,
1161 793 1353 838 vocant
1378 784 1499 853 ,ipsi
1551 785 1757 839 scilicet
1810 785 1915 853 pii,

311 882 367 929 et
393 874 463 929 ab
484 873 722 929 humano
748 875 1010 945 sanguine
1033 875 1411 939 abhorrentes.
1444 892 1566 931 eum
1594 877 1641 932 si
1687 865 1739 932 et
1766 889 1918 933 actus

312 981 444 1023 suos
472 968 850 1035 considerent,
894 980 943 1023 ct
975 970 1184 1025 illormn
1204 1012 1217 1031 ,
1249 986 1384 1041 quos
1406 980 1677 1042 tamquam
1726 973 1917 1043 impios

312 1060 609 1130 damnant,
658 1062 770 1134 jam
796 1063 1096 1134 intelligant
1124 1079 1283 1135 quam
1340 1066 1628 1122 mendaces
1669 1067 1810 1136 sint,
1863 1079 1919 1124 et

314 1153 384 1210 iis
427 1155 680 1211 omnibus
721 1169 844 1226 quae
896 1155 1157 1212 adversus
1205 1158 1377 1213 bonos
1414 1169 1507 1214 aut
1555 1160 1778 1228 dicunt,
1825 1170 1920 1217 aut

315 1249 546 1311 faciunt.
580 1250 873 1322 digniores.
908 1250 1023 1307 Non
1050 1251 1192 1305 enim
1226 1250 1292 1307 de
1322 1262 1509 1308 nostro
1530 1291 1545 1321 ,
1578 1253 1671 1309 sed
1694 1270 1759 1309 cx
1794 1254 1918 1309 illo-

314 1360 438 1399 rum
482 1358 706 1399 numero
735 1358 949 1414 semper
993 1344 1296 1408 exsistunt,
1352 1346 1444 1415 qui
1502 1347 1616 1400 vias
1668 1346 1921 1402 obsident

314 1437 629 1492 armati.....
662 1451 865 1492 venena
896 1436 1035 1492 clam
1066 1447 1402 1507 temperent,
1452 1440 1540 1509 qui
1574 1455 1773 1495 uxores
1825 1456 1921 1496 ne-

313 1538 477 1595 Cent,
528 1539 583 1584 ut
631 1528 787 1585 dotes
828 1545 1012 1585 earum
1042 1530 1353 1601 lucrentur,
1403 1542 1495 1587 aut
1547 1534 1806 1599 maritos,
1864 1543 1923 1588 ut

311 1620 581 1677 adulteris
610 1621 832 1688 nubant,
863 1622 954 1691 qui
984 1632 1139 1677 natos
1187 1639 1251 1677 ex
1306 1640 1365 1678 se
1392 1639 1590 1695 pueros
1613 1635 1706 1680 aut
1744 1635 1921 1681 strau-

310 1714 527 1788 gulent,
559 1726 649 1768 aut
681 1714 726 1769 si
768 1714 993 1770 nimium
1038 1716 1112 1787 pii
1143 1716 1361 1784 fuerint,
1397 1727 1673 1787 exponant
1709 1737 1728 1771 ι
1766 1718 1923 1792 (Lac-

2026 509 2161 555 teste
2194 502 2384 556 militia
2434 504 2619 572 patria:
2646 516 2866 571 nostrae,
2892 522 3011 578 quae
3036 507 3263 580 idipsum
3290 524 3489 565 munus
3545 510 3624 566 illi

2025 596 2330 663 proconsuli
2366 595 2544 651 functa
2571 604 2672 652 est.
2704 597 2810 654 Sed
2850 610 2904 654 et
2936 615 3078 656 nunc
3124 602 3177 657 in
3228 605 3439 658 occulto
3500 620 3620 674 per‘

2023 696 2305 743 severatur
2332 687 2434 744 hoc
2473 704 2685 745 sacrum
2718 690 3044 748 facinus.....
3076 692 3207 750 Cum
3239 696 3471 767 prapriis
3499 696 3625 751 ﬁliis

2021 778 2283 834 Saturnus
2314 797 2417 835 non
2466 782 2729 854 pepercit,
2785 786 3057 841 extraneis
3107 788 3288 857 utique
3337 804 3444 842 non
3498 803 3625 858 par-

2022 876 2195 930 cendo
2267 879 2680 950 perseverabat,
2735 896 2869 951 quos
2935 881 3152 950 quidem
3212 882 3315 953 ipsi
3374 893 3628 954 parentes

2022 966 2336 1036 oﬂercbant,
2384 979 2437 1027 et
2462 971 2690 1028 libentes
2734 975 3174 1045 respondebant,
3226 986 3281 1031 et
3338 976 3630 1032 infantibus

2022 1058 2471 1128 blandiebantur,
2532 1079 2603 1119 ne
2650 1063 3012 1136 lacrymantes
3063 1068 3474 1123 immolarentur
3560 1070 3630 1123 Et

2026 1164 2203 1211 tamen
2236 1156 2464 1211 multum
2499 1156 2790 1212 homicidio
2828 1159 3169 1230 parricidium
3213 1159 3412 1217 differt.
3463 1162 3634 1231 Major

2023 1259 2155 1305 tetas
2181 1251 2319 1321 apud
2376 1251 2559 1307 Gallos
2612 1251 2876 1307 Mercurio
2932 1254 3333 1323 prosecahatur.
3390 1253 3631 1311 Remitto

2025 1342 2284 1398 Tauricas
2332 1343 2541 1398 fabulas
2591 1342 2814 1399 theatris
2855 1348 2985 1401 suis.
3034 1345 3174 1401 Ecce
3224 1348 3274 1401 in
3304 1345 3392 1401 illa
3423 1347 3637 1418 religio-

2024 1436 2236 1492 sissima
2259 1437 2391 1491 urbe
2422 1435 2787 1492 «Eneadarum
2825 1436 3033 1508 piorum
3062 1480 3077 1506 ,
3138 1439 3389 1494 nimirum
3442 1439 3631 1506 Roma,

2025 1539 2105 1583 est
2136 1528 2345 1597 Jupiter
2380 1527 2630 1598 quidam,
2682 1544 2841 1599 quem
2891 1529 3027 1584 ludis
3068 1531 3201 1598 suis,
3258 1531 3447 1585 Latiali
3492 1532 3634 1587 haud

2027 1622 2186 1676 dubie
2213 1621 2334 1676 Jovi
2364 1621 2577 1688 dicatis,
2606 1621 2841 1677 lnnnano
2865 1626 3115 1693 proluunt
3140 1626 3519 1695 sanguine.....
3559 1626 3635 1681 De

2027 1714 2304 1785 sanguinis
2336 1715 2551 1784 pabulo,
2585 1726 2637 1771 et
2668 1714 2931 1786 ejusmodi
2957 1718 3171 1788 tragicis
3207 1716 3422 1773 ferculi~
3473 1719 3635 1790 legite

310 1817 451 1862 ιαηι.
481 1807 572 1863 tib.
606 1823 637 1862 v
668 1805 895 1864 Institut.
937 1825 1054 1878 cap.
1109 1808 1162 1874 9,
1217 1827 1336 1882 pag.
1389 1810 1516 1868 585.
1576 1812 1828 1868 Diuertat
1875 1816 1928 1870 in
1959 1819 2005 1880 Β
2034 1809 2223 1865 necubi
2271 1809 2499 1864 relatum
2541 1810 2611 1863 sit
2662 1808 2794 1881 (est
2840 1810 2980 1881 apud
3021 1811 3351 1866 Herodotum
3394 1813 3584 1882 opinor
3619 1812 3638 1883 )

310 1899 563 1956 Lactant.
619 1918 736 1973 cap.
765 1902 859 1968 27,
889 1911 990 1957 art.
1018 1901 1054 1956 2
1085 1902 1130 1975 ).
1162 1902 1269 1959 Sed
1313 1904 1416 1959 alia
1460 1904 1705 1976 quaedam
1734 1906 1804 1962 de
1847 1908 1933 1964 his

311 1996 415 2053 ille
440 1997 590 2063 alibi,
625 2007 680 2051 ut
705 2013 806 2054 suo
840 1998 960 2053 loco
1004 1998 1327 2055 videbimus.
1363 2000 1521 2056 Plura
1543 2002 1632 2072 qui
1679 2003 1925 2071 voluerit,

313 2093 367 2148 is
440 2090 596 2148 adeat
640 2092 952 2165 Dionysium
1002 2095 1508 2162 Halicarnasseum,
1570 2098 1849 2154 Platonem
1900 2116 1929 2155 a

310 2187 670 2243 Theodoreto
696 2188 941 2256 citatum,
971 2189 1255 2247 Philonem
1286 2190 1555 2256 Judaeum.
1588 2192 1928 2249 Clementem

316 2283 776 2349 Alexandrinum,
826 2294 880 2338 ct
933 2300 1052 2354 qtae
1093 2284 1218 2340 alibi
1259 2301 1287 2338 a
1340 2286 1496 2340 nobis
1523 2286 1592 2341 de
1645 2302 1931 2356 puerorum

320 2376 678 2447 expositione
731 2377 1011 2433 observata
1055 2389 1179 2432 sunt
1231 2377 1475 2450 (Dionys.
1508 2377 1782 2435 Halicarn.
1842 2380 1931 2435 lib.

314 2484 356 2523 ιι
383 2468 557 2540 Antig.
594 2467 814 2523 (tonum.
860 2487 980 2541 pag.
1013 2470 1116 2532 88;
1151 2470 1456 2528 Theodorei.
1513 2482 1637 2525 tom.
1674 2472 1732 2534 4.
1777 2489 1932 2528 serm.

315 2566 377 2625 ει,
410 2578 527 2633 pag.
566 2561 695 2628 678;
731 2560 941 2616 Philan.
973 2562 1063 2617 lib.
1115 2563 1178 2617 de
1210 2564 1437 2632 Special.
1470 2563 1621 2635 legib.
1654 2582 1773 2636 pag.
1807 2566 1932 2633 795,

315 2666 369 2709 et
407 2672 535 2722 seq.;
561 2653 721 2710 Clem.
740 2655 888 2712 Alex.
919 2656 1009 2712 lib.
1040 2673 1097 2712 ιιι
1139 2656 1285 2713 Ριτά.
1328 2676 1449 2731 pag.
1498 2658 1641 2726 226,
1693 2671 1738 2715 et
1779 2661 1848 2715 lib
1900 2675 1937 2717 ιι

315 2747 578 2805 Slromat.
604 2766 724 2821 pag.
750 2749 876 2813 400.
904 2760 1029 2807 ιυηι.
1061 2769 1074 2806 ι
1101 2754 1353 2822 Apparal.
1387 2771 1505 2824 pag.
1528 2753 1680 2828 805).

404 2841 538 2897 Aliis
570 2853 826 2912 praeterea
850 2845 1112 2913 exemplis
1132 2844 1394 2902 Minucius
1428 2847 1782 2903 invictissime
1804 2863 1936 2913 pro-

316 2935 423 2991 bat
468 2935 901 2991 crudelissimum
952 2938 1336 3008 parricidium,
1381 2938 1593 3011 aliaque
1647 2940 1938 2998 homicidia

318 3043 440 3084 non
486 3029 661 3083 solum
713 3029 931 3100 impune
978 3032 1044 3087 ab
1085 3032 1349 3097 ethnicis,
1404 3033 1499 3088 sed
1551 3033 1754 3103 publica
1814 3050 1936 3090 cum

319 3121 489 3179 laude
516 3131 570 3178 et
598 3122 786 3193 plau~u
828 3124 954 3179 olim
985 3134 1038 3180 et
1096 3141 1196 3180 suo
1221 3124 1398 3180 adhuc
1431 3135 1676 3197 tempore
1702 3142 1936 3184 consue-

2034 1904 2281 1960 defusum
2309 1903 2547 1959 brachiis
2577 1905 2892 1975 sanguinem
2922 1920 2986 1959 ex
3011 1904 3270 1960 alterutro
3301 1906 3643 1976 degustatum

2035 2001 2278 2055 nationes
2300 1999 2556 2068 quasdam
2601 1999 2789 2055 frederi
2813 2014 3179 2069 comparasse.
3210 1999 3405 2055 Nescio
3430 2000 3555 2071 quid
3585 2013 3643 2055 et.

2035 2095 2135 2150 sub
2188 2093 2415 2149 Catilina
2469 2095 2572 2149 tale
2635 2094 2976 2164 degustatum
3030 2103 3131 2149 est.
3183 2094 3346 2148 Aiunt
3394 2105 3447 2149 et
3502 2093 3646 2165 apud

2036 2189 2295 2262 quosdam
2331 2188 2573 2245 Gentiles
2601 2188 2925 2260 Scytharum
2958 2187 3267 2243 defunctum
3318 2203 3586 2258 quemque
3614 2204 3646 2243 ιι

2036 2284 2149 2340 suis
2225 2282 2462 2340 comedi.
2536 2282 2716 2353 Longe
2769 2298 3023 2337 excurro.
3081 2282 3251 2337 llodie
3302 2281 3458 2336 isthic
3524 2282 3645 2338 Bel-

2040 2378 2177 2434 lona:
2213 2387 2453 2433 sacratos
2485 2377 2604 2447 (ms.
2625 2374 2888 2447 sacratio)
2919 2377 3137 2447 sanguis
3158 2376 3226 2432 de
3254 2374 3457 2433 femore
3486 2392 3644 2447 pros-

2038 2472 2180 2527 cisso
2204 2473 2256 2526 in
2288 2470 2574 2542 palmulam
2618 2482 2910 2539 CXCt‘ptus,
2944 2472 3056 2525 esui
3087 2468 3245 2524 datus
3274 2469 3466 2540 signat.
3515 2469 3648 2526 Item

2040 2564 2115 2619 illi
2170 2564 2259 2635 qui
2322 2579 2544 2620 munere
2609 2563 2661 2618 in
2714 2578 2874 2617 arena
2942 2578 3222 2618 noxmrunt
3281 2562 3646 2635 jugulatorum

2039 2660 2354 2728 sanguinem
2390 2667 2661 2715 recentem
2688 2658 2842 2713 avida
2872 2658 2958 2712 siti
2980 2699 2994 2719 .
3020 2658 3273 2712 cemitiali
3307 2659 3497 2714 morbo
3529 2676 3647 2717 me-

2040 2752 2228 2808 dentes
2273 2751 2555 2816 auferunt,
2591 2750 2680 2805 ubi
2708 2750 2872 2805 sunt?
2923 2748 3056 2804 Item
3105 2749 3182 2805 illi
3227 2750 3317 2820 qui
3362 2750 3430 2806 de
3475 2768 3644 2808 arena

2040 2844 2225 2901 ferinis
2252 2845 2492 2901 ObStmliS
2538 2856 2775 2911 coenant,
2815 2843 2904 2914 qui
2937 2840 3003 2897 de
3032 2858 3185 2913 apro,
3232 2844 3320 2914 qui
3368 2844 3435 2898 de
3482 2860 3646 2901 cerro

2040 2940 2265 3012 petunt!
2322 2941 2467 3006 Aper
2515 2937 2651 3002 ille,
2707 2953 2864 3008 quem
2914 2936 3253 3002 cruentat-it,
3309 2936 3651 2995 collucmndo

2041 3032 2286 3091 detersit.
2335 3031 2539 3087 Cervus
2568 3031 2657 3087 ille
2708 3031 2759 3085 in
2787 3028 3098 3101 gladiatoris
3150 3030 3411 3102 sanguine
3458 3032 3649 3101 jacuit.

2042 3130 2284 3201 Ipsorum
2362 3142 2608 3184 ursorum
2683 3126 2818 3181 alvei
2888 3134 3249 3194 appetuntur,
3317 3124 3651 3183 cruditantes

317 3217 477 3271 visse
527 3216 811 3271 committi.
842 3217 1165 3275 Persuasum
1197 3220 1477 3275 enimvero
1517 3221 1717 3276 ethnici
1768 3222 1928 3280 habe-
1959 3223 2005 3286 C
2038 3224 2216 3280 adhuc
2247 3223 2314 3277 de
2351 3220 2652 3276 visceribus
2683 3217 2954 3272 humanis.
3006 3215 3269 3271 Ructatur
3313 3218 3539 3287 proinde
3583 3220 3653 3275 ab

320 3309 485 3376 bant,
517 3310 587 3363 ait
617 3310 726 3374 ille,
750 3325 779 3362 a
808 3310 1044 3368 Saturno
1071 3312 1207 3368 ﬁlios
1235 3329 1361 3369 suos
1395 3314 1702 3371 devoratus.
1729 3318 1932 3385 Quam-

322 3403 521 3458 obrem
551 3402 757 3459 creduli
799 3403 1043 3461 homines
1099 3406 1150 3461 in
1194 3407 1513 3477 quibusdam
1563 3407 1758 3464 Africa:
1812 3424 1936 3480 par-

324 3496 480 3552 tibus
506 3498 689 3567 pietati
716 3499 983 3554 ducebant
1025 3499 1075 3556 ei
1114 3516 1243 3557 suos
1289 3518 1502 3573 quoque
1550 3504 1690 3559 filios
1739 3505 1933 3560 immo-

325 3593 474 3647 lare.
507 3590 764 3647 Humana:
802 3608 1016 3663 quoque
1042 3594 1272 3650 victima:
1318 3612 1345 3649 a
1383 3595 1576 3651 Tauris
1620 3596 1855 3653 Ponticis
1883 3608 1938 3655 et

327 3688 410 3743 ab
430 3685 687 3759 Egyptio
728 3687 995 3753 Busiride,
1026 3704 1056 3742 a
1081 3689 1247 3746 Gallis
1276 3689 1542 3746 Mercurio
1562 3734 1577 3760 ,
1608 3707 1639 3746 a
1682 3692 1939 3750 Romanis

329 3780 560 3837 Gnaeus
608 3788 665 3836 et
716 3780 938 3851 Graeca,
997 3782 1182 3840 Gallus
1238 3791 1296 3839 et
1358 3782 1506 3841 Galla
1571 3786 1934 3842 credebantur.

329 3876 611 3932 Praeterea
655 3876 723 3932 ab
753 3876 943 3934 iisdem
974 3877 1231 3934 Romanis
1254 3878 1478 3935 Latialis
1505 3878 1716 3951 Jupiter
1762 3881 1939 3937 homi-

332 3967 431 4024 nis
496 3968 785 4025 crudeliter
841 3971 1016 4027 necati
1084 3971 1345 4042 sanguine
1399 3972 1596 4042 placari
1649 3973 1938 4030 ferebatur.

332 4059 478 4117 Tam
525 4059 811 4118 horrenda:
873 4072 1052 4119 autem
1131 4064 1357 4120 feritatis
1419 4066 1674 4135 exemplo
1741 4063 1939 4122 factum

334 4163 537 4210 auctor
588 4164 771 4212 noster
817 4168 1021 4223 censet,
1077 4167 1135 4212 ut
1188 4158 1416 4213 Catilina
1469 4174 1661 4215 cruore
1708 4160 1943 4216 humano

335 4248 745 4318 Conjuraverit,
796 4249 886 4303 alii
939 4250 1171 4305 Bellona:
1236 4250 1656 4308 sacrificaveriut
1724 4253 1942 4310 humani

335 4345 544 4400 haustu
570 4345 864 4414 sanguinis,
893 4360 956 4400 ac
998 4346 1174 4415 plures
1200 4347 1522 4403 comitialem
1556 4349 1802 4403 m0rhum
1847 4366 1943 4405 eo-

338 4439 474 4496 dem
503 4438 737 4494 huniano
766 4440 1046 4510 sanguine,
1073 4439 1121 4495 id
1136 4451 1236 4503 est,
1269 4452 1326 4495 ut
1367 4451 1513 4499 recte
1538 4442 1800 4501 Minucius
1825 4445 1942 4500 ani.

342 4532 662 4597 madvertit,
690 4532 864 4588 morbo
888 4536 1119 4605 graviore
1161 4539 1491 4593 sanaverint.
1540 4540 1779 4611 Denique
1826 4541 1949 4598 huic

2038 3318 2258 3373 homine
2287 3328 2414 3373 caro
2461 3324 2612 3387 pasta
2652 3314 2721 3368 de
2751 3311 2968 3367 homine
3005 3331 3022 3363 ι
3057 3308 3369 3384 (Tertullian
3424 3314 3648 3387 Apolog.

2037 3426 2153 3481 cap.
2189 3410 2241 3476 9,
2294 3408 2471 3480 pag.9
2588 3406 2858 3477 Integrutn
2915 3404 3056 3458 hunc
3108 3403 3426 3460 Tertulliani
3467 3406 3649 3464 locum

2040 3502 2403 3561 exhibendum
2450 3516 2570 3558 esse
2619 3500 2910 3564 duximus,
2970 3498 3093 3567 quia
3148 3496 3221 3551 ibi
3268 3497 3357 3553 ille
3402 3501 3650 3568 quantam

2042 3599 2288 3668 exempla
2326 3597 2394 3652 ah
2422 3593 3077 3651 auetorenostrointacta
3129 3590 3386 3661 protulit;
3440 3603 3495 3647 et
3546 3593 3651 3648 alia

2043 3692 2242 3749 clarius
2282 3690 2607 3760 uberiusque
2637 3687 2891 3757 exponit,
2947 3700 3175 3756 quorum
3223 3686 3339 3755 ipse
3387 3685 3653 3743 Minucius

2043 3797 2228 3845 noster
2262 3788 2475 3842 videtur
2518 3784 2712 3841 fecisse
2759 3780 3158 3851 compendium.
3214 3778 3419 3851 Negare
3468 3794 3649 3839 tamen

2046 3899 2152 3937 non
2177 3894 2466 3952 possumus
2495 3876 2673 3949 priora
2715 3874 2957 3945 ejusdem
2991 3870 3307 3927 Tertulliani
3340 3872 3502 3928 verba
3530 3874 3649 3943 quin

2047 3974 2271 4031 busdam
2302 3989 2408 4028 non
2436 3985 2622 4026 carere
2656 3966 3081 4023 difficultatibus.
3135 3963 3239 4020 Sed
3272 3981 3331 4019 ea
3381 3982 3480 4021 suo
3527 3967 3648 4023 loco

2048 4087 2146 4143 pro
2192 4069 2332 4125 virili
2396 4077 2547 4137 parte
2612 4071 2797 4119 nostra
2868 4060 3160 4130 explanare
3224 4068 3279 4113 et
3351 4058 3650 4116 dissolvere

2048 4165 2366 4223 cenabimur
2396 4160 2691 4233 (Dissertat.
2725 4157 2778 4209 in
2802 4153 3021 4208 Tertull.
3050 4152 3269 4224 Apolog.

2120 4261 2337 4316 Interim
2366 4270 2494 4312 vero
2523 4250 2721 4323 aliquid
2767 4248 2835 4304 de
2889 4247 3169 4302 horrendis
3218 4247 3324 4301 illis
3368 4245 3647 4302 hominum

2051 4356 2120 4411 ab
2149 4354 2267 4409 aliis
2312 4347 2613 4405 hominibus
2642 4352 2996 4399 mactatorum
3034 4337 3310 4394 sacrificiis
3333 4338 3647 4396 dicendum.

2052 4449 2194 4507 Nihil
2242 4461 2370 4503 vero
2396 4456 2617 4500 necesse
2645 4450 2704 4495 ut
2739 4437 2891 4509 plura
2921 4448 3276 4504 congeramus
3299 4432 3367 4489 de
3410 4434 3647 4501 celebri,

2056 4543 2345 4615 paucisque
2384 4535 2649 4606 incognita
2689 4530 3025 4587 ethnicorum
3074 4526 3356 4596 Opinione.
3409 4542 3510 4596 qua
3556 4526 3653 4582 Sa-

340 4644 612 4703 perquam
670 4627 1071 4684 immanissima:
1114 4630 1418 4687 crudelitati
1449 4648 1567 4688 eam
1611 4634 1751 4690 haud
1791 4635 2027 4701 dissi-l)
2053 4648 2243 4694 turnus
2268 4634 2404 4687 ﬁlios
2444 4643 2571 4685 suos
2599 4639 2818 4682 vorasse
2865 4619 3196 4692 perhibetur.
3250 4617 3427 4672 Missis
3472 4618 3654 4688 itaque

343 4721 536 4778 utilem
564 4736 686 4777 esse
732 4720 889 4788 dixit,
922 4737 1024 4791 qua
1057 4721 1273 4778 athletae
1301 4724 1464 4794 aliqui
1495 4725 1546 4780 in
1578 4741 1739 4781 arena
1783 4725 1945 4792 feras,

346 4816 633 4872 hominum
659 4830 854 4871 cruore
905 4825 959 4873 et
987 4818 1244 4873 membris
1272 4820 1562 4888 saginatas,
1594 4819 1855 4892 liguriunt
1890 4834 1953 4875 ac

348 4912 638 4968 devorant.
671 4911 788 4978 Qua
810 4926 939 4982 ergo
986 4910 1164 4967 fronte
1214 4911 1476 4978 Gentiles,
1530 4914 1807 4969 concludit
1852 4913 1952 4971 Mi—

352 5006 572 5071 nucius,
601 5013 680 5059 tot
705 5004 988 5059 criminum
1018 5003 1126 5071 rei,
1176 5004 1471 5076 impttdenti
1516 5005 1787 5061 calumnia
1815 5006 1955 5076 obji-

351 5112 486 5154 cere
515 5106 763 5168 poterant
794 5095 1048 5152 infantem
1093 5112 1123 5151 a
1154 5096 1473 5154 Christianis
1519 5098 1725 5165 occidi,
1783 5099 1959 5155 vorari

354 5191 482 5263 ejus
504 5207 694 5247 carnes
736 5201 792 5248 et
821 5192 931 5249 bibi
978 5194 1293 5264 sanguinem
1313 5193 1337 5236 ν
1359 5194 1464 5253 Sed
1501 5196 1650 5266 prius
1678 5193 1965 5250 Tertullia-

354 5302 467 5344 nus
494 5286 837 5342 falsissimam
876 5287 1023 5342 illam
1053 5288 1484 5346 crio-inationem
1511 5290 1690 5345 acrius
1717 5288 1967 5361 hancque

354 5377 736 5437 cmifutaverat
779 5382 832 5434 in
871 5380 1130 5436 modum:
1169 5400 1187 5434 ‹
1223 5381 1347 5437 llaec
1393 5398 1500 5452 quo
1548 5382 1718 5453 magis
1772 5382 1971 5437 refuta-

356 5474 558 5539 verim,
588 5489 620 5529 a
646 5474 799 5529 vobis
843 5474 958 5530 fieri
987 5475 1268 5531 ostendam
1303 5477 1495 5547 partim
1542 5477 1594 5532 in
1643 5484 1830 5547 aperto
1851 5518 1865 5538 .
1918 5484 1976 5531 et

356 5566 565 5641 partim
602 5569 656 5623 in
688 5570 936 5636 occulto,
993 5585 1089 5640 per
1135 5569 1280 5639 quod
1329 5569 1555 5625 forsitan
1614 5576 1668 5624 et
1714 5568 1781 5624 de
1820 5567 1977 5623 nobis

2056 4729 2338 4794 Pausania,
2369 4723 2655 4782 Strabone,
2690 4716 2923 4773 Diodoro
2972 4714 3172 4775 Siculo,
3228 4709 3486 4777 [.uciano,
3542 4714 3653 4780 Αιι-

2056 4823 2367 4896 pollodoro,
2393 4812 2695 4885 TheOphilo
2728 4808 3063 4864 Antiocheno
3089 4846 3103 4870 ,
3136 4814 3191 4896 et
3221 4805 3342 4896 aliis
3372 4803 3654 4896 quamplu-

2059 4894 2211 4976 rimis
2239 4913 2499 4988 (Pausan.
2535 4906 2619 4961 lib.
2650 4920 2743 4964 vn,
2770 4920 2821 4974 p.
2852 4899 2982 4964 942;
3018 4894 3193 4953 Strab.
3229 4894 3414 4966 Geogr.
3447 4912 3499 4963 ρ.
3527 4894 3657 4958 468;

2060 5009 2217 5067 Diod.
2249 4987 2417 5063 Sicul.
2440 5002 2478 5057 l.
2502 5016 2530 5053 v
2556 4997 2827 5061 Bibliotlt.,
2855 5012 2908 5064 p.
2942 4991 3090 5051 235;
3121 4987 3341 5043 Luciau.
3371 4988 3433 5042 de
3461 4989 3662 5052 Sacrif.

2064 5123 2120 5176 ρ.
2142 5102 2234 5163 7'5;
2267 5094 2507 5166 Apollod.
2540 5090 2630 5146 lib.
2664 5107 2678 5144 ι
2719 5087 2834 5142 Bib.
2863 5085 3004 5150 init.;
3031 5081 3230 5176 Tlieop.
3261 5081 3499 5176 Antioch.
3531 5081 3618 5135 lib.
3648 5097 3667 5136 ι

2067 5172 2134 5252 ad
2163 5192 2331 5251 Autol.
2370 5209 2421 5261 p.
2457 5185 2546 5249 75,
2579 5193 2626 5239 et
2651 5184 2738 5237 lib.
2765 5196 2846 5245 ιιι,
2877 5194 2996 5248 pag.
3034 5176 3135 5230 118
3164 5172 3206 5246 ),
3240 5173 3472 5229 sufﬁciat
3499 5190 3669 5228 anno-

2070 5301 2214 5346 tasse
2240 5300 2357 5342 eam
2386 5281 2453 5337 ab
2485 5276 2717 5333 Hesiodo
2745 5274 2830 5328 his
2849 5269 3123 5326 decantari
3155 5266 3403 5323 versibus
3423 5266 3668 5341 (Ilesiod.

2073 5398 2131 5453 v,
2154 5380 2263 5436 Διϋὸ
2285 5385 2331 5432 et
2360 5373 2495 5460 δηφο)
2527 5389 2542 5460 ξ
2648 5452 2657 5460 ⁸
2826 5448 2836 5460 ,
2887 5446 2897 5459 ,
2934 5458 2949 5460 _
2980 5448 3011 5460 ν,

2323 5458 2482 5499 [habt-ro
2504 5455 2573 5506 γὰρ
2595 5452 2703 5504 ταὶης
2724 5463 2765 5488 τι
2782 5452 2842 5487 καὶ
2864 5452 3273 5506 οὐραγοῦ-ἀστιβιντος

2326 5521 2465 5562 (lth
2488 5518 2524 5555 οἱ
2542 5504 2707 5563 ntepote-
2728 5515 2773 5563 ἰῷ
2795 5511 2864 5549 ὕπὸ
2886 5505 2991 5547 παιδὶ
3014 5504 3191 5557 δαμῆναι,

2332 5585 2408 5624 Καὶ
2430 5586 2589 5633 κρατερῷ
2612 5592 2678 5629 κιρ
2702 5577 2811 5619 lavet,
2827 5574 2907 5619 Διὸς
2931 5572 3088 5622 μιτάλου
3107 5566 3170 5633 διὰ
3198 5568 3343 5619 βωλάς.

2330 5642 2396 5699 Τῷ
2428 5629 2489 5695 ait
2514 5629 2580 5681 at);
2595 5640 2844 5686 ἀλαοσκοπὶην
2867 5634 2987 5685 tm...
3008 5634 3106 5672 ἀλδά
3127 5629 3285 5671 suum

2334 5705 2476 5754 Παῖδας
2502 5707 2580 5753 labs
2604 5705 2786 5742 ιιαειιπινι.
3462 5734 3465 5737 Α

2181 5784 2421 5837 Audierat
2446 5780 2575 5841 enim
2597 5789 2661 5826 ex
2688 5781 2823 5823 terra
2848 5776 2900 5819 et
2922 5768 3123 5841 enclose
3149 5765 3227 5841 llis
3247 5764 3459 5838 micante

2185 5830 2333 5911 Caedi
2346 5830 2437 5896 sibi
2457 5840 2605 5893 fatale
2626 5842 2764 5890 esset
2786 5836 2984 5902 proiirio
3001 5847 3027 5881 a
3051 5831 3155 5880 tilio
3179 5830 3382 5890 domari,

2925 5915 3003 5980 16

359 5662 698 5719 credidistis.
750 5662 992 5719 Infantes
1024 5680 1188 5735 penes
1215 5654 1452 5720 Africam
1502 5662 1736 5719 Saturno
1782 5662 1979 5717 immo-

363 5754 623 5812 labantur
655 5755 830 5825 palam
865 5772 1033 5827 usque
1077 5756 1143 5811 ad
1202 5758 1538 5813 consulatum
1590 5756 1830 5823 Tiberii,
1891 5757 1982 5827 qui

367 5848 522 5923 ipsos
596 5847 913 5906 sacerdotes
960 5850 1013 5905 in
1075 5849 1279 5906 eisdem
1329 5851 1610 5909 arboribus
1670 5848 1854 5923 templi
1903 5848 1987 5905 sui

817 5940 1097 6003 ΡΑτιιοι..
1147 5941 1257 6007 lll.
1384 5956 1387 5957 '
