4034 6320
420 263 521 321 491

1707 260 1795 318 DE
1836 259 2093 320 MINUCII
2129 261 2426 323 OCTAVIO

3628 274 3735 333 ιω

520 380 848 441 Quantumvis
870 380 1071 430 robusto
1115 378 1371 440 existenti,
1400 376 1537 428 Jovis
1558 379 1724 441 magni
1755 381 2027 460 ptrl'lt-(‘Otlsi‘
2052 382 2103 441 Α
2133 396 2282 435 mare
2307 381 2572 452 demergit
2599 399 2618 433 ι
2647 381 2665 452 (
2692 382 2903 438 Diodor.
2939 381 3182 439 Bibliotlt.
3217 383 3305 441 lib.
3349 400 3442 452 xx,
3476 404 3597 460 pag.
3623 390 3727 448 759

521 508 743 572 Ideoque
771 520 869 556 non
905 520 1085 556 caecam
1124 503 1514 569 Speculationem
1550 441 2029 625 ιὶεὲιιιῑιὲιὲέῒὶηεί-

1634 580 1703 616 ias
1788 580 1937 616 ruens

1634 580 1703 616 ias
1737 580 1937 616 Sll‘llellS

526 634 680 685 Filios
702 646 814 685 suos
837 632 1129 683 devorabat.

505 761 863 831 Quamobrem
919 757 1139 813 Nonnus
1213 754 1460 811 eumdem
1531 754 1821 811 Saturnum
1877 761 2033 808 vocat

439 874 458 906 ι
494 869 714 910 suorum
771 852 1144 908 devoratorem
1194 864 1519 920 puerorum,
1567 868 1588 900 ›
1652 855 1735 904 δῶν
1782 856 2032 918 acim-opu

437 954 614 1004 παίδων
636 945 866 1019 (Νοηιι.,
890 945 980 999 lib.
1010 960 1138 1011 xxi;
1169 942 1416 1015 Diony:.,
1441 960 1549 998 car.
1573 941 1725 1012 219).

508 1044 683 1100 Unum
735 1041 819 1096 bis
868 1039 1023 1096 nobis
1076 1038 1312 1109 adjicere
1358 1039 1516 1093 liceat
1566 1037 1886 1102 Tatianum,
1941 1036 2034 1107 qui

432 1141 677 1211 ejusdem
723 1151 832 1193 non
884 1135 1057 1190 solum
1107 1134 1364 1200 Saturni,
1415 1132 1510 1188 sed
1564 1133 1790 1187 aliorum
1819 1147 2033 1201 quoque

431 1232 713 1304 exemplis,
740 1229 986 1285 ethnicos
1005 1227 1503 1298 anthrOpophagiae,
1533 1226 1684 1295 cujus
1700 1224 2033 1280 Christianos

430 1328 568 1383 falso
598 1324 1011 1390 insimulabant,
1040 1324 1187 1378 hisce
1215 1324 1391 1376 Vt‘l'iiis
1421 1323 1595 1391 arguit
1630 1341 1643 1377 :
1677 1341 1696 1373 ι
1727 1321 1878 1390 Apud
1912 1337 2031 1386 nos,

432 1421 624 1491 inquit,
648 1436 752 1473 non
772 1418 1042 1473 invenitur
1056 1415 1521 1486 anthropophagia
1543 1434 1555 1467 :
1580 1415 1694 1469 falsi
1717 1425 1899 1479 testes,
1933 1415 2035 1469 hoc

430 1515 657 1570 crimine
682 1525 869 1569 contra
908 1526 1007 1567 nos
1050 1509 1309 1573 conﬁcto,
1349 1508 1670 1578 deprehensi
1698 1511 1849 1563 estis.
1877 1507 2033 1579 Apud

430 1626 526 1666 vos
553 1619 729 1665 autem
755 1608 952 1676 Pelops
977 1607 1202 1661 deorum
1233 1604 1403 1673 epulis
1425 1601 1730 1672 apponitur,
1753 1609 1810 1656 et
1828 1611 2035 1657 amatus

428 1706 678 1776 Neptuno
727 1719 880 1773 puer,
930 1712 984 1756 et
1013 1701 1275 1756 Saturnus
1319 1698 1492 1764 ﬁlios,
1524 1709 1578 1752 et
1620 1697 1827 1768 Jupiter
1854 1696 2033 1751 bletim

2132 483 2179 526 et
2227 490 2367 544 seqq.
2396 473 2542 528 Idem
2574 475 2662 529 lib.
2700 492 2816 543 xm,
2847 494 2967 549 pag.
3013 478 3117 533 57⁵1
3148 480 3189 550 ).
3238 478 3378 547 Quid
3406 497 3555 546 vero,
3586 483 3729 553 quod

2133 564 2451 621 Plutarchus
2491 579 2675 624 narrat
2698 569 2962 626 Gelonem
3004 588 3128 628 cum
3161 574 3318 629 victis
3367 589 3399 629 a
3447 590 3509 631 se
3537 592 3730 648 magno

2135 664 2320 734 praelia
2350 663 2861 736 Carthaginiensibus
2885 707 2903 734 ,
2945 683 3238 740 pacemque
3281 671 3589 740 petentibus
3614 713 3629 737 ,
3665 687 3729 728 ea

2136 767 2340 813 tantum
2371 758 2679 814 conditione
2705 760 2852 816 illam
2881 761 3215 832 confecisse,
3251 773 3309 819 ut
3334 764 3567 820 Saturno
3592 763 3731 820 ﬁlios

2134 868 2260 907 suos
2303 853 2533 922 amplius
2571 868 2679 910 non
2721 856 3084 911 imntolarent.
3126 855 3242 913 Huc
3284 857 3493 914 accedit
3530 859 3674 929 quod
3700 875 3732 915 a

2136 946 2393 1019 Dionysio
2434 947 2841 1005 llalicaruasseo
2875 951 3133 1021 scriptum
3170 951 3398 1022 legimus
3427 970 3441 1006 :
3474 972 3497 1006 ι
3538 951 3734 1009 Fertur

2137 1049 2349 1097 veteres
2384 1040 2673 1097 Saturnum
2713 1042 2925 1111 placare
2957 1044 3145 1100 solitos
3176 1043 3428 1102 humanis
3468 1044 3734 1113 victimis,

2136 1135 2273 1191 sicut
2312 1135 2794 1207 Carthaginienses,
2846 1137 2976 1192 dum
3028 1139 3177 1193 stetit
3227 1152 3416 1194 eorum
3466 1140 3634 1203 urbs,
3683 1147 3738 1195 et

2137 1226 2279 1285 idem
2314 1246 2457 1285 nunc
2478 1245 2695 1301 quoque
2724 1231 2784 1285 ﬁt
2811 1230 2951 1300 apud
2977 1231 3197 1296 Gallos,
3250 1232 3493 1303 aliasque
3544 1242 3737 1303 gentes

2138 1323 2417 1381 Occidenti
2472 1322 2752 1393 proximas
2801 1342 2821 1375 ι
2858 1324 2878 1395 (
2908 1323 3127 1395 Dionys.
3166 1324 3401 1379 Halicar.
3432 1325 3523 1380 lib.
3557 1342 3599 1394 ι,
3628 1325 3741 1379 Αιι·

2140 1418 2306 1487 liquit.
2353 1415 2577 1470 Roman.
2627 1433 2747 1489 pag.
2781 1416 2851 1473 30
2879 1415 2918 1489 ).
2976 1418 3071 1473 Cui
3104 1433 3268 1488 porro
3296 1418 3415 1476 haec
3446 1436 3555 1475 non
3585 1419 3742 1476 sufﬁ-

2139 1512 2317 1574 cient,
2352 1510 2396 1565 is
2428 1510 2570 1581 legat
2598 1512 2774 1567 adhuc
2798 1511 3065 1567 Justinum
3090 1524 3404 1585 martyrem,
3426 1515 3740 1588 Origenem,

2140 1604 2529 1675 Augustinum,
2600 1603 2692 1674 qui
2765 1613 2954 1660 teStem
2996 1621 3153 1661 suum
3215 1607 3505 1663 Varronem
3557 1609 3747 1665 citavit

2141 1699 2158 1771 (
2185 1697 2383 1752 Iastia.
2431 1699 2649 1770 Apoloq.
2702 1715 2758 1766 υ,
2810 1717 2931 1772 pag.
2980 1700 3086 1766 50;
3121 1698 3332 1773 (Μαίη.
3390 1702 3479 1756 lib.
3508 1718 3543 1756 v
3575 1713 3746 1759 contr.

426 1801 671 1856 devorat.
707 1815 726 1849 θ
759 1795 879 1866 Πειρ’
912 1803 1023 1862 ἡμῖν
1048 1798 1131 1848 οὐκ
1161 1801 1288 1847 ἔστιν
1326 1794 1693 1863 ἀνθρωποφαγίει
1713 1830 1728 1856 ,
1765 1794 2031 1861 ψευδεμάρ·

2143 1792 2276 1847 Cels.
2330 1811 2451 1865 pag.
2478 1792 2607 1861 249;
2639 1793 2908 1866 Augustin.
2948 1794 3037 1848 lib.
3070 1811 3160 1850 vn.
3198 1802 3263 1850 de
3301 1794 3453 1851 Civil.
3507 1813 3630 1869 cap.
3683 1796 3749 1854 19

429 1916 559 1963 rupe;
595 1901 638 1945 οι
684 1893 1073 1955 ἕπιτηδευςμινοι
1126 1889 1359 1956 γηὸνατε.
1417 1884 1532 1956 παρ’
1574 1889 1685 1952 ὑμῖν
1727 1888 1775 1936 δὲ
1821 1885 1843 1933 ὃ
1881 1890 2036 1949 Πέλοψ

428 1990 614 2040 ὂεὶπνον
639 2001 728 2041 τῶν
746 1992 857 2038 θεῶν
880 1992 1079 2048 γίνεται,
1100 1982 1181 2033 καὶ
1198 1981 1482 2039 Ποσειδῶνος
1504 1982 1745 2047 ἐρώμενος,
1765 1979 1847 2030 καὶ
1868 1977 2035 2045 Κρόνιε

424 2088 535 2141 τοὺς
558 2086 678 2139 υἱοὺς
700 2078 966 2139 ἀνιλὼκει,
983 2080 1065 2128 καὶ
1087 2075 1231 2136 ibi);
1249 2079 1325 2126 τόν
1348 2078 1512 2135 Μῆτιν
1528 2081 1782 2127 καταπίνει
1798 2069 2033 2143 (Talian.

437 2169 585 2226 Orat.
615 2180 795 2225 contra
824 2168 989 2223 (iure.
1015 2183 1137 2238 pag.
1167 2163 1317 2236 169.).

499 2263 953 2333 Carthagineuses
1005 2272 1181 2313 autem
1228 2258 1459 2313 Saturno
1518 2258 1748 2313 ﬁliorum
1810 2273 2031 2314 suorum

429 2358 667 2412 voratori
711 2354 997 2426 gratiﬁcari
1022 2353 1337 2423 cupientes,
1381 2352 1430 2407 ei
1473 2366 1631 2416 suos,
1687 2352 1758 2407 uti
1783 2362 1929 2407 recte
1958 2352 2034 2405 ait

428 2453 693 2508 Minucius
724 2462 933 2518 noster,
967 2450 1107 2504 ﬁlios
1145 2450 1544 2505 sacrificabant.
1585 2450 1735 2504 Plato
1762 2449 2029 2521 siquidem

428 2546 528 2601 etsi
573 2546 749 2615 palam
794 2544 1071 2616 negaverit
1112 2544 1353 2597 homines
1395 2542 1498 2597 hoc
1535 2543 1766 2597 barbaro
1810 2558 1960 2597 more
2000 2557 2029 2595 a

429 2642 777 2712 ponularibus
838 2640 954 2695 suis
1008 2638 1177 2694 fuisse
1230 2653 1417 2693 revera
1476 2647 1771 2702 mactatos,
1830 2636 2029 2691 ibidem

425 2736 778 2791 nihilominus
832 2734 1028 2804 adjecit
1061 2753 1073 2787 :
1113 2753 1133 2785 ι
1167 2732 1366 2788 Contra
1416 2749 1546 2788 vero
1582 2732 2032 2799 Carthaginienses

424 2830 477 2885 id
507 2830 727 2895 solent;
785 2830 984 2898 quippe
1031 2827 1173 2898 quod
1231 2828 1362 2895 ipsis
1393 2837 1635 2881 sanetum
1658 2870 1674 2894 ,
1706 2835 1867 2897 atque
1896 2827 2030 2897 legi-

425 2929 637 2990 timum,
668 2929 999 2996 Καρχηδόνιοι
1052 2927 1100 2977 δὲ
1149 2929 1357 2987 θύουσιν,
1404 2930 1464 2983 ὡς
1508 2929 1658 2987 ὅσιον,
1705 2927 1790 2976 καὶ
1836 2926 2035 2991 νόμιμον

426 3026 614 3084 αὖτςῖς.
648 3019 783 3075 illud
830 3026 1008 3074 autem
1043 3017 1182 3087 apud
1226 3019 1371 3087 ipsos
1418 3018 1662 3072 solemne
1707 3027 1789 3072 est
1831 3026 1887 3071 ut
1948 3017 2030 3086 ip-

425 3132 610 3172 sorum
645 3114 889 3169 nonnulli
921 3113 1061 3168 ﬁlios
1086 3129 1214 3167 suos
1245 3113 1480 3167 Saturno
1501 3111 1898 3168 sacriﬁcent....
1923 3111 2032 3165 Sed

2141 1899 2185 1941 et
2213 1885 2284 1941 26
2311 1886 2354 1959 ).

2211 1980 2318 2037 Sed
2352 1981 2570 2038 attende
2592 2023 2607 2046 ,
2639 1996 2859 2053 quxeso,
2908 1982 3037 2053 quid
3081 1997 3185 2038 non
3218 1982 3428 2054 possint
3457 1982 3745 2052 homines,

2136 2074 2247 2129 sola
2300 2075 2449 2129 falste
2503 2076 2717 2144 pietatis
2749 2076 2938 2131 umbra
2983 2076 3243 2147 decepti?
3290 2096 3312 2130 ι
3351 2079 3397 2133 Α
3426 2078 3747 2149 parentibus

2138 2168 2388 2233 infantes,
2406 2188 2425 2223 ι
2450 2170 2617 2240 inquit
2640 2169 2925 2238 Minucius,
2950 2190 2969 2223 ι
2997 2171 3436 2235 immolabantur,
3464 2172 3748 2228 blanditiis

2136 2273 2189 2316 et
2224 2264 2410 2318 osculo
2438 2264 2864 2332 comprimentes
2893 2266 3167 2335 vagitum,
3207 2280 3275 2321 ne
3314 2264 3515 2320 llebilis
3560 2265 3743 2321 hostia

2136 2360 2468 2415 immoletur.
2505 2378 2524 2411 ι
2563 2359 2898 2414 Praeeuntem
2929 2374 3059 2415 vero
3088 2360 3158 2415 ibi
3184 2360 3428 2431 sequitur
3449 2360 3745 2415 Tertuilia-

2135 2468 2260 2508 num
2284 2495 2301 2519 ,
2330 2454 2419 2523 qui
2452 2456 2524 2508 uti
2548 2452 2659 2522 jam
2688 2454 3096 2518 annotavimus,
3124 2453 3337 2510 dixerat
3367 2471 3380 2508 :
3420 2472 3441 2506 ι
3477 2453 3746 2510 Parentes

2134 2547 2434 2602 oﬂ'erebant
2464 2548 2601 2602 ﬁlios
2630 2562 2779 2613 suos,
2798 2560 2853 2603 et
2884 2549 3113 2604 libentes
3140 2549 3647 2619 respondebant,et
3662 2549 3746 2603 ia-

2135 2639 2371 2693 fanlibus
2392 2639 2810 2695 blandiebantur
2832 2655 2901 2696 ne
2922 2639 3282 2713 lacrymautes
3302 2641 3740 2696 immolarentur:

2138 2732 2369 2805 (Tertul.
2401 2734 2553 2803 Apol.
2585 2750 2701 2803 cap.
2719 2733 2798 2803 9).
2832 2737 2902 2788 At
2922 2735 2967 2788 si
2999 2746 3125 2790 tunc
3150 2735 3381 2790 ﬁliorum
3408 2749 3637 2791 suorum
3665 2748 3752 2789 va-

2133 2828 2300 2898 gitum
2323 2835 2381 2882 et
2399 2827 2684 2898 lacrymas,
2706 2828 2981 2898 quiomodo
3002 2828 3103 2899 ipsi
3125 2843 3220 2884 sua
3236 2829 3492 2899 suspiria,
3510 2828 3747 2898 gemitus

2135 2929 2187 2973 et
2229 2934 2444 2973 onmem
2487 2919 2696 2988 paterni
2724 2920 2908 2975 cordis
2936 2934 3191 2989 sensum,
3230 2921 3353 2976 illos
3406 2921 3744 2990 occidendo,

2135 3012 2414 3068 continere
2460 3014 2751 3082 poterant?
2793 3013 2871 3069 Ea
2910 3024 3086 3070 tamen
3144 3026 3472 3085 praeimstera
3522 3016 3750 3070 omnino

2136 3104 2449 3162 fortitudine
2481 3106 2774 3163 liberorum
2801 3107 3033 3178 gemitus
3057 3117 3110 3163 et
3135 3108 3401 3180 lacrymas
3419 3107 3751 3179 comprime-

425 3208 587 3264 etiam
621 3209 655 3262 ii
686 3207 890 3273 Grmci,
927 3206 1017 3275 qui
1063 3207 1113 3259 in
1147 3204 1309 3277 Lycia
1356 3204 1628 3267 habitant,
1671 3214 1723 3259 et
1763 3220 1829 3259 ex
1863 3204 2030 3259 Atha-
2056 3207 2101 3270 C
2135 3199 2301 3265 bant,
2335 3216 2404 3256 ne
2429 3199 2626 3256 ﬁebilis
2651 3210 2706 3256 et
2754 3201 3058 3272 lacrymans
3100 3200 3305 3268 hostia,
3349 3213 3512 3271 atque
3543 3202 3752 3257 idcirco

425 3311 608 3356 mante
664 3299 906 3364 oriundi,
935 3300 1168 3369 aequales
1200 3299 1404 3353 hostias
1425 3298 1728 3354 sacriﬁcant
1764 3316 1785 3350 ι
1831 3295 2031 3369 (Plato,

427 3404 551 3451 tam.
580 3410 619 3450 ιι
647 3394 738 3448 lib.
761 3392 922 3448 Pulit.
955 3407 1072 3461 pag.
1107 3389 1259 3461 5l5).

498 3487 653 3557 Apud
702 3486 989 3541 Eusebium
1043 3486 1257 3555 quoque
1321 3484 1436 3540 haec
1497 3474 1748 3555 leguntur
1804 3485 2021 3540 Diodori

428 3580 591 3637 Siculi
621 3580 690 3635 de
717 3578 1267 3648 Carthaginensibus,
1336 3578 1405 3632 ab
1472 3577 1770 3649 Agatliocle
1836 3577 2034 3634 Sicilim

425 3683 657 3746 tyranno
705 3670 977 3737 obsessis,
1027 3670 1229 3725 verba:
1267 3687 1285 3721 ι
1343 3669 1542 3724 Iratum
1590 3668 1692 3725 sibi
1740 3669 2032 3725 Saturnum

427 3782 549 3823 esse
585 3766 682 3822 hac
725 3765 795 3822 de
831 3781 993 3822 causa
1022 3764 1372 3828 dubitabant,
1405 3763 1550 3834 quod
1591 3779 1713 3819 cum
1746 3765 1846 3832 ipsi
1877 3774 2032 3820 antea

426 3863 719 3919 liberorum
785 3875 1006 3917 suorum
1071 3858 1260 3913 florem
1338 3858 1714 3926 immolarent,
1774 3859 2035 3930 deinceps

426 3954 641 4011 nonnisi
696 3968 891 4023 pueros
942 3950 1239 4022 quosdam.
1287 3950 1467 4006 l‘urtim
1523 3961 1839 4021 coemptos,
1874 3965 2033 4024 atque

426 4049 523 4105 abs
553 4064 612 4105 se
636 4048 895 4104 educatos
916 4089 929 4113 ,
959 4046 1026 4100 ad
1059 4046 1378 4101 sacriﬁcimu
1407 4047 1809 4103 submitterent.
1848 4047 2033 4119 Itaque

433 4144 535 4198 hac
561 4143 628 4197 de
661 4158 720 4197 re
748 4141 1051 4212 quaestione
1084 4139 1263 4194 habita
1286 4180 1303 4205 ,
1358 4142 1648 4196 nonnullos
1703 4158 1771 4196 ex
1798 4143 1909 4208 eis,
1943 4145 2034 4209 qui

425 4251 583 4293 sacro
613 4250 678 4291 ac
706 4234 937 4290 solemni
968 4234 1072 4288 ritu
1093 4233 1219 4288 caesi
1242 4242 1431 4300 erant,
1465 4234 1834 4303 suppositiliOs
1866 4233 2033 4290 fuisse

426 4336 764 4399 repererunt.
795 4326 926 4394 Quae
951 4340 1074 4379 cum
1129 4339 1311 4379 secum
1358 4325 1457 4394 ipsi
1506 4335 1853 4393 reputarent,
1902 4325 2031 4382 bos-

427 4421 671 4491 tiumque
710 4428 887 4473 castra
930 4415 1199 4471 iuuenibus
1241 4416 1354 4470 suis
1395 4416 1678 4471 imminere
1709 4426 2030 4485 cernerent,

428 4530 622 4581 magna
653 4512 758 4566 illis
790 4510 984 4580 injecta
1015 4508 1205 4578 religio
1235 4516 1354 4575 est,
1386 4508 1537 4578 quasi
1581 4511 1786 4580 patrios
1806 4509 2032 4565 deorum

2139 3291 2242 3348 diis
2271 3292 2494 3349 minime
2545 3303 2731 3364 grata,
2782 3304 3134 3350 mactaretur.
3193 3294 3392 3350 Malum
3456 3296 3753 3352 enimvero

2138 3404 2297 3445 omen
2322 3400 2471 3452 erat,
2500 3390 2545 3443 si
2573 3389 2745 3445 hostia
2770 3405 3077 3461 repugnans
3097 3432 3111 3454 ,
3146 3400 3309 3461 atque
3337 3390 3501 3445 invill
3531 3389 3749 3445 sacriﬁ-

2138 3483 2379 3540 cabatur.
2414 3482 2630 3539 Testem
2662 3485 2708 3539 si
2734 3484 2965 3556 aliquem
2999 3484 3165 3551 velis,
3209 3483 3333 3541 audi
3364 3484 3700 3541 Macrobium
3733 3501 3749 3540 :

2145 3598 2165 3632 ι
2202 3577 2559 3635 Observatum
2613 3589 2696 3635 est
2755 3579 2786 3633 ξι
2849 3579 3311 3645 sacrificantibus,
3358 3589 3414 3633 ut
3466 3579 3515 3635 si
3564 3578 3751 3635 hostia

2138 3688 2258 3743 qua:
2283 3672 2350 3727 ad
2372 3688 2493 3727 aras
2532 3672 2850 3737 duceretur,
2898 3672 3090 3729 fuisset
3142 3674 3519 3729 vehementius
3560 3673 3749 3729 reluc-

2140 3775 2245 3822 tata
2271 3810 2287 3833 ,
2329 3767 2759 3839 ostendissetque
2790 3784 2849 3824 se
2877 3768 3102 3825 invitam
3132 3768 3393 3824 altaribus
3424 3768 3709 3825 admoveri
3730 3810 3746 3835 ,

2138 3872 2515 3929 amoveretur,
2550 3864 2673 3933 quia
2702 3864 2867 3919 invito
2901 3864 3011 3919 Deo
3034 3863 3213 3919 oﬁ‘erri
3245 3879 3364 3920 eam
3407 3863 3695 3934 putabant.
3721 3880 3742 3916 ι

2138 3955 2264 4013 Sive
2291 3967 2347 4012 ut
2376 3957 2451 4012 ait
2477 3958 2712 4024 Plinius;
2763 3977 2783 4010 ι
2818 3973 2918 4014 nec
2948 3959 3121 4014 aliena
3155 3960 3328 4014 hostia
3349 3957 3483 4014 deos
3513 3959 3745 4029 placari,

2137 4067 2237 4107 nec
2291 4053 2599 4108 retrahente
2628 4067 2687 4106 se
2727 4052 2835 4107 aris
2873 4073 2891 4105 ι
2953 4052 2973 4124 (
3001 4052 3231 4109 Macrob.
3262 4053 3350 4107 lib.
3382 4069 3441 4108 ιιι
3470 4051 3748 4111 Satumal.

2134 4159 2255 4215 cap.
2289 4146 2344 4205 ὃς
2371 4144 2518 4200 Plin.
2550 4145 2639 4200 lib.
2673 4161 2765 4201 Vtu
2815 4145 3003 4200 Nalur.
3035 4145 3178 4201 Hist.
3210 4162 3329 4219 Cap.
3353 4146 3445 4215 45,
3478 4165 3534 4218 p.

2136 4246 2475 4313 Quapropter
2515 4241 2834 4307 infaustum,
2887 4250 3021 4297 teste
3067 4241 3243 4297 adhuc
3280 4240 3570 4297 Ammiano
3603 4242 3751 4298 Mar-

2136 4340 2331 4397 cellino
2357 4382 2370 4403 ,
2426 4339 2915 4405 existimaverunt,
2965 4336 3108 4408 quod
3136 4337 3191 4392 in
3221 4336 3421 4393 Juliani
3461 4339 3744 4407 Apostats

2138 4436 2401 4492 sacriﬁcio
2441 4434 2684 4490 decimus
2734 4443 2951 4501 taurus,
2999 4433 3173 4504 ruptis
3214 4433 3442 4489 vinculis
3480 4433 3740 4506 elapsus,

2134 4546 2278 4602 ωερε
2326 4530 2581 4585 reductus
2625 4539 2729 4585 est.
2785 4529 3080 4601 (Ammian.
3150 4527 3369 4583 Marcet.
3440 4529 3532 4584 lib.
3584 4545 3740 4595 xxrv,

429 4608 668 4662 honores
698 4601 1065 4659 sustulissent.
1098 4603 1275 4669 Atque
1300 4598 1439 4654 hunc
1467 4615 1706 4655 errorem
1737 4611 1792 4655 ut
1821 4610 2030 4657 mature

2138 4598 2250 4696 ca'p.
2288 4626 2337 4690 6,
2370 4643 2492 4697 pag.
2522 4624 2677 4697 409.)
2711 4598 3003 4679 Funestam
3050 4622 3212 4678 etiam
3242 4622 3499 4693 Pompeio
3530 4631 3752 4693 porten-

427 4706 812 4771 procurarent,
867 4694 1097 4764 primum
1137 4691 1353 4762 quidem
1414 4692 1680 4759 eximios,
1726 4695 2030 4749 communi-

427 4795 634 4862 basque
686 4792 852 4846 lectos
909 4784 1199 4856 sutl'ragiis,
1240 4785 1614 4842 adoleSi-eutcs
1659 4787 1878 4843 cumino
1926 4788 2028 4843 du~

429 4898 616 4943 centes
634 4884 844 4954 publice
861 4880 1231 4935 immolarunt.
1252 4878 1455 4933 Deinde
1473 4896 1600 4933 vero
1624 4881 1712 4935 alii
1743 4892 2025 4951 praeterea,

432 4983 520 5052 qui
542 4979 751 5034 violata:
770 4975 1043 5045 religionis
1061 4974 1218 5043 vulgo
1238 4973 1474 5041 su5pecti
1502 4985 1713 5041 essent,
1747 4978 1885 5032 ultro
1907 4995 2028 5035 sese

427 5090 494 5132 ac
538 5082 730 5145 sponte
780 5069 1125 5130 obtulerunt,
1180 5068 1431 5122 trecentis
1483 5067 1620 5123 baud
1675 5073 1955 5140 pauciores
2004 5093 2023 5127 ι

427 5164 657 5241 (Euseb.
697 5163 785 5216 lib.
819 5178 869 5216 tv
920 5160 1159 5231 Prwpar.
1212 5157 1414 5230 Evang.
1458 5177 1575 5229 cap.
1610 5159 1696 5223 16,
1727 5180 1846 5233 pag.
1882 5163 2033 5237 161).

429 5258 559 5315 Haec
601 5263 777 5311 autem
809 5255 1090 5323 desumpta
1118 5262 1243 5308 sunt
1277 5268 1341 5306 ex
1385 5252 1641 5308 vicesimo
1687 5253 2033 5314 Bibliotheca:

430 5350 672 5421 ejusdem
706 5344 918 5399 Diodori
966 5346 1139 5412 libro,
1174 5345 1423 5417 illiusque
1447 5388 1461 5411 ,
1504 5358 1557 5401 et
1602 5347 1822 5403 Eusebii
1856 5366 2035 5421 grteca

427 5445 593 5502 verba
622 5442 761 5496 inter
788 5454 845 5493 se
876 5440 1123 5495 conlerre
1151 5442 1371 5507 poteris.
1404 5441 1525 5497 Alio
1554 5452 1730 5497 autem
1766 5445 2032 5501 Diodorus

428 5540 484 5595 in
535 5534 677 5592 libro
717 5532 784 5587 de
805 5530 1051 5587 Imilcare
1096 5533 1304 5590 dixerat
1341 5552 1359 5590 :
1402 5554 1421 5587 ι
1463 5536 1569 5590 Diis
1608 5538 2031 5607 supplicationes

425 5632 535 5689 1³1111
565 5626 751 5699 patria:
796 5623 1108 5691 instituens,
1149 5640 1215 5696 τῷ
1234 5637 1319 5695 μὲν
1356 5628 1521 5700 Κρόνῳ
1562 5633 1718 5684 παῖδα.
1743 5638 2030 5702 σφαγιάσας,

427 5739 494 5797 τῷ
536 5728 585 5779 δὶ
633 5723 883 5777 Ποσειδῶνι
932 5720 1108 5781 πλῆθος
1164 5729 1317 5792 ἱερέων
1380 5735 1765 5801 καταποντίσας,
1808 5741 2035 5796 puerum

426 5821 661 5879 Saturno
706 5820 938 5881 mactat,
989 5820 1043 5869 et
1080 5811 1329 5885 Neptuno
1358 5817 1568 5876 turbam
1598 5816 1947 5878 Sacerdotum
1978 5820 2032 5876 in

2132 4721 2261 4776 dere
2304 4719 2505 4789 aliquid
2533 4719 2645 4772 visa
2670 4725 2753 4773 est
2782 4735 2801 4768 ι
2838 4717 2921 4772 Ab
2950 4716 3101 4786 ipsis,
3129 4735 3149 4770 ι
3184 4716 3322 4771 sicut
3368 4718 3444 4771 ait
3496 4714 3749 4773 Valerius

2136 4814 2427 4874 Maximus,
2458 4831 2477 4865 ι
2518 4812 2776 4868 altaribus
2808 4812 3104 4866 hostiarum
3137 4810 3258 4882 fuga
3293 4828 3313 4863 ι
3347 4807 3556 4881 (Valer.
3596 4809 3742 4865 Har.

2133 4908 2222 4962 lib.
2277 4924 2314 4975 ι,
2371 4924 2489 4978 cap.
2535 4905 2587 4974 6,
2637 4906 2855 4977 §12);
2897 4905 2984 4961 vel
3041 4903 3498 4975 quemadmodum
3550 4903 3750 4960 cecinit

2134 5001 2381 5057 Lucanus
2411 5018 2426 5056 :

2260 5118 2497 5167 Admotus
2521 5117 2732 5174 superis,
2757 5116 2978 5165 discussa
2996 5114 3125 5177 fugit
3146 5114 3209 5164 ab
3227 5127 3309 5164 ara

2259 5182 2467 5239 Taurus,
2496 5188 2548 5230 et
2569 5179 2823 5230 Emathios
2847 5192 3069 5242 princeps
3091 5191 3148 5227 se
3155 5179 3283 5241 jecit
3307 5180 3355 5226 in
3381 5187 3546 5242 agros,

2260 5244 2503 5307 Nullaque
2526 5241 2739 5295 funestis
2762 5244 2970 5292 inventa
2994 5240 3073 5292 est
3097 5240 3297 5291 victima
3318 5240 3494 5290 sacris.

2921 5325 3146 5389 (Lucam,
3172 5325 3190 5375 l
3234 5341 3319 5388 vn,
3344 5337 3393 5375 υ.
3420 5324 3556 5388 156.)

2139 5438 2208 5491 At
2238 5450 2347 5491 non
2388 5434 2472 5492 bis
2514 5443 2719 5491 tantum
2750 5432 3010 5503 exemplis
3035 5430 3274 5489 Gentiles
3305 5427 3579 5487 homicidii
3608 5441 3735 5497 pa:-

2140 5529 2421 5600 ricidiique
2459 5528 2938 5595 convincebantur,
2970 5525 3067 5583 sed
3106 5524 3228 5581 aliis
3257 5523 3434 5582 adhuc
3465 5519 3740 5597 plurimis,

2140 5638 2260 5693 quae
2280 5638 2310 5678 a
2340 5622 2494 5681 nobis
2522 5620 2843 5679 excutienda
2870 5629 3014 5677 sunt.
