3972 6310
290 268 402 328 495

883 391 1171 436 ABTICUIJJS
1208 393 1284 433 ιιι.

294 544 413 610 Quo
444 542 612 597 adhuc
653 540 803 594 modo
835 538 1089 593 Minucius
1116 535 1350 593 ostendat
1377 550 1408 589 a
1430 533 1615 589 Tauris
1647 530 1899 597 Ponticis,

364 645 413 689 et
442 632 679 688 Busiride
693 631 946 703 lEgyptio
963 630 1279 699 sacriﬁculos
1303 629 1547 700 hospites,
1571 644 1600 679 a
1624 624 1789 679 Gallis
1811 626 1904 688 Ito-

364 732 527 785 mines
562 728 820 784 Mercurio
858 744 871 782 .‘
904 746 935 782 α
965 727 1219 785 Romanis
1265 721 1500 781 Grecam
1546 732 1593 779 et
1630 721 1860 777 Graecam
1886 763 1900 788 ,

370 823 582 881 Gallum
604 832 650 879 et
676 822 901 889 Gallam,
935 822 1165 893 aliosque
1192 817 1317 874 Jovi
1345 816 1558 873 Latiali.

365 985 827 1058 Quemadmodum
858 982 1175 1056 quibusdam
1208 981 1401 1037 Africae
1429 979 1641 1051 populis
1669 978 1901 1033 infantes

287 1081 527 1138 Saturno
591 1080 875 1135 immolare
937 1076 1418 1133 inhumanissimus
1473 1088 1588 1127 mos
1638 1072 1775 1138 fuit,
1829 1072 1901 1126 ita

292 1196 313 1229 ι
347 1178 541 1233 Tauris
570 1175 862 1239 Ponticis,r
895 1174 968 1228 ait
1005 1172 1301 1239 Minucius,
1331 1190 1349 1222 ‹
1374 1179 1429 1225 et
1457 1168 1712 1240 A‘Igyptio
1744 1167 1898 1221 Busi—

285 1269 436 1337 ridi,
489 1284 614 1323 suos
674 1268 777 1322 diis
822 1265 1019 1320 lictitiis
1072 1262 1378 1319 sacriﬁcare
1434 1260 1691 1329 ltOSptleS.
1746 1278 1765 1311 ι
1824 1258 1901 1313 De

286 1363 486 1419 Tauris
533 1372 710 1416 autem
766 1361 880 1415 lucc
939 1360 1194 1414 Clemens
1242 1354 1635 1411 Alexandrinus
1698 1352 1892 1423 grmcis

283 1456 485 1513 litteris
512 1455 790 1510 mandavit
815 1472 827 1507 :
849 1459 1035 1524 Τονῢρει
1059 1461 1113 1505 τὸ
1139 1455 1261 1513 ἔθνος
1282 1489 1297 1516 ,
1325 1457 1371 1504 οἱ
1395 1454 1504 1520 περὶ
1539 1457 1629 1503 rint
1654 1452 1901 1515 Ταυρικήν

282 1557 586 1624 Χερῥόνησου
645 1555 1005 1609 κατωκοῢντςς,
1059 1550 1134 1608 οὓς
1164 1547 1220 1597 ἂν
1266 1561 1354 1599 τῶν
1397 1549 1533 1608 ξένων
1581 1538 1696 1610 παρ’
1739 1542 1899 1601 etin-oi;

280 1650 449 1707 ἕλωσι,
476 1652 649 1702 τεὺτων
698 1647 756 1704 δὴ
784 1659 872 1699 τῶν
910 1646 1036 1697 κατὰ.
1078 1642 1321 1695 θάλασσαν
1366 1639 1675 1701 ἐπτιικὸτων,
1724 1637 1900 1689 asinina:

278 1741 425 1810 μάλα
446 1744 506 1811 τῇ
540 1745 759 1811 Ταυρικῄ
784 1741 1102 1792 καταθὺθυσιν
1142 1723 1393 1807 Ᾰρτᾶμιόι.
1435 1750 1453 1782 (
1487 1729 1647 1785 Tauri
1680 1726 1857 1798 populi
1881 1767 1895 1793 ,

288 1833 386 1906 qui
436 1833 675 1888 habitant
733 1831 875 1886 circa
918 1829 1201 1884 Tauricam
1243 1826 1679 1889 Chersonesum,
1735 1836 1897 1892 quos—

281 1942 522 1997 cumque
574 1925 810 1996 hospites
864 1922 1003 1992 apud
1043 1938 1103 1977 se
1156 1920 1434 1991 ceperint,
1481 1919 1647 1973 exiis
1690 1916 1781 1986 qui
1841 1918 1895 1970 in

286 2022 430 2076 mari
462 2020 812 2085 aberrarunt,
848 2018 1027 2072 Biante
1047 2016 1288 2072 Taurica:
1314 2015 1493 2070 statim
1521 2016 1651 2067 sacr}
1665 2013 1825 2067 ticam
1873 2028 1892 2061 1

279 2116 301 2190 (
329 2115 490 2172 Clem.
535 2114 683 2169 Alex.
720 2114 982 2169 Adnwnit.
1018 2112 1085 2165 ad
1130 2109 1279 2165 Gent.
1314 2126 1435 2181 pag.
1460 2106 1581 2178 27).
1620 2107 1689 2160 Ea
1716 2116 1897 2159 autem

281 2208 584 2267 Clementis
631 2206 984 2264 Alexandrini
1038 2204 1199 2265 verba
1245 2203 1313 2256 ab
1354 2199 1587 2256 Eusebio
1630 2199 1897 2268 descripta

288 2304 561 2358 invenies.
592 2301 963 2370 Athenagoras
985 2314 1110 2355 vero
1140 2296 1375 2360 brevius,
1405 2294 1654 2365 Origines
1676 2290 1896 2359 clarius,

282 2406 345 2452 et
373 2406 601 2466 utroque
630 2396 850 2449 uberius
878 2391 1205 2447 Athanasius
1228 2432 1241 2454 ,
1284 2390 1473 2444 eadem
1502 2390 1660 2460 plane
1688 2400 1899 2441 memo-

278 2500 409 2549 rant
464 2488 484 2563 (
513 2489 695 2544 Euseb.
721 2488 809 2544 lib.
840 2505 893 2543 1v
923 2486 1160 2559 Prwpar.
1186 2484 1387 2556 Evaug.
1421 2500 1537 2554 cap.
1570 2484 1653 2548 16,
1683 2499 1735 2554 p.
1775 2481 1899 2547 157;

279 2588 601 2657 Atltcnagor.
646 2585 804 2655 legat.
844 2598 937 2655 pro
966 2581 1155 2637 Christ.
1187 2596 1306 2652 pag.
1352 2577 1458 2644 29;
1495 2576 1710 2650 Origeu.
1743 2576 1834 2630 lib.
1868 2589 1902 2629 ν

277 2695 452 2737 contr.
478 2680 609 2736 Cels.
634 2696 757 2753 pag.
775 2679 904 2739 249;
928 2678 1177 2731 Athenas.
1207 2675 1355 2729 Orat.
1379 2682 1544 2728 contr.
1567 2672 1735 2726 Graec.
1762 2669 1900 2745 §25,

281 2775 472 2849 ναμε
532 2773 577 2847 ).
612 2774 769 2829 Prius
794 2781 973 2827 autem
1020 2771 1103 2825 his
1131 2768 1384 2825 omnibus
1432 2767 1573 2822 Naso
1622 2764 1903 2821 immanis-

282 2870 485 2924 simam
533 2867 680 2922 illam
710 2866 878 2938 magis
903 2865 1134 2921 terarum
1158 2905 1172 2932 ,
1201 2877 1362 2934 quam
1387 2860 1685 2929 hominum,
1711 2856 1904 2915 crude-

280 2961 498 3019 Iitatem
532 2961 610 3015 sic
640 2957 836 3015 cecinit
864 2976 878 3012 :

450 3094 550 3155 Illi,
564 3107 691 3157 quos
713 3092 852 3157 audis
875 3092 1127 3157 hominum
1146 3090 1380 3157 gaudere
1393 3103 1592 3153 cruore,

506 3154 647 3207 Penc
667 3158 758 3206 sub
783 3154 1009 3218 ejusdem
1036 3157 1229 3217 trigoris
1253 3155 1551 3218 uxejaceut.

446 3220 553 3272 Nec
576 3219 742 3282 procul
762 3232 790 3268 a
812 3215 955 3268 ubbis
972 3215 1220 3277 locusest,
1243 3218 1329 3266 ubi
1352 3215 1559 3282 Taurica
1578 3215 1684 3265 dira

510 3280 655 3337 (bide
683 3283 980 3346 pharetratae
1002 3283 1251 3344 Spargitur
1275 3293 1355 3335 ara
1382 3280 1525 3330 Deae.

544 3368 730 3433 (Ovid.,
752 3367 792 3419 1.
814 3382 861 3419 ιγ
892 3363 1065 3429 Trisl.,
1096 3364 1230 3433 Eleg.
1250 3380 1316 3426 1v,
1344 3378 1387 3414 υ.
1412 3365 1525 3428 523,
1550 3367 1595 3415 et
1616 3365 1774 3430 seqq.)

364 3499 562 3559 Ovidio
592 3497 829 3555 concinit
856 3496 942 3552 his
968 3494 1222 3552 versibus
1249 3491 1528 3549 Juvenalis
1558 3510 1572 3546 :

503 3636 625 3697 Tale
647 3635 763 3697 quid
787 3641 988 3687 excusat
1002 3633 1233 3697 Maeotide
1254 3633 1428 3697 Stejior
1444 3646 1525 3695 ara

469 3743 475 3747 .
497 3693 759 3764 Egypt’us;
782 3702 964 3764 quippe
981 3695 1062 3764 illa
1087 3696 1279 3764 nefandi
1302 3693 1506 3745 Taurica
1518 3694 1656 3764 sacri

486 3757 759 3821 Invéutrix,
787 3757 1012 3810 ﬂamines
1036 3760 1225 3822 (utjam
1248 3772 1360 3822 quae
1378 3760 1592 3809 carmina
1616 3757 1813 3810 tradunt

482 3825 756 3891 Dignalide
783 3824 980 3886 credas)
1002 3832 1168 3873 tamen
1198 3822 1436 3873 immolat.
1480 3860 1491 3871 .
1532 3858 1544 3870 .
1586 3857 1598 3870 .
1640 3858 1650 3869 .

824 3910 1030 3975 (Juven.
1051 3910 1243 3974 Satyr.,
1270 3923 1353 3970 xv,
1371 3920 1418 3957 v.
1439 3908 1529 3957 115
1552 3913 1597 3957 et
1620 3906 1779 3972 seqq.)

367 4044 693 4104 Prudentius
721 4050 898 4099 autem
925 4041 1139 4112 utrique
1162 4037 1415 4110 scriptori
1440 4037 1603 4094 etiam
1642 4036 1744 4092 hoc
1788 4049 1902 4092 ser-

292 4157 460 4202 mone
490 4138 813 4211 subscripsit
844 4155 857 4193 :

423 4258 672 4308 Incassum
692 4265 911 4319 arguere
931 4253 1029 4319 iam
1049 4250 1263 4319 Taurica
1282 4260 1419 4299 sacra
1443 4245 1692 4319 solemus;

426 4319 669 4371 Funditur
686 4310 932 4367 humanus
954 4314 1129 4365 Latiali
1154 4315 1205 4365 in
1228 4325 1439 4363 munere
1458 4310 1677 4371 sanguis.

294 4405 494 4469 (Aurel.
519 4404 783 4465 Prudent.,
803 4401 839 4451 1.
864 4415 902 4463 1,
921 4404 1077 4451 contr.
1100 4394 1384 4464 Symmach.
1409 4392 1461 4446 in
1482 4390 1788 4460 spectaculis,
1813 4396 1906 4443 etc.

371 4534 619 4589 Lucanus
643 4546 855 4602 quoque
882 4539 939 4585 et
967 4527 1060 4582 alii
1092 4542 1217 4582 mox
1246 4524 1444 4582 citandi
1466 4568 1480 4591 ,
1526 4523 1612 4576 his
1638 4537 1743 4576 non
1767 4518 1910 4575 absi-

297 4626 451 4685 milia
484 4634 725 4681 narrant.
760 4628 827 4678 At
877 4622 1142 4678 Diodorus
1190 4619 1402 4675 Siculus
1446 4617 1605 4688 hujus
1648 4615 1907 4671 dirissimi
1934 4611 1984 4673 D

297 4720 471 4777 moris
502 4719 738 4775 rationes
787 4715 1028 4787 profert,
1058 4729 1192 4785 quas
1227 4711 1366 4783 apud
1392 4727 1514 4766 eum
1538 4752 1552 4777 ,
1605 4709 1649 4763 si
1695 4708 1907 4763 animus

302 4815 400 4870 tibi
428 4822 549 4880 est,
584 4812 766 4887 legere
794 4812 997 4881 poteris
1018 4853 1032 4877 ,
1066 4824 1128 4863 ac
1162 4817 1420 4880 praeterea
1451 4807 1708 4861 Senecam
1735 4804 1904 4870 adire,

298 4916 358 4963 et
400 4906 721 4978 Gregorium
759 4904 1161 4960 'Nazianzettum
1218 4900 1478 4973 (Diodor.
1517 4898 1685 4954 Sicul.
1733 4897 1820 4951 lib.
1858 4912 1911 4950 1v

301 5001 551 5057 Biblioth.
607 5018 728 5073 pag.
786 5000 927 5064 175;
983 4997 1165 5052 Senec.
1221 4996 1273 5049 in
1312 4996 1405 5065 ﬁn.
1459 4990 1910 5063 0ctav.;Gregor.

305 5094 565 5150 Nazianz.
600 5092 749 5147 Orat.
775 5092 863 5158 59,
894 5093 944 5144 in
974 5089 1095 5146 Sac.
1128 5089 1335 5158 lttntin.,
1363 5105 1481 5158 pag.
1511 5085 1660 5159 89.9).

378 5187 488 5244 Sed
518 5195 776 5258 quantum
811 5184 879 5239 ibi
909 5182 1140 5238 Minucio
1187 5181 1327 5237 lavet
1357 5180 1652 5243 Diodorus,
1707 5186 1911 5232 tantum

302 5282 374 5340 ab
415 5296 482 5336 eo
525 5278 788 5334 dissidere
836 5275 1051 5332 videtur
1094 5276 1162 5331 de
1216 5273 1480 5330 Busiride.
1540 5272 1737 5328 Merum
1768 5270 1914 5325 eiiim

306 5382 651 5442 contestatur
708 5387 828 5427 esse
890 5370 1160 5433 fabulam,
1216 5369 1451 5423 advenas
1500 5366 1760 5421 Busiridis
1808 5380 1913 5420 sa:-

306 5471 441 5527 vitia
471 5468 639 5524 fuisse
690 5475 969 5521 mactatos.
1029 5465 1205 5529 Audi,
1260 5480 1476 5535 qureso,
1536 5461 1654 5534 ejus
1705 5460 1911 5515 verba:

305 5573 415 5619 Τῶν
435 5570 687 5634 ἀνθρώπων
714 5566 761 5615 δὲ
780 5569 884 5621 τοὺς
905 5565 1277 5630 ὁμοχρωμάτους
1295 5570 1360 5629 τῷ
1375 5565 1585 5627 Τυφῶνι,
1602 5566 1660 5611 τὸ
1689 5558 1915 5621 eiulatu,

312 5666 404 5714 ὑπὸ
426 5677 519 5715 τῶν
547 5662 789 5731 βασιλέων
816 5660 928 5729 φασὶ
956 5658 1148 5710 θύεσθαι
1178 5667 1292 5727 πρὸς
1328 5668 1393 5725 τῷ
1427 5661 1560 5725 γάρῳ
1588 5664 1654 5723 τῷ
1683 5646 1919 5724 ὸσὶριόης⁹

1690 255 2160 317 DlSSERTATlO.

2453 360 2470 379 4

1926 378 1977 439 Α
2007 385 2106 439 νίας
2140 379 2273 448 παρὰ
2309 378 2407 439 τοῖς
2432 378 2644 438 Eii-qaut
2664 383 2906 446 ἑνωχύσαι
2934 382 3018 435 τόν
3040 384 3208 448 μῦθον,
3243 386 3297 436 οὖ
3347 391 3430 439 τοῦ
3458 395 3615 455 βασι·-

3506 266 3617 330 494

2008 477 2117 532 Hoc;
2162 476 2507 539 ὀνομαζομένη
2561 476 2853 541 ﬂow-istaec,
2896 478 3022 529 ἀλλὰ.
3067 485 3152 530 τοῦ
3198 466 3416 547 Oct/p150;
3462 485 3616 549 τάφου

2004 570 2184 626 rubr-av
2223 574 2407 633 εχιντος
2446 576 2531 621 τ’ὶην
2561 577 2912 639 προσηγορίαν,
2944 576 3072 625 καιτά
3114 583 3199 631 τὴν
3247 583 3336 627 τῶν
3382 579 3616 644 ἐγχωρίων

2007 660 2268 714 διάλεκτον.
2308 677 2326 708 r
2367 658 2626 717 Homines
2669 661 2820 715 aiunt
2849 661 3125 731 ejusdem,
3173 680 3330 734 quem
3383 666 3616 737 Typhon

2007 749 2219 816 habuit,
2271 752 2745 824 coluris(scilicet
2789 752 2930 826 ruli)
2978 757 3272 827 antiquitus
3298 758 3365 813 ad
3386 759 3615 815 Osiridis

2008 855 2414 901 monumentum
2443 861 2472 899 a
2504 847 2718 915 regibus
2740 859 3005 905 mactatos
3030 865 3171 906 esse.
3201 851 3268 911 Et
3304 856 3452 922 pauci
3482 868 3618 908 sane

2006 936 2384 1009 Egyptiorutn
2406 941 2503 995 ruti
2520 939 2885 1007 inveniuntur,
2910 942 3005 999 sed
3026 946 3435 1014 peregrinorum
3459 962 3613 1001 cum-

2006 1030 2445 1100 plures.Proinde
2458 1030 2633 1086 fabula
2647 1033 2712 1088 de
2727 1032 3013 1102 Busiridis,
3032 1036 3095 1090 ad
3106 1051 3267 1092 venas
3286 1037 3619 1093 obtruncan-

2007 1125 2095 1190 tis,
2123 1126 2327 1180 smvitia
2346 1127 2486 1196 apud
2505 1125 2724 1183 Grrccos
2744 1128 2987 1196 invaluit,
3017 1146 3121 1185 non
3142 1133 3279 1199 quod
3304 1148 3396 1186 rex
3419 1133 3614 1203 aliquis

2005 1219 2210 1277 Busiris
2233 1230 2452 1277 vocatus
2473 1220 2580 1285 sit;
2611 1222 2704 1276 sed
2729 1222 2963 1277 tumulus
2977 1222 3202 1283 Osiridis
3221 1224 3401 1295 lingua
3426 1241 3614 1281 verna-

2003 1314 2123 1369 cula
2144 1313 2197 1369 id
2226 1314 2457 1369 nominis
2486 1314 2670 1369 habuit
2696 1314 2977 1387 1(Diodor.
3002 1314 3117 1372 Lib.
3142 1334 3179 1383 1,
3198 1337 3249 1387 ρ.
3276 1318 3345 1372 55
3361 1329 3409 1375 et
3430 1316 3616 1397 δίψῃ).

2007 1410 2076 1463 At
2106 1408 2208 1463 hoc
2241 1418 2418 1465 tamen
2455 1409 2508 1464 iu
2551 1410 2686 1464 libro
2710 1426 2817 1465 non
2846 1426 3064 1479 prorsus
3087 1411 3373 1479 inliciatur,
3403 1413 3615 1482 aliquos

2004 1501 2171 1563 fuisse
2199 1501 2485 1574 Egyptios
2531 1518 2726 1574 reges,
2782 1503 3041 1558 Busiridis
3095 1505 3311 1559 nomine
3372 1504 3616 1574 appella-

2005 1608 2109 1655 tos.
2142 1598 2385 1654 Duorum
2439 1598 2638 1654 etenim
2672 1597 2748 1652 sic
2801 1598 3306 1667 cegnominatorum
3370 1596 3621 1656 meminit

2005 1693 2207 1766 (Idem,
2238 1694 2328 1749 lib.
2360 1711 2400 1761 1,
2446 1692 2714 1765 pag.29).
2747 1692 2980 1749 Tantum
3026 1692 3205 1763 itaque
3245 1708 3495 1748 asserere
3541 1692 3622 1747 vi-

1929 1793 1976 1854 B
2003 1787 2160 1844 detur
2200 1805 2306 1844 non
2343 1790 2615 1857 homines,
2651 1786 2745 1841 sed
2777 1787 2943 1842 boves
2964 1786 3029 1841 ad
3060 1786 3289 1842 Osiridis
3319 1786 3614 1856 tumulum,

2004 1896 2111 1936 non
2159 1890 2335 1935 tamen
2367 1895 2397 1934 a
2454 1878 2726 1941 Busiride.
2763 1880 3116 1935 sacriﬁcales.
3177 1878 3411 1933 Diodoro
3437 1892 3620 1934 autem

2004 1973 2285 2044 suilragari
2360 1971 2556 2028 Strabo
2609 1971 2825 2027 videtur
2873 1971 2960 2027 his
3011 1972 3343 2041 totidemque
3388 1972 3571 2027 verbis
3603 1989 3623 2026 :

2006 2057 2039 2117 li
2075 2074 2315 2138 Βουσειρις
2349 2069 2483 2129 πόλις
2522 2072 2567 2120 ἐν
2606 2081 2663 2141 τῇ
2694 2074 2974 2138 Βουσειρίτῃ
3007 2070 3150 2137 νόμῳ,
3181 2070 3264 2122 καὶ
3290 2078 3423 2129 κυνὸς
3451 2068 3585 2130 πόλις
3607 2082 3624 2095 ’

2003 2162 2119 2229 pisci
2163 2160 2203 2212 δ’
2254 2166 2587 2230 Ερατθσθένης
2632 2168 2784 2214 καινὸν
2811 2169 2897 2228 μὲν
2922 2159 3046 2214 εἶναι
3074 2167 3198 2214 πᾶσι
3228 2165 3326 2222 τοῖς
3365 2166 3632 2231 βαρϐάροις

2004 2259 2105 2317 ἔθεε
2133 2265 2223 2310 vri-1
2244 2263 2525 2320 ξενηλασίαν
2543 2270 2555 2283 ⁸
2578 2263 2685 2317 τοὺς
2716 2255 2758 2307 δ’
2782 2261 3066 2324 Αἰγυπτιους
3102 2257 3375 2323 ἰλὲγχισθαι
3416 2260 3499 2308 διὰ
3536 2264 3631 2311 τῶν

2008 2352 2116 2418 περὶ
2171 2357 2250 2404 τὸν
2288 2353 2530 2418 Βούσειριν
2573 2354 2931 2415 μεμυθευμένων
2974 2354 3019 2401 ἐν
3056 2360 3121 2416 τῇ
3149 2355 3430 2420 Βουσειρίετῃ
3460 2350 3585 2418 νὸμῳ
3610 2388 3629 2414 ,

2009 2441 2287 2494 διαβάλλειν
2324 2451 2410 2497 tim
2446 2445 2636 2505 ἀξενίαν
2674 2448 2975 2511 βουλομένων
3014 2452 3101 2494 τοῦ
3142 2444 3288 2496 τόπου
3317 2446 3484 2497 τούτου
3535 2452 3627 2496 τῶν

2009 2538 2198 2604 ὕστερον
2218 2552 2231 2565 ⁸
2260 2537 2362 2588 οὐδὲ
2386 2542 2619 2605 βασιλέως
2646 2542 2718 2602 μὰ
2740 2545 2851 2600 Δία,
2875 2538 2977 2590 οὖὸὲ
3009 2542 3236 2607 τυράννου
3265 2545 3509 2607 γενομένθυ
3552 2560 3630 2593 τι·

2006 2636 2083 2689 νὸς
2114 2633 2196 2682 τοῦ
2221 2631 2537 2698 Βουσείριδος.
2576 2645 2593 2678 ‹
2624 2626 2682 2685 lu
2724 2626 3007 2689 Busiritica
3054 2627 3371 2697 pra-lectura
3398 2638 3480 2682 est
3508 2628 3619 2682 Bu-

2009 2720 2133 2775 siris
2164 2720 2374 2783 civitas.
2406 2730 2460 2775 et
2492 2720 2831 2792 Cynospohs.
2862 2719 3066 2776 Auctor
3104 2729 3187 2775 est
3230 2719 3628 2777 Eratosthenes

2010 2828 2353 2869 communem
2388 2815 2633 2870 barbaris
2663 2814 2915 2869 erunibus
2964 2812 3410 2869 consuetudinem
3461 2829 3622 2883 esse,

2013 2918 2071 2964 ut
2116 2909 2361 2978 hospites
2393 2908 2615 2978 pellant.
2654 2907 2939 2979 IEgyptios
2968 2922 3097 2963 vero
3132 2909 3373 2962 accusari
3408 2916 3628 2977 propter

2011 3017 2074 3061 ea
2102 3044 2117 3069 ,
2148 3018 2267 3072 quae
2298 3003 2350 3057 in
2372 3000 2571 3057 fabulis
2600 3000 2667 3057 de
2689 3000 2932 3059 Busiride
2983 3008 3037 3056 et
3078 3000 3360 3056 aniritica
3390 3000 3623 3071 prartcc-

2012 3107 2133 3154 tura
2198 3096 2341 3151 dicta
2409 3104 2565 3161 sunt,
2635 3093 2942 3149 volentibus
3012 3095 3243 3163 posteris
3311 3093 3416 3148 loci
3466 3091 3626 3160 hujus

1929 3202 1975 3264 ρ
2010 3188 2497 3260 inhoSpitalitatem
2576 3186 2927 3250 calumniari;
2991 3201 3113 3243 cum
3168 3187 3375 3243 medius
3430 3186 3624 3254 ﬁdius,

2004 3286 2188 3343 nullus
2263 3302 2360 3341 rex
2410 3300 2585 3355 neque
2639 3283 2798 3339 luerit
2848 3282 3092 3348 Busiris,
3151 3298 3249 3339 nec
3298 3291 3559 3355 tyrannus
3597 3300 3618 3333 ι

2006 3382 2025 3452 (
2054 3379 2229 3438 Strab.
2264 3379 2351 3435 lib.
2383 3395 2491 3436 xvu
2524 3376 2817 3451 Geograph.
2850 3395 2969 3449 pag.
3002 3376 3110 3431 802
3131 3373 3177 3449 ).

2080 3477 2150 3529 At
2203 3473 2446 3544 quamvis
2497 3473 2615 3528 lucc
2666 3471 2742 3526 illi
2784 3473 3133 3541 negaverint;
3192 3467 3374 3540 plures
3430 3478 3616 3526 tamen

2006 3564 2268 3621 Minucius
2320 3565 2480 3621 habet
2500 3564 2919 3634 adstipulatores
2942 3602 2957 3628 ,
2990 3570 3151 3633 atque
3183 3561 3447 3634 imprimis
3477 3562 3610 3619 Ovi-

2008 3660 2155 3716 dium
2178 3703 2193 3729 ,
2226 3659 2375 3717 hisce
2400 3660 2645 3715 versibus
2670 3666 2954 3714 canentem
2983 3676 2995 3709 :

2164 3796 2358 3847 Dicitur
2384 3793 2622 3858 Egyptus
2643 3795 2859 3844 caruisse
2880 3794 3166 3858 iuvantibus
3188 3807 3303 3845 arva

2231 3855 2684 3919 Iniliribus';'atquc
2715 3859 2856 3906 annis
2879 3858 3005 3905 sicca
3029 3855 3182 3906 fuisse
3208 3870 3400 3909 novem.

2165 3921 2283 3984 Cum
2310 3920 2543 3984 Thrasius
2565 3919 2762 3970 Busirin
2789 3921 2905 3981 adit,
2931 3928 3268 3984 monstratque
3302 3922 3445 3984 piari,

2230 3982 2449 4045 HUSpitis
2471 3981 2627 4033 eﬂuso
2650 3979 2913 4045 sanguine,
2937 3995 3081 4047 posse
3107 3979 3300 4033 Jovem.

2082 4090 2218 4147 Alibi
2247 4106 2375 4147 vero
2407 4108 2419 4144 :

2164 4208 2298 4269 Ergo
2324 4220 2421 4270 ego
2452 4206 2719 4258 undantem
2744 4208 3014 4271 peregrino
3038 4208 3218 4271 templa
3244 4222 3422 4260 cruore

2195 4272 2408 4322 Busirim
2424 4271 2606 4321 domui.

2015 4356 2199 4423 (Ovid.,
2221 4358 2253 4409 l.
2277 4373 2314 4419 1,
2340 4358 2402 4408 de
2420 4360 2529 4408 Art.
2560 4369 2722 4407 (tutan.
2747 4368 2791 4405 v.
2817 4356 2910 4406 650
2930 4362 2981 4405 et
3006 4356 3040 4405 l.
3067 4371 3137 4419 ιχ,
3166 4360 3388 4421 Metam,
3410 4371 3451 4409 υ.
3479 4358 3613 4425 293.)

2087 4485 2195 4543 Nec
2222 4484 2399 4541 minus
2425 4483 2709 4556 perspicue
2738 4481 2995 4554 Virgilius
3024 4482 3160 4538 dixit
3186 4501 3199 4537 :

2509 4599 2630 4658 Quis
2653 4605 2737 4646 aut
2756 4597 2993 4661 Eurystea
3012 4610 3205 4660 purum,

2241 4667 2343 4716 Aut
2372 4662 2586 4714 illaudati
2610 4664 2767 4711 nescit
2791 4660 3029 4710 Busiridis
3051 4674 3177 4710 aras.

2521 4746 2740 4811 (Virgil.,
2764 4744 2796 4795 Ι.
2833 4761 2884 4795 ιιι
2907 4744 3147 4808 Georgia,
3176 4758 3221 4794 υ.
3242 4745 3273 4795 4
3287 4751 3337 4795 et
3353 4745 3422 4809 ὃ.)

2083 4854 2253 4924 Quem
2301 4852 2354 4909 in
2384 4854 2564 4908 locum
2607 4851 2827 4907 Servius
2875 4849 2990 4904 ll'JEC
3018 4849 3266 4904 observat
3301 4867 3315 4901 :
3356 4868 3374 4900 ι
3412 4848 3617 4906 Busiris

2015 4964 2107 5004 rex
2144 4947 2241 5003 fuit
2283 4946 2501 5018 rEgypti
2524 4987 2537 5010 ,
2565 4944 2655 5015 qui
2684 4959 2805 4999 cum
2840 4952 3120 5011 susceptos
3148 4941 3386 5012 hospites
3418 4943 3615 4999 inuno-

2014 5043 2153 5097 laret
2175 5083 2189 5109 ,
2236 5042 2304 5096 ab
2350 5039 2578 5095 Hercule
2609 5043 2968 5105 interemptus
2999 5045 3119 5102 est,
3147 5052 3268 5090 cum
3298 5036 3461 5092 etiam
3490 5052 3616 5092 eum

2014 5139 2274 5195 voluisset
2303 5135 2570 5191 occidere.
2606 5133 2774 5203 llujus
2810 5132 2997 5188 laudes
3029 5132 3244 5202 scripsit
3268 5130 3558 5189 Isocrates.
3590 5151 3611 5185 1

2016 5232 2376 5301 Quamobrem
2404 5228 2607 5284 Statius
2637 5226 2830 5281 alicubi
2861 5222 3184 5294 appellavit:

2204 5345 2425 5395 Immites
2540 5341 2781 5392 Busiridis
2803 5348 2929 5388 aras.

2091 5454 2355 5512 Eusebius
2379 5468 2506 5509 vero
2547 5450 2663 5506 lure
2705 5449 2774 5504 de
2800 5447 3045 5504 Busiride
3074 5447 3289 5504 tradidit
3320 5466 3332 5502 :
3369 5466 3386 5500 ι
3420 5447 3630 5505 Busiris

2021 5552 2249 5623 Neptuni
2273 5559 2328 5606 et
2356 5548 2573 5621 Libym,
2607 5544 2811 5614 Epaphi
2854 5542 2997 5611 ﬁlim,
3048 5543 3219 5611 nlius,
3270 5544 3408 5614 apud
3458 5544 3634 5599 vicina

2027 5647 2129 5703 Nili
2177 5647 2293 5701 loca
2344 5640 2681 5715 tyrannidem
2712 5646 2959 5703 exercet,
3013 5647 3357 5691 transeuntes
3392 5636 3635 5706 hospites

311 5771 405 5810 τῶν
423 5763 532 5819 piso
552 5750 603 5805 ὗν
620 5755 890 5818 Αἰγυπτίων
910 5754 1091 5820 ὀλίγως
1113 5756 1242 5809 τινὰς
1276 5754 1569 5822 εὖρίσκεσοαι
1594 5753 1811 5818 πυρῥοῦς,
1840 5756 1903 5803 τῶ

2027 5740 2231 5798 crudeli
2286 5737 2492 5792 scelere
2550 5732 2887 5789 interficiens
2942 5754 2958 5781 ι
3021 5727 3258 5802 (Euseb.
3312 5728 3504 5781 Chron.
3568 5727 3639 5780 ad

320 5853 367 5903 δὲ
403 5853 539 5912 ξένων
569 5853 679 5902 reb.-
708 5850 915 5907 πλείους.
949 5846 1023 5897 διὸ
1060 5846 1139 5898 καὶ
1180 5854 1287 5913 περὶ
1316 5859 1400 5907 τῆς
1430 5846 1696 5915 Βουσίριδος
1719 5851 1935 5908 ξενοκτο-

2036 5854 2123 5892 an.
2154 5832 2260 5892 546
2288 5831 2329 5903 ).
2366 5830 2459 5888 Cui
2506 5838 2700 5901 praeter
2744 5826 2879 5882 alios
2922 5821 3241 5893 suﬂ'ragatus
3268 5821 3596 5891 Augustinus
3620 5861 3637 5888 ,
