4034 6320
462 237 570 298 493

1758 239 1846 295 DE
1886 234 1997 294 ΜΙΝ
2010 240 2141 295 CCII
2180 238 2480 298 OCTAVIO

3661 245 3759 301 696

469 376 488 408 ι
524 356 644 423 Illo,
676 355 867 426 inquit,
921 361 1191 425 tempore,
1220 351 1429 408 scilicet
1476 351 1722 408 Herculis
1743 395 1756 420 ,
1808 355 1892 407 vel
1924 370 2014 409 rex
2039 396 2054 418 ,
2085 355 2137 415 Α
2163 369 2313 408 suam
2344 370 2405 409 us
2428 371 2511 421 ine
2551 363 2763 410 :ctatcm
2789 369 3166 425 perseverasse
3198 353 3524 427 (Plutarch.,
3560 364 3689 411 tom.
3721 371 3757 422 ι,

464 452 547 507 vel
574 462 832 523 tyrannus
858 449 1095 517 Busiris,
1143 449 1253 503 suis
1295 447 1398 502 diis
1438 462 1565 501 suos
1596 447 1837 519 hospites
1866 448 2045 503 immo.

2167 447 2219 502 in
2258 447 2373 502 Vita
2410 448 2689 514 Murcelli.,
2721 465 2839 521 pag.
2879 450 3006 513 299,
3033 460 3088 505 et
3116 460 3249 507 tom.
3279 467 3337 513 ιι,
3361 450 3556 518 Quiut.
3587 450 3755 517 Rom.,

460 541 638 608 labat,
669 557 829 613 quem
862 542 1025 595 ﬁlium
1060 540 1339 611 perhibent
1366 540 1528 595 fuisse
1552 540 1783 610 Neptuni
1806 558 1869 597 cx
1892 552 2061 598 matre
2164 555 2283 612 p-Ig.
2310 541 2439 611 285;
2468 543 2631 611 Plin.,
2662 543 2756 600 lib.
2798 560 2961 600 xsvnt
3004 542 3203 600 Ilistor.
3228 543 3384 612 Νίκη
3409 559 3529 615 cap.
3561 545 3613 611 1,
3641 560 3756 616 pag.

460 638 626 710 Lybia
650 679 664 704 ,
721 639 827 693 ﬁlia
873 636 1083 708 Epaphi
1120 656 1139 689 ι
1174 641 1191 701 (
1222 638 1439 711 August.
1496 634 1588 695 lib.
1620 652 1745 691 xvnt
1799 639 1862 691 de
1906 637 2056 691 Civil.

457 749 577 801 cap.
612 731 679 786 l2
700 730 741 802 ).
799 730 963 787 Vides
1002 745 1133 786 sane
1154 730 1336 798 plures
1362 729 1592 785 Minucio
1620 729 1687 785 de
1715 729 1803 784 illa
1836 730 2055 785 immani

456 824 719 880 Busiridis
748 824 958 881 feritate
989 824 1176 879 tulisse
1203 822 1538 895 suffragium.

529 919 751 975 Plurimi
772 935 984 991 quoque
1011 918 1166 974 nobis
1187 926 1478 989 suppetunt
1495 917 1634 971 haud
1653 916 1843 973 incerti
1865 926 2047 985 testes,

453 1014 649 1084 quibus
696 1012 825 1067 illud
874 1013 1035 1067 etiam
1079 1010 1452 1075 conﬁrmetur,
1499 1011 1641 1081 quod
1692 1011 1806 1080 ipse
1864 1021 2051 1081 postea

449 1107 643 1176 adjecit
675 1124 687 1160 :
722 1125 741 1158 ι
789 1105 1057 1162 Mercurio
1085 1103 1268 1161 Gallus
1315 1106 1575 1160 humanas
1601 1105 1682 1160 vel
1731 1104 2050 1162 inhumanas

446 1201 690 1255 victimas
709 1200 938 1256 caedere.
970 1220 989 1253 ›
1016 1200 1202 1255 Tanta:
1225 1200 1367 1254 enim
1393 1199 1797 1255 inhumanitalis
1818 1216 2050 1271 sponsor

446 1298 702 1363 testisque
751 1304 836 1351 est
879 1294 1164 1350 Cornelius
1209 1293 1461 1359 Tacitus,
1522 1296 1608 1349 ubi
1656 1294 1725 1349 de
1769 1293 2044 1351 Gallorum

444 1386 685 1444 moribus
711 1387 827 1442 haec
855 1397 1056 1458 praeter
1079 1388 1180 1442 alia
1213 1388 1360 1458 plura
1387 1399 1773 1443 commemorat
1804 1409 1817 1443 :
1850 1407 1867 1440 ι
1912 1392 2046 1445 Deo-

440 1497 562 1537 rum
591 1483 831 1537 maxime
863 1482 1189 1538 Mercurium
1232 1482 1449 1547 colunt,
1482 1483 1567 1536 cui
1607 1483 1770 1538 certis
1810 1483 2000 1539 diebus
2025 1526 2040 1550 ,

441 1575 691 1631 humanis
743 1590 960 1647 quoque
1006 1575 1195 1630 hostiis
1248 1575 1403 1630 litare
1455 1574 1533 1629 fas
1592 1576 1810 1631 habent.
1860 1575 2042 1631 Caesar

436 1686 604 1737 vero,
630 1671 715 1725 cui
751 1671 1090 1740 potissimum
1142 1671 1420 1725 notissima
1452 1680 1569 1726 crat
1610 1670 1884 1727 Gallorum
1941 1688 2037 1727 na-

2167 632 2265 650 υ--

2162 635 2265 690 557
2293 635 2334 708 ).

2232 729 2369 798 Quin
2399 731 2539 786 enim
2565 732 2767 804 Jupiter
2789 732 3033 799 Latiaris,
3064 733 3138 788 uti
3189 741 3376 788 auctor
3414 742 3600 789 noster
3643 748 3758 803 pro-

2158 823 2417 894 sequitur,
2450 825 2517 880 ab
2562 825 2749 882 iisdem
2782 825 3042 881 Romanis
3094 826 3367 880 homicidio
3417 825 3756 891 celebratur;

2156 916 2237 968 vel
2269 925 2326 969 ut
2366 927 2520 972 antea
2560 919 2778 990 scripsit
2810 937 2825 973 :
2857 918 3085 988 Jupiter,
3118 934 3240 973 cum
3282 917 3531 982 Latiaris,
3573 932 3757 973 cruore

2157 1006 2509 1077 perfunditur.
2553 1030 2571 1063 ι
2605 1010 2669 1065 Ει
2708 1020 2855 1067 certe
2884 1010 3139 1066 Tatianus
3166 1021 3441 1067 asseverat
3485 1026 3544 1066 se
3594 1011 3747 1079 bujns

2155 1100 2429 1171 horrendi,
2488 1113 2541 1160 et
2588 1106 2807 1160 alterius
2856 1106 3039 1161 Diana:
3089 1107 3212 1162 facti
3274 1106 3522 1163 sacrilicii
3571 1116 3754 1161 testem

2151 1194 2318 1252 fuisse
2359 1200 2627 1254 oculatum
2662 1217 2675 1252 :
2712 1219 2730 1252 ι
2768 1200 2913 1267 Haec,
2959 1201 3149 1271 inquit,
3186 1216 3309 1256 cum
3341 1201 3751 1256 viderem.......

2161 1289 2302 1359 apud
2338 1291 2610 1348 Romanos
2642 1293 2907 1349 Latiarem
2954 1293 3140 1350 Jovem
3190 1294 3425 1351 humano
3474 1309 3668 1350 cruore
3707 1304 3758 1350 et

2148 1384 2432 1454 sanguine,
2478 1401 2572 1455 per
2600 1385 2886 1441 homicidia
2918 1385 3054 1451 fuso,
3091 1388 3313 1457 placari,
3355 1386 3581 1441 Dianam
3630 1401 3754 1443 vero

2147 1490 2255 1530 non
2311 1477 2500 1548 procul
2544 1477 2860 1550 Megalopoli
2890 1479 3156 1534 similibus
3184 1480 3420 1550 gaudere
3453 1498 3471 1530 ι
3513 1477 3753 1551 (Tatiau.

2150 1568 2297 1626 Orat.
2339 1583 2503 1627 contr.
2569 1570 2758 1639 Graec,
2793 1590 2911 1645 pag.
2970 1575 3075 1631 165
3102 1577 3137 1645 ).
3205 1574 3548 1646 Quapropter
3590 1574 3758 1629 'l'hco-

2143 1663 2322 1733 philus
2359 1666 2728 1722 Antiochenus
2757 1666 2989 1723 ethnicis
3012 1667 3133 1738 jure
3172 1683 3393 1738 prorsus
3431 1668 3627 1724 tneaito
3661 1684 3753 1724 ex-

434 1766 511 1818 tio
532 1806 548 1832 ,
580 1764 770 1819 scribit
803 1764 923 1818 illos
950 1764 1285 1835 gravioribus
1318 1775 1537 1819 vexatos
1589 1765 1791 1820 morbis
1816 1807 1830 1831 ,
1864 1775 1956 1819 aut
1982 1765 2033 1820 in
2067 1759 2113 1819 It
2145 1758 2434 1829 probrabut
2488 1760 2759 1815 lasciviam
2813 1761 2994 1817 Matris
3047 1761 3241 1825 Deum,
3273 1770 3327 1817 et
3378 1761 3750 1818 crudelitatem

432 1858 636 1929 pra-liis
675 1866 985 1924 versantes,
1019 1873 1119 1929 pro
1147 1858 1377 1913 victimis
1425 1859 1737 1914 immolasse
1763 1859 2032 1927 homines,

429 1951 514 2006 vel
569 1966 628 2005 se
679 1950 1049 2005 immolaturos
1083 1952 1296 2007 vovisse
1322 1994 1337 2017 ,
1367 1961 1531 2021 atque
1566 1951 1632 2005 ad
1660 1966 1721 2007 ea
1769 1952 2033 2007 sacriﬁcia

432 2043 697 2098 ministris
726 2057 853 2098 usos
877 2058 998 2099 esse
1030 2044 1313 2098 Druidibus
1345 2042 1566 2115 3(Tacit.
1598 2044 1661 2097 de
1692 2042 1878 2098 Morib.
1903 2042 2031 2098 Ger-

427 2153 570 2191 man.
625 2136 780 2207 paulo
827 2146 941 2209 post
980 2139 1121 2203 init.;
1151 2137 1281 2193 Cm.
1329 2138 1418 2192 lib.
1452 2154 1469 2193 ι
1499 2138 1563 2192 de
1590 2136 1724 2192 Bell.
1755 2136 1896 2192 Gnll.
1919 2147 2033 2209 post

430 2230 614 2303 init.).
660 2230 776 2286 Non
835 2232 907 2287 ibi
964 2242 1142 2288 tamen
1200 2232 1434 2303 explicat
1479 2233 1565 2288 cui
1609 2231 1712 2287 deo
1759 2232 1856 2286 has
1887 2247 2026 2301 pra:-

426 2326 620 2381 bcrent
648 2324 852 2383 hostias
881 2344 894 2381 :
925 2326 1020 2382 sed
1050 2328 1172 2398 quia
1200 2327 1291 2382 ille
1316 2327 1545 2392 ibidem,
1575 2326 2028 2397 quemadmodum

428 2419 646 2486 Strabo,
689 2420 889 2474 asserit
935 2419 1120 2476 Gallos
1172 2420 1331 2475 deum
1388 2421 1655 2491 praecipue
1706 2420 2027 2476 Mercurium

420 2510 691 2576 coluisse,
751 2526 930 2568 nonne
977 2527 1099 2566 cum
1149 2511 1386 2567 Minucio
1441 2522 1628 2567 nostro
1691 2511 1796 2567 dici
1851 2519 2027 2581 potest

420 2604 549 2661 huic
582 2607 634 2661 in
662 2606 848 2676 primis
879 2606 984 2662 deo
1005 2649 1019 2671 ,
1072 2616 1233 2677 atque
1274 2607 1417 2662 Heso
1462 2608 1622 2662 etiam
1643 2649 1659 2674 ,
1710 2617 1767 2661 ut
1796 2621 1919 2661 mox
1944 2605 2027 2660 di-

416 2709 594 2767 cctur,
626 2700 819 2755 factum
855 2700 1018 2756 fuisse
1044 2701 1259 2757 crudele
1285 2700 1413 2755 illud
1436 2702 1753 2756 sacrilicium
1782 2700 1801 2770 (
1824 2700 2024 2765 Strab.,

415 2792 511 2847 lib.
544 2809 619 2860 tv,
669 2792 856 2866 Geogr.
909 2812 1031 2866 pag.
1066 2784 1229 2868 198).
1264 2794 1408 2850 Idem
1444 2796 1630 2867 procul
1668 2795 1833 2849 dubio
1878 2792 2023 2865 judi-

417 2887 561 2940 cium
593 2886 870 2943 ferendum
894 2897 980 2944 est
1019 2888 1087 2945 de
1121 2889 1355 2945 Diodoro
1399 2889 1615 2955 Siculo,
1661 2888 1826 2956 Mela,
1872 2888 2022 2945 Stra-

417 2980 595 3046 bone,
627 2980 928 3049 Cicerone,
974 2991 1030 3038 et
1083 2982 1302 3047 Solino,
1338 2970 1427 3054 qui
1454 2985 1753 3055 generatim
1811 2999 2025 3055 quoque

414 3090 446 3128 a
481 3074 651 3131 Gallis
682 3075 929 3134 homines
949 3078 1052 3133 diis
1083 3078 1389 3134 immolatos
1415 3079 1579 3135 fuisse
1611 3077 1964 3134 testificantur
1998 3098 2017 3130 ι

2146 1872 2165 1904 ι
2202 1853 2354 1929 Jovis
2410 1854 2639 1910 Latiaris
2686 1855 2938 1923 sitientis,
2981 1860 3226 1925 διψῶντος,
3278 1858 3577 1911 humanum
3626 1872 3748 1910 sano

2137 1949 2354 2019 guinem
2395 1967 2414 1999 ι
2450 1949 2744 2020 (Theoph.,
2778 1950 2871 2006 lib.
2906 1966 2963 2005 ιιι
3005 1951 3075 2004 ad
3115 1951 3379 2023 Autolyc..
3425 1966 3547 2023 pag.
3609 1948 3748 2020 l22).

2138 2039 2499 2097 Tertullianus
2523 2058 2650 2100 vero
2673 2058 2777 2099 non
2814 2044 2988 2099 solum
3032 2045 3086 2099 in
3141 2059 3241 2099 suo
3286 2045 3646 2115 Apologetico,
3677 2046 3748 2102 si-

2134 2134 2243 2189 cuti
2275 2146 2586 2191 annotatum
2620 2147 2738 2202 est,
2770 2137 2887 2193 hate
2923 2148 3111 2208 aperte
3147 2137 3455 2205 conﬁrmat,
3506 2137 3602 2194 sed
3651 2137 3750 2194 alio

2133 2227 2310 2283 adhuc
2345 2228 2398 2283 in
2446 2229 2583 2284 libro
2622 2229 2707 2285 his
2732 2232 2926 2299 repetit
2959 2230 3176 2287 verbis:
3213 2250 3233 2285 t
3266 2230 3595 2304 Scytharum
3630 2232 3748 2287 Dia-

2136 2337 2257 2376 nam
2283 2361 2296 2388 ,
2331 2332 2419 2377 aut
2441 2322 2717 2379 Gallorum
2765 2323 3113 2393 Mercurium,
3148 2335 3238 2380 aut
3265 2325 3520 2381 Afrorum
3562 2326 3745 2383 Satur-

2132 2433 2259 2471 ntun
2291 2417 2566 2473 hominum
2602 2418 2814 2474 victima
2849 2418 3046 2488 placari
3083 2419 3224 2489 apud
3256 2420 3515 2475 smeulum
3562 2419 3742 2474 licuit:

2131 2519 2185 2564 et
2213 2508 2363 2564 Latio
2383 2511 2450 2565 ad
2481 2510 2795 2565 hodiernum
2830 2510 2949 2566 Jovi
2975 2510 3148 2566 media
3190 2512 3241 2566 in
3272 2510 3418 2568 Urbe
3480 2511 3747 2568 humanus

2131 2604 2348 2672 sanguis
2376 2603 2672 2673 ingustatur
2707 2623 2727 2655 ι
2756 2604 3006 2676 (Tertull.
3036 2604 3338 2676 Srorpiac.,
3380 2621 3504 2676 cap.
3539 2606 3591 2673 7,
3627 2620 3742 2678 pag.

2137 2693 2291 2765 624).
2350 2694 2460 2751 Suo
2509 2695 2675 2767 igitur
2730 2706 2972 2767 tempore
3016 2712 3134 2752 mos
3185 2698 3275 2753 ille
3316 2698 3596 2755 horribilis
3629 2716 3744 2769 pcr-

2129 2789 2433 2855 severabat,
2467 2802 2522 2844 et
2548 2790 2724 2846 adhuc
2755 2800 2939 2863 postea
2981 2791 3214 2849 duravit.
3264 2794 3397 2849 Nam
3438 2794 3744 2852 Lactantius

2128 2881 2377 2939 similiter
2405 2901 2618 2955 quoque
2648 2884 2830 2941 scribit
2862 2904 2878 2940 :
2915 2904 2935 2937 ι
2965 2884 3075 2943 Nec
3103 2885 3279 2942 Latini
3310 2888 3529 2957 quidem
3578 2889 3727 2959 hujus

2129 2975 2480 3033 immanitatis
2509 2990 2759 3047 expertes
2789 2977 3024 3035 luerunt.
3057 2979 3336 3051 Siquidem
3366 2980 3603 3037 Latiaris
3641 2980 3735 3036 Ju-

2127 3070 2267 3138 piter
2291 3071 2455 3126 etiam
2493 3086 2635 3126 nunc
2660 3074 2920 3143 sanguine
2950 3074 3150 3130 colitur
3190 3074 3427 3132 humano
3465 3096 3486 3129 ι
3521 3075 3544 3151 (
3573 3076 3736 3143 Lact.,

414 3169 628 3241 (Diod.,
662 3172 699 3225 Ι.
732 3188 761 3224 v
787 3171 1057 3237 Biblioth.,
1084 3191 1138 3245 p.
1166 3174 1311 3240 2H;
1347 3174 1506 3242 Mela,
1541 3175 1580 3229 l.
1614 3190 1690 3240 γι,
1714 3173 1801 3227 ubi
1819 3174 1883 3227 de
1900 3171 2019 3228 σαι.
2046 3153 2090 3217 C
2128 3152 2203 3219 lib
2254 3179 2293 3231 ι,
2324 3178 2442 3235 Gip-
2473 3165 2565 3228 21,
2596 3181 2716 3235 pag.
2753 3166 2856 3223 “5
2879 3168 2919 3238 )-
2955 3166 3058 3223 Τοι
3109 3180 3310 3237 autem,
3340 3180 3561 3242 tamque
3589 3169 3743 3227 certis

414 3266 523 3330 lia;
557 3264 768 3333 Strabo,
799 3266 885 3343 lib.
918 3282 975 3322 tv
1012 3266 1224 3340 Geogr.,
1261 3286 1381 3340 pag.
1423 3268 1561 3335 195;
1593 3267 1702 3323 Cic.
1746 3266 1895 3322 Orat.
1930 3283 2022 3336 pro

420 3357 499 3411 Μ.
540 3356 727 3426 Fonte,
759 3378 812 3431 p.
841 3359 983 3423 222;
1014 3360 1187 3417 Solin.
1222 3378 1338 3432 cap.
1367 3360 1460 3426 2l,
1496 3380 1547 3431 p.
1590 3363 1651 3417 M
1692 3362 1733 3431 ).
1782 3362 2023 3431 Denique

415 3452 668 3510 Lucanus
696 3453 764 3510 de
787 3455 884 3522 iis,
914 3466 970 3511 et
1015 3456 1178 3512 Diana
1212 3458 1437 3512 Taurica
1460 3500 1474 3523 ,
1506 3458 1571 3511 de
1601 3474 1702 3529 qua
1736 3472 1834 3513 nos
1862 3457 2024 3527 paulo

415 3555 575 3603 antea
594 3548 827 3617 egimus,
847 3547 965 3604 ha‘c
989 3551 1180 3605 cecinit
1204 3550 1355 3625 (Luc.
1383 3551 1419 3605 l.
1439 3568 1454 3606 ι
1476 3550 1664 3606 Pliars.
1681 3566 1727 3604 υ.
1743 3551 1847 3606 414
1865 3549 2020 3624 sqq.):

567 3659 632 3725 Et
653 3661 834 3723 quibus
856 3662 1056 3725 immitis
1081 3662 1297 3722 placatur
1320 3664 1562 3725 sanguine
1586 3662 1697 3713 diro

573 3722 830 3787 [veritates
859 3724 1169 3787 horrensque
1195 3724 1314 3775 feris
1337 3722 1571 3776 altaribus
1593 3726 1775 3787 Hesus,

574 3785 637 3836 Et
661 3785 867 3837 Taranis
889 3785 1130 3851 Scythica:
1164 3801 1262 3837 non
1287 3789 1453 3839 mitior
1470 3803 1554 3839 ara
1579 3785 1771 3840 Diauze.

414 3892 637 3948 Lucano
674 3902 853 3949 autem
902 3893 1216 3950 Lactantius
1264 3894 1646 3967 adstipulatur.
1676 3895 1746 3951 At
1768 3904 2022 3953 testatum

416 3994 680 4056 praeterea
730 3986 1023 4044 Suetonius
1083 3988 1208 4045 facit
1281 3991 1497 4060 impiam
1550 3991 1698 4046 illam
1750 3993 2025 4049 detestan-

415 4078 650 4149 damque
691 4079 1112 4137 immolationem
1160 4083 1228 4138 ab
1275 4085 1515 4154 Augusto
1568 4085 1891 4155 imperatore
1945 4086 2026 4140 in-

418 4171 736 4237 terdictam,
785 4187 814 4226 a
856 4171 1081 4229 Claudio
1134 4174 1389 4245 deinceps
1444 4177 1756 4247 abrogatam
1809 4177 2022 4233 fuisse:

425 4283 441 4315 ι
484 4264 840 4331 Druidarum,
874 4268 949 4322 ait
988 4269 1110 4330 ille,
1146 4267 1459 4340 religionem
1490 4270 1628 4340 apud
1668 4270 1849 4327 Gallos
1892 4272 2024 4327 dira:

413 4359 806 4426 immanitatis,
838 4369 893 4417 et
920 4372 1126 4416 tantum
1167 4362 1376 4417 civibus
1424 4363 1525 4417 sub
1566 4367 1808 4434 Angusto
1856 4365 2025 4420 interc

417 4452 650 4517 dictam,
700 4453 914 4523 penitus
960 4454 1196 4509 abolevit
1230 4472 1246 4505 ι
1301 4452 1578 4523 (Lactant.
1634 4456 1725 4509 lib.
1770 4474 1806 4524 ι,
1848 4456 2020 4514 Divin.

418 4545 653 4603 Institut.
697 4564 816 4617 cap.
846 4547 939 4612 2l,
965 4565 1084 4618 pag.
1118 4548 1239 4612 H2;
1270 4546 1487 4603 Sueten.
1522 4548 1612 4604 lib.
1644 4566 1695 4616 ν,
1732 4548 1760 4622 §
1788 4549 1905 4622 25).

493 4642 607 4698 Non
650 4644 830 4698 minus
874 4642 1057 4711 procul
1089 4642 1250 4696 dubio
1280 4642 1496 4697 crudele
1517 4654 1631 4700 erat
1669 4656 2022 4703 memoratum

420 4736 617 4793 deinde
665 4753 693 4790 a
749 4735 983 4791 Minucio
1029 4744 1214 4789 nostro
1259 4734 1622 4792 Romanorum
1675 4738 2021 4807 sacriﬁcium,

419 4844 528 4897 quo
557 4827 805 4885 Grarcum
865 4836 920 4883 et
947 4825 1212 4894 Grmcam,
1252 4826 1457 4882 Gallam
1504 4839 1558 4883 et
1611 4828 1820 4885 Gallum
1878 4832 2026 4887 vivos

420 4922 477 4975 in
508 4922 624 4977 foro
652 4922 849 4978 Boario
901 4921 1003 4975 sub
1052 4931 1194 4975 terra
1238 4919 1596 4976 defodiebant.
1654 4923 1699 4978 A
1744 4924 1895 4980 Livio
1925 4941 2023 4979 an-

419 5024 532 5069 tem
566 5017 680 5070 lucc
706 5015 774 5069 de
803 5014 894 5070 illo
919 5013 1212 5067 inhumano
1258 5026 1476 5082 prorsus
1528 5014 1789 5071 sacrilicio
1833 5018 2026 5072 litteris

418 5106 675 5162 mandata
702 5107 1044 5177 accepimus:
1085 5123 1104 5156 ι
1143 5103 1223 5159 Ex
1278 5103 1524 5161 fatalibus
1573 5106 1723 5162 libris
1764 5110 2026 5165 sacriﬁcia

421 5201 625 5271 aliquot
679 5198 1101 5254 extraordinaria
1164 5196 1323 5260 facta,
1373 5197 1511 5254 inter
1560 5215 1679 5270 qua:
1733 5199 1915 5256 Gallus
1974 5211 2029 5257 et

423 5291 598 5358 Galla,
645 5289 867 5345 Graecus
923 5298 977 5344 et
1024 5288 1210 5345 Grazca
1254 5289 1307 5343 in
1337 5288 1457 5343 foro
1499 5289 1690 5346 Boario
1732 5292 1834 5346 sub
1885 5302 2025 5348 terra

422 5382 529 5437 vivi
555 5380 776 5437 demissi
803 5389 945 5445 sunt,
978 5381 1033 5435 in
1061 5380 1235 5436 locum
1260 5395 1392 5436 saxo
1422 5392 1760 5452 conseptum,
1786 5384 1874 5439 ubi
1898 5396 2024 5441 ante

420 5473 613 5530 hostiis
642 5472 889 5529 humanis
933 5472 1165 5528 maxime
1214 5471 1458 5527 Romano
1506 5489 1661 5529 sacro
1701 5475 1960 5531 imbutum
2000 5497 2018 5530 ι

422 5564 642 5636 (Livius
664 5562 859 5618 Decad.
893 5579 969 5627 ιιι,
1002 5563 1093 5617 lib.
1122 5579 1181 5629 ιι,
1215 5579 1335 5635 pag.
1390 5564 1553 5637 195).
1601 5567 1801 5623 Eadem
1845 5580 2028 5626 narrat

419 5655 760 5720 Plutarchus,
818 5653 1007 5724 hisque
1063 5662 1243 5709 tamen
1291 5655 1498 5712 addidit
1556 5673 1707 5713 sacra
1754 5659 1842 5714 illa
1883 5660 2023 5718 facta

416 5763 603 5809 tnense
624 5745 924 5806 novembri.
958 5745 1165 5803 Plinius
1193 5761 1322 5804 vero
1357 5759 1543 5821 aperte
1583 5748 1823 5807 declarat
1864 5767 1925 5809 ea
1955 5753 2021 5809 ad

2136 3259 2366 3314 testibus
2397 3259 2553 3315 tidem
2579 3261 2699 3331 quis
2725 3261 2988 3333 abrogare
3021 3262 3275 3318 audebit?
3324 3267 3406 3319 An
3445 3274 3627 3320 autem
3655 3264 3739 3319 diu

2132 3366 2319 3424 postea
2344 3364 2451 3409 tam
2494 3358 2730 3411 immane
2754 3356 3079 3411 sacriﬁcium
3121 3355 3321 3413 factum
3373 3357 3563 3425 fuerit,
3607 3356 3738 3413 haud

2127 3447 2198 3502 ita
2230 3458 2589 3518 compertum.
2622 3450 2782 3506 Certe
2813 3450 3029 3520 quidem
3056 3451 3107 3507 id
3130 3453 3464 3509 Athanasius
3490 3470 3597 3509 non
3620 3469 3736 3510 cre-

2127 3539 2282 3606 didit,
2314 3542 2511 3612 quippe
2540 3541 2631 3613 qui
2671 3541 2739 3596 de
2788 3541 2880 3599 illo
2911 3543 3052 3599 hunc
3094 3545 3347 3614 IOquatur
3393 3546 3445 3601 in
3478 3549 3691 3602 modum
3722 3559 3736 3600 :

2127 3637 2229 3686 Καὶ
2264 3642 2307 3687 οἱ
2350 3640 2507 3688 πάλαι
2539 3637 2589 3687 δι
2617 3624 2837 3703 Papa?"
2888 3645 2967 3692 τὸν
3001 3640 3288 3705 καλούμενον
3336 3646 3607 3709 Λαιτώριον
3656 3648 3737 3692 Δία

2128 3730 2537 3796 ἀνἺρωποθυσίειις
2584 3732 2898 3798 “nomen:
2951 3746 2971 3780 ι
3007 3729 3173 3785 Prisci
3206 3730 3333 3784 item
3375 3730 3605 3786 Humani
3638 3730 3734 3785 La-

2129 3819 2339 3885 tiarem,
2373 3827 2430 3873 ut
2465 3829 2681 3883 vocant,
2712 3820 2898 3878 Jovem
2945 3823 3194 3879 humanis
3220 3823 3414 3880 hostiis
3442 3825 3689 3882 colebant
3711 3842 3730 3878 ι

2128 3908 2427 3982 (Athanas.
2467 3911 2620 3966 Uror.
2649 3925 2814 3968 contr.
2851 3912 3044 3982 Gram,
3086 3913 3235 3987 §25,
3270 3932 3391 3987 pag.
3424 3918 3549 3989 25).

2204 4004 2278 4060 De
2309 4005 2412 4061 hoc
2470 4021 2631 4075 porro
2665 4006 2968 4063 detestabili
3006 4008 3289 4065 hominum
3340 4009 3448 4067 diis
3498 4021 3729 4068 mactan-

2127 4096 2317 4152 dorum
2371 4099 2474 4154 ritu
2530 4106 2587 4154 et
2640 4115 2791 4156 more
2850 4101 2979 4157 alibi
3048 4102 3465 4174 disputavimus.
3534 4105 3731 4162 Praeter

2128 4190 2422 4261 scriptores
2460 4200 2639 4245 autem
2692 4207 2723 4246 a
2780 4193 2935 4248 nobis
2980 4194 3057 4248 ibi
3108 4195 3322 4263 citatos,
3355 4198 3546 4268 legere
3567 4196 3732 4253 adhuc

2128 4283 2330 4353 poteris
2357 4283 2634 4340 Philonem
2681 4285 2945 4352 Judaeum,
2975 4285 3283 4346 Cornelium
3324 4289 3592 4357 Tacitum,
3632 4289 3730 4346 Pli—

2128 4377 2297 4441 nium,
2330 4377 2669 4443 Suetonium,
2704 4379 3081 4451 Porphyrium,
3113 4382 3431 4451 Eusebium,
3473 4385 3728 4458 Cyrillum

2128 4468 2572 4536 Alexandrinum,
2613 4470 2806 4541 quibus
2838 4471 2960 4527 addi
2990 4482 3217 4544 possunt
3256 4474 3620 4533 Tertullianus
3655 4485 3730 4531 at-

2046 4554 2099 4613 D
2126 4574 2231 4629 que
2272 4558 2583 4617 Lactantius
2612 4578 2626 4614 :
2657 4562 2750 4618 sed
2789 4562 2973 4619 dehis
3019 4580 3116 4620 nos
3160 4581 3260 4622 suo
3309 4568 3430 4625 loco
3479 4568 3668 4643 (Tom.
3714 4582 3729 4621 ι

2128 4651 2408 4721 Apparat.,
2438 4652 2531 4707 lib.
2561 4668 2642 4719 ιιι,
2672 4654 2854 4710 disser.
2891 4657 2942 4723 1,
2969 4672 3089 4727 cap.
3119 4657 3174 4723 9,
3205 4668 3310 4715 art.
3334 4660 3391 4726 2,
3428 4676 3552 4734 pag,
3594 4661 3724 4723 757;

2127 4745 2348 4814 Philip.,
2381 4746 2474 4802 lib.
2508 4748 2572 4802 de
2596 4751 2713 4804 vict.
2747 4749 2938 4817 0/fer.,
2964 4767 3089 4822 pag.
3112 4752 3221 4809 853
3248 4772 3264 4821 ;
3288 4753 3493 4821 Tacit.,
3525 4756 3617 4813 lib.
3649 4769 3728 4810 stv

2125 4837 2317 4902 Annal,
2342 4842 2473 4894 circ.
2493 4840 2663 4908 med;
2682 4842 2842 4909 Plin.,
2872 4843 2963 4898 lib.
2981 4860 3090 4899 xxx
3113 4843 3305 4902 Natur.
3338 4846 3504 4917 Hist.,
3528 4864 3644 4920 cap.
3678 4848 3724 4915 l,

2131 4947 2251 5001 pag.
2280 4931 2418 4996 728;
2446 4932 2670 4988 Sueton.
2697 4933 2832 4989 Vita.
2861 4934 3069 5002 Claud.,
3105 4936 3135 5009 §
3164 4937 3269 5004 25;
3300 4938 3594 5013 Porphyr.,
3641 4940 3726 4994 lib.

2128 5040 2204 5079 xu
2234 5026 2298 5079 de
2338 5026 2621 5081 Abstinent.
2653 5029 2891 5096 animal.,
2923 5045 3041 5100 pag.
3090 5030 3231 5097 225;
3264 5032 3466 5089 Euseb.
3506 5034 3650 5087 Orat.
3670 5031 3727 5087 de

2126 5118 2297 5174 Laud.
2350 5120 2640 5188 Constant,
2684 5137 2803 5193 pag.
2864 5124 3016 5191 666;
3072 5123 3241 5197 Cyril.
3297 5127 3482 5192 Alex.,
3534 5128 3626 5183 lib.
3676 5139 3725 5181 tv

2128 5221 2293 5266 contr.
2317 5210 2545 5281 Iuliam,
2594 5230 2715 5285 pag.
2748 5215 2888 5281 128;
2921 5216 3144 5273 Dissert.
3186 5220 3237 5273 in
3288 5219 3561 5287 Lactant.,
3610 5233 3720 5290 cap.

2128 5303 2219 5372 51,
2251 5314 2354 5360 art.
2385 5307 2435 5373 1,
2466 5313 2521 5362 et
2544 5306 2596 5362 in
2617 5306 2841 5363 Tertull.
2868 5323 2988 5381 cap.
3018 5309 3111 5380 20,
3143 5320 3247 5368 art.
3275 5310 3313 5367 2
3341 5322 3399 5369 et
3423 5311 3623 5385 seqq.).
