3972 6310
260 368 369 424 497

872 498 1167 542 Λιιτιουιυε
1198 498 1272 538 ιν.

253 621 343 679 De
371 624 489 681 aliis
515 625 785 682 sceleribus
813 642 877 682 ea:
919 626 1012 680 illo
1038 624 1147 696 fero
1179 624 1568 679 mactandorum
1599 622 1862 677 hominum
1892 637 1901 644 ”

334 737 477 775 more
520 722 785 794 profectis,
824 722 1068 776 nimirum
1098 719 1336 776 Catilina!
1359 723 1582 775 humano
1612 719 1863 791 sanguine

333 815 717 887 conjnratione.
748 817 908 871 sacris
939 814 1170 871 Bellona:
1197 815 1461 869 hominum
1485 830 1665 869 cruore
1700 812 1863 867 imbu-

330 907 397 962 tis
423 908 635 978 quesita
663 908 806 963 illius
852 908 1039 962 haustu
1086 908 1259 962 morbo
1296 907 1541 961 comitiali
1588 905 1858 971 medicina,

326 1019 389 1057 ac
419 1002 604 1059 belluis
646 1019 707 1059 eo
755 1003 1003 1075 sagittatis
1049 1001 1111 1057 ab
1158 1001 1443 1057 hominibus
1494 1002 1548 1055 in
1587 1018 1743 1056 arena
1772 1002 1859 1056 de-

330 1101 539 1151 voratis.

324 1230 645 1302 Suspicatnr
672 1233 931 1289 Minucius
958 1248 1027 1290 ex
1067 1232 1324 1290 hactenus
1365 1234 1637 1303 explicato
1689 1232 1861 1288 homi-

248 1338 384 1378 mtm
437 1324 638 1380 lictitiis
684 1325 789 1381 diis
832 1326 1303 1382 sacriﬁcandorum
1357 1343 1528 1395 more,
1586 1337 1856 1397 tamquam

245 1422 661 1494 con-nptiasimo
689 1421 854 1488 fonte,
887 1423 1233 1479 scatur-ivisse
1280 1424 1547 1479 horrenda
1591 1424 1688 1478 tria
1728 1423 1856 1478 facio

242 1528 382 1570 nera
412 1530 427 1568 :
458 1515 773 1571 sceleratam
805 1515 1052 1572 videlicet
1098 1517 1339 1572 Catilinae
1381 1515 1585 1573 ftederc
1635 1516 1850 1572 humani

241 1610 527 1681 sanguinis
551 1610 978 1681 coniurationem
1004 1622 1020 1677 ;
1064 1626 1214 1666 sacra
1242 1611 1480 1667 Bellona:
1512 1612 1704 1667 baustu
1750 1611 1854 1667 bu-

241 1706 392 1759 mani
419 1706 629 1760 cruoris
665 1706 868 1760 imbuta
897 1724 912 1772 ;
943 1708 1244 1776 eodemque
1285 1705 1560 1760 hominum
1592 1707 1856 1777 sanguine

240 1797 531 1867 quaesitam
566 1798 821 1855 comitiali
875 1799 1065 1853 morbo
1118 1798 1459 1855 medicinam.
1520 1798 1681 1854 Visne
1733 1816 1853 1854 ettm

240 1890 555 1961 loquentem
592 1890 822 1946 audire?
853 1909 873 1943 ι
902 1891 1082 1961 Ipsum
1105 1933 1120 1955 ,
1174 1891 1371 1960 inquit,
1403 1891 1567 1945 credo
1605 1890 1855 1948 docuisse
1884 1896 1934 1956 B

240 1983 527 2055 sanguinis
558 1983 764 2041 laedere
807 1984 1097 2053 coniurare
1139 1982 1425 2039 Catilinam
1471 1994 1527 2039 et
1571 1984 1851 2039 Bellonam

238 2090 458 2131 sacrum
485 2092 642 2132 suum
693 2077 886 2132 haustu
917 2076 1135 2132 humani
1165 2077 1368 2132 erroris
1401 2077 1641 2132 imbuere
1671 2092 1723 2133 et
1747 2080 1851 2134 Co-

245 2172 510 2227 mitialem
542 2174 790 2229 morbum
840 2174 1086 2231 homines
1135 2175 1416 2245 sanguine,
1453 2174 1505 2230 id
1543 2186 1625 2229 est
1665 2176 1854 2230 morbo

236 2264 496 2334 graviore
517 2281 725 2322 sanare.
746 2286 765 2319 ι
791 2266 910 2323 Jant
940 2283 1067 2323 vero
1089 2268 1284 2323 audisti
1304 2267 1464 2322 citata
1495 2283 1525 2322 a
1550 2268 1705 2323 nobis
1723 2269 1854 2323 Ter-

238 2358 459 2414 tulliani
483 2359 668 2424 verba,
688 2360 883 2431 quibus
904 2361 1094 2416 eadem
1109 2371 1266 2416 antea
1293 2361 1510 2432 scriptis
1535 2361 1848 2418 tradiderat.

314 2453 433 2509 Non
460 2455 650 2511 eodem
689 2465 866 2512 tamen
906 2473 1095 2513 omnes
1129 2458 1291 2513 modo
1337 2467 1556 2514 narrant
1600 2458 1793 2514 factam
1822 2474 1850 2513 a

243 2545 477 2604 Catilina
521 2549 969 2620 conjurationem.
1019 2552 1093 2607 De
1122 2551 1212 2606 illa
1234 2552 1512 2607 enimvero
1563 2551 1852 2609 Sallustius

243 2643 367 2697 haec
397 2645 630 2713 posteris
659 2643 977 2699 mandavit:
1016 2663 1035 2697 ι
1070 2644 1247 2700 Fuere
1278 2660 1341 2701 ea
1382 2653 1721 2716 tempestate,
1761 2647 1853 2717 qui

239 2735 486 2791 dicerent
517 2735 802 2792 Catilinam
819 2738 1065 2792 oratione
1086 2736 1287 2804 habita,
1327 2753 1449 2793 cum
1481 2737 1549 2793 ad
1577 2738 1851 2808 jusjuran-

238 2826 373 2883 dum
404 2828 689 2898 populares
718 2830 940 2885 sceleris
973 2832 1055 2886 sui
1083 2832 1343 2903 adigeret,
1389 2832 1608 2887 humani
1645 2831 1851 2887 cruoris

235 2920 558 2989 sanguinem
588 2921 712 2977 vino
739 2923 1066 2992 permixtum
1103 2923 1157 2977 in
1207 2934 1386 2993 patera
1428 2924 1848 2981 circumtulisse.

237 3012 375 3068 lnde
405 3029 527 3068 cum
560 3025 678 3083 post
697 3016 1097 3071 execrationem
1134 3032 1324 3072 omnes
1358 3017 1751 3088 degustassent,
1777 3016 1851 3073 si-

238 3116 333 3160 cut
362 3107 415 3160 in
445 3107 777 3163 solemnibus
802 3109 969 3164 sacris
1011 3109 1122 3166 ﬁeri
1151 3111 1454 3175 consuevit,
1486 3110 1682 3167 dicitur
1722 3127 1849 3180 ape-

238 3201 417 3255 ruisse
442 3200 728 3254 consilium
755 3216 912 3257 suum
954 3220 974 3255 ι
996 3202 1014 3272 (
1038 3201 1257 3258 Sallust.
1285 3202 1348 3257 de
1372 3202 1588 3274 Conjur.
1632 3204 1843 3259 Catilio.

1657 362 2122 421 DISSERTATIO.

1891 486 1936 543 Α
1965 487 2143 534 autem
2172 477 2240 533 de
2265 477 2563 533 Commodo
2592 479 2919 551 lmperatorc
2949 499 2962 536 :
3001 500 3020 532 ‹
3051 479 3304 545 Βοιιοηω,
3334 497 3353 531 ι
3376 478 3566 549 inquit,

3462 361 3567 419 498

1973 591 1992 622 ι
2028 572 2325 626 servientes
2354 586 2479 626 vere
2502 588 2756 629 exsecare
2785 574 3063 630 brachium
3104 572 3362 643 praecepit
3392 571 3572 628 studio

1964 663 2293 719 crudelitatis
2320 684 2339 716 ›
2372 663 2685 735 (Lamprld.
2725 668 2779 721 in
2811 667 3098 735 (.‘onnnod.,
3131 681 3246 737 pag.
3278 665 3392 740 i9).
3426 665 3573 734 Qua-

1968 764 2186 828 propter
2211 756 2457 813 Lucanus
2474 758 2700 814 canebat
2731 778 2743 812 :

2406 911 2417 922 .
2459 911 2470 921 .
2509 909 2520 922 .
2562 912 2573 923 .
2609 871 2741 933 Quos
2759 874 2912 923 sectis
2931 870 3139 922 Bellona
3160 871 3362 921 lacertis

2092 933 2239 984 Sacra
2265 941 2449 987 movet.

2488 1018 2714 1082 (Lucan,
2738 1018 2770 1069 ι.
2796 1035 2812 1070 ι
2831 1016 3084 1082 Pharsat.,
3106 1022 3218 1083 post
3237 1017 3397 1080 med.)

1964 1152 2197 1208 Rursum
2223 1165 2349 1207 vero
2378 1150 2484 1207 alio
2506 1151 2556 1206 in
2582 1151 2721 1207 libro
2751 1170 2763 1206 :

2410 1332 2419 1342 .
2457 1328 2469 1341 .
2492 1328 2522 1354 ν.
2563 1328 2576 1339 .
2614 1330 2625 1341 .
2666 1295 2986 1354 Quacumque
3017 1296 3224 1354 vagatur

2057 1355 2397 1421 Sanguineum
2423 1353 2577 1405 veluti
2602 1356 2832 1418 quatiens
2853 1352 3059 1403 Bellona
3083 1352 3353 1416 ﬂagellum.

2717 1440 2896 1505 (Idem,
2927 1439 2961 1490 l.
2988 1454 3068 1499 vn,
3106 1446 3217 1501 post
3241 1435 3415 1501 medi.)

1969 1570 2174 1627 Videsis
2197 1571 2247 1626 in
2277 1571 2392 1627 huic
2425 1570 2617 1626 Lucani
2638 1569 2875 1626 carmina
2910 1567 3221 1629 Montl'ortii,
3253 1575 3307 1621 et
3332 1566 3383 1620 in
3416 1564 3575 1619 Lam-

1961 1661 2192 1734 pridium
2221 1661 2525 1718 Casaubooi
2568 1661 2993 1726 observationes,
3027 1674 3088 1714 ac
3121 1657 3320 1715 Carvilii
3342 1655 3573 1722 scholia,

1963 1758 2018 1812 in
2050 1757 2139 1813 illa
2169 1758 2449 1813 iuvenalis
2493 1757 2732 1813 carmina
2766 1774 2778 1810 :

2651 1934 2662 1944 .
2700 1929 2715 1943 .
2756 1930 2767 1942 .
2808 1931 2820 1943 .
2855 1892 2989 1945 Ecce
3012 1891 3234 1943 furentis

2085 1956 2327 2019 Bellonte,
2354 1956 2623 2021 Matrisque
2641 1957 2790 2007 deum
2815 1957 2996 2007 chorus
3023 1958 3190 2006 intrat.

2457 2043 2725 2107 (Juvenal.,
2766 2046 2937 2110 Satyr.
2966 2057 3032 2103 vn,
3057 2044 3185 2093 circa
3209 2040 3366 2101 med.)

1957 2170 2396 2227 Animadvertisti
2425 2186 2556 2227 sane
2576 2187 2604 2224 a
2623 2170 3209 2242 quibusdamtraditum
3238 2172 3290 2225 io
3311 2170 3394 2226 bis
3425 2187 3544 2244 mys

1957 2264 2108 2319 teriis
2137 2274 2314 2317 sectos
2338 2264 2610 2330 lmmeros,
2638 2263 2706 2318 ab
2739 2263 2860 2318 aliis
2895 2264 3147 2329 lacertis,
3190 2264 3259 2318 ab
3287 2264 3405 2319 aliis
3435 2264 3563 2320 bra-

1954 2358 2155 2414 cbinm.
2181 2359 2285 2414 Eas
2299 2368 2473 2414 autem
2490 2372 2677 2413 omnes
2693 2358 2939 2429 corporis
2960 2367 3143 2429 partes
3165 2357 3370 2413 Seneca
3393 2359 3568 2414 semel

1954 2454 2219 2523 simulque
2250 2452 2333 2507 his
2358 2462 2622 2508 memorat
2671 2453 2851 2507 verbis
2880 2470 2892 2506 :
2931 2472 2950 2505 ι
2986 2450 3120 2506 Cum
3136 2451 3566 2521 aliquissecandi

1954 2550 2185 2605 lacertos
2208 2545 2557 2611 suosartil'ex,
2584 2544 2800 2600 brachia
2822 2554 2982 2615 atque
3005 2544 3259 2599 humeros
3290 2557 3562 2610 suspensa

1954 2657 2113 2697 manu
2143 2649 2391 2695 cruentat
2425 2658 2444 2693 ι
2477 2638 2691 2712 (Senec.
2722 2639 2811 2693 tib.
2842 2640 2906 2693 de
2942 2637 3077 2693 Vita.
3108 2639 3266 2704 ὑέσι,
3296 2652 3417 2709 cap.
3441 2637 3561 2707 27).

1954 2732 2024 2787 At
2044 2747 2164 2787 eum
2196 2731 2265 2786 ibi
2293 2732 2360 2785 ad
2381 2730 2618 2787 Bellona:
2643 2746 2794 2787 sacra
2811 2730 3052 2786 alludere
3073 2731 3191 2801 quis
3218 2745 3322 2786 non
3336 2729 3515 2785 videat
3537 2730 3563 2783 ?

2025 2825 2133 2880 Cur
2153 2840 2281 2893 ergo
2312 2823 2690 2890 Tertullianus,
2722 2825 2921 2895 inquiet
2954 2824 3167 2894 aliquis,
3198 2823 3364 2878 solius
3388 2821 3566 2877 femo-

1953 2919 2030 2973 ris
2075 2917 2329 2988 prospissi
2383 2918 2709 2972 mentionem
2742 2915 2914 2971 fecit?
2950 2934 2968 2967 ι
3007 2915 3178 2971 Hodie
3238 2917 3377 2972 iSIic.
3413 2934 3433 2966 ι
3467 2914 3566 2976 ait.

1959 3029 1977 3062 ι
2017 3010 2251 3066 Bellona:
2273 3021 2509 3065 sacratos
2546 3009 2698 3082 (mss.
2729 3007 2993 3082 sacratus)
3020 3008 3238 3079 sanguis
3266 3008 3335 3063 tle
3362 3006 3567 3062 femore

1951 3103 2223 3173 proscisso
2275 3102 2327 3157 in
2372 3100 2659 3170 palmulam
2688 3109 2969 3169 exceptus,
2994 3100 3110 3155 esui
3151 3099 3306 3153 datus
3335 3099 3512 3168 signat
3539 3116 3559 3149 ι

1951 3193 2200 3260 (Tertull.
2245 3192 2491 3264 Apolog.,
2521 3209 2639 3263 cap.
2674 3192 2729 3256 9,
2764 3208 2886 3263 pag.
2919 3192 2987 3247 lO
3017 3192 3055 3262 ).
3110 3191 3302 3260 Quidni
3352 3191 3428 3246 illi
3469 3206 3564 3246 so-

234 3307 363 3363 cap.
388 3292 468 3364 8).
515 3292 708 3350 Narmt
736 3293 916 3365 itaque
957 3293 1094 3350 hanc
1142 3309 1246 3349 ιιοιι
1272 3296 1536 3361 animum,
1576 3295 1669 3351 sed
1715 3311 1848 3368 quo-
1874 3299 1919 3363 ρ
1952 3286 2060 3342 lmn
2103 3287 2296 3353 lentur,
2335 3286 2786 3358 quemadmodum
2826 3286 2944 3340 aliis
2975 3286 3119 3341 solos
3166 3284 3422 3340 lmmeros
3475 3284 3566 3341 vel

235 3384 487 3441 rutndam
543 3389 820 3443 dumtaxat
859 3387 1024 3445 fuisse
1060 3389 1396 3458 Opinionem,
1452 3389 1521 3444 de
1572 3404 1676 3461 qua
1718 3390 1848 3446 nihil

238 3481 364 3553 ipse
392 3490 545 3537 certo
589 3483 918 3551 pronuntiat.
974 3482 1170 3539 Floms
1198 3497 1326 3538 vero
1367 3499 1479 3538 rem
1527 3484 1597 3538 ita
1641 3498 1699 3539 se
1750 3485 1848 3538 ha-

240 3574 429 3630 buisse
482 3574 621 3630 haud
661 3575 968 3631 dubitanter
1002 3575 1287 3631 afﬁrmavit
1325 3575 1543 3650 (Florus
1571 3577 1664 3633 lib.
1697 3593 1749 3632 tv
1788 3577 1851 3632 de

239 3672 406 3729 Gesti:
431 3674 605 3739 liene,
629 3689 747 3743 cap.
774 3675 853 3744 1).

316 3768 385 3822 At
418 3767 513 3821 Dio
534 3765 751 3823 Cassius
781 3767 912 3823 illud
957 3768 1113 3823 aliter
1153 3768 1349 3824 factum
1399 3770 1627 3825 essebis
1657 3770 1849 3826 testiﬁ-

236 3869 395 3914 catur
420 3860 600 3914 verbis
628 3878 642 3915 :
670 3860 736 3922 οἷς
762 3866 992 3929 ἀθεμίτων
1017 3867 1318 3932 ὁρκωμοσίων
1340 3865 1546 3933 ἀνέγκην
1558 3881 1844 3935 προσήγαγε,

234 3958 396 4009 σιῖόα
414 3962 511 4026 γάρ
528 3979 637 4012 τινα
665 3961 953 4020 “radiante,
977 3961 1061 4010 noti
1087 3960 1166 4012 ἐτι-ἱ
1188 3974 1276 4013 τῶν
1305 3962 1585 4025 σπλάγχνων
1604 3964 1753 4014 αὐτοῦ
1787 3964 1851 4013 τὰ.

235 4054 379 4120 ὅρκια
406 4064 633 4116 ποιήσας,
666 4056 831 4105 ἔπειτα
859 4055 1225 4120 ﬁnitimum-ev
1253 4054 1378 4105 αὐτὰ
1405 4057 1528 4116 μετὰ
1552 4068 1641 4106 τῶν
1672 4056 1844 4105 ἄλλων.

245 4159 262 4190 ι
300 4138 419 4195 Hos
449 4149 505 4194 ut
532 4156 595 4196 se
621 4140 1221 4211 nelimdojnrejurando
1260 4140 1682 4211 adstringerent,
1716 4143 1848 4199 adeo

236 4231 335 4301 git.
354 4231 584 4287 Puerum
640 4233 783 4287 enim
821 4232 1106 4303 quemdam
1139 4232 1406 4295 mactavit.
1437 4232 1852 4305 jurameutoque

237 4322 374 4377 inito
403 4338 567 4392 super
590 4326 708 4393 ejus
737 4325 1060 4393 visceribus,
1087 4341 1150 4380 ea
1194 4326 1389 4382 deinde
1424 4327 1540 4397 ipse
1579 4341 1700 4384 cum
1733 4328 1850 4384 aliis

234 4418 474 4472 comedit
504 4439 520 4470 ι
560 4418 684 4491 (Dio
704 4420 878 4487 Cass,
911 4421 1003 4475 lib.
1037 4436 1218 4477 xxxvtt
1257 4420 1389 4477 Hist.
1413 4422 1589 4490 Rom.,
1629 4439 1747 4494 pag.
1780 4426 1850 4481 48

235 4522 291 4568 et
319 4512 519 4584 seqq.).
553 4514 871 4570 Plutarchus
913 4526 1089 4571 autem
1136 4517 1355 4571 tradidit
1388 4532 1483 4573 eos
1510 4517 1727 4573 mactati
1755 4520 1851 4574 ho-

234 4606 400 4661 minis
444 4616 690 4675 gutasse
736 4623 926 4665 carnes
975 4609 1271 4682 (Plutarch.
1298 4611 1353 4664 in
1384 4608 1489 4665 Vit.
1545 4610 1675 4677 Cic.,
1725 4627 1845 4683 pag.

1954 3382 2187 3438 lacertos
2221 3396 2521 3438 memorare
2554 3380 2632 3437 fas
2685 3380 2821 3437 fuit?
2870 3380 2986 3435 Non
3033 3380 3174 3436 enim
3220 3380 3327 3447 ille,
3382 3395 3560 3452 neque

1952 3473 2044 3527 alii
2079 3474 2315 3528 membra
2345 3472 2546 3539 omnia,
2578 3488 2698 3543 qua:
2731 3472 2781 3526 in
2818 3472 3052 3527 Bellonae
3088 3472 3256 3527 sacris
3303 3472 3564 3526 secaban-

1953 3573 2061 3629 tur,
2109 3563 2498 3620 dimnneranda
2543 3578 2665 3618 esse
2716 3548 2964 3617 arbitrati
3015 3572 3157 3618 sunt.
3214 3561 3322 3618 Sed
3365 3563 3432 3618 de
3481 3562 3564 3618 his

1953 3657 2227 3730 mysteriis
2250 3669 2299 3711 et
2332 3657 2425 3711 illo
2456 3655 2769 3711 Tertulliani
2804 3656 2924 3710 loco
2964 3653 3101 3709 infra
3142 3654 3318 3709 adhuc
3359 3653 3561 3726 aliquid

1951 3751 2236 3808 dicendum
2269 3750 2458 3824 (ltefr.,
2488 3766 2609 3821 cap.
2641 3750 2734 3815 20,
2764 3759 2867 3805 art.
2901 3749 2978 3823 5).

2025 3845 2096 3900 At
2122 3845 2379 3901 observes
2413 3844 2572 3899 velim
2606 3843 2893 3898 Minucium
2925 3849 3167 3897 nostrum
3210 3854 3316 3894 non
3358 3839 3562 3896 dixisse

1951 3940 2166 4012 quidem
2210 3939 2261 3993 in
2292 3938 2374 3991 bis
2396 3937 2565 3992 sacris
2590 3936 2824 3993 elicitum
2858 3951 2922 3991 ex
2963 3944 3257 4007 mystarom
3299 3934 3559 3989 membris

1953 4031 2288 4102 sanguinem,
2332 4029 2427 4085 sed
2468 4027 2583 4083 htec
2635 4044 2784 4083 sacra
2825 4028 3018 4083 haustu
3073 4026 3289 4082 humani
3348 4028 3559 4082 cruoris

1954 4122 2177 4177 imbuta.
2211 4125 2431 4177 Atsane
2452 4120 2556 4176 hoc
2583 4120 2878 4176 secundum
2911 4121 2979 4175 ab
3018 4121 3110 4176 illo
3150 4125 3429 4175 dumtaxat
3456 4120 3557 4177 dc-

1954 4224 2189 4280 notatnr,
2222 4213 2342 4277 quia
2374 4213 2585 4281 gravius
2612 4222 2746 4278 erat,
2783 4226 2883 4268 nec
2909 4221 3097 4283 mysta:
3126 4212 3441 4284 sanguinem
3468 4213 3575 4283 bu-~

1954 4320 2168 4360 manum
2203 4304 2473 4366 bibebant,
2505 4303 2607 4358 nisi
2635 4304 2783 4373 prius
2804 4319 2870 4358 ex
2900 4318 3086 4381 eorum
3110 4304 3369 4360 membris
3395 4303 3559 4359 educ-

1955 4408 2036 4453 tus
2066 4397 2276 4452 fuisset.
2300 4395 2686 4451 Tertullianum
2718 4411 2846 4451 vero
2887 4410 3008 4449 mox
3046 4394 3264 4461 audisti,
3302 4393 3393 4464 qui
3429 4409 3557 4449 san-

1952 4491 2127 4561 guinis
2151 4498 2274 4545 tunc
2290 4497 2343 4545 et
2355 4488 2519 4543 eliciti
2535 4488 2739 4558 etepoti
2759 4488 3084 4543 mentionem
3113 4485 3305 4542 fecisse
3319 4485 3551 4541 videtur.

1953 4583 2059 4639 Sed
2108 4584 2175 4638 de
2229 4583 2321 4637 illo
2348 4591 2532 4654 postea
2562 4596 2784 4654 agemus
2812 4582 3063 4654 (Dissert.
3118 4582 3170 4637 itt
3216 4580 3556 4646 Tcrtulliam,

234 4697 391 4769 866).
426 4699 496 4754 At
541 4700 764 4756 minoris
800 4677 1018 4756 forsitan
1050 4702 1302 4772 ponderis
1353 4703 1671 4773 quibusdam
1710 4677 1849 4760 haud
1875 4704 1929 4765 D
1954 4694 2074 4751 θθΡ·
2095 4677 2187 4748 2ον
2217 4686 2321 4732 il".
2354 4678 2433 4747 4)·

235 4791 403 4848 dubie
432 4793 697 4849 videbitur
725 4796 914 4848 horum
974 4795 1355 4864 posteriorum,
1403 4804 1587 4867 utpote
1627 4796 1845 4853 Graeco-

236 4901 385 4951 rum,
411 4900 569 4955 quam
605 4885 842 4954 priorum
869 4890 1176 4942 auctoritas.
1208 4886 1324 4943 Non
1368 4888 1635 4945 immerito
1691 4890 1849 4959 igitur

227 4976 356 5046 jure
397 4976 482 5032 bis
537 4978 714 5034 latinis
766 4979 1119 5050 scriptoribus
1153 4989 1338 5035 auctor
1405 4992 1587 5037 uoster
1636 4981 1847 5039 Tertul-

237 5068 526 5140 l'anusque
569 5069 928 5141 sull‘ragantur
980 5070 1255 5144 (Tertull.,
1302 5074 1545 5145 Apolog.,
1610 5090 1728 5147 cap.
1776 5077 1845 5144 9,

237 5178 362 5235 pag.
418 5163 544 5235 10).

316 5258 390 5313 lle
423 5256 662 5314 Bellona:
695 5266 872 5315 autem
904 5259 1091 5328 sacris,
1124 5274 1187 5316 ac
1221 5261 1391 5328 testis,
1425 5261 1476 5317 in
1505 5262 1649 5318 illius
1670 5262 1841 5319 hono-

239 5365 359 5405 rem
390 5350 654 5407 celebrari
682 5353 875 5421 solitis,
912 5352 1029 5408 hate
1065 5364 1189 5409 sunt
1219 5353 1482 5410 Lactantii
1510 5356 1697 5425 verba,
1730 5358 1841 5429 qui-

239 5442 344 5498 bus
366 5442 834 5513 sanguinolentum
869 5445 1145 5501 hominum
1183 5446 1505 5502 sacriﬁcium
1545 5447 1800 5504 describit
1829 5468 1841 5505 :

241 5555 262 5587 ι
305 5533 469 5590 Sacra
490 5535 592 5590 alia
623 5537 854 5603 virtutis,
882 5554 1039 5608 quam
1067 5538 1310 5595 eamdem
1340 5539 1612 5595 Bellonam
1631 5552 1845 5610 vocant,

242 5631 296 5685 in
330 5630 643 5700 qttilntsipsi
671 5630 976 5687 sacerdotes
1003 5649 1108 5687 non
1139 5634 1336 5696 alieno,
1371 5633 1467 5690 sed
1512 5649 1612 5690 suo
1660 5651 1853 5692 cruore

234 5724 569 5779 sacriﬁcant.
625 5722 798 5780 Sectis
830 5740 1062 5797 namque
1088 5726 1341 5789 humeris,
1363 5734 1419 5781 et
1443 5737 1667 5793 utraque
1694 5744 1855 5784 manu

234 5816 448 5888 gladios
490 5827 831 5882 exserentes,
873 5830 1118 5887 currunt,
1161 5817 1482 5887 efferuntur,
1528 5823 1797 5879 insaniunt
1832 5843 1850 5877 ι

238 5908 565 5983 (Laetam,
611 5912 703 5971 lib.
754 5929 793 5979 ι,
841 5929 960 5985 cap.
1001 5914 1092 5981 2t,
1134 5930 1255 5985 pag.
1307 5915 1413 5972 HG
1446 5914 1485 5987 ).
1520 5917 1859 5989 Lampridius

2025 4796 2246 4851 Demum
2274 4803 2462 4850 auctor
2488 4804 2671 4851 noster
2722 4810 2816 4852 eos
2845 4795 2966 4864 jure
2994 4791 3238 4862 corripit,
3270 4790 3359 4860 qui
3389 4786 3559 4843 comi-

1953 4890 2069 4945 tiali
2098 4888 2287 4944 morbo
2319 4890 2646 4957 laborantes,
2675 4888 3050 4960 gladiatorum,
3098 4873 3149 4939 in
3180 4897 3341 4938 arena
3367 4882 3557 4936 vulne-

1950 4994 2210 5051 ratorum,
2240 4986 2577 5054 sanguinem,
2620 4999 2725 5045 ouo
2754 4981 2935 5037 sanari
2979 4994 3139 5050 posse
3178 4975 3553 5048 opinabantur,

1950 5080 2106 5135 avide
2128 5081 2397 5137 bibebant.
2425 5080 2557 5135 Nam
2592 5078 2793 5133 Plinius
2839 5079 2972 5147 ipse,
3016 5073 3225 5129 tametsi
3280 5071 3549 5135 ethnicus,

1946 5167 2002 5228 in
2052 5174 2172 5229 illos
2201 5189 2305 5229 non
2338 5175 2513 5227 minus
2559 5172 2758 5227 acriter
2813 5170 3125 5225 invehitur:
3179 5186 3199 5221 ι
3231 5165 3560 5235 Sanguinem

1947 5263 2358 5334 gladiatorum,t
2394 5263 2587 5333 inquit,
2619 5280 2637 5314 ι
2663 5261 2870 5327 bibunt,
2921 5270 2976 5315 ιιι
3027 5258 3328 5314 viventibus
3354 5255 3562 5327 poculis

1947 5358 2245 5413 comitiales
2274 5357 2469 5420 morbi,
2500 5356 2640 5426 quod
2688 5365 2932 5427 spectare
2981 5354 3235 5410 facientes
3271 5354 3324 5407 in
3369 5352 3563 5408 eadem

1945 5464 2109 5505 arena
2140 5448 2280 5504 feras
2334 5465 2544 5521 quoque
2600 5450 2793 5503 horror
2822 5457 2923 5503 est.
2972 5447 3038 5502 At
3076 5446 3303 5501 llercule
3355 5444 3427 5499 illi
3488 5460 3559 5500 ex

1952 5542 2167 5598 homine
2199 5542 2317 5612 ipso
2343 5543 2564 5598 sorbere
2625 5541 3058 5597 efﬁcacissimum
3097 5548 3285 5610 putant
3329 5538 3566 5593 calidum

1954 5626 2376 5707 spirantemque.
2405 5648 2458 5692 et
2494 5653 2597 5692 una
2631 5637 2800 5707 ipsam
2833 5635 3068 5689 animam
3107 5650 3172 5689 ex
3217 5635 3407 5689 osculo
3447 5632 3566 5686 vulo

1957 5743 2168 5788 Iterum.
2202 5745 2323 5784 cum
2355 5730 2520 5801 plagis
2548 5746 2615 5785 ne
2644 5729 2874 5784 ferarum
2902 5728 3119 5800 quidem
3166 5725 3439 5781 admoveri
3472 5738 3570 5778 ora

1960 5828 2040 5882 ias
2083 5830 2150 5883 sit
2208 5829 2507 5884 humana...
2541 5828 2702 5899 Quasi
2748 5843 2876 5886 vero
2916 5827 3121 5903 sanitas
3158 5824 3324 5879 videri
3378 5819 3572 5893 possit,

1965 5920 2133 5979 feram
2153 5938 2217 5979 cx
2252 5922 2466 5979 homine
2490 5922 2625 5990 fieri,
2660 5924 2955 5992 morboque
2981 5920 3197 5991 dignum
3227 5919 3279 5977 in
3309 5915 3422 5986 ipsa
3467 5926 3590 5971 meo
3631 5944 3641 5950 -
