4034 6320
436 358 545 416 499

1733 349 1819 405 DE
1858 347 2113 404 MINUGII
2156 346 2456 406 OCTAVIO

3640 352 3737 408 500

438 474 640 540 dicina,
675 474 885 543 egregia
935 470 1155 524 hercule
1208 467 1569 529 frustratione,
1620 466 1663 520 si
1712 479 1816 520 non
1847 465 2034 535 prosit.
2069 465 2274 534 AQnis
2329 478 2503 521 autem
2576 468 2876 523 inconsulto
2911 469 3083 523 altera
3139 470 3490 526 emendatiori
3538 470 3732 534 codice,

439 567 661 637 Λᾶςρίςί
707 567 936 619 humana
984 571 1104 618 exta
1152 561 1302 616 nefas
1350 561 1595 625 habetur,
1640 559 1767 631 quid
1821 560 2043 613 mandi?

439 661 575 730 Quis
602 661 701 715 iSIa
726 660 927 715 invenit
954 657 1203 712 ostenta?
1228 656 1427 711 Tecum
1447 657 1589 710 enim
1619 670 1707 709 res
1736 654 1861 719 erit,
1892 670 2044 709 ever-

442 769 537 809 sor
564 753 699 823 juris
728 752 942 806 humani
971 761 1442 823 monstrorumque
1472 748 1683 814 artifex,
1717 748 1807 819 qtti
1844 749 2045 819 primus

440 864 507 904 ea
539 848 848 913 condidisti,
875 845 1058 908 credo,
1104 820 1172 899 ne
1204 844 1307 897 vita
1355 845 1427 897 ttti
1456 844 1884 897 oblivisceretur.
1916 841 2045 909 Quis

442 942 648 996 invenit
678 939 884 1011 singula
916 939 1153 993 membra
1183 937 1413 991 humana
1455 935 1750 990 mandere?
1774 935 1888 1003 Qua
1917 951 2047 989 con-

438 1036 651 1106 jectura
682 1031 975 1087 inductus?
1019 1034 1188 1099 Quam
1236 1038 1408 1100 potest
1454 1029 1716 1084 medicina
1750 1030 1849 1083 ista
1889 1029 2049 1099 origi-

444 1146 569 1185 nem
613 1129 902 1184 habuisse?
935 1128 1067 1195 Quis
1117 1126 1370 1182 veneficia
1427 1127 1794 1181 innocentiora
1848 1126 2047 1193 effecit,

440 1240 602 1295 quant
631 1222 911 1278 remedia?
964 1222 1094 1276 Esto
1127 1220 1339 1275 barbari
1385 1222 1697 1290 externique
1737 1221 1871 1274 ritus
1905 1221 2050 1275 inve-

439 1319 642 1383 nerint,
666 1318 901 1370 etiamne
925 1314 1099 1371 Grmci
1133 1330 1258 1368 suas
1292 1313 1467 1369 fecere
1497 1313 1594 1368 has
1628 1313 1836 1368 artes?»
1861 1311 2047 1383 (I’liu.,

442 1411 542 1466 lih.
588 1427 755 1466 xxvut
790 1409 928 1464 Hist.
959 1409 1177 1476 Natum,
1204 1424 1323 1480 cap.
1358 1413 1407 1473 i,
1465 1424 1584 1479 pag.
1635 1408 1728 1464 54.
1761 1406 1779 1476 )
1838 1405 2050 1460 Celsum

440 1516 705 1577 prreterea
736 1507 885 1562 adire
908 1506 1129 1577 poteris,
1163 1521 1224 1560 ac
1249 1506 1359 1576 jam
1387 1504 1607 1558 citatum
1654 1517 1682 1555 a
1714 1502 1867 1556 nobis
1918 1502 2052 1557 Ter-

439 1602 748 1660 tullianum.
792 1612 845 1657 et
891 1603 1024 1656 alios
1065 1599 1231 1673 (Cels.
1265 1601 1354 1655 lib.
1400 1616 1477 1663 ιιι,
1506 1614 1626 1668 cap.
1656 1596 1744 1662 2'5,
1776 1596 1837 1651 de
1883 1598 2048 1652 comit.

443 1690 646 1759 Morb.;
670 1695 989 1750 Tet'tulliau.
1014 1695 1307 1766 Apologet.,
1335 1708 1452 1763 cap.
1481 1693 1515 1748 9
1566 1708 1685 1763 pag.
1715 1689 1824 1759 10).

524 1788 763 1857 Denique
829 1786 972 1841 feras
1041 1802 1251 1853 eruere,
1304 1784 1623 1850 visceribus,
1694 1783 2058 1853 membrisque

444 1879 721 1949 saginatas
752 1877 1051 1943 hominum,
1084 1878 1151 1931 ab
1178 1878 1485 1932 hominibus
1516 1877 1654 1942 aliis,
1682 1877 1732 1929 in
1766 1877 1913 1931 circo
1935 1891 2055 1929 cum
2088 1880 2135 1940 B

445 1971 526 2026 eis
603 1970 1002 2035 dimicantibus,
1058 1969 1222 2026 fuisse
1273 1969 1557 2025 devoratas
1618 1969 1827 2024 discere
1888 1970 2061 2039 quivis

447 2062 607 2119 facile
637 2066 924 2135 poteritex
959 2064 1210 2132 Apuleio,
1237 2063 1459 2134 jamque
1493 2065 1657 2118 citato
1702 2063 2058 2129 Tertttliiauo,

449 2156 904 2228 quemadmodum
936 2157 987 2211 in
1034 2158 1280 2229 sequenti
1312 2157 1379 2212 de
1429 2158 1545 2227 ejus
1595 2155 1748 2211 libris
1799 2157 2061 2212 disserta-

445 2248 599 2305 tione
646 2250 991 2306 ostendemus
1047 2251 1283 2323 (ApuIt-i.
1314 2250 1406 2305 lib.
1456 2266 1508 2305 tv
1562 2250 1905 2316 Metamorph.
1937 2259 2062 2305 ante

448 2343 622 2405 med.,
663 2358 782 2414 pag.
836 2343 938 2408 58,
968 2352 1024 2399 et
1060 2359 1238 2416 seqq.;
1293 2345 1576 2402 Dissertat.
1618 2345 1670 2399 in
1717 2343 2061 2409 Tertullian.,

448 2451 571 2509 cap.
602 2438 694 2505 20,
723 2448 826 2494 art.
856 2440 888 2494 4
911 2447 964 2494 et
994 2438 1075 2510 ὅ).

1090 2596 1318 2653 CAPUT
1371 2596 1440 2652 X.

461 2773 530 2812 DE
561 2773 757 2813 TERTIO
783 2774 1021 2828 CBIMINE,
1052 2774 1289 2814 SCILICET
1320 2776 1499 2814 ΙΝΡΛΜΙ
1544 2774 1673 2816 POST
1718 2776 1918 2818 EPULAS
1938 2778 2067 2819 STIX-

528 2868 650 2921 PRO,
685 2870 1007 2923 ADULTERIO,
1049 2872 1114 2909 ET
1164 2868 1411 2921 INCESTU,
1444 2871 1597 2911 CCJL’S
1626 2872 1924 2914 CBRISTIANI
1978 2877 2068 2918 REI

530 2962 882 3002 DXCEBANTUR.

997 3101 1289 3142 Αιιτιευιυε
1314 3102 1523 3141 PRIMUS.

464 3221 721 3286 Quantum
744 3220 1028 3277 Christiani
1068 3223 1129 3277 ab
1163 3224 1255 3277 ltoc
1298 3225 1485 3279 scelere
1524 3225 1875 3289 abhorrerent,
1916 3243 2066 3297 quant

535 3328 729 3371 castum
767 3320 920 3389 fuerit
943 3335 1115 3372 eorum
1144 3321 1459 3390 conjuginm,
1493 3338 1743 3389 quamth
1771 3323 1917 3375 mulli
1948 3338 2066 3391 per-

537 3420 690 3480 petua
718 3409 766 3463 in
797 3410 1086 3480 virginitate
1116 3412 1500 3477 perseverarint.

535 3564 749 3620 Ethnici
776 3580 869 3634 per
898 3566 1120 3620 alteram
1150 3567 1496 3633 calumniam,
1536 3568 1713 3636 priore
1746 3584 1849 3623 nou
1893 3570 2070 3624 minus

462 3658 854 3725 impudentem,
887 3658 1223 3713 GhriStianos
1247 3661 1518 3727 petebant,
1553 3660 1671 3714 illos
1704 3661 1913 3714 infamis
1952 3670 2072 3732 post

466 3751 650 3819 epulas
707 3760 760 3803 et
815 3751 1119 3805 convivium
1176 3752 1371 3821 stupri,
1433 3751 1677 3806 adulterii
1731 3764 1781 3807 et
1833 3754 2071 3809 incestus

460 3854 795 3898 accusantes.
854 3842 1100 3899 Ga-cilius
1153 3860 1283 3898 vero
1332 3843 1478 3899 illam
1529 3846 1709 3899 animo
1762 3860 1861 3902 nec
1904 3850 2071 3917 magis

464 3954 638 4008 :cquo,
693 3955 790 3993 net:
833 3941 1008 3993 minus
1051 3939 1180 4003 acri,
1232 3954 1390 4009 quam
1425 3939 1759 4008 superiorem
1806 3941 2068 3997 adhibuit.

465 4033 800 4103 Quamquam
825 4032 965 4087 enim
1000 4033 1179 4086 ﬁctum
1222 4032 1379 4102 plane
1406 4048 1466 4088 ac
1496 4034 1921 4087 commentitium
1956 4033 2073 4092 fue-

464 4127 537 4182 rit
566 4125 666 4179 hoc
693 4128 932 4192 crimen,
967 4124 1166 4195 duplici
1200 4135 1376 4181 tamen
1423 4136 1742 4197 argumento
1774 4126 1901 4181 illud
1942 4144 2067 4197 pro-

466 4217 599 4272 bare
630 4217 831 4271 nititur.
871 4218 937 4272 Et
963 4219 1191 4287 primttm
1240 4218 1454 4287 quidem
1477 4218 1629 4273 duxit
1682 4234 1749 4274 ex
1784 4218 2070 4278 Frontonis

466 4309 778 4365 testimonio
808 4317 861 4365 et
888 4312 1242 4376 auctoritate;
1270 4311 1496 4365 alterum
1530 4327 1595 4366 ex
1620 4327 1705 4378 eo,
1734 4313 1874 4383 quod
1908 4332 1927 4365 ι
1968 4314 2068 4369 lto-

464 4418 640 4473 nessa,
658 4427 676 4459 ι
703 4410 843 4463 sicut
863 4407 963 4464 “ille
985 4409 1179 4473 aiebat,
1204 4427 1222 4460 ι
1252 4424 1465 4479 semper
1495 4409 1706 4479 publico
1733 4409 2062 4480 gaudeantzi

464 4510 652 4557 contra
688 4512 867 4557 autem
901 4500 1189 4557 Christiani
1223 4517 1417 4573 magno
1438 4517 1653 4573 semper
1701 4502 1876 4557 studio
1926 4518 2069 4575 mys-

458 4602 595 4657 teria
636 4616 727 4656 Sua
756 4600 1109 4656 Occultarent.

2146 561 2277 615 certi
2300 562 2495 627 aliquid
2520 571 2754 617 statuere
2784 563 3017 618 audeat?
3038 564 3172 631 Quid
3204 566 3344 619 enim
3393 566 3437 618 si
3488 564 3741 619 Minucius

2147 669 2342 709 nomen
2386 655 2512 709 illttd
2561 657 2821 712 aversione
2850 700 2864 724 ,
2904 672 2999 712 seu
3045 658 3343 713 adversione
3378 660 3641 729 acceperit
3681 674 3741 711 eo

2148 761 2307 801 sensu
2353 764 2458 819 quo
2507 765 2535 803 a
2577 749 2706 804 solis
2749 748 3156 805 Jttrisconsultis
3199 761 3486 823 usurpatur
3517 768 3611 821 pro
3658 766 3738 804 re-

2152 843 2394 913 pulsith
2418 845 2466 897 in
2496 844 2745 910 alterum,
2781 854 2870 898 aut
2923 862 2980 901 re
3022 862 3126 899 non
3159 845 3294 901 bene
3342 856 3620 916 perspecta
3654 860 3743 898 nec

2152 938 2466 1008 explorata?
2489 938 2753 995 Causidici
2786 950 2961 994 autem
2993 938 3205 994 Minucii
3251 940 3419 993 nostri
3451 939 3539 995 hic
3562 955 3744 995 sensus

2154 1032 2255 1087 erit
2290 1051 2301 1085 :
2346 1032 2625 1087 Demoncs
2656 1033 2791 1087 hanc
2832 1033 3202 1103 excogitavi-re
3257 1031 3511 1097 fabulam,
3558 1040 3633 1097 ut,
3661 1031 3746 1086 de-

2155 1125 2309 1179 formi
2343 1125 2553 1178 infamia
2587 1127 2637 1179 in
2677 1125 3011 1181 Christianos
3050 1126 3266 1195 rejecta,
3300 1124 3499 1189 aut,ab
3530 1123 3747 1178 ethnicis

2155 1240 2255 1280 nec.
2310 1235 2588 1295 perSpet-ta
2646 1241 2743 1282 nec
2793 1228 3114 1287 examinata,
3171 1225 3392 1296 gloriam
3448 1224 3747 1279 christianm

2159 1321 2427 1389 pudicitia:
2468 1320 2815 1374 macularent.
2859 1318 3049 1375 Utrtun
3087 1332 3215 1374 vero
3252 1332 3472 1388 scopum
3518 1316 3745 1387 attigeri-

2159 1429 2299 1481 mus,
2339 1416 2566 1470 aliorutn
2597 1423 2713 1469 esto
2743 1414 3019 1485 judicium.
3057 1414 3334 1469 Posterior
3372 1424 3534 1482 porro
3572 1419 3748 1466 aucto-

2160 1510 2231 1565 ris
2261 1512 2426 1564 nostri
2476 1512 2644 1576 ratio,
2677 1525 2778 1580 qua
2831 1510 2974 1580 prior
3009 1507 3319 1564 conﬁrmari
3350 1506 3564 1560 videtur
3587 1548 3601 1571 ,
3642 1503 3751 1557 hzre

2161 1613 2243 1659 est
2284 1622 2295 1658 :
2330 1604 2402 1661 Ut
2438 1614 2561 1660 ante
2591 1604 2923 1674 exploratam
2956 1603 3237 1657 veritatem
3271 1600 3519 1655 homines
3547 1613 3577 1651 a
3604 1596 3751 1651 nobis

2160 1708 2319 1770 atque
2344 1715 2372 1754 a
2402 1700 2739 1771 suspicienda
2787 1699 3047 1768 religione
3095 1695 3386 1751 christiana
3431 1703 3638 1748 terrore
3674 1690 3749 1743 itt-

2164 1791 2335 1847 faudm
2364 1794 2634 1864 Opinionis
2663 1792 2936 1847 daemones
2966 1797 3295 1846 averterent.
3334 1804 3351 1838 ι

2247 1887 2617 1955 lnterpositam
2661 1883 2854 1939 deinde
2901 1882 3187 1937 Frontonis
3237 1878 3611 1935 auctoritatem
3654 1874 3751 1928 Oc-

2165 1983 2335 2040 invius
2362 1979 2614 2035 facillime
2652 1978 2887 2031 intlrtnat
2926 1995 2937 2029 :
2980 1995 2999 2027 ι
3032 1976 3197 2038 Tuus,
3246 1992 3263 2024 ι
3307 1969 3597 2041 siquidem,
3634 1982 3755 2037 que-

2169 2075 2515 2134 madmodum
2558 2072 2648 2127 ille
2690 2069 3051 2142 prosequitur,
3106 2087 3123 2120 t
3168 2068 3391 2127 Fronto.
3438 2079 3545 2118 non
3589 2071 3645 2117 ut
3685 2060 3754 2115 af-

2168 2173 2428 2235 ilrmator,
2460 2166 2825 2223 testimonium
2853 2163 2996 2229 fecit,
3023 2161 3116 2217 sed
3143 2159 3467 2222 convicium,
3498 2164 3557 2211 ut
3586 2163 3757 2209 orator

2167 2261 2415 2332 aspersit.
2467 2280 2485 2311 ι
2539 2258 2669 2326 Quis
2730 2264 2905 2311 autem
2961 2270 3066 2309 non
3130 2252 3273 2307 videt
3332 2251 3433 2305 hoc
3507 2247 3750 2307 nomine.

2170 2366 2306 2420 tntis,
2360 2351 2640 2422 perspicue
2678 2346 2938 2404 declarari
2983 2347 3308 2401 Frontonem
3355 2341 3423 2397 de
3460 2356 3570 2412 quo
3607 2353 3755 2405 supra

2169 2449 2424 2513 diximus,
2472 2454 2741 2499 oratorem
2792 2441 2955 2497 fuisse
3001 2440 3298 2503 etltnicum,
3342 2437 3496 2507 cujus
3545 2432 3756 2507 proinde

2174 2542 2536 2599 testimonium
2590 2547 2773 2595 contra
2828 2535 3165 2592 Christianus
3241 2534 3437 2589 nullius
3509 2528 3755 2586 momenti

2171 2652 2291 2692 esse
2325 2633 2569 2707 poterat?

2246 2732 2467 2795 Verum,
2499 2736 2557 2783 ut
2587 2728 2636 2782 id
2665 2728 2861 2781 clarius
2887 2732 3084 2796 pateat,
3114 2721 3364 2778 Octavius
3403 2717 3754 2788 impudentem

2173 2826 2319 2881 illam
2352 2824 2643 2879 Gentilium
2676 2817 3476 2888 calumniam,singularemque
3508 2815 3754 2866 innocen-

2177 2921 2301 2974 tiam
2332 2918 2756 2975 Christianorutn
2789 2906 3038 2984 pati-facit
3079 2924 3141 2964 cx
3176 2908 3371 2962 sobriis
3399 2907 3612 2960 illorum
3641 2916 3755 2956 con«

2175 3014 2344 3077 viviis,
2381 3024 2692 3079 summaque
2717 3007 3048 3078 potissimum
3071 3003 3339 3065 castitate,
3365 3014 3528 3071 quam
3553 2998 3637 3051 ille
3661 3006 3755 3049 tam

2174 3114 2301 3161 vere
2347 3118 2504 3175 quam
2558 3101 2872 3171 simpliciter
2923 3097 3064 3151 hunc
3116 3094 3333 3165 exponit
3379 3093 3433 3145 in
3507 3088 3752 3143 modum:

2182 3218 2198 3251 ι
2238 3198 2348 3254 Nos
2399 3197 2675 3268 pudorem,
2734 3206 2839 3248 nou
2873 3192 3026 3257 facie,
3072 3189 3165 3243 sed
3214 3195 3394 3243 mente
3434 3193 3756 3255 praenimis.

2095 3281 2142 3347 C
2177 3293 2347 3349 Unius
2378 3287 2698 3345 matrimonii
2730 3287 2941 3341 vinculo
2981 3285 3209 3339 libenter
3237 3279 3597 3343 inhzeremns;
3626 3273 3758 3344 cupi-

2176 3387 2395 3443 ditatem
2445 3383 2754 3455 procreandi
2787 3391 2877 3436 aut
2921 3396 3078 3435 unam
3111 3380 3332 3440 scitum,
3364 3386 3449 3429 aut
3486 3375 3702 3429 nullam.
3738 3390 3752 3421 ι

2177 3482 2389 3536 Minucii
2413 3481 2591 3549 itaque
2622 3486 2860 3545 tempore
2879 3491 2938 3529 ea
2965 3483 3098 3537 erat,
3125 3482 3462 3543 semperque,
3495 3484 3560 3524 ex
3579 3466 3757 3522 Christi

2180 3580 2466 3644 prascepto,
2500 3586 2618 3625 esse
2644 3569 2825 3623 delutit
2854 3567 3139 3636 eonjugum
3170 3565 3586 3619 chriStianorum
3617 3557 3761 3613 casti-

2179 3666 2375 3719 monia.
2412 3665 2497 3725 At,
2534 3661 2748 3728 majoris
2785 3659 3129 3729 perfectionis
3164 3656 3361 3718 studio,
3406 3655 3590 3724 plures
3627 3648 3759 3703 nullo

2179 3772 2428 3827 umquam
2487 3754 2806 3808 matrimonii
2862 3753 3078 3806 vinculo
3107 3749 3360 3820 colligati,
3413 3751 3465 3802 in
3519 3753 3758 3817 perpetua

2177 3852 2480 3923 virginitate
2512 3847 2914 3919 permanebant.
2950 3846 3143 3901 Verum
3179 3853 3393 3915 prasstat
3432 3856 3622 3896 rursus
3649 3852 3761 3891 auc-

2179 3958 2347 4002 torem
2379 3956 2620 4001 nostrum
2649 3944 2715 3997 dc
2744 3944 2830 3997 illa
2862 3943 3171 4014 loquentem
3197 3939 3383 3995 audire
3417 3957 3429 3991 :
3468 3957 3486 3988 ο
3526 3935 3763 4002 Plerique

2178 4039 2437 4101 inviolati,
2455 4057 2473 4091 ι
2493 4039 2617 4102 ait,t
2642 4035 2885 4105 corporis
2904 4036 3204 4105 virginitate
3225 4040 3479 4103 perpetua
3501 4029 3759 4087 fruuntur,

2175 4133 2355 4204 potius
2384 4144 2542 4203 quam
2574 4131 2893 4198 gloriantur.
2929 4129 3157 4183 Tantum
3186 4129 3365 4198 itaque
3391 4125 3544 4181 abest
3586 4118 3758 4177 inceSIi

2175 4226 2392 4297 cupido,
2447 4236 2502 4280 ut
2548 4223 2819 4278 nonnullis
2857 4222 3039 4277 rubori
3080 4224 3148 4275 sit
3196 4222 3357 4276 etiam
3408 4219 3598 4289 pudica
3645 4230 3761 4269 cou-

2168 4321 2394 4391 junctio.
2434 4338 2454 4372 ι
2507 4318 2582 4372 lbi
2634 4330 2760 4371 vero
2816 4317 2896 4369 his
2945 4314 3197 4380 verbis,t
3251 4314 3524 4367 Fruuntur
3578 4310 3757 4379 potius,

2174 4430 2333 4486 quam
2372 4413 2690 4483 gloriantur,
2739 4429 2757 4461 ι
2793 4408 3039 4463 ethnicos
3075 4406 3250 4462 obiter
3276 4405 3604 4476 perstringit,
3633 4396 3759 4469 apud

2175 4522 2310 4579 quos
2342 4505 2609 4571 Vestales,
2644 4513 2696 4559 et
2720 4502 2901 4557 Matris
2936 4501 3095 4557 deum
3128 4499 3433 4555 sacerdotes
3455 4497 3524 4553 de
3555 4492 3759 4564 virgini-

2179 4610 2288 4656 tate
2319 4616 2413 4655 sua
2442 4599 2610 4668 magis
2636 4596 3017 4668 gloriabantur,
3049 4604 3208 4666 quam
3229 4607 3415 4649 revera
3443 4592 3756 4647 fruerentur.

537 4698 606 4749 At
648 4695 899 4750 Octavius
952 4703 1116 4748 totam
1160 4694 1295 4749 hanc
1340 4702 1395 4749 et
1438 4693 1778 4761 calumniam,
1825 4702 1881 4750 et
1910 4710 2064 4767 argu-
2090 4690 2145 4750 D
2174 4694 2279 4752 Sed
2311 4692 2378 4747 de
2407 4693 2489 4746 his
2520 4688 2677 4745 infra.

461 4788 850 4843 mentatiouem
916 4786 1113 4856 duplici
1173 4786 1332 4840 etiam
1387 4787 1737 4856 responsione
1772 4788 1968 4844 obterit
2014 4799 2069 4846 et

460 4880 763 4935 contundit.
795 4878 1067 4936 Audacter
1086 4878 1227 4933 enim
1253 4877 1533 4949 palamque
1575 4888 1909 4935 contestatur
1934 4881 2065 4935 soli-

458 4973 528 5027 tis
556 4971 863 5027 daemonum
887 4971 1182 5027 mendaciis
1219 4970 1506 5025 confictum
1541 4970 1700 5027 fuisse
1735 4972 1836 5027 hoc
1878 4972 2066 5029 Gbriso

457 5068 727 5122 tianurum
782 5068 978 5130 scelus,
1013 5075 1067 5121 et
1108 5082 1135 5120 a
1195 5066 1409 5121 nemine
1452 5084 1705 5140 umquam
1753 5072 2063 5142 probatum.

459 5161 714 5217 Secundo
751 5162 1012 5231 ipsqsmet
1058 5159 1299 5216 Gentiles
1338 5159 1498 5231 hujus
1555 5164 1719 5232 ipsius
1764 5163 2067 5219 detestandi

455 5251 642 5320 ﬂagitii
669 5293 682 5317 ,
745 5251 1063 5307 Christianis
1108 5266 1389 5322 perperam
1434 5253 1650 5323 objecti,
1703 5268 1893 5324 reapse
1938 5269 2067 5309 con-

453 5343 641 5397 vincit.

533 5442 931 5492 Asseveranter
971 5436 1149 5507 itaque
1179 5438 1493 5509 pronuntiat
1525 5455 1538 5493 :
1585 5454 1603 5490 ι
1644 5438 1912 5494 Grandem
1943 5454 2063 5495 esse

458 5530 693 5584 tabulam
722 5544 887 5598 quum
918 5528 1201 5585 adversum
1234 5547 1332 5586 nos
1365 5531 1668 5586 daemonum
1698 5531 1862 5585 coitio
1888 5531 2061 5598 dupli-

454 5624 652 5694 plicem
701 5623 771 5675 ob
804 5620 1066 5675 rationem
1097 5625 1315 5677 mentita
1345 5633 1429 5679 est
1461 5642 1474 5697 ς
1510 5624 1684 5694 primo
1730 5629 1786 5676 ut
1834 5622 2058 5692 gloriam

463 5714 735 5785 pudicitia:
782 5712 1042 5767 deformis
1082 5713 1312 5770 infamiae
1352 5716 1635 5770 aversione
1681 5714 1993 5769 macularet.
2033 5733 2051 5767 ι

455 5811 561 5869 Sed
592 5812 771 5883 plures
815 5821 1123 5883 corruptum
1184 5826 1382 5869 nomen
1445 5816 1723 5881 aversione,
1770 5820 1931 5882 atque
1972 5813 2062 5868 alii

449 5906 738 5978 legendum
805 5907 1149 5981 suspicantur
1214 5911 1523 5977 aspersione,
1591 5906 1682 5962 alii
1755 5906 2058 5963 accessione.

2245 4789 2608 4844 Tertullianus
2634 4785 2793 4841 etiam
2836 4784 2901 4839 ad
2944 4782 3188 4839 eamdem
3228 4780 3570 4834 fzdsicsimam
3606 4771 3761 4831 ethni-

2171 4898 2358 4939 corum
2384 4879 2812 4937 criminationem
2844 4876 3090 4930 similiter
3119 4874 3413 4943 respontlet
3445 4891 3456 4926 τ
3497 4890 3516 4925 ι
3566 4868 3669 4924 Nos
3698 4864 3759 4918 ab

2171 4977 2275 5031 isto
2305 4985 2499 5030 eventu
2534 4970 2940 5041 diligentissima
2975 4976 3028 5021 et
3066 4967 3373 5022 fidelissima
3396 4964 3615 5021 castitas
3648 4972 3760 5028 seps

2172 5069 2274 5133 sit;
2309 5076 2675 5138 quantumque
2709 5065 2777 5118 ab
2819 5061 3018 5130 stupris
3048 5069 3100 5114 et
3131 5058 3196 5112 ab
3225 5057 3372 5111 omni
3422 5064 3543 5125 post
3590 5051 3758 5109 matri-

2173 5164 2410 5217 monium
2459 5173 2706 5222 exccssu,
2748 5166 2953 5211 tantum
2985 5164 3038 5208 et
3069 5152 3135 5206 ah
3164 5150 3353 5206 incesti
3389 5165 3517 5204 casu
3550 5148 3642 5201 tuti
3670 5158 3754 5198 su-

2174 5270 2310 5309 mus.
2341 5252 2567 5319 Quidam
2590 5249 2755 5302 multo
2781 5247 3084 5303 securiores
3115 5251 3277 5299 totam
3308 5245 3415 5297 vim
3449 5242 3604 5311 hujus
3619 5250 3754 5293 erre-

2172 5351 2247 5406 ris
2272 5349 2476 5418 virgine
2518 5343 2845 5400 continentia
2886 5342 3184 5407 depellunt,
3229 5352 3388 5393 senes
3420 5336 3567 5406 pueri
3600 5331 3748 5406 (Tert.

2172 5443 2462 5514 Apologet.,
2494 5454 2610 5509 cap.
2637 5438 2691 5504 9,
2728 5450 2843 5507 pag.
2882 5434 2993 5506 10).
3036 5455 3051 5485 ι
3086 5435 3253 5489 Senes
3283 5444 3477 5502 pueros
3509 5429 3579 5484 ibi
3608 5428 3750 5481 vocat

2166 5536 2257 5607 qtti
2290 5535 2355 5589 ad
2386 5532 2677 5588 seuecuttis
2718 5545 2887 5600 u<qne
2931 5541 3160 5598 tempus.
3195 5526 3454 5597 puerilem
3486 5523 3747 5595 virginita-

2166 5636 2272 5683 tem
2322 5632 2689 5681 servaverunt.
2727 5624 2895 5677 Antea
2936 5637 3067 5676 vero
3110 5620 3352 5676 Justinus
3391 5628 3593 5689 martyr
3630 5610 3746 5669 illud

2165 5721 2249 5775 Itis
2279 5719 2455 5773 verbis
2482 5717 2846 5772 declaraverat
2881 5733 2891 5768 :
2927 5720 3030 5769 K1}
3069 5717 3236 5769 πολλοί
3281 5738 3404 5776 τινος
3456 5716 3535 5768 καὶ
3589 5710 3746 5763 πολλαὶ

2163 5818 2521 5880 ﬁnxerit-68?“,
2554 5813 2636 5863 ποθὶ
2680 5813 3129 5877 ἓϐδςμηκοντοῧται,
3177 5812 3220 5864 οἳ
3258 5815 3311 5864 ἔκ
3345 5811 3548 5862 παιδίω-θ
3576 5800 3743 5872 dgnior

2163 5912 2389 5969 τεὺθησιν
2414 5916 2478 5975 τῷ
2504 5911 2716 5977 ΧΡίθτῲν
2747 5910 2944 5975 ἀρθορει
2972 5898 3265 5974 διαμένωσι·
3299 5904 3384 5958 καὶ
3414 5908 3609 5969 εὔχομ”ι
3632 5897 3740 5950 κατὰ
