3972 6310
232 345 336 403 50!

1634 334 2113 397 DlSSERTATlO.

3441 349 3547 405 50?.

230 474 332 522 σᾶν
357 474 485 540 vrbo;
509 470 761 538 ἀνθρώπων
788 464 1026 524 sarcinam
1057 464 1234 528 δεῖξαι.
1264 478 1283 511 t
1309 459 1565 516 Permulti
1594 457 1835 529 profecto

1957 465 2059 513 Ξεοῧ
2082 464 2126 513 ἒν
2155 461 2329 532 δοκίμῳ
2355 471 2434 531 νῷ,
2462 466 2545 515 καὶ
2588 473 2652 532 τῷ
2684 468 2836 517 τεμεῖν
2865 471 2926 522 τὰ
2954 470 3244 533 καθήκοντα,
3280 472 3555 539 πληρθῦμε-

231 574 404 618 sexus
448 559 732 630 utriusque
772 566 826 614 et
854 558 1131 627 sexaginta
1179 564 1235 613 et
1281 555 1620 626 septuaginta
1668 568 1837 610 annos

230 653 370 717 nati,
395 654 487 726 qui
516 668 547 710 ι
578 652 760 725 pueris
793 650 1137 722 disciplinam
1167 649 1368 705 Christi
1399 658 1523 704 sunt
1560 647 1834 713 assectati,

232 749 535 821 incorrupti
566 760 619 805 et
649 747 867 804 caelibes
897 754 1263 818 perseverant.
1298 744 1363 800 Et
1401 742 1597 815 glorior
1626 757 1711 797 me
1742 755 1837 812 per

229 856 613 914 omne.genus
644 841 918 896 hominum
962 839 1097 893 tales
1139 845 1566 892 commonstrare
1615 848 1772 905 posse
1812 852 1831 886 ι

230 938 253 1008 (
283 935 480 993 Justin.
518 945 730 1006 martyr.
776 931 993 1005 Apolog.
1029 934 1082 999 i,
1116 947 1237 1004 pag.
1271 930 1341 985 62
1371 929 1417 1002 ).
1455 930 1530 985 De
1562 928 1645 983 his
1677 941 1837 998 porro

230 1046 347 1087 non
375 1031 550 1087 solum
581 1028 896 1101 virginibus,
927 1027 1021 1084 sed
1052 1027 1369 1097 conjugibus
1396 1026 1556 1081 etiam
1586 1023 1837 1079 christia-

235 1125 323 1181 nis
354 1124 543 1181 eadem
575 1125 665 1180 ille
702 1130 909 1194 postea.
954 1132 1113 1192 atque
1144 1119 1505 1175 Tertullianus
1551 1128 1837 1185 nosterque

226 1218 521 1284 Minucius,
568 1217 785 1274 tradidit
829 1216 1166 1272 Christianos
1210 1214 1296 1269 vel
1341 1214 1628 1268 liberorum
1677 1211 1837 1267 dum-

229 1321 384 1368 taxat
441 1311 799 1369 creandorum
845 1320 1007 1381 atque
1048 1308 1446 1365 educandcrum
1492 1308 1656 1377 gratia
1703 1322 1836 1363 con-

220 1406 448 1477 iunctos
491 1408 779 1467 connubio,
829 1407 936 1472 vel,
982 1420 1048 1461 eo
1091 1413 1362 1470 recusato,
1397 1405 1449 1459 in
1492 1403 1837 1458 continentia:

224 1510 508 1573 perpetua:
547 1503 811 1557 mansisse
842 1508 1002 1555 statu.
1035 1498 1159 1555 Pari
1188 1514 1401 1571 quoque
1433 1498 1594 1554 modo
1624 1498 1837 1554 eadem.

225 1610 339 1668 que
366 1595 579 1667 publica
603 1593 977 1651 testificatione
1005 1593 1373 1663 Athenagoras
1403 1591 1636 1663 iniquam
1664 1590 1838 1661 genti-

224 1690 361 1744 lium
408 1689 804 1744 accusationem
864 1687 1135 1757 promulsat
1189 1704 1221 1742 λ
1258 1693 1470 1740 Γυναῖκα
1510 1695 1596 1754 μὲν
1647 1691 1838 1747 ἕκαστος

227 1790 386 1853 ἡμῶν,
417 1794 473 1846 ἦν
502 1788 698 1850 ἠγάγετο
726 1788 851 1839 κατὰ
874 1777 995 1841 ’τώς
1041 1778 1117 1846 ὑφ’
1147 1788 1278 1847 ἥμῶν
1321 1784 1610 1847 volgabat);
1649 1780 1836 1846 νόμους,

1942 572 2011 606 vat
2035 560 2194 618 πάσης
2226 559 2546 623 δικαιοσύνης,
2581 562 2659 612 καὶ
2698 563 2992 629 ἀδαθότηττις
3023 578 3036 615 τ
3075 580 3094 612 ί
3140 561 3427 628 Caeterum,
3458 562 3556 617 Ιιο·

1943 651 2117 704 mines
2148 651 2349 716 idiotm,
2401 654 2469 706 ab
2506 652 2587 708 cis
2624 668 2719 723 pro
2769 653 2937 709 nihilo
2985 654 3169 723 habiti,
3212 671 3275 711 ac
3311 657 3459 711 stulti
3500 667 3555 712 et

1943 744 2257 813 illiberales,
2304 748 2348 801 si
2392 747 2553 803 modo
2593 749 2930 804 committant
2968 764 3025 805 se
3066 751 3117 803 in
3164 750 3320 805 [idem
3364 750 3458 806 Dei
3500 762 3556 805 et

1942 840 2242 895 doctrinam
2275 841 2398 897 Jcsu
2428 843 2710 914 recipiant,
2745 853 2947 898 tantum
2971 845 3163 899 absunt
3184 847 3249 899 ab
3275 845 3420 900 omni
3450 845 3559 900 las-

1943 936 2103 990 civia.
2140 938 2414 1006 spurcitia,
2464 937 2795 1007 turpitudine
2836 939 3134 1004 libidinum,
3170 948 3226 994 ut
3259 940 3309 993 in
3348 953 3551 994 morem

1944 1029 2304 1100 perfectornm
2354 1032 2713 1097 sacerdotum,
2775 1033 2841 1087 ab
2886 1034 3029 1089 omni
3074 1033 3217 1088 coitu
3260 1034 3556 1089 abhorren-

1943 1124 2098 1184 tium.
2149 1125 2301 1178 multi
2351 1139 2536 1179 eorum
2586 1124 2638 1178 in
2690 1136 2854 1179 totum
2900 1134 3046 1181 Casic
3088 1141 3325 1197 pureque
3352 1126 3552 1196 vivant,

1942 1218 2101 1274 alieni
2134 1235 2162 1273 a
2192 1234 2483 1290 congressu
2526 1219 2808 1274 mulierum
2842 1220 3001 1273 etiam
3035 1220 3367 1291 legitimo....
3398 1220 3556 1292 Apud

1941 1313 2317 1382 Christianos,
2374 1330 2477 1368 non
2528 1325 2745 1384 propter
2795 1314 3056 1369 luunanns
3110 1315 3385 1381 honores,
3445 1332 3553 1371 non

1943 1420 2162 1478 propter
2205 1406 2482 1462 mercedes
2525 1408 2882 1478 pecuniarias,
2916 1424 3019 1462 non
3052 1417 3271 1478 propter
3299 1408 3552 1478 gloriolas

1943 1501 2085 1571 viget
2111 1501 2429 1570 virginitatis
2454 1500 2723 1566 studium;
2764 1510 2819 1556 et
2857 1501 3247 1571 quamprimum
3289 1501 3557 1571 approba.

1943 1606 2139 1651 verunt
2171 1596 2337 1651 Deum
2384 1595 2582 1651 habere
2628 1597 2680 1651 in
2728 1597 2939 1663 notitia,
2971 1606 3358 1651 conservantur
3384 1611 3413 1649 a
3448 1596 3557 1650 Deo

1947 1693 1998 1747 in
2030 1692 2129 1747 hac
2162 1702 2340 1747 mente
2369 1691 2616 1747 laudabili
2649 1700 2703 1747 et
2742 1692 2953 1759 pietatis
2982 1692 3196 1757 officiis,
3230 1691 3369 1763 pleni
3409 1690 3557 1745 omni

1944 1785 2186 1840 bonitate
2215 1801 2277 1840 ac
2301 1785 2504 1854 justitia
2536 1804 2554 1837 ι
2578 1784 2767 1851 (Idem,
2799 1785 2891 1839 lib.
2925 1800 3014 1850 γη,
3058 1801 3111 1853 p.
3137 1783 3264 1850 364,
3291 1791 3346 1838 et
3370 1781 3555 1855 seqq.).

224 1883 452 1948 νομίζων,
496 1881 577 1934 καὶ
607 1880 791 1939 ἀὐτην
830 1884 977 1947 μέχρι
1023 1881 1106 1931 τοῦ
1157 1877 1622 1933 πάιδοποιήσασοειι.
1660 1879 1721 1933 ὡς
1744 1877 1839 1943 γὰρ

1957 1881 2018 1936 ibi
2044 1881 2379 1937 Christianos
2420 1879 2470 1933 iu
2521 1880 2766 1934 castitate
2814 1888 2905 1932 aut
2947 1888 3204 1949 perpetua
3251 1877 3561 1948 virginitate

222 1976 249 2026 ὃ
278 1980 496 2044 γουργδς
526 1972 837 2027 καταείλλων
877 1972 943 2031 εὶς
978 1984 1066 2039 νίν
1111 1972 1176 2021 rei.
1215 1972 1486 2037 στι-ἕρματα,
1527 1972 1710 2033 ἄμητον
1751 1989 1838 2018 πε·

222 2070 409 2139 ριμίνει
451 2069 533 2122 οὒκ
568 2071 864 2136 ἐπισπείρων·
900 2066 981 2117 οιαὶ
1028 2065 1142 2130 ἡμῖν
1169 2067 1339 2130 μέτρον
1374 2063 1630 2127 ιτιθυμῖας
1659 2066 1688 2117 ἡ
1716 2080 1835 2112 παι-

224 2158 443 2215 δποιτα.
486 2163 636 2231 εὕροις
682 2163 733 2213 δὲ
775 2160 832 2211 ἂν
878 2160 1076 2219 παλλοὺς
1117 2167 1208 2213 τῶν
1248 2152 1366 2225 πάρ’
1395 2157 1511 2222 ἡμῖν
1531 2158 1610 2207 xvi
1641 2157 1833 2222 ἅνέρας,

223 2260 313 2308 καὶ
338 2257 587 2325 γυναῖκας,
617 2257 1062 2321 surrupiam-:70;
1084 2251 1320 2315 ἀγάμους,
1355 2249 1516 2300 Floreat
1545 2252 1628 2300 τοῦ
1652 2247 1837 2313 μᾶλλον

224 2357 501 2405 minuam
530 2356 595 2418 τᾳ
622 2356 725 2416 Θεῷ
752 2364 766 2400 :
806 2364 825 2398 ι
864 2346 1045 2413 Itaque
1076 2358 1320 2405 uxorem,
1355 2355 1510 2409 quam
1539 2340 1835 2395 secundum

224 2445 557 2517 approbatas
592 2442 746 2498 nobis
777 2440 928 2511 leges
953 2439 1051 2493 sibi
1082 2439 1307 2507 quisque
1348 2434 1583 2499 duxerit,
1627 2441 1839 2503 reputat

225 2553 339 2593 non
381 2537 437 2592 in
490 2537 654 2591 alium
704 2548 863 2605 quam
911 2530 962 2586 in
1005 2528 1354 2599 procreandaa
1396 2527 1598 2583 sobolis
1649 2528 1832 2581 tinem.

226 2629 691 2702 Quemadmodum
713 2626 856 2682 enim
879 2624 1132 2697 agricola,
1149 2632 1431 2693 postquam
1454 2620 1654 2675 semina
1681 2628 1838 2674 terra:

232 2724 531 2790 mandavit,
564 2724 757 2780 messis
787 2730 998 2790 tempus
1027 2726 1304 2786 exsnectat
1339 2730 1437 2770 nec
1468 2714 1568 2768 alia
1601 2713 1839 2783 superin-

222 2819 367 2891 jicit,
395 2819 473 2874 sic
496 2817 652 2873 nobis
672 2816 831 2871 etiam
858 2811 1307 2881 concupiscentize
1330 2808 1521 2863 modus
1546 2806 1839 2861 liberorum

231 2913 608 2985 procreatione
666 2909 938 2965 delinitur.
990 2905 1236 2961 Invenias
1290 2914 1467 2958 autem
1520 2902 1718 2957 multos
1771 2916 1837 2957 ex

230 3008 435 3066 nostris
461 3007 513 3062 in
542 3015 769 3075 utraque
790 3016 921 3059 sexu
944 3017 1016 3072 qu
1067 3000 1117 3054 in
1147 2996 1391 3054 caelibatu
1422 3002 1835 3061 eonsenescaut,

232 3102 377 3176 quod
409 3105 462 3158 in
494 3102 599 3158 hoc
628 3108 767 3155 statu
797 3098 907 3153 Deo
934 3094 1331 3166 conjunctiores
1370 3106 1427 3147 se
1475 3091 1678 3145 futuros
1723 3104 1841 3161 cog-

231 3208 460 3256 noscant
481 3216 500 3249 ι
537 3194 809 3270 (At/tenag.
848 3190 1024 3265 Legat.
1058 3205 1152 3262 pro
1182 3187 1483 3252 Christian.,
1515 3200 1635 3257 pag.
1669 3184 1743 3241 56
1787 3194 1842 3242 et

233 3290 367 3367 seq).

310 3384 577 3457 Denique,
608 3393 666 3439 ut
695 3383 830 3438 alios
864 3379 1197 3441 omittamus,
1239 3374 1496 3447 Origenes
1526 3382 1691 3439 certe,
1744 3372 1833 3427 fri-

234 3483 388 3539 volas
437 3480 579 3538 Celsi
624 3477 994 3534 cavillationes
1040 3472 1388 3537 confutando,
1443 3470 1615 3541 palam
1659 3469 1843 3540 utique

237 3572 365 3631 facit
383 3574 603 3630 virosac
619 3572 892 3632 mulieres,
920 3577 1039 3640 post
1061 3565 1242 3620 datum
1266 3562 1572 3619 christiana:
1597 3561 1842 3631 religioni

239 3685 459 3733 nomen,
490 3676 637 3722 tanto
669 3664 834 3720 fuisse
878 3662 1168 3725 castiores,
1210 3666 1410 3730 quanto
1458 3665 1610 3712 antea
1647 3657 1844 3728 impuri

241 3760 606 3833 impudicique
635 3757 842 3812 inerant
861 3778 868 3807 :
889 3762 937 3822 ἐξ
960 3758 1012 3809 οὗ
1029 3760 1076 3809 δὲ
1110 3755 1435 3825 περιάψειν
1460 3763 1541 3806 τὸν
1574 3753 1721 3818 ὶὸγιν,
1739 3754 1848 3805 τινὲι

239 3862 417 3931 τρόπον
453 3856 698 3929 γεγόνασιν
735 3860 1090 3922 ἐπιεικέστεροι,
1132 3853 1212 3904 καὶ
1243 3851 1532 3920 σεμνότιροι,
1564 3849 1644 3901 καὶ
1676 3849 1847 3900 εὐστα-

244 3955 476 4023 Θεστιροι,
507 3958 565 4013 ὥς
593 3972 724 4012 τινας
766 3952 919 4003 αὐτῶν
946 3949 1027 3999 διὰ
1052 3952 1132 4000 τὸν
1160 3950 1311 4014 ἔρωτά
1343 3944 1717 4013 ὑπερϐαλλούσης
1753 3956 1847 3992 κα-

242 4046 522 4115 θαρότητος,
562 4044 646 4094 καὶ
700 4043 784 4093 διὸ
829 4047 883 4095 τὸ
928 4046 1247 4108 ιιθαρώτερθν
1289 4041 1555 4106 θρησκεύειν
1596 4042 1652 4088 τὸ
1703 4036 1848 4099 Θεῖον,

244 4140 368 4207 μηδὲ
412 4154 501 4193 τῶν
538 4140 957 4206 συγκεχωρημένων
990 4138 1079 4186 ὑπὸ
1118 4139 1200 4187 τοῦ
1246 4133 1387 4198 νόμον
1428 4133 1665 4185 ἅπτεσθαι
1703 4134 1852 4199 ἀφρο-

256 4232 421 4286 δισίων
446 4248 458 4285 :
491 4247 510 4282 ι
547 4227 624 4285 Ex
656 4244 766 4300 quo
791 4237 969 4283 autem
999 4234 1238 4296 tempore
1260 4225 1484 4279 verbum
1510 4230 1848 4295 receperunt,

252 4332 410 4380 tanto
465 4322 729 4394 aequiores
778 4329 903 4375 sunt
953 4318 1182 4384 redditi,
1234 4317 1541 4388 graviores,
1603 4325 1853 4371 constan-

253 4418 460 4483 tiores;
489 4416 623 4471 adeo
654 4420 711 4470 ut
740 4414 953 4486 quidam
984 4430 1049 4468 ex
1079 4412 1226 4482 ipsis,
1260 4427 1443 4467 amore
1473 4410 1683 4467 eximiae
1711 4410 1856 4481 puri-

249 4511 379 4567 tatis
423 4518 609 4580 etquo
651 4509 910 4563 castiores
938 4506 1005 4560 ad
1051 4504 1140 4561 Dei
1174 4506 1373 4561 cultum
1415 4505 1754 4572 accederent,
1787 4521 1857 4562 ne

250 4619 513 4662 concessa
540 4603 756 4675 quidem
786 4610 839 4657 et
864 4601 1098 4672 legitima
1125 4609 1342 4655 utantur
1361 4598 1572 4655 Venere
1608 4620 1626 4653 ι
1654 4600 1851 4671 (0rig.,

252 4699 349 4756 lib.
403 4716 442 4767 ι,
496 4708 632 4753 cont.
662 4696 821 4761 σείς..
855 4711 973 4766 pag.
1013 4693 1075 4748 2|
1115 4693 1155 4765 ).

256 4805 544 4867 postquam
610 4786 849 4849 ostendit
921 4790 1151 4862 gentiles
1226 4788 1575 4860 philosophos
1636 4805 1755 4845 sese
1806 4790 1857 4846 in

259 4890 506 4961 quolibet
556 4886 917 4959 impuritatis,
965 4884 1199 4940 lascivia:
1251 4893 1304 4938 et
1354 4884 1698 4954 turpitudinis
1749 4886 1861 4940 luto

256 4981 572 5046 volutasse,
647 4978 759 5034 haec
820 4977 888 5033 de
940 4974 1258 5032 Christianis
1312 4976 1583 5047 subiungit.
1635 4995 1648 5031 :
1695 4985 1756 5031 Οἱ
1814 4982 1863 5031 δὲ

256 5075 342 5129 ὕπ’
389 5079 542 5131 ain-rint
591 5076 667 5127 ἰπὶ
725 5072 911 5141 ἱδιωτίᾳ
960 5074 1348 5138 ἓξουθενῡῦμενοι,
1401 5074 1483 5124 καὶ
1536 5074 1721 5141 (lapsi,
1780 5074 1864 5125 καὶ

255 5170 544 5240 ἀνδρᾶποδα
570 5170 690 5222 εἶναι
713 5169 969 5233 λενόμενιι,
1000 5168 1085 5234 κᾷν
1103 5167 1249 5232 ᾆιὸνον
1276 5170 1552 5219 πιστεύωσιν
1575 5174 1771 5226 ἑαυτοὺς
1800 5183 1863 5240 τῷ

256 5269 384 5332 Θεᾷ,
419 5264 800 5333 παρεδεξάμην
848 5270 937 5317 τὶν
978 5256 1060 5313 τοῦ
1109 5249 1252 5319 Ῐησοῦ
1285 5262 1617 5325 διδασκαλίαν,
1646 5268 1865 5316 τοσσῦτον

258 5356 548 5413 ἀτοδξιυσιν
577 5360 840 5425 ἀσελγείας,
870 5357 950 5409 καὶ
972 5358 1289 5424 ἀκαθαρσίάς,
1321 5356 1572 5417 minim;
1590 5370 1672 5416 τῦς
1700 5360 1743 5408 ἓν
1766 5376 1868 5408 συν-

261 5462 447 5515 ουσίαις
487 5451 835 5519 ἀσχημςσῦνης,
867 5454 927 5509 ὣς
966 5452 1049 5503 καὶ
1090 5450 1259 5519 τρόπον
1285 5458 1472 5504 τελείων
1508 5457 1657 5520 ἱερέων
1709 5457 1866 5504 τεᾶτθν

256 5553 511 5602 συνουσίαν
558 5546 965 5613 ἀποστραφέντων,
1012 5548 1210 5604 «aliain;
1255 5545 1406 5597 αὖτῶν
1439 5550 1673 5604 adradi);
1705 5546 1864 5595 καθα·-

255 5645 439 5713 ρεῦειν,
469 5641 521 5691 οὐ
547 5646 685 5704 μόνον
706 5639 805 5689 ἀπὸ
827 5638 985 5696 πάσης
1013 5642 1178 5703 μίξεως
1210 5671 1294 5688 ....
1320 5641 1363 5687 ἓν
1390 5637 1435 5685 δέ
1466 5640 1793 5703 Χρισγιανοῖς,
1818 5639 1868 5690 οὖ

263 5739 351 5789 διὰ
376 5738 467 5794 τὰς
500 5738 633 5803 περὶ
658 5737 916 5801 ἀνθρώποις
946 5735 1110 5799 τιμὰς,
1137 5734 1187 5783 οὗ
1211 5728 1291 5782 διὰ
1318 5732 1511 5796 μισοιὺς
1538 5742 1618 5781 καὶ
1639 5731 1867 5800 ἀργύρια,

258 5831 367 5883 οὖῦὶ
403 5830 485 5880 διὰ
514 5829 744 5895 δοεᾶιξιυν,
775 5829 971 5878 ἀσκιῦςι
1000 5834 1084 5878 τίν
1133 5832 1335 5883 παιντιλῆ
1384 5826 1657 5890 παρῧενέαιν,
1685 5826 1763 5874 ναὶ
1814 5829 1873 5883 ὡς

258 5922 557 5986 ίδίκίμασνν
599 5928 676 5975 τίν
702 5918 817 5972 θεδν
860 5924 984 5984 ’κείν
1020 5923 1063 5970 ἕ)
1091 5924 1349 5983 ίπίἹντδστι,
1386 5920 1640 5985 τηρεῖνται
1671 5919 1763 5967 frti
1792 5920 1877 5969 τηῦ

1942 1978 2205 2040 viventes,
2239 1976 2461 2047 opponit
2501 1974 2908 2030 Atheniensium
2943 1972 3201 2044 pontiﬁci,
3245 1972 3336 2044 qui
3365 1971 3430 2026 ad
3463 1985 3557 2026 so—

1942 2071 2153 2126 lemnes
2176 2068 2512 2124 caerimonias
2534 2078 2681 2122 caste
2708 2066 2983 2121 obeundas
3005 2066 3177 2121 cicuta
3204 2064 3472 2129 utebatur,
3499 2078 3563 2118 ac

1941 2167 2259 2235 quibusdam
2293 2164 2545 2230 ethnicis,
2566 2164 2660 2219 sed
2685 2162 3042 2233 paucissimis,
3073 2162 3391 2231 virginibus,
3411 2176 3555 2231 qum,

1944 2262 2218 2334 religionis
2247 2270 2406 2332 atque
2429 2261 2648 2315 honoris
2671 2270 2759 2312 aut
2792 2257 3056 2312 mercedis
3082 2258 3273 2327 gratia,
3304 2255 3440 2310 sicut
3468 2253 3560 2310 ille

1942 2358 2200 2426 pontifex,
2248 2357 2298 2410 in
2352 2355 2655 2425 virginitate
2701 2351 3019 2406 videbantur
3065 2363 3402 2420 permanere.
3450 2346 3562 2402 Nos

1941 2464 2120 2506 autem
2151 2452 2202 2505 in
2236 2450 2356 2504 aliis
2395 2445 2865 2503 dissertationibus
2917 2442 3309 2513 disputavimus
3341 2439 3516 2513 (Tom.
3541 2455 3560 2494 ι

1942 2546 2195 2614 Apparat.
2225 2544 2317 2598 lib.
2358 2559 2411 2598 ru
2434 2586 2447 2604 ,
2480 2540 2695 2595 Dissert.
2725 2554 2763 2606 ι,
2795 2553 2912 2608 cap.
2948 2537 3004 2601 5,
3046 2545 3145 2590 art.
3186 2534 3239 2599 '5,
3275 2548 3393 2604 pag.
3429 2530 3555 2596 708;

1942 2637 2108 2704 Ibid.,
2138 2636 2356 2692 Dissert.
2382 2652 2449 2693 tt.
2482 2649 2597 2704 cap.
2647 2631 2733 2693 lO,
2768 2641 2869 2685 art.
2899 2629 2954 2693 4,
2996 2644 3116 2699 pag.
3148 2625 3309 2695 1021)
3352 2624 3419 2678 de
3447 2640 3563 2677 scr-

1942 2743 2063 2787 vata
2094 2749 2122 2786 a
2157 2730 2400 2802 plurimis
2420 2727 2741 2784 Christianis
2771 2740 2865 2796 per
2895 2734 3061 2777 totum
3090 2721 3211 2775 vitm
3251 2734 3359 2775 sua'
3382 2716 3555 2771 curri-

1944 2831 2122 2885 culum
2146 2828 2473 2885 Contiuentia
2498 2841 2559 2880 ac
2583 2822 2905 2895 virginitate,
2935 2832 2985 2875 et
3017 2817 3157 2889 apud
3183 2822 3411 2871 creteros
3436 2828 3557 2868 om-

1946 2940 2044 2979 nes
2094 2923 2395 2977 castissimo
2446 2916 2774 2985 matrimonii
2816 2932 2937 2970 usu.
2985 2915 3053 2968 At
3088 2912 3154 2967 de
3202 2920 3425 2980 utraque
3470 2906 3561 2962 illa

1944 3018 2371 3075 Christianorum
2416 3016 2614 3069 virtute
2656 3011 2792 3067 infra
2825 3010 2999 3066 adhuc
3038 3005 3237 3078 aliquid
3270 3002 3561 3059 dicendum

1946 3114 2048 3170 erit
2079 3111 2322 3184 (Dissert.
2356 3111 2408 3164 in
2438 3109 2695 3174 Lactant,
2725 3121 2842 3174 cap.
2873 3104 2965 3169 27,
2990 3112 3093 3158 art.
3122 3100 3156 3158 5
3183 3109 3235 3155 et
3265 3098 3341 3171 6).

2021 3207 2191 3262 Porro
2221 3213 2424 3271 autem,
2455 3219 2576 3258 cum
2606 3196 2740 3255 dixit
2764 3206 2952 3253 auctor
2976 3204 3179 3262 uoster,
3215 3213 3234 3247 ‹
3271 3193 3426 3249 unius
3448 3204 3564 3246 rna-

1865 3272 1910 3334 ρ
1947 3300 2188 3359 trimonii
2229 3298 2441 3355 \iuculo
2484 3298 2712 3353 libenter
2751 3294 3095 3358 mitteremus,
3136 3312 3154 3344 ›
3191 3304 3258 3346 ne
3289 3290 3339 3343 in
3388 3295 3558 3354 tuum,

1946 3410 2153 3467 qumso,
2178 3396 2413 3447 animum
2446 3390 2687 3455 inducas,
2728 3386 3022 3443 secundum
3061 3382 3463 3439 matrimonium
3496 3379 3564 3435 ab

1946 3505 2012 3546 eo
2044 3488 2331 3560 improbari
2364 3506 2376 3541 :
2407 3502 2527 3540 nam
2559 3484 2681 3539 ideo
2714 3481 2919 3535 addidit
2945 3480 3177 3544 libenter,
3210 3486 3263 3531 ut
3305 3492 3371 3532 eo
3397 3473 3563 3545 signi-

1950 3585 2134 3639 ﬁcaret
2163 3597 2319 3653 posse
2344 3580 2559 3652 quidem
2586 3578 2937 3633 christianum
2970 3574 3239 3630 hominem
3271 3571 3562 3627 secundam

1949 3677 2147 3732 dueere
2178 3690 2401 3729 uxorem
2424 3715 2438 3740 ,
2470 3672 2561 3726 sed
2597 3670 2647 3725 id
2690 3686 2758 3726 ex
2814 3668 3143 3739 indulgentia
3175 3665 3249 3720 illi
3281 3664 3351 3719 ab
3405 3665 3567 3733 Apo-

1948 3771 2089 3825 stolo
2116 3767 2361 3824 concedi.
2392 3765 2544 3832 Vide,
2575 3765 2619 3818 si
2649 3763 2851 3830 lubeat,
2884 3776 3004 3832 quas
3033 3776 3150 3815 eam
3186 3759 3238 3813 in
3284 3772 3396 3812 rem
3438 3752 3570 3808 alibi

1951 3862 2430 3918 animadvertimus
2486 3857 2708 3929 (Tom.t
2752 3858 3004 3929 Apparat.
3047 3854 3147 3909 loc.
3192 3851 3302 3919 cit.,
3342 3865 3393 3922 p.
3424 3844 3569 3903 2015

1953 3967 2009 4013 et
2036 3954 2221 4028 seqq.).

2559 4097 2856 4142 ARTICULUS
2894 4098 2954 4140 ll.

1960 4250 2227 4320 Quomodo
2256 4249 2516 4305 Minucius
2542 4246 2736 4304 Cecilii
2755 4251 3111 4317 argumentum
3139 4250 3316 4297 contra
3343 4239 3570 4295 ethnicos

2030 4358 2336 4417 retorqueat,
2378 4362 2439 4400 ac
2468 4362 2551 4401 eos
2592 4360 2707 4398 cum
2737 4340 2983 4395 matribus
3011 4348 3057 4394 et
3088 4337 3344 4393 sororibus
3374 4350 3568 4389 connu-

2032 4447 2165 4500 bium
2213 4444 2361 4509 inire,
2407 4450 2556 4512 atque
2594 4438 2802 4493 illorum
2844 4437 2963 4491 deos
3001 4444 3199 4502 stupro,
3230 4428 3482 4483 adulterio
3521 4434 3573 4481 et

2031 4541 2223 4595 incestu
2252 4538 2599 4610 coinquinata:
2622 4550 2686 4590 ea:
2711 4533 2938 4604 ipsorum
2967 4526 3219 4584 memoriis
3238 4526 3571 4580 demonstret.

1215 4693 1333 4749 Alio
1372 4702 1551 4748 autem
1599 4693 1650 4749 in
1696 4693 1854 4759 libro,
1884 4680 1938 4741 Ῑ)
2036 4695 2178 4752 Satis
2205 4693 2437 4751 Minucio
2476 4702 2660 4748 nostro
2691 4706 2797 4746 non
2827 4689 2925 4744 fuit
2952 4685 3273 4744 calumniam
3307 4680 3573 4753 repulisse

1964 4790 2301 4848 ethnicorum
2350 4805 2409 4843 ac.
2454 4788 2884 4843 Christianorum
2941 4781 3260 4855 patefecisse
3309 4778 3572 4835 innocen—

1967 4886 2092 4940 tiam
2129 4902 2142 4938 :
2186 4884 2357 4954 pergit
2382 4884 2522 4939 enim
2551 4898 2614 4939 ac
2630 4879 2972 4938 validissimis
2992 4878 3258 4933 rationum
3284 4873 3573 4930 ammentis

1966 4977 2301 5032 demonstrat
2344 4977 2597 5047 ipsosmet
2624 4975 2863 5031 Gentiles
2890 4973 3080 5042 stupri,
3118 4969 3363 5025 adulterii
3404 4975 3458 5024 et
3486 4967 3573 5021 in-

1967 5081 2168 5137 cestus,
2213 5070 2279 5125 de
2310 5087 2415 5141 quo
2454 5069 2786 5124 Christianos
2828 5068 3087 5122 invidiose
3129 5060 3572 5128 criminabantur,

1967 5179 2095 5219 vere
2121 5179 2242 5219 esse
2264 5163 2533 5218 cooscios.
2559 5161 2653 5218 Jus
2682 5159 2943 5231 siquidem
2978 5178 2997 5210 ι
3036 5167 3119 5214 est
3142 5157 3279 5227 apud
3303 5156 3515 5222 Persas,
3549 5173 3569 5207 ι

1968 5256 2414 5324 quemadmodum
2468 5255 2559 5311 ille
2604 5255 2711 5317 ait,
2772 5274 2789 5307 ‹
2848 5254 3059 5308 misceri
3114 5266 3233 5307 eum
3281 5250 3572 5316 matribus;

1969 5348 2235 5422 {Egyptiis
2285 5363 2336 5405 et
2380 5350 2794 5405 Atheniensibus
2841 5365 2963 5403 eum
3011 5347 3287 5402 sororibus
3339 5346 3575 5418 legitima

1969 5446 2253 5500 connubia.
2307 5464 2326 5499 ι
2372 5445 2448 5500 De
2479 5445 2654 5501 Persis
2700 5457 2900 5508 autem,
2946 5452 3140 5514 praeter
3187 5441 3575 5498 'I'crtttlliauum

1970 5537 2289 5611 (Apologet.,
2322 5553 2440 5608 cap.
2474 5536 2529 5601 9,
2564 5553 2683 5609 pag.
2715 5536 2830 5608 ll),
2872 5536 3127 5591 Tatianus
3162 5535 3347 5591 scribit
3373 5534 3576 5591 Graecis

1972 5630 2386 5685 abominandum
2440 5629 2605 5684 videri
2640 5629 2779 5685 iilios
2823 5647 2944 5684 cum
2991 5628 3250 5685 matribus
3292 5629 3404 5683 suis
3448 5642 3579 5683 cen-

1968 5725 2143 5797 jungi,
2174 5724 2265 5780 sed
2301 5725 2425 5779 illud
2463 5725 2599 5794 apud
2635 5742 2816 5797 magos
2841 5727 3121 5782 Persarum
3156 5741 3275 5780 esse
3310 5725 3362 5777 in
3391 5722 3578 5793 primis

1974 5819 2238 5874 laudabile
2267 5818 2495 5892 (Taliau.
2531 5818 2676 5877 Orat.
2707 5832 2866 5876 contr.
2903 5820 3093 5888 Cum,
3122 5834 3242 5891 pag.
3280 5813 3423 5888 164).
3454 5814 3578 5869 Ori-

1978 5930 2145 5984 genes
2173 5930 2303 5969 vero
2338 5924 2611 5970 asseverat
2640 5915 2833 5970 multas
2864 5930 2982 5970 esse
3010 5916 3151 5985 leges
3178 5911 3371 5983 quibus
3401 5908 3578 5964 Persae
