4034 6320
430 174 539 233 505
1724 181 1813 238 DE
1838 180 2097 239 MINUCII
2126 181 2428 242 OCTAVIO
3627 190 3725 246 θοι

434 307 542 348 non
568 303 837 365 arcentur,
875 314 895 348 ι
930 310 1031 353 nec
1055 304 1254 352 matres
1303 310 1329 349 a
1377 295 1629 364 filiorum,
1673 313 1774 354 nec
1804 308 1982 370 patres
2009 315 2040 356 a
2066 306 2117 364 Α
2144 302 2467 375 azqualesve,
2498 320 2566 361 ne
2584 306 2830 377 gemellis
2854 308 3074 380 quidem
3103 308 3360 380 exceptis,
3390 322 3521 380 quas
3545 318 3729 364 natura

434 385 666 442 filiarum
720 388 991 445 connubio
1033 408 1046 444 :
1098 409 1116 442 ι
1175 397 1267 444 Μὴ
1316 395 1569 456 κωλύοντες
1619 394 1884 463 γαμεῖσθαι
1943 399 2043 454 τοῖς
2146 396 2263 466 ipso
2308 398 2471 452 natali
2514 399 2810 469 seiunctis;
2858 402 3267 474 intemperantia
3312 418 3440 459 vero
3482 403 3729 458 societate

431 485 577 536 παισὶ
603 489 834 553 μητέρας,
864 488 989 552 μηδέ
1015 490 1105 539 ὑπὸ
1126 501 1220 541 τῶν
1237 493 1453 556 πατέρων
1476 493 1563 548 τὰς
1585 494 1763 543 ἑαυτῶν
1784 491 2032 559 θυ-μιθέραι

2143 484 2417 554 cepulavit
2465 486 2782 555 insociabili,
2829 500 2884 545 et
2929 492 3071 547 male
3098 500 3407 562 comparata
3434 490 3679 563 iunctura
3706 510 3725 541 ι

433 576 611 650 (Orig.
648 580 739 634 lib.
769 595 821 645 ν,
853 592 1015 635 contr.
1053 578 1213 647 Cels.,
1244 597 1362 651 pag.
1396 580 1549 652 248).
1584 582 1852 650 Quantum
1884 599 2032 652 porro

2144 574 2347 647 (Philo,
2380 578 2479 632 loc.
2513 580 2600 635 cit.
2624 598 2678 652 p.
2719 580 2820 637 779
2848 594 2893 636 et
2916 582 3106 656 seqq).

433 670 487 723 id
521 670 663 739 quod
705 671 823 726 aliis
868 672 1175 727 homimbus
1204 675 1362 743 plane
1390 675 1787 729 exsecrandum»
1812 676 2040 741 videtur,
2221 673 2485 731 Diodorus
2516 690 2645 731 vero
2669 675 2883 732 Siculus
2914 679 3061 749 prius
3095 677 3307 734 dixerat
3331 676 3599 749 Egyptiis
3624 692 3735 747 per-

434 762 1134 836 laudabileprobatumque
1185 766 1362 821 Persis
1408 765 1583 830 fuerit,
1631 768 1808 823 disces
1850 784 1916 823 ex
1962 769 2043 822 his
2147 767 2369 822 missum
2402 768 2607 841 legibus
2659 786 2907 827 sororum
2961 788 3083 828 cum
3112 773 3367 829 fratribus
3396 772 3728 843 coniugium,

436 855 679 910 Philonis
707 856 878 913 Judaei
914 859 1092 913 verbis
1125 877 1138 912 ε
1169 867 1399 932 Μητέρας
1435 869 1479 916 οἱ
1516 870 1562 918 ἓν
1586 871 1712 919 τέλει
1751 871 1935 933 Περσῶν
1958 868 2032 925 τὰς

2146 860 2576 932 quandoquidem
2602 864 2701 919 hoc
2723 864 2846 920 Isidi
2874 865 3098 923 feliciter
3117 876 3353 923 cesserat
3376 886 3388 919 :
3410 871 3579 935 γαμεῖν
3601 871 3732 921 ἀδελο

431 955 585 1005 αὖτῶν
628 957 826 1017 ἄγονται
847 994 861 1017 ,
908 957 990 1006 καὶ
1030 961 1135 1017 τοὺς
1172 961 1342 1024 φύντας
1379 962 1431 1010 εκ
1470 962 1647 1011 τούτων
1696 962 2044 1027 εὐγενεστάτους
2145 961 2233 1023 poi;
2259 959 2343 1009 διὰ
2367 967 2423 1011 τὸ
2442 967 2618 1029 γεγονὸς
2638 966 2683 1014 ἓν
2707 965 2889 1021 τούτοις
2905 978 2989 1024 τῆς
3014 951 3167 1024 Ϊοιδος
3199 968 3435 1029 ἔπιτε-λιμοι
3465 962 3483 1032 (
3516 959 3729 1016 Diodor.

2151 1046 2340 1108 Sicnl..
2395 1048 2487 1103 lib.
2523 1050 2836 1117 tBibliotlt.,
2868 1068 2986 1126 pag.
3032 1054 3143 1117 16).

2221 1142 2474 1211 Ejusdem
2501 1144 2846 1214 iniquissimae
2871 1147 3003 1218 legis
3035 1150 3279 1204 meminit
3309 1149 3621 1213 Pausanias,
3654 1147 3737 1204 ubi

2147 1232 2215 1289 de
2262 1234 2552 1291 Ptolemaeo
2594 1254 2901 1295 sermonem
2938 1242 3017 1296 sic
3071 1242 3269 1298 habet:
3318 1245 3519 1303 oram;
3571 1248 3738 1299 Πτολι-

2147 1333 2291 1392 patio;
2344 1322 2572 1400 Ᾰρτινὸης
2633 1333 2839 1403 ἀδελφῆς
2905 1339 3233 1407 ἀμφοτέρωθεν
3290 1338 3531 1407 ἐρασθεὶς,
3589 1342 3726 1405 ἔγημε

2149 1428 2333 1488 αὗτσὶλν,
2390 1430 2661 1481 Μακέδοσιν
2722 1432 2937 1498 οὖδιμῶς
2995 1440 3136 1484 ποίων
3188 1434 3507 1499 νομιξὸμενι,
3565 1431 3739 1495 Δῖγυπ·

505 1507 585 1563 Ad
630 1509 742 1564 haec
772 1527 901 1565 vero
941 1512 1094 1568 nobis
1137 1524 1253 1583 post
1294 1514 1587 1571 Eusebium
1630 1515 1843 1590 (Euseb.
1871 1518 1958 1572 lib.
1995 1534 2032 1585 ιτ

2147 1526 2268 1578 τίσις
2316 1526 2514 1587 μέντοι,
2565 1522 2623 1572 ὧν
2671 1526 2832 1591 app:
2872 1540 2891 1572 ι
2922 1521 3241 1577 Ριοίριηωιιε
3289 1522 3579 1587 Arsinoes,
3623 1536 3737 1590 ger-

428 1602 672 1676 Prwpar.
710 1604 935 1678 Evang.,
966 1623 1084 1679 cap.
1116 1610 1172 1677 4,
1202 1625 1322 1680 pag.
1349 1610 1438 1682 ll)
1458 1610 1609 1667 testis
1633 1624 1715 1668 est
1735 1612 2048 1669 Theudore-
2151 1625 2322 1664 mana:
2350 1612 2557 1667 sororis
2577 1628 2761 1668 amore
2789 1614 3001 1680 ductus,
3029 1630 3145 1668 eam
3170 1614 3270 1670 sibi
3291 1614 3637 1669 matrimonio
3655 1611 3742 1667 ad-

433 1708 541 1763 tus,
592 1699 729 1755 hanc
777 1701 1147 1769 impiiss'imam
1197 1702 1368 1774 legem
1396 1719 1426 1758 a
1453 1704 1655 1759 Zarada
1698 1705 1857 1760 latam
1900 1720 2042 1773 esse,
2075 1712 2124 1772 Β
2144 1701 2343 1773 junxit,
2376 1714 2535 1777 atque
2559 1706 2608 1761 id
2635 1723 2785 1773 sane,
2807 1723 2911 1762 non
2933 1724 2999 1764 ex
3028 1708 3515 1767 Macedonum.sed
3547 1708 3741 1780 Egyp-

344 1782 347 1783 ⁷
434 1806 577 1861 quae,
641 1802 763 1860 post
812 1807 1083 1867 receptam
1127 1797 1197 1851 ab
1237 1796 1427 1853 iisdem
1473 1798 1650 1854 Persis
1697 1798 2041 1854 rhristianam
2147 1796 2582 1868 tiorum,quihus
2612 1800 3068 1872 imperabat,lege
3111 1801 3237 1857 fecit
3273 1821 3293 1854 ι
3323 1800 3739 1874 (Pausan.,lib.

432 1884 620 1952 tidem,
651 1888 895 1955 pretinus
928 1891 1181 1958 abrogata
1217 1899 1337 1947 est:
1372 1891 1517 1947 Κατά
1549 1901 1656 1955 τοὺς
1682 1897 1905 1965 Ζαράδου
1942 1900 2045 1948 mt-
2145 1902 2185 1953 ι,
2218 1904 2337 1959 pag.
2382 1888 2461 1960 6).
2521 1890 2773 1948 Emilius
2802 1909 3015 1965 quoque
3060 1894 3289 1958 Probus,
3317 1894 3433 1949 sive
3465 1900 3654 1947 auctor
3680 1891 3742 1947 li-

429 1986 515 2033 ὶοιι
542 1987 721 2051 Πέρσαι
748 1989 1102 2051 πολιτευόμενοι
1130 1996 1317 2054 νόμους,
1360 1990 1443 2040 καὶ
1482 1992 1719 2059 μητράσι,
1774 1991 1858 2042 uti
1901 1993 2032 2044 ἀδελ·

2146 1979 2274 2035 belli
2305 1982 2369 2036 de
2407 1981 2543 2038 Viris
2587 1984 2891 2053 illustribus,
2921 1986 2987 2040 ad
3029 1988 3285 2053 Atticum,
3338 1985 3535 2040 eadem
3566 1986 3632 2040 de
3660 1985 3742 2039 Ci-

2148 2075 2324 2131 monis
2381 2076 2522 2147 apud
2569 2078 2925 2134 Athenienses
2972 2094 3095 2133 cum
3154 2079 3373 2149 Elpenia
3418 2093 3610 2133 sorore
3654 2091 3741 2132 sua

2148 2166 2398 2238 coniugio
2449 2184 2697 2224 narrasse
2724 2170 2941 2240 legitur.
2976 2171 3297 2226 Plutarchus
3328 2181 3510 2226 tamen
3542 2185 3658 2226 eam
3684 2169 3743 2224 ab

2148 2259 2239 2313 illo
2267 2259 2480 2315 ductam
2510 2262 2675 2317 fuisse
2699 2262 2825 2317 dicit
2856 2265 2978 2335 quia
3009 2279 3191 2333 parem
3226 2265 3444 2336 generis
3467 2266 3553 2319 sui
3581 2263 3743 2334 digni-

2150 2360 2259 2408 tate
2288 2368 2538 2422 Sponsam
2584 2372 2689 2410 non
2739 2359 3007 2413 invenerat
3043 2358 3062 2430 (
3098 2357 3395 2421 Plutarch.,
3445 2367 3580 2412 tom.
3612 2373 3648 2421 ι,
3694 2357 3738 2409 in

2162 2448 2261 2502 Vit.
2294 2447 2522 2516 Cimon,
2553 2465 2672 2521 pag.
2702 2451 2855 2519 481).
2890 2450 3182 2507 Atheutnus
3214 2465 3343 2506 vero
3372 2449 3421 2504 id
3461 2459 3652 2505 contra
3682 2449 3743 2502 lc-

2147 2556 2241 2613 gcs
2273 2541 2467 2597 factum
2494 2558 2616 2599 csse
2646 2545 2838 2600 asserit
2881 2543 3178 2617 (Athena,
3212 2544 3312 2598 lib.
3344 2559 3461 2607 xm,
3501 2541 3735 2615 Deipnos.

2148 2652 2271 2708 pag.
2303 2637 2455 2711 589).
2485 2640 2551 2693 At
2578 2640 2710 2694 satis
2742 2639 3000 2694 hactenus
3026 2655 3055 2693 a
3087 2638 3242 2694 nobis
3274 2639 3560 2708 probatmn
3600 2646 3741 2705 puta-

2151 2745 2293 2795 mus,
2311 2731 2452 2801 quod
2483 2740 2669 2786 auctor
2686 2741 2871 2787 noster
2887 2731 3053 2786 dehis
3068 2746 3189 2786 cum
3207 2730 3622 2785 Atheniensium
3637 2737 3737 2782 tum

2148 2821 2523 2895 IEgyptiornm
2551 2825 2793 2878 scelestis
2841 2822 3171 2894 nefariisque
3199 2822 3467 2893 coniugiis
3510 2818 3734 2876 tradidit.

1098 409 1116 442 ι
1175 397 1267 444 Min
1316 395 1569 456 κωλύοντες
1619 394 1884 463 γαμεῖσθαι
1943 399 2043 454 τοῖς

428 1054 724 1112 νομίζουσιν,
758 1050 843 1100 uti
883 1058 1137 1119 βασιλείας
1176 1064 1260 1109 τίς
1288 1059 1531 1117 μεγίστης,
1561 1058 1622 1113 ὡς
1649 1056 1798 1119 λόγος,
1832 1058 1994 1119 ἀξίους
2029 1070 2041 1107 2

440 1152 459 1185 ι
502 1134 888 1193 Honmatiores
921 1139 1099 1194 Persze
1135 1155 1259 1196 cum
1288 1142 1548 1196 matribus
1576 1142 1897 1198 contrahunt
1924 1159 2042 1199 ma-

430 1226 705 1295 trimonia,
738 1241 789 1285 et
827 1241 983 1287 natos
1009 1232 1134 1288 inde
1172 1234 1501 1290 arbitrantur
1526 1236 1908 1304 nobilissimos,
1955 1254 2044 1293 re-

429 1320 648 1391 gioque,
684 1332 742 1375 ιιι
784 1322 985 1393 ferunt,
1017 1326 1303 1393 dignantur
1353 1328 1490 1383 solio
1526 1348 1544 1380 ι
1579 1327 1779 1398 (Philo.
1838 1330 1927 1385 lib.
1981 1330 2046 1383 de

430 1415 644 1483 special.
677 1413 826 1487 Lrg.,
862 1434 980 1488 pag.
1013 1418 1164 1490 778).

431 2088 564 2144 φαῖς,
606 2079 689 2129 καὶ
744 2083 1003 2149 θυγαοράσι
1047 2087 1341 2147 μιγνύμενοι,
1391 2083 1475 2133 καὶ
1530 2090 1668 2147 νόμον
1728 2089 1913 2149 ἔννομον
1965 2091 2047 2136 τὸν

428 2181 735 2238 «cupavo/ait)
781 2178 1067 2241 νομίζοντες,
1096 2178 1264 2237 ἐπειδὴ
1313 2190 1398 2237 τῆς
1441 2192 1535 2232 τῶν
1577 2180 1747 2231 ἀλιέων
1774 2185 2045 2245 νομοθεσίαις

435 2266 731 2329 {attinebant-1,
765 2275 871 2328 τοὺς
902 2276 985 2335 μὲν
1008 2274 1229 2339 Ζιράδου
1252 2271 1420 2337 νὸμους
1461 2277 1521 2330 ὡς
1560 2276 1805 2331 ἓτᾶτησοιν
1836 2293 2044 2341 παροινο-

427 2368 569 2425 μίαν,
599 2372 687 2421 τήν
717 2364 767 2414 δὲ
793 2366 1101 2429 εὖαγγελικῆν
1128 2370 1419 2435 σωφροσύνην
1449 2372 1705 2431 ἠγάπησαν
1731 2384 1775 2419 :t
1806 2364 2039 2431 Ροτεεῐῳ

433 2449 612 2521 inquit
653 2453 764 2519 ille,
796 2474 814 2507 ι
839 2455 930 2527 qui
959 2472 1022 2509 ex
1067 2455 1290 2513 Zarada:
1313 2458 1440 2512 olim
1469 2458 1672 2528 legibus
1697 2457 1960 2523 viventes,
1994 2465 2048 2512 et

438 2545 703 2602 matribus
757 2557 814 2604 et
859 2550 1138 2605 sororibus
1178 2559 1233 2606 et
1279 2550 1487 2604 liliabus
1519 2565 1731 2621 quoque
1771 2550 1885 2604 suis
1913 2549 2045 2605 mis-

437 2638 721 2705 cebantur,
763 2652 819 2697 et
859 2658 973 2698 rem
1015 2642 1416 2713 iniustissimam
1453 2645 1614 2713 iustae
1644 2644 1776 2713 legis
1807 2644 1925 2699 loco
1952 2642 2048 2698 ha-

437 2729 678 2799 bebant,
719 2746 998 2805 postquam
1043 2740 1367 2805 piscatorum
1401 2736 1544 2806 leges
1580 2736 1902 2803 audierunt,
1950 2736 2049 2791 Za-

439 2825 587 2881 rada:
617 2828 765 2898 leges
793 2839 851 2884 ut
878 2829 1110 2886 nefarias
1152 2814 1547 2901 proculcarunt,
1586 2841 1642 2887 et
1682 2831 2047 2902 evangelicam

436 2919 826 2976 continentiam
872 2923 1106 2994 amplexi
1151 2932 1278 2979 sunt
1315 2943 1335 2977 ι
1372 2923 1726 2996 (Theudor-en,
1783 2935 1911 2981 tom.
1950 2941 2001 2981 ιν
2027 2967 2042 2992 ,
2220 2915 2384 2972 instat
2410 2926 2589 2973 tamen
2617 2917 2706 2972 ille
2735 2917 2931 2976 acrius.
2961 2928 3015 2973 et
3044 2918 3122 2972 sie
3162 2915 3428 2971 adversus
3474 2914 3734 2970 Crvéilittm

432 3029 605 3071 serm.
636 3032 688 3071 ιι
716 3018 781 3072 de
800 3017 1005 3090 Legib.,
1036 3034 1156 3091 pag.
1190 3017 1342 3093 614).
1393 3019 1512 3076 Jam
1554 3036 1681 3076 vero
1717 3019 1785 3076 de
1815 3019 1914 3076 hac
1946 3036 2032 3076 ne-

2148 3009 2498 3081 etltnicosque
2539 3011 2776 3081 disputat
2813 3029 2827 3066 :
2868 3031 2886 3064 ‹
2911 3012 3185 3067 Memoriae
3228 3020 3284 3067 et
3314 3011 3595 3082 tragmdizc
3626 3021 3736 3062 ves—

435 3106 596 3163 fanda
636 3109 924 3166 Persarum
979 3112 1096 3181 lege
1148 3122 1202 3167 et
1250 3113 1640 3169 consuetudine
1691 3113 2045 3170 disseruimus
2071 3108 2117 3172 C
2152 3112 2247 3159 trte
2298 3105 2513 3160 incestis
2560 3106 2879 3176 gloriantur,
2910 3121 3045 3177 quas
3084 3121 3180 3160 vos
3211 3104 3443 3160 libenter
3488 3113 3545 3159 et
3576 3101 3738 3173 legitis

437 3199 621 3274 (Tom.
678 3204 970 3275 tApparat.
1011 3204 1099 3259 lib.
1143 3221 1234 3272 ιιι,
1265 3205 1465 3261 dissert.
1494 3222 1550 3271 ιι,
1579 3220 1696 3276 cap.
1729 3205 1820 3260 24,
1850 3216 1955 3261 an.
1993 3208 2043 3275 1,
2149 3205 2205 3252 et
2248 3196 2463 3251 auditis.
2519 3197 2607 3254 Sic
2645 3206 2698 3253 et
2728 3198 2860 3254 deos
2905 3198 3083 3252 colitis
3111 3198 3371 3253 incestos.
3400 3217 3419 3249 ι
3468 3195 3738 3251 Memoria-

435 3309 560 3365 pag.
586 3295 727 3351 1259
753 3307 809 3351 et
827 3298 989 3367 seqq).
2146 3306 2267 3346 rum
2312 3303 2490 3348 autem
2534 3294 2750 3348 nomine
2780 3307 2939 3363 supra
2967 3307 3098 3347 usus
3139 3291 3312 3348 fuerat
3344 3310 3359 3347 :
3396 3310 3415 3343 ι
3443 3291 3638 3361 Specta
3675 3287 3735 3342 de

509 3385 591 3441 Ad
624 3387 908 3459 IEgyptios
949 3388 1413 3459 Atheniensesque
1455 3390 1499 3444 si
1543 3390 1840 3458 veniamus,
1890 3389 2045 3445 Philo

434 3479 658 3537 Judazus
688 3490 1045 3551 utrorumque
1086 3483 1392 3555 coniugium
1425 3483 1715 3553 pessimum
1758 3498 1880 3539 esse
1921 3498 2045 3553 pro-

436 3573 648 3628 nuntiat
694 3590 707 3627 :
753 3592 772 3624 ι
814 3572 1128 3645 Ριιιλοίρίιυι·
1158 3590 1225 3629 ne
1263 3590 1504 3629 sororem
1536 3574 1750 3642 quidem
1780 3589 1901 3631 esse
1938 3574 2038 3629 dn-

2144 3384 2297 3441 libris
2324 3389 2627 3441 memorias.
2654 3406 2673 3438 ι
2712 3387 2777 3442 Ει
2809 3386 2910 3442 hoc
2934 3386 3151 3457 quidem
3175 3385 3399 3440 verbum
3431 3385 3501 3439 ab
3532 3388 3591 3439 Α.
3624 3380 3735 3439 Gel-

2145 3482 2218 3538 lio
2242 3483 2439 3552 saepius
2470 3492 2780 3552 usurpatum
2812 3489 2913 3536 est.
2946 3478 3157 3535 Alicubi
3186 3480 3330 3534 enim
3358 3494 3412 3533 ει
3438 3476 3498 3532 In
3534 3476 3727 3541 libris,»

2145 3574 2335 3645 inquit,
2372 3592 2392 3627 ι
2429 3574 2808 3628 memoriarum
2850 3571 3105 3642 scriptum
3130 3580 3209 3627 est
3246 3591 3265 3623 ι
3291 3570 3379 3643 (Α.
3409 3570 3554 3625 Gell.
3587 3569 3675 3623 lib.
3703 3581 3732 3620 γ

2145 3666 2281 3722 Nec.
2314 3667 2494 3732 Attia,
2526 3681 2645 3738 cap.
2680 3666 2759 3739 5).
2815 3665 2953 3719 Alibi
2998 3679 3128 3719 vero
3155 3663 3495 3734 simplicius:
3529 3681 3547 3715 ι
3569 3661 3625 3717 In
3654 3675 3733 3715 ve

2143 3760 2347 3817 terihus
2392 3760 2665 3815 memoriis
2693 3760 2954 3829 scriptum
2987 3758 3212 3829 legimus
3245 3776 3264 3810 ι
3297 3756 3317 3829 (
3348 3756 3468 3811 Lib.
3500 3770 3595 3823 IV,
3620 3768 3729 3824 cap.

2142 3855 2220 3929 6).
2265 3855 2535 3912 Memoria:
2576 3864 2753 3925 itaque
2807 3854 2947 3909 idem
2980 3863 3177 3909 sonant
3221 3868 3285 3907 ac
3337 3856 3563 3922 scripta,
3598 3865 3733 3905 com-

2141 3950 2400 4006 mentaria
2451 3960 2506 4006 et
2554 3965 2613 4005 ea
2669 3965 2785 4020 qua:
2833 3948 3030 4004 litteris
3073 3948 3149 4018 ad
3190 3964 3372 4003 rerum
3420 3947 3727 4000 memoriam

2140 4044 2390 4100 mandata
2437 4045 2664 4099 fuerant.
2698 4044 2814 4111 Quo
2844 4044 3006 4100 etiam
3049 4059 3210 4098 sensu
3241 4043 3609 4098 Tertullianus
3647 4041 3725 4095 di-

2140 4136 2251 4192 xit:
2282 4156 2300 4189 ι
2324 4136 2471 4193 lnter
2509 4146 2702 4192 cartera
2742 4137 3122 4190 memoriarum
3157 4153 3175 4186 ι
3205 4134 3459 4204 (Tertull.
3493 4133 3727 4202 Apolag.,

2137 4244 2256 4298 cap.
2289 4228 2377 4301 18)
2402 4246 2417 4295 ;
2438 4238 2493 4284 et
2533 4228 2689 4298 paulo
2719 4240 2857 4299 post,
2899 4247 2917 4279 ι
2942 4243 3105 4283 canas
3133 4228 3519 4284 memoriarum
3556 4248 3575 4280 ι
3597 4234 3725 4301 (cap.

2140 4322 2228 4388 19,
2252 4339 2373 4393 pag.
2399 4322 2511 4393 19).
2549 4323 2688 4379 Alibi
2734 4338 2898 4379 vero:
2931 4342 2949 4374 ι
2970 4322 3279 4378 Secundum
3325 4322 3615 4378 memorias
3645 4334 3730 4390 po-

418 4424 613 4488 ροισχῶν
638 4421 804 4470 ἄδειαν
832 4420 1024 4477 ἁπάσας
1066 4418 1270 4483 ἀδελφὰς
1310 4421 1527 4480 ἄγεσθαι,
1574 4420 1660 4475 τὶς
1696 4438 1745 4470 τε
1793 4417 1911 4477 ἰδίας
1944 4422 2032 4470 τοῦ

2139 4416 2295 4485 pulus
2340 4415 2674 4485 Judmorum,
2735 4416 2785 4470 id
2815 4425 2898 4471 cst
2939 4416 3230 4487 antiquior.
3292 4415 3561 4472 derelicto
3608 4417 3723 4481 Deo,

417 4515 580 4581 ἑτέρου
603 4506 694 4565 τῶν
720 4518 884 4576 γονέων
913 4512 1048 4563 τοῦδε
1082 4514 1111 4567 ἢ
1145 4512 1302 4572 τοῦδε,
1327 4511 1411 4561 καὶ
1437 4513 1526 4569 τὰς
1549 4514 1600 4573 ἐξ
1626 4512 1918 4582 ἀμςιοῖν,ιιοιὶ
1941 4516 2027 4569 τὰς

2139 4507 2294 4563 idolis
2356 4509 2575 4564 servivit
2621 4528 2640 4561 ι
2676 4508 2826 4580 (Lib.
2858 4510 3061 4564 advers.
3091 4507 3327 4574 Judwas,
3373 4524 3498 4579 cap.
3542 4524 3581 4575 ι,
3615 4521 3724 4577 pag.

432 3666 696 3732 cendam;
729 3666 1014 3724 honestum
1056 3682 1186 3722 sane
1214 3677 1538 3737 praeceptum
1569 3676 1623 3723 et
1651 3676 1831 3736 aptum
1864 3669 2038 3723 conti-

434 3761 655 3829 nentim,
713 3762 961 3833 quamvis
1005 3761 1426 3817 Atheniensibus
1456 3751 1498 3816 ὁ
1545 3771 1630 3831 μὲν
1673 3765 1821 3817 iam:
1855 3769 2041 3832 ὁμοπα-

428 3867 585 3928 τρίους
614 3861 759 3930 (ptri;
786 3863 1009 3922 ἄγεσθαιι,
1041 3860 1128 3917 τὰς
1172 3860 1494 3927 ὁμομητρίους
1526 3864 1767 3911 ἐκώλυσεν·
1798 3863 1824 3911 ὁ
1851 3860 1898 3909 δὲ
1931 3865 2039 3909 Λαι-

427 3955 742 4018 ιιτδοιιμονίων
767 3958 1023 4019 νομοθέτης
1053 3956 1282 4018 ἔμπαλιν,
1321 3960 1402 4006 τὸν
1438 3956 1520 4005 ἰπὶ
1558 3955 1667 4013 ταῖς
1705 3955 2039 4022 ὁμογειστρὶοις

427 4051 582 4112 γάμον
624 4051 901 4115 ὶττιτρέψοις,
931 4054 1013 4099 τὸν
1052 4054 1171 4115 arpi:
1212 4050 1296 4105 τὰς
1340 4050 1659 4115 ὁμοπατρίους
1684 4048 1902 4099 ἀπεῖπενο
1935 4051 1959 4098 ὁ
1989 4049 2037 4098 δὲ

425 4150 517 4194 τῶν
533 4141 805 4204 Αἰγυπτίων
825 4144 1066 4205 χλευάζων
1092 4147 1178 4193 τὴν
1203 4145 1433 4207 ἑκατξρων
1461 4142 1728 4202 εὐλάϐειαν,
1747 4143 1807 4198 ὧς
1829 4145 2037 4207 hylam

423 4235 844 4298 διαταττομένων,
889 4235 1138 4303 εὖῖὸρησεν
1187 4235 1251 4291 εὶς
1296 4236 1543 4301 ἀσέλγειαν
1594 4234 2035 4297 ἐπιδαψιλευόμενος

424 4328 798 4395 δωθεράττευτον
824 4330 966 4378 κακὸν
986 4333 1167 4391 σώμασι
1198 4326 1279 4377 nati
1301 4327 1496 4391 ψυχοῖς,
1534 4328 1789 4393 ἀκρισίαν,
1827 4326 1909 4375 καὶ
1939 4345 2035 4376 ποι·-

418 4608 472 4657 οὖ
503 4612 729 4674 νεωτέροις
755 4606 914 4673 μόνον,
940 4605 1068 4654 ἀλλὰ
1091 4604 1173 4655 xui
1202 4608 1537 4671 πρεσϐυτέρας,
1572 4606 1654 4655 καὶ
1679 4605 1913 4665 ὶσηλίκας,
1940 4606 2024 4655 καὶ

415 4698 609 4764 δίδυμοι
634 4700 732 4766 ’γὰρ
751 4696 984 4756 πολλάκις
1014 4700 1333 4760 lytra-1.01060“.
1361 4695 1436 4753 οὓς
1461 4701 1490 4753 ἦ
1519 4701 1604 4760 μὲν
1639 4698 1769 4763 φύσις
1814 4696 1921 4761 ἅμα,
1964 4707 2022 4765 τῇ

414 4797 589 4855 γενέσει
611 4795 859 4861 διῆρτησε,
880 4792 961 4844 καὶ
994 4792 1244 4854 διέζωξεν.
1272 4797 1301 4850 ἡ
1324 4792 1373 4840 δὲ
1406 4791 1642 4843 ἀκολθσίι
1666 4792 1749 4841 καὶ
1770 4792 2023 4856 φιληδονία

410 4885 478 4940 εἱς
503 4894 746 4936 κοινωνιοιν
769 4889 980 4939 ἐκάλεσεν
1001 4884 1328 4945 ἀκοινώνητον,
1354 4884 1435 4934 καὶ
1460 4886 1689 4951 ἁρμονίαν
1710 4884 2018 4951 ἀνίρμοστον.

418 4991 437 5024 ι
478 4974 641 5029 Solon
686 4975 786 5028 hoc
821 4977 1075 5031 observat
1115 4974 1167 5028 in
1214 4972 1438 5027 uterinis
1485 4980 1687 5026 tantum
1716 4974 2013 5042 germanis,

408 5064 601 5121 eodem
635 5076 786 5135 patre
824 5068 1102 5138 prognatis
1129 5065 1382 5133 relinquit
1410 5064 1660 5120 liberum.
1689 5063 1888 5119 Contra
1920 5065 2017 5120 La-

409 5156 864 5212 ceda'moniorum
890 5159 1169 5229 legislator
1196 5156 1417 5212 ttlet‘inis
1447 5172 1553 5210 non
1584 5156 1854 5211 interdicit
1881 5172 2013 5211 con-

406 5247 594 5312 nubio,
643 5247 736 5301 sed
777 5250 906 5304 solis
934 5250 1122 5305 eodem
1164 5260 1315 5319 patre
1353 5248 1566 5318 genitis.
1600 5249 1669 5301 At
1702 5247 2010 5320 Egyptius,

401 5338 588 5395 ridens
619 5340 897 5407 utriusque
922 5342 1314 5410 simplicitatem
1331 5351 1385 5395 et
1404 5339 1781 5408 semiperfecta
1798 5343 2012 5411 placita,

402 5431 604 5485 laxavit
653 5430 949 5494 libidinem.
992 5441 1045 5486 ct
1087 5433 1236 5486 auxit
1281 5433 1332 5499 in
1361 5432 1678 5501 corporibus
1716 5434 2014 5505 animisque

400 5522 705 5580 insanabile
752 5524 949 5575 malum
993 5522 1443 5592 intemperantiae,
1491 5525 1749 5593 permissa
1798 5526 2012 5581 licentia

398 5614 630 5669 ducendi
677 5628 916 5681 sorores,
951 5614 1063 5669 sive
1101 5632 1194 5684 per
1223 5618 1538 5690 alterutrum
1583 5627 1858 5689 parentem
1898 5618 2013 5676 sive

396 5724 496 5781 per
526 5718 814 5779 utrumque
846 5717 1120 5779 cognatas,
1153 5709 1386 5779 maiores
1413 5712 1616 5782 pariter
1654 5721 1709 5769 et
1750 5712 2007 5779 minores,

2127 4599 2279 4669 205).
2324 4599 2542 4655 Caecilio
2600 4601 2758 4672 igitur
2805 4613 2954 4657 reete
2996 4600 3250 4656 Octavius
3296 4603 3594 4671 exprobrat
3621 4602 3722 4655 lec—

2128 4700 2212 4747 tas
2261 4693 2576 4765 auditasque
2604 4694 2809 4750 lubenti
2837 4695 3018 4749 animo
3046 4709 3073 4746 a
3100 4695 3395 4764 gentilibus
3420 4694 3720 4758 Memorias,

2129 4786 2231 4839 hoc
2257 4796 2339 4868 est
2365 4787 2563 4858 scripta
2597 4798 2650 4843 et
2682 4787 2845 4841 libros
2890 4803 2987 4841 seu
3018 4787 3364 4842 historiarum
3404 4804 3501 4845 seu
3535 4796 3711 4859 poeta—

2124 4894 2244 4934 rum
2272 4880 2463 4949 quibus
2488 4880 2709 4949 scripto,
2729 4895 2791 4934 ac
2818 4880 3111 4952 tragtedias
3132 4883 3288 4952 queis
3308 4897 3438 4938 voce
3467 4893 3523 4938 et
3550 4892 3715 4954 gestu,

2121 4973 2357 5028 incestus
2409 4973 2632 5028 deorum
2690 4989 2908 5039 suorum
2966 4977 3510 5047 repraesentabuntur.
3560 4975 3718 5032 Nemo

2119 5065 2263 5120 enim
2337 5074 2419 5119 est
2462 5065 2552 5135 qui
2623 5070 2824 5121 nesciat
2880 5066 2934 5122 in
3000 5067 3291 5122 eommdiis
3344 5067 3716 5138 tragaadiisque

2118 5167 2398 5227 poetarum
2430 5167 2534 5211 tam
2565 5154 2874 5214 Grmcorum
2910 5174 3070 5230 quam
3112 5159 3453 5223 Latinorum,
3506 5169 3561 5215 et
3585 5158 3711 5213 alio-

2117 5265 2236 5305 rum
2263 5250 2599 5306 ethnicorum
2630 5251 2883 5313 historiis,
2913 5260 3122 5323 stupra,
3153 5252 3421 5308 adulteria
3447 5260 3603 5324 atque
3633 5250 3705 5303 in-

2119 5352 2303 5400 cestus
2346 5343 2568 5399 deorum
2616 5360 2721 5398 non
2769 5346 2944 5399 minus
2976 5346 3288 5416 frequenter
3337 5360 3497 5415 quam
3544 5345 3710 5413 impu-

2119 5437 2313 5493 denter
2335 5437 2631 5492 decantari.
2657 5438 2792 5494 Vide
2815 5450 3014 5499 autem.
3047 5441 3093 5496 si
3123 5449 3279 5496 vacat
3309 5450 3364 5495 et
3392 5440 3559 5503 lubet,
3587 5434 3706 5507 quid

2117 5528 2187 5583 de
2216 5526 2364 5582 hisce
2390 5529 2669 5585 eorumdiis
2712 5544 2773 5583 ac
2813 5531 3089 5601 tragoediis
3139 5532 3379 5586 dixerint
3405 5530 3706 5585 Lactantius

2118 5619 2385 5691 (Lactant.
2419 5619 2508 5675 lib.
2545 5636 2618 5686 vr,
2653 5619 2906 5688 fustium,
2955 5638 3056 5693 cap
3115 5623 3207 5686 20,
3241 5638 3364 5694 pag.
3398 5621 3532 5682 L19;
3564 5631 3617 5674 et
3657 5622 3703 5673 in

2115 5708 2348 5780 Epitom.
2378 5723 2427 5765 c.
2481 5710 2595 5781 65),
2627 5707 2928 5782 Cyprianus
2974 5713 3255 5787 (Cyprian.
3302 5715 3469 5787 Epist.
3506 5713 3574 5765 ad
3598 5710 3699 5767 Do-

278 5962 409 6041 Χ
3590 6082 3629 6093 λλ,
3656 6050 3893 6093 -.τίμημά
