3972 6310
230 256 341 312 505

1639 258 2102 316 DISSERTATIO.

3424 263 3532 320 506

231 383 371 435 nat..
404 388 524 445 pag.
557 374 633 445 5),
665 374 995 445 Augustinus
1026 375 1334 448 (Augustin.
1382 375 1476 431 lib.
1513 392 1549 431 ιι
1581 377 1645 430 de
1673 372 1823 429 Civit.
1853 377 1905 437 Α
1931 376 2075 431 milis
2100 377 2289 433 bestiae
2309 378 2657 449 superficiem
2683 393 3055 438 consecrasse.
3101 383 3274 453 Atque
3304 382 3373 439 ita
3407 380 3531 437 inde

228 480 357 537 cap.
389 468 424 524 8
453 478 504 522 et
545 466 727 541 seqq.)
756 477 809 522 et
850 468 963 523 alii.
1010 467 1138 526 Sed.
1190 483 1288 522 nos
1330 469 1478 539 plura
1521 469 1590 525 de
1628 468 1734 523 illis
1776 468 1829 523 in

233 558 339 616 hac
380 571 435 617 et
462 561 805 630 sequentibus
851 561 1320 618 dissertationibus
1361 563 1579 619 nostris.

304 654 427 709 Alio
466 654 679 710 tandem
712 654 871 711 modo
900 654 1152 710 Octavius
1200 656 1446 712 ethnicos
1502 655 1692 710 incesti
1742 654 1827 710 id-

226 749 381 803 circo
411 750 585 817 arguit
621 748 762 818 quod
795 748 945 804 liberi
990 764 1178 804 recens
1205 750 1335 815 nati,
1385 750 1458 804 uti
1483 750 1591 820 jam
1620 750 1829 805 dixerat

227 852 288 900 et
317 843 530 898 a'nobis
560 842 706 909 prius
735 843 1078 899 observatum
1120 852 1204 899 est
1249 842 1400 916 ((iap.
1430 860 1578 912 supr.
1611 856 1711 899 art.
1745 845 1823 913 5),

227 954 379 1010 saepe
426 939 623 1009 saepius
648 955 677 993 a
724 940 1037 1009 parentibus
1086 941 1197 995 suis
1225 950 1640 1009 exponerentur.
1675 939 1824 995 Haud

226 1047 357 1088 raro
386 1032 528 1087 enim
557 1033 835 1089 accidebat
866 1043 924 1089 ttt
951 1035 1259 1105 nequissimi
1293 1034 1826 1101 libidinosissimique

225 1127 304 1182 illi
335 1135 610 1197 parentes,
642 1144 761 1184 cum
814 1128 934 1184 filiis
972 1138 1097 1183 natu
1141 1126 1516 1199 grandioribus
1554 1138 1642 1183 aut
1693 1128 1827 1183 lilia-

222 1218 331 1275 bus
372 1219 440 1275 ad
482 1220 790 1277 servitutem
841 1221 1073 1279 redactis
1122 1222 1205 1278 vel
1250 1222 1609 1276 meretriciam
1660 1222 1821 1276 vitam

226 1317 539 1386 agentibus,
575 1316 780 1374 nefario
811 1318 1038 1383 incestu,
1075 1327 1166 1373 aut
1196 1317 1498 1373 nescientes
1525 1326 1615 1372 aut
1641 1332 1700 1373 se
1730 1333 1824 1373 ne-

220 1410 373 1465 scire
416 1409 833 1476 dissimulantes,
878 1411 1266 1482 polluerentur.
1321 1412 1655 1481 Quapropter
1704 1409 1823 1466 Cle-

219 1516 382 1557 mens
411 1503 802 1559 Alexandrinus
830 1522 844 1560 :
875 1509 1020 1559 Πιιιδὶ
1066 1515 1392 1578 iro/tramite",
1425 1520 1507 1561 xui
1544 1514 1824 1575 μαχλώσαις

216 1601 511 1671 Θυγαθριὶσιν
564 1605 868 1663 ἀγνοήσαντες
919 1608 1142 1663 πολλάκις
1192 1613 1437 1671 μίγνυνται-ι
1493 1611 1726 1673 πατέρες,
1772 1607 1823 1659 οὗ

215 1698 513 1761 μεμνημένοι
541 1711 629 1750 τῶν
657 1701 921 1751 ἐκτιθέντων
939 1700 1164 1753 παιδίων.
1187 1700 1271 1749 καὶ
1296 1701 1466 1765 ἄνδρας
1489 1700 1690 1750 διίκνυσι
1716 1703 1824 1757 τοὺς

1934 480 2319 541 praesumptum
2347 474 2539 543 opinor
2567 489 2664 529 nos
2690 489 2922 545 quoque.
2970 484 3023 531 ut
3050 474 3285 532 Judaicze
3316 474 3530 546 religio-

1934 565 2017 619 nis
2051 567 2398 637 propinqnos,
2440 567 2614 622 eidem
2665 569 2956 637 simulacro
3009 569 3205 624 initiari
3240 588 3259 622 ι
3295 567 3526 638 (Tertul.

1932 656 2200 727 Apologet.
2251 674 2370 730 cap.
2422 658 2510 721 16.
2558 676 2676 731 pag.
2732 662 2793 715 l7
2822 661 2863 732 ).
2910 660 2976 716 Et
3025 661 3126 717 hoc
3174 661 3390 730 quidem
3438 660 3529 716 ille

1930 750 2035 803 alio
2060 750 2112 804 in
2142 751 2278 807 libro
2310 752 2500 821 repetit
2526 752 2715 822 (ldem,
2745 752 2837 809 lib.
2868 770 2886 808 ι
2917 753 2986 807 ad
3019 753 3258 816 Ναιὶοη..
3288 768 3408 825 cap.
3432 754 3524 820 Η,

1931 857 2049 912 pag.
2085 844 2153 897 57
2189 855 2243 900 et
2268 844 2468 915 seqq).
2512 846 2683 912 Quam
2732 847 2924 901 merito
2951 856 3130 903 autem
3165 847 3527 903 Tertullianus

1928 937 2211 993 absurdam
2244 938 2444 994 hancce
2486 941 2806 996 calumniam
2853 944 2902 997 in
2933 942 3242 998 Cornelium
3273 942 3520 998 Tacitum

1928 1030 2315 1088 retundendam
2360 1049 2482 1088 esse
2520 1033 2737 1102 dixerit,
2778 1050 2843 1091 ex
2874 1035 2957 1091 his
2986 1036 3228 1107 ejusdem
3267 1036 3439 1091 Taciti
3469 1034 3522 1089 in

1928 1126 2091 1180 citato
2115 1128 2304 1196 quinto
2331 1126 2680 1182 Historiarum
2707 1128 2847 1182 libro
2880 1128 3060 1184 verbis
3087 1129 3333 1200 conjice:
3371 1147 3391 1180 ι
3415 1126 3526 1183 Sed

1929 1220 2059 1275 nihil
2105 1236 2258 1291 teque
2310 1221 2544 1289 Judros,
2589 1237 2746 1293 quam
2797 1222 2974 1293 inopia
3015 1238 3169 1294 aqua:
3211 1221 3523 1295 fatigabant.

1926 1314 2171 1386 Jamque.
2226 1316 2365 1370 haud
2399 1316 2586 1387 procul
2615 1317 2800 1383 exitio,
2836 1317 2962 1373 tutis
2992 1318 3193 1387 eampis
3222 1316 3523 1385 procubue-

1927 1421 2067 1470 rant.
2101 1424 2221 1463 cum
2268 1425 2397 1479 grex
2446 1411 2722 1466 asinorum
2758 1411 3049 1481 agrestium
3079 1426 3110 1466 e
3143 1420 3296 1478 pastu
3341 1411 3393 1465 in
3428 1425 3522 1465 ru-

1927 1517 2047 1573 pem
2078 1518 2299 1558 nemOre
2321 1518 2541 1574 Opacam
2565 1505 2853 1560 concessit.
2878 1503 3105 1559 Secutus
3127 1503 3366 1576 Moyses,
3387 1517 3521 1557 con—

1921 1595 2129 1665 jcctura
2162 1595 2366 1652 herbidi
2398 1596 2523 1661 soli,
2563 1596 2741 1667 largas
2788 1611 3047 1666 aquarum
3088 1612 3252 1650 venas
3278 1595 3519 1666 aperit...

1928 1686 2171 1757 Effigiem
2220 1689 2488 1755 animalis,
2536 1704 2643 1758 quo
2672 1698 3006 1743 monstrante
3053 1703 3292 1743 errorem
3345 1687 3521 1744 sitim--

211 1789 522 1857 γυίινηκότας
570 1793 805 1858 ἀκμσίς
846 1795 1071 1855 ἔξουσίας·
1099 1796 1255 1847 ταῦτα
1287 1798 1330 1844 οἱ
1367 1793 1498 1859 σοφοὶ
1542 1807 1635 1844 τῶν
1675 1793 1801 1857 νόμω

1927 1796 2031 1851 que
2075 1781 2408 1850 depulerant,
2455 1782 2713 1850 penetrali
2768 1796 3071 1848 sacravere,
3126 1795 3268 1836 cmso
3313 1782 3518 1848 ariete,

214 1887 527 1950 ἐπιτρέπουσι
558 1898 572 1935 :
609 1880 782 1936 «Cum
830 1884 1124 1947 meritorio,
1158 1883 1346 1953 inquit,
1389 1883 1498 1938 [ilio
1551 1893 1605 1938 et
1638 1898 1812 1940 mere-

212 1972 443 2027 tricibus
472 1972 679 2028 filiabus
704 1988 848 2045 smpe
875 1984 1052 2045 patres
1094 1985 1308 2031 coeunt.
1340 1975 1715 2045 Expmitorum
1749 1976 1781 2029 li

210 2064 414 2121 liorum
459 2067 820 2138 immemores,
849 2079 904 2124 et
937 2071 1082 2125 viros
1111 2071 1226 2126 lieri
1257 2086 1353 2126 eos
1397 2073 1483 2139 qui
1514 2080 1816 2140 genuerunt

210 2156 388 2213 eflicit
429 2159 591 2214 nimia
622 2160 858 2217 libidinis
908 2163 1141 2217 licentia.
1193 2163 1317 2217 Hmc
1347 2164 1621 2233 sapientes
1669 2164 1813 2232 leges

206 2252 535 2321 permittunt
553 2274 573 2307 ι
601 2254 792 2324 (Clem.
816 2257 978 2312 Alex.
1009 2257 1102 2312 lib.
1122 2273 1179 2312 Ill
1206 2256 1443 2329 Pwdag.,
1467 2273 1587 2327 cap.
1607 2259 1661 2324 3,
1689 2274 1808 2329 pag.

204 2343 324 2399 226
358 2344 400 2417 ).
466 2346 543 2401 lta
586 2348 681 2404 ille
716 2348 960 2406 Gentiles
985 2360 1043 2405 et
1072 2352 1356 2406 immanem
1393 2352 1601 2407 illorum
1632 2353 1683 2407 in
1713 2369 1810 2409 ex-

208 2440 482 2508 ponendis
509 2441 631 2497 filiis
658 2443 922 2499 feritatem
945 2460 1009 2501 ac
1032 2446 1404 2501 crudelitatem
1427 2448 1535 2503 acri
1564 2448 1811 2504 irrisione

204 2531 531 2589 insectatur.
577 2534 686 2591 Nec
717 2538 984 2591 immerito
1012 2538 1227 2608 quidem
1275 2539 1510 2595 incestus
1552 2540 1676 2596 inde
1704 2539 1813 2597 fre-

201 2636 445 2696 quenter
489 2626 606 2683 ﬁeri
634 2629 1002 2700 conqueritur.
1038 2630 1419 2687 Verumtamen
1441 2631 1656 2687 Minucii
1687 2648 1810 2687 nos-

202 2718 280 2772 tri
337 2727 527 2775 contra
578 2721 699 2778 illos
752 2734 1126 2791 argumentum
1178 2725 1484 2793 expressius
1535 2726 1811 2798 fusiusque

197 2811 575 2870 Tertulliauus
601 2814 939 2888 (Tertullian.
993 2818 1262 2889 Apologet.
1294 2834 1411 2888 cap.
1441 2820 1524 2892 9).
1574 2822 1804 2878 Lactan-

200 2907 428 2977 tiusque
457 2907 721 2981 (Lactant.
755 2911 846 2967 lib.
877 2928 955 2977 vr,
985 2928 1103 2981 cap.
1133 2913 1225 2978 20,
1257 2930 1377 2985 pag,
1410 2915 1515 2971 618
1540 2926 1594 2971 et
1623 2916 1806 2990 seqq.)

199 3012 641 3070 prosequuntur;
673 3003 738 3058 ad
784 3020 921 3075 quos
971 3014 1041 3070 te,
1075 3022 1141 3061 ne
1173 3006 1440 3075 longiores
1465 3008 1653 3073 simus,
1685 3010 1809 3064 mit-

196 3093 432 3149 tendum
460 3095 731 3161 duximus,
769 3098 943 3155 donec
972 3117 1165 3157 novam
1205 3101 1271 3159 de
1302 3103 1513 3159 illorum
1545 3106 1693 3160 libris
1725 3106 1804 3160 in-

194 3185 495 3244 stituamus
533 3189 970 3261 disputationem.

813 3333 1042 3392 CAPUT
1094 3335 1184 3391 XI.

191 3500 265 3542 ΒΕ
296 3501 539 3543 ABSURDO
574 3504 747 3546 CULTU
777 3508 920 3557 QUI-III
949 3509 1155 3549 ASINIS”
1177 3510 1352 3551 CAPIT]
1384 3512 1450 3552 ET
1473 3512 1800 3555 SACERDOTIS

266 3597 537 3637 VIRILIBUS
563 3599 907 3643 CHRISTIASOS
943 3604 1253 3645 ειιιιθυιεεε
1300 3606 1556 3649 CAECILIUS
1588 3609 1795 3650 FALSIS-

266 3685 394 3728 SlSSl
403 3690 472 3729 IlI-3
509 3688 594 3730 οιιι
602 3691 702 3731 ιςιτ
711 3719 722 3732 .

735 3832 1030 3876 Αιιτιευιυε
1068 3836 1280 3877 PRIMUS.

190 3946 368 4015 Quam
392 3948 605 4020 falsasit
624 3952 733 4006 lucc
753 3957 1033 4021 accusatio,
1064 3966 1109 4010 et
1126 3967 1292 4013 utrum
1316 3958 1491 4013 Judtri
1518 3961 1594 4014 vel
1620 3959 1791 4016 Gnos-

263 4043 357 4097 tici
385 4045 704 4099 occasionem
730 4049 810 4102 illi
841 4049 1093 4118 dederint,
1120 4070 1178 4106 ar.
1204 4055 1357 4124 primi
1385 4057 1607 4110 omnium
1638 4070 1791 4129 caput

257 4139 400 4192 asini
424 4156 597 4194 revera
625 4142 965 4200 adoraverint.

257 4299 428 4354 Aliud
476 4302 676 4359 ethnici
708 4315 812 4359 tam
863 4306 1096 4364 absurde
1140 4310 1428 4367 confictam
1480 4328 1639 4384 quam
1685 4316 1783 4369 im-

182 4393 340 4465 pium
391 4396 594 4452 crimen
626 4397 946 4456 Christianis
994 4401 1316 4474 inferebant,
1357 4408 1499 4477 quod
1538 4407 1786 4467 Caecilius

179 4488 270 4545 his
302 4490 483 4546 verbis
532 4491 753 4548 Octavio
783 4496 1014 4562 obiectat
1042 4515 1055 4551 :
1093 4518 1111 4549 ι
1140 4500 1311 4555 Audio
1342 4503 1785 4573 eos;tttrpissim:e

1921 1877 2064 1931 velut
2106 1877 2158 1931 in
2203 1876 2588 1932 Contumeliam
2626 1877 2940 1932 Hammonis
2979 1895 2998 1929 ι
3037 1874 3224 1947 (Corn.
3257 1875 3385 1930 Tac.
3418 1873 3513 1930 lib.

1918 1986 1951 2024 ν
1981 1969 2119 2024 Hist.
2152 1971 2265 2024 init.
2302 1969 2341 2041 ).
2386 1969 2643 2039 Quamvis
2673 1980 2851 2024 autem
2881 1967 3246 2024 'l‘crtollianus
3276 1966 3516 2022 Tacitum

1923 2082 1942 2115 ι
1971 2064 2371 2119 mendaciorum
2398 2064 2832 2134 loquacissimum
2856 2082 2875 2114 ι
2901 2065 2996 2116 hac
3018 2060 3207 2116 saltem
3234 2062 3283 2114 in
3302 2075 3360 2115 re
3379 2058 3519 2116 haud

1917 2156 2186 2212 immerito
2212 2158 2464 2227 appellet,
2505 2156 2653 2212 falsa:
2696 2167 2871 2210 tamen
2918 2156 3061 2210 illius
3103 2154 3339 2223 Opinioui
3387 2152 3518 2210 sub-

1916 2251 2133 2321 scripsit
2178 2251 2518 2316 Plutarchus,
2553 2250 2640 2305 ttbi
2690 2250 2760 2304 de
2789 2248 2978 2305 iisdem
3007 2247 3207 2303 .ludzeis
3236 2248 3314 2301 sic
3347 2245 3519 2317 loqui-

1918 2354 2003 2399 tur
2035 2364 2044 2396 ;
2083 2364 2100 2396 ι
2127 2344 2277 2399 Nunc
2307 2354 2412 2399 tam
2446 2346 2749 2399 interficere
2773 2358 2932 2412 quam
2963 2343 3126 2396 edere
3149 2355 3301 2396 suem
3329 2340 3410 2395 eis
3435 2346 3520 2394 cst

1914 2438 2123 2509 religio.
2170 2438 2235 2492 Et
2276 2439 2517 2492 fortassis
2565 2438 2667 2492 hoc
2737 2436 2929 2490 rationi
2978 2434 3290 2497 consentit,
3322 2421 3388 2496 ὸς
3437 2441 3517 2489 τὸν

1913 2539 2012 2586 ὄνιν
2042 2538 2093 2585 δὲ
2122 2538 2428 2603 ἀναφήναντα
2457 2543 2616 2599 πηγὴ
2640 2535 2804 2590 αὐτοῖς
2821 2533 2992 2591 ὓδατος
3010 2539 3204 2598 τιμῶσι.
3238 2528 3383 2583 Sicut
3410 2525 3516 2580 asi-

1913 2643 1985 2682 no
2002 2644 2127 2682 suus
2146 2627 2285 2698 apud
2308 2642 2403 2683 eos
2417 2635 2501 2682 est
2528 2628 2716 2688 honor,
2733 2627 2821 2696 qui
2841 2624 3039 2679 fontem
3064 2638 3217 2694 aqua:
3238 2621 3318 2677 eis
3334 2635 3513 2675 mons-

1915 2721 2095 2788 travit,
2127 2722 2198 2775 ita
2227 2734 2378 2776 suem
2409 2734 2504 2775 eos
2534 2722 2797 2782 revereri,
2839 2728 2897 2772 ut
2925 2716 3148 2790 sationis
3173 2723 3230 2770 et
3253 2714 3513 2770 arationis

1911 2815 2226 2885 magiStrum
2263 2834 2281 2867 ι
2321 2813 2617 2885 (Plutarch.
2645 2822 2776 2869 tom.
2830 2828 2887 2878 tt,
2939 2812 3031 2867 lib.
3068 2827 3177 2876 .tv,
3208 2808 3468 2889 .Sympos.
3491 2849 3508 2876 ,

1910 2923 2034 2979 pag.
2063 2909 2169 2964 670
2198 2910 2239 2981 ).
2477 2976 2481 2979 _

1980 3004 2116 3072 Quid
2144 3020 2271 3060 vero
2297 3005 2439 3074 quod
2470 3015 2522 3060 et
2557 3004 2890 3060 Democritus
2917 3003 3225 3065 historicus,
3258 3006 3510 3055 narrante

1908 3095 2094 3165 Suida,
2121 3099 2234 3151 lucc
2257 3097 2325 3154 de
2349 3097 2550 3153 Iudaeis
2577 3098 2852 3153 memoriae
2881 3096 3112 3167 prodidit
3144 3114 3156 3148 :
3186 3102 3379 3166 Xpwm
3404 3100 3509 3148 ὀνιυ

1827 3190 1873 3252 C
1905 3197 2112 3265 κεφαλὴν
2140 3203 2442 3266 προσεκύνουν
2458 3200 2585 3250 κατὰ
2603 3206 2816 3266 τριετίαν
2839 3204 2963 3260 ξένον
2988 3198 3257 3264 tinguo-trs;
3279 3195 3506 3261 προσεφι-

1905 3310 2004 3357 ρον,
2028 3294 2109 3343 καὶ
2138 3295 2262 3344 ιω.τά
2289 3297 2457 3344 λεπτὸν
2482 3294 2570 3351 τὰς
2600 3295 2778 3359 σάρκας
2815 3291 3063 3353 Sisini-Iov,
3095 3294 3176 3340 καὶ
3209 3289 3352 3347 αὕτως
3379 3288 3471 3354 ἀνῇ
3488 3309 3505 3323 ο

1901 3404 2011 3451 ρουν
2036 3397 2049 3433 :
2088 3399 2107 3433 ι
2131 3380 2276 3434 Asini
2304 3389 2462 3446 caput
2491 3381 2811 3445 adorabunt,
2842 3389 2896 3434 et
2926 3384 3084 3434 tertio
3114 3392 3326 3447 qquue
3356 3388 3504 3429 anno

1904 3472 2172 3543 hospitem
2213 3473 2498 3543 capiebant
2526 3484 2579 3528 et
2606 3472 2927 3536 offerebant,
2970 3484 3024 3527 et
3053 3471 3354 3525 minutatim
3387 3484 3505 3523 car-

1902 3582 1999 3624 nes
2043 3568 2405 3631 dissecabant,
2449 3579 2501 3623 et
2531 3570 2610 3623 sic
2637 3567 3030 3624 interticiebant
3064 3587 3083 3621 ι
3107 3566 3322 3640 (Suidas
3348 3566 3415 3621 ad
3447 3582 3499 3621 ν.

1901 3652 2060 3724 iouia;
2092 3660 2133 3731 ).
2178 3662 2307 3716 Inde
2356 3660 2585 3717 fortasse
2625 3660 2827 3715 factum
2871 3670 2955 3716 est
3002 3670 3058 3714 ut
3114 3664 3165 3715 in
3219 3660 3379 3730 hujus
3402 3660 3499 3714 ab-

1898 3754 2046 3809 surdi
2081 3753 2278 3819 cultus,
2310 3756 2521 3810 tametsi
2553 3757 2709 3824 plane
2741 3755 2934 3822 ﬁctitii,
2974 3754 3296 3817 irrisioncm,
3352 3753 3501 3809 Zeno

1896 3846 2111 3916 quidem
2140 3846 2560 3915 Alexandrinus,
2588 3850 2814 3917 primum
2838 3847 3079 3913 Judzeus,
3110 3858 3164 3902 ut
3199 3848 3337 3903 idem
3368 3848 3497 3904 Sui-

1896 3939 1993 3995 das
2026 3939 2187 3995 refert
2215 3940 2404 4011 (idem,
2435 3958 2485 3995 ν.
2509 3940 2709 4015 Ζτ;νων),
2733 3943 2898 3997 tnisso
2921 3943 3193 4012 religionis
3222 3958 3332 3998 sua:
3362 3960 3499 3997 nun-

1897 4036 1993 4099 tio,
2026 4036 2233 4090 asinum
2260 4038 2441 4092 album
2476 4053 2568 4106 per
2595 4052 2783 4092 eorum
2812 4052 3139 4111 synagogam
3168 4036 3256 4093 die
3282 4038 3494 4094 sabbati

1895 4131 2209 4186 traduxerit.

1964 4225 2160 4280 Verum
2191 4224 2482 4294 Iosephus,
2516 4225 2743 4296 Appiani
2769 4225 3015 4281 eamdem
3045 4226 3367 4281 calumniam
3395 4226 3496 4281 ob-

1886 4319 2094 4389 jicienti
2136 4319 2220 4374 ubi
2253 4318 2564 4388 respondet,
2615 4319 2759 4374 illius
2800 4318 3084 4375 falsitatem
3128 4322 3294 4374 variis
3321 4320 3492 4374 ratio-

1892 4414 2049 4469 nibus
2077 4414 2435 4469 demonstrat.
2465 4412 2794 4468 Proferenda
2819 4422 2995 4468 autem
3024 4425 3147 4467 sunt
3169 4416 3285 4480 ejus
3307 4414 3488 4479 terba,

1889 4522 2010 4576 qua:
2040 4507 2249 4560 etiamsi
2279 4506 2331 4559 in
2372 4520 2551 4575 grtrco
2580 4504 2876 4574 exetnplari
2911 4505 3109 4569 desint,
3141 4507 3191 4561 in
3224 4506 3385 4562 editis
3411 4507 3491 4562 ni-

178 4583 415 4655 pecudis
442 4597 601 4655 caput
638 4588 773 4642 asini
823 4602 1193 4645 consecratum
1224 4595 1407 4648 nescio
1433 4611 1535 4664 qua
1566 4612 1777 4665 persna-
1808 4598 1862 4658 D
1890 4598 2183 4655 hilominus
2214 4599 2293 4654 sic
2342 4598 2504 4653 latine
2544 4597 2848 4654 habentur:
2879 4616 2900 4652 ‹
2920 4598 2977 4653 in
3008 4601 3243 4654 sacrario
3272 4601 3483 4670 Appion

175 4677 340 4732 sione
386 4680 657 4734 venerari.
686 4700 703 4733 ι
739 4680 1100 4737 Tcrtnllianns
1142 4701 1270 4740 vero
1317 4688 1453 4742 hanc
1500 4689 1781 4745 ridiculam

174 4773 582 4829 accusationem
623 4773 822 4829 clarius
863 4776 1118 4844 explicat,
1149 4778 1396 4851 illiusque
1439 4784 1778 4839 occasionem

176 4872 235 4921 et
285 4879 501 4919 causztm
555 4865 635 4920 his
675 4868 924 4935 patefecit
972 4870 1191 4928 verbis:
1239 4873 1618 4942 «Somniastis,
1653 4898 1673 4930 ι
1709 4880 1778 4933 ita

176 4956 273 5013 illc
314 4956 558 5013 Gentiles
596 4960 909 5029 alloquitur,
949 4981 968 5014 ι
988 4972 1149 5033 caput
1177 4967 1445 5022 asininum
1475 4984 1595 5024 esse
1621 4972 1780 5025 deum

174 5061 452 5107 nostrum.
482 5051 629 5106 Hanc
649 5051 934 5109 Cornelius
962 5057 1175 5111 'l'acitus
1197 5061 1560 5128 suspicionem
1592 5061 1777 5131 hujusc

172 5144 326 5201 modi
354 5146 597 5201 inseruit.
626 5147 673 5202 Is
695 5150 839 5202 enim
869 5149 919 5200 itt
943 5150 1127 5219 quinta
1160 5149 1505 5206 Historiarum
1533 5169 1775 5219 suarum,

170 5238 382 5295 bellum
411 5238 692 5295 Judaicum
719 5257 953 5296 exorsus
980 5243 1046 5297 ab
1074 5244 1279 5312 origine
1308 5248 1502 5312 gentis,
1528 5248 1686 5301 ctiam
1711 5250 1777 5303 de

172 5334 291 5404 ipsa
319 5344 426 5389 tam
455 5336 663 5406 origine
692 5352 851 5406 quam
873 5336 939 5392 de
963 5339 1178 5393 nomine
1207 5347 1263 5392 et
1291 5340 1548 5409 religione
1577 5343 1774 5411 gentis,

170 5442 297 5498 qua:
328 5427 497 5481 voluit
523 5438 943 5498 argumentatus,
976 5429 1192 5485 Judaeos
1232 5433 1392 5487 refert
1418 5433 1653 5506 Egypto
1684 5450 1777 5489 ex-

173 5522 390 5592 peditos
430 5522 568 5584 sive,
600 5532 656 5577 ut
686 5524 908 5593 putavit,
952 5533 1217 5591 extorres,
1265 5528 1428 5583 vasds
1467 5528 1678 5582 Arabia)
1721 5530 1771 5583 in

171 5618 334 5683 locis,
375 5633 634 5688 aquarum
665 5621 1044 5691 egentissimis,
1078 5636 1199 5677 cum
1230 5624 1316 5677 siti
1350 5635 1771 5692 macerarentur,

172 5710 417 5777 onagris,
466 5711 556 5780 qtti
587 5709 722 5766 forte
760 5712 826 5767 de
870 5724 1021 5782 pastu
1071 5724 1253 5782 potum
1287 5718 1498 5782 petituri
1540 5720 1774 5774 mstima-

172 5801 392 5871 bantur,
429 5802 693 5861 iudicibus
720 5804 882 5862 fontis
911 5820 1054 5873 usos,
1090 5807 1161 5865 ob
1189 5824 1306 5865 eam
1337 5811 1562 5880 gratiam
1596 5814 1776 5870 cousi-

1887 4690 2223 4763 prtesumpsit
2257 4692 2473 4746 edicere
2517 4691 2652 4745 asini
2702 4698 2864 4761 caput
2903 4692 3201 4746 collocasse
3235 4691 3484 4759 Juda-os,

1883 4797 1938 4842 et
1970 4787 2020 4842 id
2045 4787 2225 4843 colere
2254 4800 2317 4840 ac
2348 4786 2564 4855 dignum
2595 4783 2775 4841 facere
2798 4795 2937 4840 tanta
2969 4786 3248 4856 religione.
3287 4786 3350 4841 Et
3384 4785 3487 4843 hoc

1883 4880 2113 4933 afﬁrmat
2158 4879 2322 4933 fuisse
2361 4877 2668 4948 depalatum
2690 4878 2817 4932 dum
2850 4878 3147 4933 Antiochus
3178 4880 3485 4950 Epiphanes

1882 4984 1937 5031 et
1962 4975 2313 5042 cxsttoliasset
2346 4974 2603 5045 templmn
2631 4983 2684 5027 et
2729 4973 2857 5027 illud
2885 4985 3045 5042 caput
3084 4975 3377 5030 invenisset
3414 4991 3479 5031 ex

1882 5086 2013 5123 auro
2044 5070 2418 5139 compositum,
2455 5069 2635 5123 multis
2683 5069 2925 5138 pecuniis
2971 5067 3209 5138 dignum.
3263 5070 3341 5124 Ad
3376 5068 3478 5126 hoc

1881 5165 2044 5234 igitur
2075 5164 2303 5233 primmn
2328 5164 2543 5234 quidem
2570 5162 2870 5231 re~pondeo
2895 5164 3145 5233 quoniam
3172 5163 3473 5235 Egyptins,

1881 5259 1964 5314 vel
2004 5259 2048 5313 si
2079 5257 2273 5325 aliquid
2305 5259 2406 5313 tale
2441 5256 2580 5326 apud
2615 5272 2712 5311 nos
2744 5258 2947 5318 fuis~et.
3000 5273 3337 5330 nequaquam
3381 5259 3479 5313 de-

1878 5351 2067 5409 buerat
2094 5353 2371 5421 increpare
2395 5368 2516 5407 cum
2550 5366 2654 5405 non
2687 5352 2757 5405 sit
2782 5350 3021 5407 deterior
3048 5353 3233 5409 asinus
3272 5352 3478 5411 furoni-

1878 5444 1979 5501 bus
2016 5457 2065 5502 et
2097 5445 2257 5501 hircis
2306 5455 2360 5500 et
2390 5445 2508 5498 aliis
2537 5443 2625 5513 qui
2656 5452 2781 5497 sunt
2810 5444 2949 5514 apud
2983 5461 3078 5500 eos
3104 5447 3197 5501 dii.
3235 5447 3470 5515 Deinde,
3543 5487 3547 5493 -

1876 5538 2147 5610 quomodo
2178 5553 2280 5591 non
2326 5536 2607 5602 intellexit,
2638 5536 2892 5605 operibus
2921 5537 3252 5607 iucrepatus,
3300 5540 3369 5595 de
3392 5542 3474 5595 in-

1876 5630 2117 5686 credibili
2143 5644 2240 5684 sun
2262 5628 2582 5685 mendacio?
2609 5627 2838 5698 Legibus
2868 5645 3097 5702 namque
3130 5646 3343 5702 semper
3369 5633 3444 5688 uti

1878 5741 1999 5780 mur
2041 5724 2251 5785 iisdem,
2285 5724 2335 5777 in
2365 5722 2559 5793 quibus
2590 5722 2707 5778 sine
2734 5724 2839 5778 line
2868 5726 3225 5780 constitimus.
3258 5727 3324 5782 Et
3346 5744 3456 5789 cur.

1877 5818 2007 5873 varii
2044 5832 2200 5874 casus
2237 5825 2477 5872 nostram
2517 5814 2813 5882 civitatem,
2847 5817 2986 5874 sicut
3011 5819 3176 5875 etiam
3206 5819 3466 5888 aliorum,
