3972 6310
505 277 610 335 507
1786 280 1874 335 DE
1911 277 2169 337 MINUC"
2196 276 2496 337 OCTAVIO
3669 289 3749 346 503

505 396 820 453 roraverint
845 405 899 453 ct
928 396 1108 453 Thcos
1134 411 1195 451 ac
1227 396 1513 468 Pompeius
1530 400 1752 467 ungues
1778 406 1842 453 ac
1864 394 2102 452 Licinius
2126 396 2181 458 Λ
2208 393 2258 450 ls
2289 396 2454 462 enim,
2483 400 2605 466 post
2640 393 2903 466 ejurntam
2930 394 3209 452 Judaicam
3240 395 3543 468 religionem
3577 399 3751 471 spintu-

506 492 754 557 Crassus,
796 501 852 549 et
894 492 963 548 ad
990 492 1340 548 novissimum
1392 491 1553 548 Titus
1573 489 1777 559 (hear,
1811 492 1953 547 bello
1984 492 2104 547 vin-
2212 502 2358 553 ram,
2390 506 2409 540 ι
2447 489 2617 559 inquit
2654 488 2897 545 eruditus
2926 489 3017 546 ille
3039 489 3323 547 Africanus
3348 491 3586 563 scriptor,
3618 509 3753 565 ιντο.

507 588 715 653 dentes,
757 584 1085 643 obtinuerint
1112 587 1390 657 templum,
1424 582 1557 641 nihil
1586 585 1890 656 hujusmodi
1917 585 1991 640 illi
2020 589 2104 641 in-
2211 582 2389 650 posuit
2417 597 2541 636 cum
2568 582 2831 653 ejusmodi
2862 583 3245 654 inscriptione:
3273 584 3416 641 Duos
3439 583 3752 644 ϐιωτιμο-

505 690 704 737 venere
728 698 748 734 s
777 680 1020 752 lJoseph.
1064 677 1157 736 lib.
1200 696 1261 747 tt,
1295 688 1433 735 conf.
1468 680 1593 751 Δρ..
1628 692 1750 750 pag.
1794 677 1983 745 1065).
2023 678 2104 733 Ad
2212 690 2322 731 non
2369 675 2729 733 Osocuos'rss
2759 695 2779 730 ι
2841 675 2861 750 (
2892 676 3118 734 Tertull.
3150 678 3240 734 lib.
3271 679 3384 734 1αό
3410 678 3633 745 Nauem,
3657 696 3752 753 cap.

509 776 774 832 insulsum
821 777 1001 847 itaque
1029 775 1129 830 hoc
1159 774 1518 841 mendacium,
1551 781 1659 828 tam
1689 786 1835 844 carpe
1857 784 1908 828 et
1941 784 2104 842 repe-
2212 770 2301 838 ll,
2325 786 2441 842 pag.
2476 770 2567 838 57,
2595 784 2648 829 et
2696 773 2897 844 seqq).
2930 773 3064 829 Tum
3111 774 3259 830 addit
3306 775 3510 832 huncce
3551 777 3754 833 fictilium

510 871 670 926 litum
709 878 762 925 et
811 869 1116 939 repulsum,
1158 869 1267 925 duo
1306 867 1573 938 Josephus
1612 868 1842 938 reponit.
1887 862 2103 935 Primo,
2212 865 2370 921 deum
2413 867 2576 923 fuisse
2620 878 3063 940 repraesentatnm
3103 882 3227 926 cum
3278 870 3498 926 asininis
3537 872 3753 940 auribus,

508 974 881 1035 argurnentum
914 965 967 1019 in
995 967 1286 1036 ipsummct
1314 965 1635 1035 Appionem,
1666 961 1983 1034 Egyptium
2003 963 2104 1014 ho-
2212 959 2384 1014 altero
2433 961 2569 1031 pede
2599 962 2932 1033 nnguiatnm,
2981 962 3179 1018 librum
3210 973 3505 1034 gestantem
3547 980 3606 1020 ac
3634 976 3754 1037 toga~

510 1062 730 1128 minem,
748 1068 1043 1131 retorquet,
1065 1061 1409 1132 ostenditque
1428 1059 1496 1115 dc
1521 1060 1621 1115 hoc
1642 1060 1867 1115 crimine
1886 1059 2107 1131 iniquis-
2214 1065 2326 1111 tum
2357 1054 2549 1127 (idem,
2577 1056 2873 1130 Apologct.,
2901 1072 3022 1129 cap.
3049 1059 3136 1119 l6.
3167 1072 3285 1132 pag.
3314 1059 3428 1130 17),
3450 1062 3522 1115 uti
3551 1077 3639 1117 suo
3662 1063 3758 1118 loco

508 1154 705 1213 simam
733 1166 855 1211 esse
893 1154 1035 1211 illius
1067 1155 1553 1223 expastulatitmem
1586 1173 1599 1209 τ
1635 1154 1871 1227 mgymt
1910 1156 2109 1227 quinm
2212 1146 2621 1214 explicabimus.
2651 1149 2733 1205 Ad
2758 1150 2873 1207 haec
2898 1164 3030 1205 vero
3049 1150 3401 1222 Epiphanius,
3431 1153 3519 1208 ubi
3543 1152 3606 1209 de
3625 1153 3759 1211 Gnos-

510 1254 619 1305 non
646 1249 830 1306 minus
855 1248 1091 1305 absurdo
1115 1248 1389 1319 impieque
1414 1249 1562 1305 cuitu
1591 1249 1790 1305 bestias
1812 1248 2109 1304 ador-amnt
2214 1240 2356 1308 ticis,
2387 1241 2760 1300 famosissimis
2790 1244 2895 1299 illis
2915 1245 3342 1303 Christianorum
3372 1248 3645 1314 haereticis,
3679 1264 3761 1305 ser-

508 1352 572 1401 ac
597 1345 1013 1401 venerabantur.
1046 1342 1319 1412 Secundo,-
1372 1344 1565 1414 probat
1596 1342 1725 1398 illud
1775 1358 1882 1399 non
1915 1342 2106 1398 falsum
2216 1347 2429 1389 monem
2460 1337 2716 1402 instituit,
2744 1337 2857 1393 lucc
2881 1340 3156 1396 memoria
3183 1340 3479 1411 litterisqoe
3502 1340 3760 1396 mandavit:

510 1436 900 1502 tantummodo,
944 1436 1039 1492 sed
1074 1437 1392 1493 incredibile
1418 1436 1634 1506 penitus
1664 1446 1785 1490 case
1810 1449 1824 1487 ε
1859 1446 1980 1489 nam
2008 1434 2106 1489 .lu-
2220 1448 2239 1480 ε
2267 1426 2421 1498 Quod
2449 1429 2516 1483 ad
2548 1431 2785 1486 Sabaoth
2814 1435 3071 1503 pertinet,
3103 1433 3245 1489 hunc
3266 1434 3404 1488 asini
3448 1432 3669 1503 quidam,
3694 1435 3764 1489 alii

509 1531 633 1597 dmi,
680 1532 772 1602 qui
819 1545 1037 1587 omnem
1083 1545 1301 1603 prorsus
1345 1529 1727 1595 idololatriam,
1769 1540 1832 1585 ac
1881 1528 2111 1600 proinde
2216 1523 2363 1593 porci
2396 1522 2561 1593 figura
2601 1534 2850 1581 constare
2878 1538 3101 1581 censent
3135 1538 3154 1579 t
3190 1526 3488 1599 (Epiphan.
3518 1528 3569 1582 in
3598 1526 3761 1587 Hom.

507 1624 727 1694 asinini,
771 1625 1113 1695 quantumvis
1165 1625 1335 1693 aurei,
1389 1625 1579 1696 capitis
1630 1626 1851 1689 cultum,
1898 1634 2110 1679 summo
2215 1628 2387 1683 XX":
2420 1616 2451 1688 §
2483 1616 2584 1685 10.
2615 1633 2736 1689 P33.
2768 1620 2881 1689 91)-
2938 1621 3008 1674 At
3056 1620 3176 1675 sive
3217 1620 3335 1676 haec
3374 1621 3491 1677 sive
3528 1622 3624 1676 alia
3650 1637 3766 1693 truth

509 1715 635 1774 odio
676 1726 967 1789 numquam
1022 1732 1129 1773 non
1174 1717 1497 1785 habuerunt,
1544 1717 1734 1773 iisdem
1779 1730 1996 1795 semper
2024 1717 2106 1771 vi-
2213 1709 2347 1766 libet
2388 1710 2510 1765 ﬁcia
2561 1712 2719 1777 ratio,
2769 1713 3005 1783 aliquam
3053 1713 3392 1769 Christianus
3441 1716 3765 1772 καιδειὶωωί

511 1820 643 1867 xere
670 1809 893 1882 legibus.
926 1808 1147 1879 Deinde,
1178 1810 1321 1882 quod
1351 1811 1558 1882 Appion
1589 1810 1658 1866 de
1684 1810 1951 1866 Antiocho
1980 1810 2109 1881 Epi-
2139 1806 2187 1872 Β
2217 1805 2522 1874 huiusmodi
2563 1808 2740 1862 coitus
2795 1809 3145 1865 inaimuiandi
3180 1810 3520 1867 occasionem
3565 1810 3763 1879 dederit,

509 1898 689 1976 phane
721 1912 1006 1979 memorat,
1054 1904 1155 1962 hoc
1180 1904 1449 1977 Josephus
1482 1906 1549 1959 ab
1578 1905 1689 1976 ipsa
1718 1906 1946 1961 veritate
1990 1918 2109 1958 om-
2214 1910 2363 1954 certe
2407 1898 2671 1955 Minucius
2719 1912 2903 1957 noster
2945 1904 3106 1972 plane
3154 1905 3478 1974 penitusque
3521 1914 3762 1977 pernegat,

512 1998 642 2055 uino
685 1998 979 2056 abhorrere
1031 1999 1285 2055 ostendit.
1343 1998 1533 2054 Nullus
1572 2000 1883 2063 enimvero,
1937 2002 2111 2069 neque
2216 1990 2361 2045 illam
2392 1991 2580 2047 nefarii
2610 1992 2850 2050 Judaicm
2879 1995 3154 2066 religionis
3181 1996 3481 2054 desertoris
3511 1996 3765 2071 sycophan-

513 2090 801 2164 Pompeius
838 2102 1063 2163 magnus
1111 2102 1287 2163 neque
1314 2091 1403 2147 alii
1444 2090 1668 2145 Romani
1720 2093 2108 2163 imperatores,
2218 2083 2377 2148 tiam,
2418 2101 2648 2156 eumque
2687 2087 3138 2144 absurdissimum
3185 2087 3565 2146 Gnosticorum
3601 2091 3765 2146 enim

513 2191 635 2257 post
664 2192 962 2257 reportatus
1006 2183 1078 2241 de
1113 2184 1315 2241 ludatis
1352 2185 1605 2240 victorias
1632 2184 1685 2239 in
1720 2183 2111 2255 Hierosolymis
2219 2181 2331 2236 ullo
2372 2194 2590 2251 prorsus
2617 2181 2779 2237 modo
2806 2184 2873 2239 ad
2905 2199 3061 2240 veros
3097 2185 3425 2255 pertinuisse
3449 2185 3764 2242 Christianos.

512 2284 695 2333 ianum
740 2277 993 2349 templum
1026 2277 1273 2346 ingressi,
1307 2277 1478 2332 ullum
1510 2277 1705 2332 asinini
1729 2276 1919 2347 capitis
1943 2278 2112 2332 simu-
2218 2273 2400 2329 Palam
2431 2275 2710 2330 enimvero
2757 2285 3178 2350 constanterque
3214 2290 3495 2335 asseverat
3535 2281 3663 2334 hunc
3699 2278 3768 2333 fal-

512 2360 713 2426 lacrum
743 2370 798 2426 in
827 2384 892 2427 eo
922 2372 1479 2442 umquaminvenere;
2218 2384 2335 2423 sum
2367 2367 2435 2422 de
2468 2368 2661 2423 asinini
2706 2371 2897 2440 rapitis
2938 2372 3089 2426 cultu
3113 2386 3394 2428 rumorem
3418 2385 3450 2426 a
3477 2370 3767 2427 datmonibtn

584 2462 771 2534 Neque
810 2461 861 2519 id
883 2474 1081 2535 negare
1102 2463 1274 2535 potuit
1301 2463 1536 2527 Tacitus,
1559 2477 1717 2534 quem
1745 2460 2115 2517 Tertullianus
2219 2477 2464 2533 sparsum
2513 2478 2577 2517 ac
2626 2465 3027 2534 pervulgatum,
3069 2468 3155 2522 cui
3196 2467 3380 2523 nullus
3429 2480 3572 2522 same
3614 2468 3769 2522 utentis

513 2563 770 2627 tanquam
803 2556 1117 2613 mendacem
1148 2554 1523 2613 immemorem
1563 2556 1845 2625 ipsiusmet
1872 2556 2114 2610 testimo‘
2221 2556 2384 2612 homo
2425 2557 2582 2613 fidem
2615 2574 2864 2628 umquam
2913 2560 3111 2617 habere
3159 2563 3351 2632 potuit.
3392 2580 3413 2614 ι
3437 2562 3566 2631 Quis
3588 2563 3765 2628 enim,»

514 2649 606 2704 nio
634 2647 832 2705 refellit
877 2659 932 2706 et
971 2651 1266 2705 insectatur
1292 2668 1306 2705 :
1345 2664 1366 2701 t
1391 2651 1457 2703 At
1486 2649 1633 2703 enim
1662 2648 1803 2702 idem
1830 2647 2118 2704 Cornelius
2227 2668 2247 2701 σ
2273 2650 2444 2722 inquit
2463 2652 2573 2719 ille,
2599 2666 2618 2704 t
2646 2662 2752 2707 tam
2772 2653 2991 2721 stultus,
3013 2665 3069 2710 ut
3097 2655 3197 2710 hoc
3224 2656 3402 2711 colat?
3429 2654 3556 2724 Quis
3579 2655 3769 2718 stultitn,

514 2742 753 2813 Tacitus,
784 2760 807 2799 ι
841 2746 1070 2816 ipsumet
1099 2744 1417 2801 Tertulliani
1450 2752 1577 2800 sunt
1604 2743 1791 2810 verba,
1817 2756 1839 2795 t
1863 2754 1995 2798 sane
2026 2742 2116 2799 ille
2222 2753 2279 2798 ut
2310 2743 2410 2799 hoc
2438 2744 2541 2799 coli
2563 2746 2782 2801 credat?
2801 2763 2823 2799 ν
2850 2746 3049 2801 Mcram
3079 2748 3259 2818 itaque
3280 2749 3620 2814 calumniam,
3646 2757 3771 2818 atque

516 2841 921 2898 mendaciorum
949 2842 1377 2913 loquacissimus,-
1405 2840 1458 2895 in
1479 2838 1669 2896 eadem
1698 2838 1931 2894 Historia
1951 2839 2120 2895 refert
2226 2838 2746 2907 iinpndcntissimum
2797 2840 3138 2896 mendacium
3187 2841 3428 2910 cuilibet,
3459 2842 3557 2897 nisi
3598 2840 3772 2896 omnino

516 2935 740 2992 Cncium
768 2936 1105 3007 Pompeium,
1136 2952 1259 2991 cum
1299 2935 1631 2992 Hierusalem
1657 2935 1913 3004 cepisset,
1943 2946 2111 3006 prop-
2224 2934 2481 3006 desipiat,
2536 2933 2741 2989 lwmini
2797 2946 3020 3005 prorsus
3067 2935 3384 2992 incredibile
3433 2948 3553 2994 esse
3600 2934 3771 2991 asserit.

520 3042 777 3101 tercaque
810 3028 1067 3099 templum
1110 3028 1332 3084 adiisset
1357 3027 1701 3098 speculandis
1727 3028 1963 3083 Judaicae
2002 3027 2120 3084 reli-
2226 3027 2476 3083 Pluribus
2516 3042 2678 3099 porro
2705 3028 2885 3084 verbis
2918 3028 3050 3084 illud
3094 3042 3200 3083 non
3232 3028 3456 3095 refellit,
3499 3026 3774 3099 quandoqui-

520 3123 696 3195 gionis
724 3121 956 3187 areanis,
991 3121 1198 3176 nullum
1226 3120 1333 3177 illic
1359 3122 1624 3191 reperisse
1653 3121 2023 3176 simulacrum.
2057 3118 2123 3175 Et
2228 3121 2350 3176 dem
2394 3122 2496 3178 hoc
2537 3122 2703 3178 semel
2734 3123 3000 3193 negando,
3043 3125 3175 3180 satis
3219 3134 3277 3180 se
3331 3123 3634 3180 confutasse
3669 3121 3773 3178 esis-

525 3217 729 3288 uritpte,
781 3216 829 3271 si
856 3212 907 3270 id
942 3214 1219 3272 colebatur
1245 3216 1387 3286 quod
1411 3214 1589 3287 aliqua
1610 3216 1791 3287 effigie
1817 3229 2121 3286 represen-
2148 3214 2193 3281 C
2231 3216 2470 3271 timabat.

525 3309 757 3375 tabatur,
796 3319 1063 3379 nusquam
1100 3309 1270 3378 magis
1295 3322 1458 3381 quam
1488 3307 1542 3363 in
1568 3309 1806 3364 sacrario
1843 3323 1944 3363 atto
1961 3308 2120 3365 esui.

527 3398 776 3466 beretur;
807 3416 873 3457 eo
904 3402 1073 3472 magis
1110 3402 1233 3472 quia
1263 3414 1361 3456 nec
1388 3401 1676 3456 verebatur
1720 3411 2007 3457 extraneos
2035 3415 2123 3456 οτι

526 3492 716 3560 ltitros,
749 3504 1069 3565 quamquam
1124 3506 1255 3548 vana
1299 3492 1509 3548 cultura
1541 3510 1555 3549 :
1586 3493 1718 3549 solis
1760 3494 1903 3549 enim
1937 3502 2121 3549 sacer-

525 3586 743 3643 dotibus
770 3587 920 3643 adire
966 3587 1168 3642 licitum
1202 3585 1406 3652 ;etiam
1449 3595 1774 3657 conspectus
1802 3594 2122 3641 eteterorum

527 3679 649 3735 velo
675 3688 914 3750 oppanso
937 3679 1356 3737 interdicebatur
1392 3696 1411 3730 ι
1437 3678 1684 3753 (Tertull.
1714 3678 1864 3751 Apol.
1887 3694 2006 3750 cap.
2036 3679 2121 3746 16,

528 3780 651 3843 pag.
688 3771 801 3844 l7).
852 3772 1051 3829 Eadem
1086 3768 1292 3839 abillo,
1337 3770 1431 3827 sed
1474 3773 1594 3829 aliis
1642 3774 1839 3840 verbis,
1872 3773 1923 3827 in
1953 3773 2127 3843 primo

529 3866 597 3921 ad
621 3864 873 3922 Nationes
916 3867 1053 3923 libro
1084 3867 1225 3941 (cap.
1264 3871 1355 3940 ll)
1386 3878 1571 3925 rursus
1596 3868 1810 3939 scriptis
1838 3865 2031 3920 tradita
2060 3866 2129 3922 le-
2230 3870 2437 3937 Quanta
2484 3883 2612 3925 vero
2663 3877 2807 3925 esset
2848 3867 3186 3925 ethnicorum
3233 3860 3575 3924 Christianos
3626 3857 3779 3919 asinini

529 3961 725 4033 gimtts.
757 3962 823 4017 Et
857 3971 1006 4018 recte
1032 3962 1283 4033 quidem;
1318 3978 1441 4017 nam
1466 3961 1748 4019 Cornelius
1767 3958 1985 4016 Tacitus
2012 3959 2130 4014 lucc
2232 3963 2410 4019 cultus
2454 3963 2821 4019 accusantium
2852 3962 3143 4025 dementia.
3179 3961 3520 4017 manifestum
3554 3957 3665 4015 inde
3687 3964 3779 4009 anc-

530 4056 696 4112 citato
721 4055 773 4109 in
820 4052 958 4112 libro
986 4066 1175 4113 revera
1201 4058 1531 4127 scripserat:
1568 4070 1588 4107 ι
1623 4055 1988 4109 Romanorum
2022 4052 2129 4122 prio
2234 4066 2319 4113 ιοι·
2362 4065 2548 4113 noster
2600 4057 2750 4120 facit,
2793 4056 2934 4127 quod
2986 4057 3062 4112 im
3103 4069 3207 4112 nou
3254 4055 3457 4121 semel,
3505 4053 3596 4111 sed
3636 4048 3781 4119 saepis-

534 4164 654 4205 mus
691 4147 792 4205 Cn.
818 4148 1109 4219 Pompeius
1133 4148 1350 4206 Judaeos
1374 4149 1603 4214 domuit,
1627 4143 2131 4218 templumquejurc
2233 4151 2367 4206 sime
2415 4149 2655 4219 ejusdem
2698 4159 2787 4204 aut
2835 4149 3024 4205 similis
3050 4148 3233 4220 ﬂagitii
3260 4147 3564 4205 certissime
3608 4141 3781 4201 convin-

533 4238 774 4298 vicioritc
830 4242 1105 4314 ingressus
1141 4250 1240 4298 est.
1286 4239 1418 4298 lude
1469 4241 1741 4310 vulgatum
1796 4238 1941 4293 nulla
1988 4238 2134 4293 intus
2234 4254 2505 4302 cerentur.
2538 4245 2642 4300 Tot
2691 4258 2869 4301 autem
2916 4244 3180 4315 exemplis
3228 4243 3330 4299 hoc
3372 4238 3780 4310 abeoprobatur,

534 4335 707 4393 Deum
734 4332 931 4408 effigie,
957 4354 978 4390 ι
1011 4338 1209 4406 pictum
1235 4333 1485 4393 videlicet
1506 4345 1598 4390 aut
1626 4334 1966 4399 fabricatum,
2000 4350 2019 4385 ι
2041 4347 2133 4387 va-
2237 4348 2295 4395 ut
2321 4339 2453 4394 nihil
2486 4339 2685 4395 ethnici
2710 4346 2896 4394 contra
2916 4338 3267 4409 respondere,
3299 4347 3393 4393 aut
3415 4336 3629 4392 omnino
3651 4330 3783 4386 hisce-

535 4440 690 4487 cuam
716 4430 898 4487 sedem
937 4438 992 4488 et
1045 4432 1223 4488 inania
1264 4442 1461 4489 arcana
1504 4430 1751 4502 t(’l'acit.
1780 4429 1875 4487 lib.
1922 4445 1957 4484 v
1994 4427 2131 4483 Hist.
2237 4446 2298 4489 re
2343 4430 2623 4488 auderent.
2680 4432 2764 4487 Ab
2793 4432 2911 4502 ipso
2956 4433 3158 4504 itaque,
3212 4446 3371 4504 quem
3404 4430 3569 4487 asinis
3603 4434 3650 4483 et
3675 4422 3782 4492 Epo-

551 4533 664 4582 1081
694 4525 859 4595 init).
2239 4540 2326 4581 nat
2344 4522 2692 4592 adhibebant,
2715 4526 2863 4581 cultu
2884 4526 2961 4581 sic
2991 4524 3210 4596 incipit:
3236 4544 3256 4578 ι
3289 4522 3397 4581 Vos
3421 4534 3475 4580 et
3499 4528 3631 4578 totos
3643 4517 3783 4572 asinos

612 4617 691 4674 Ex
727 4618 811 4674 his
858 4624 1019 4689 porro
1060 4624 1180 4691 quat
1215 4618 1473 4676 hactenus
1524 4617 1791 4688 disputata
1831 4624 1975 4684 sunt,
2016 4615 2135 4685 quis
2159 4622 2214 4687 1)
2241 4632 2365 4677 cum
2409 4626 2588 4676 vestra
2664 4618 2890 4690 (Regius
2934 4619 3104 4675 codex
3131 4618 3334 4675 addidit
3356 4616 3458 4691 sei)
3496 4616 3665 4687 Epona
3688 4616 3783 4664 cos-

540 4725 649 4767 non
683 4703 863 4768 videat
890 4712 1089 4767 nullam
1114 4712 1271 4784 plane
1292 4713 1449 4769 fidem
1476 4709 1773 4768 habendam
1804 4724 1978 4782 neque
2008 4709 2135 4766 huic
2240 4712 2485 4769 secratis.
2525 4732 2545 4766 ι
2588 4712 2696 4770 Sed
2730 4712 2944 4784 plurimi
2978 4711 3053 4768 ibi
3087 4710 3294 4767 librarii
3334 4709 3587 4766 mendum
3608 4704 3784 4762 subesse

540 4805 796 4861 Cornelio
825 4805 1013 4862 Tacito
1043 4816 1217 4878 neque
1253 4806 1374 4862 aliis
1424 4802 1681 4876 improbis
1737 4802 2141 4862 calumniatori-
2242 4806 2574 4874 existimant,
2620 4806 2762 4878 quod
2803 4808 3032 4878 quisque
3081 4818 3179 4877 pro
3232 4805 3432 4876 ingenii
3462 4803 3545 4859 sui
3588 4796 3784 4855 acumine

540 4898 664 4967 bus,
711 4901 802 4969 qui
844 4915 875 4955 a
900 4900 1099 4956 ludatis
1130 4901 1383 4971 primum,
1415 4899 1614 4957 deinde
1641 4900 1962 4957 Christianis
2002 4898 2141 4954 divis
2241 4903 2511 4974 corrigere
2560 4908 2787 4958 conatus
2817 4912 2917 4958 cst.
2971 4902 3197 4969 Quidam
3242 4900 3388 4957 enim
3439 4897 3564 4955 illud
3606 4893 3674 4951 sei
3714 4900 3784 4947 ex:

544 5004 672 5051 itum
721 4997 956 5069 aliquem
992 4997 1196 5052 cultum
1225 4996 1438 5052 asinino
1478 4997 1639 5068 capiti
1667 4996 1927 5053 tributum
1966 4997 2142 5065 impu-
2248 4996 2517 5066 pulerunt,
2573 4995 2845 5067 scribique
2891 4995 2943 5051 in
2995 4996 3155 5051 editis
3203 4996 3488 5051 voluerunt
3524 4985 3785 5060 simpliciter

544 5090 860 5148 dentissime
887 5092 1319 5148 mentiebantur?
1362 5162 1367 5165 _
2253 5110 2273 5144 ‹
2308 5104 2431 5145 cum
2486 5096 2665 5147 vestra
2696 5089 2903 5161 Epona.
2936 5106 2957 5141 ι
3010 5087 3088 5144 Ex
3141 5089 3224 5143 his
3283 5096 3460 5144 tamen
3507 5084 3656 5155 aliqui
3696 5087 3784 5133 sm-

616 5184 772 5241 Unde
810 5192 939 5241 tero
969 5198 1074 5241 tam
1113 5186 1292 5251 putida
1342 5187 1515 5242 fabula
1562 5196 1750 5243 exorta
1793 5187 1882 5253 sit,
1930 5185 2140 5253 varias,
2252 5183 2414 5256 picati
2460 5190 2587 5239 sunt
2624 5183 2693 5239 ab
2739 5184 2918 5254 aliquo
2959 5183 3012 5238 in
3051 5182 3293 5253 margine
3347 5187 3602 5243 notatum,
3633 5190 3650 5225 ι
3692 5176 3783 5224 cum

2817 3348 3109 3390 Αιτιευιυε
3152 3350 3207 3390 ΙΙ.

2230 3445 2499 3515 Quomodo
2555 3446 2818 3502 Minucius
2862 3449 3149 3520 probaverit
3196 3448 3426 3505 ethnicos
3456 3449 3630 3519 hujus,
3668 3445 3776 3502 sinti-

2299 3540 2457 3615 lt‘sqtte
2494 3552 2583 3597 aut
2606 3543 2794 3615 pejoris
2817 3538 3021 3600 sceleris
3065 3558 3173 3601 esse
3205 3552 3341 3614 fear,
3384 3546 3473 3616 qui
3503 3540 3659 3599 asinos
3693 3555 3778 3595 cum

2300 3634 2489 3709 Epona
2536 3645 2583 3691 et
2633 3635 2798 3704 Iside,
2846 3647 2999 3708 atque
3051 3630 3200 3693 boum
3247 3644 3295 3693 et
3342 3648 3597 3694 vervecum
3649 3633 3779 3703 capita

2300 3731 2456 3801 impie
2500 3731 2754 3798 colebant,
2802 3748 2863 3786 ac
2921 3732 3305 3788 venerabantur.

548 5286 744 5348 praeter
784 5288 903 5333 eam
944 5290 1064 5351 qua:
1097 5280 1208 5349 jam
1247 5294 1276 5333 a
1316 5281 1471 5336 nobis
1512 5282 1670 5337 allata
1700 5292 1813 5345 est,
1848 5277 2144 5335 Bochartus
2248 5277 2512 5350 Hippona.
2552 5297 2570 5331 ι
2606 5275 2802 5332 Verum
2844 5276 2928 5331 ita:
2968 5288 3131 5332 mera:
3172 5277 3496 5348 conjecturae
3519 5277 3651 5333 sunt,
3675 5261 3783 5320 nulla

547 5369 822 5440 (Bocltart.
850 5372 915 5426 de
935 5373 1309 5428 Animabat".
1340 5377 1517 5445 script.
1551 5383 1679 5430 tom.
1706 5389 1741 5441 ι,
1762 5387 1881 5443 cap.
1907 5374 1996 5439 18,
2022 5384 2143 5444 pag.
2248 5373 2569 5427 auctoritate
2599 5370 2680 5425 vel
2712 5369 3021 5425 testimonio
3062 5369 3229 5425 fultae.
3281 5370 3384 5424 Alii
3437 5380 3562 5422 vero
3608 5364 3654 5417 in
3712 5362 3783 5410 sui

543 5464 643 5519 221
677 5472 732 5521 et
749 5464 1258 5538 seqq.)acVossius
1276 5468 1452 5543 (Voss.
1486 5469 1581 5524 lib.
1606 5480 1685 5534 tn,
1712 5468 1775 5522 de
1802 5467 1914 5522 Ort.
1945 5477 1992 5523 et
2017 5466 2147 5522 Pro-
2250 5465 2487 5521 editione
2534 5465 2814 5536 juSSernnt
2866 5462 3070 5531 scribi,
3132 5481 3151 5516 ι
3213 5472 3334 5518 cum
3386 5469 3555 5517 vestra
3603 5453 3676 5511 vel
3713 5458 3781 5504 sua

546 5574 706 5630 grass.
725 5557 1160 5635 Idololatr.,cap.
1183 5563 1270 5629 75,
1297 5562 1493 5634 p.565)
1516 5564 1752 5618 rationes
1770 5561 2139 5618 reddiderunt.
2249 5558 2457 5628 Epona-
2497 5577 2517 5611 ι
2565 5558 2739 5626 Quam
2780 5555 2997 5628 quidem
3047 5555 3435 5626 conlecmmma
3493 5551 3587 5608 θίεί
3639 5550 3782 5641 eo"?

549 5655 639 5709 Ea:
662 5662 864 5723 autem,
896 5669 1018 5712 cum
1043 5633 1307 5713 ineorum
1336 5656 1489 5713 libris
1516 5656 1675 5713 facile
1704 5668 1734 5711 a
1763 5655 2004 5728 quolibet
2040 5656 2144 5727 legi
2249 5651 2597 5722 manuscripti
2647 5648 2836 5717 fidem,
2885 5662 3009 5705 mox
3050 5649 3281 5705 citaudis
3323 5643 3622 5703 Tertulliani
3650 5633 3782 5692 t'erbii

544 5746 772 5819 possint,
818 5748 949 5804 illud
998 5758 1201 5805 tantum
1241 5750 1558 5820 adjiciamus
1604 5750 1745 5821 quod
1792 5752 1861 5807 de
1909 5750 2141 5823 quodam
2246 5746 2602 5813 confirmare,
2652 5745 2746 5801 sed
2803 5758 3087 5815 perperam
3142 5743 3398 5799 nituntur.
3448 5737 3660 5808 Quidam
3697 5739 3782 5783 tan-

546 5841 754 5909 Juda'co,
789 5840 1009 5898 homine
1040 5841 1427 5913 perditissimo,
1459 5842 1824 5901 Tertullianus
1852 5852 2138 5902 memorat.
2246 5842 2368 5899 dem
2397 5841 2797 5898 emendandum
2818 5842 3139 5912 opinantur:
3174 5856 3195 5891 ι
3223 5854 3345 5897 cum
3375 5836 3550 5903 Vesta,
3579 5829 3652 5888 vel
3675 5823 3777 5892 Et”
