4034 6320
374 160 406 185 ο

225 341 351 402 509

1628 326 2094 387 DISSERTATIO.

3436 318 3539 374 510

229 479 351 531 na;
394 482 411 514 ι
485 459 608 532 quia
656 456 882 529 gentiles
929 467 1242 526 persuasum
1309 448 1577 507 habebant
1632 446 1839 501 asinum
1869 448 1923 507 Α
1954 463 1972 497 ι
2009 442 2297 510 decoratis,
2338 459 2356 494 ι
2413 440 2533 512 quia
2581 445 2862 508 utramque
2903 434 3060 505 asini,
3126 433 3280 493 deam
3345 428 3540 491 Isidem

228 572 369 616 esse
411 556 589 613 Vestae
635 552 905 610 delicium.
959 550 1028 606 At
1072 557 1217 605 certe
1245 547 1451 603 tametsi
1479 544 1663 599 asiutts
1692 554 1841 596 reve-

230 668 301 709 ra
359 654 411 709 it‘t
444 650 655 708 deliciis
688 648 878 705 fuisset
921 646 1116 713 Vestm,
1148 644 1484 716 probandum
1529 638 1703 696 adhuc
1726 636 1843 692 crat

230 747 432 803 asinos
477 746 525 801 ei
567 742 896 808 consecrari,
926 751 979 797 et
1001 757 1097 796 cur
1122 738 1383 795 Minucius
1428 736 1643 800 dixerit,
1701 751 1719 784 ι
1756 724 1841 788 vel

232 841 454 913 Epona.
493 861 514 894 ι
547 839 813 895 Pratterea
838 837 1073 892 scribere
1110 835 1404 899 debuisset,
1440 850 1458 884 ‹
1498 842 1549 887 et
1578 829 1784 900 Epana,
1817 845 1836 880 ›

238 946 411 1005 atque.
464 951 527 990 eo
582 935 837 998 maxime,
868 932 1009 1005 quod
1061 932 1399 985 continenter
1445 922 1839 997 adjcceritasi-

243 1046 352 1085 nos
399 1027 521 1085 Isidi
578 1036 858 1084 mactatos.
912 1028 1045 1097 Quid
1096 1043 1224 1098 ergo
1265 1027 1307 1080 si
1340 1023 1619 1098 particula,
1648 1018 1745 1086 vel,
1776 1016 1845 1073 ab

240 1135 470 1180 auctore
520 1132 724 1191 nostro,
783 1124 918 1177 sicut
976 1139 1004 1175 a
1058 1121 1296 1192 pluribus
1328 1121 1444 1173 aliis
1481 1126 1721 1172 sumatur
1751 1127 1845 1184 pro

245 1219 405 1272 etiam
428 1221 455 1272 .9
497 1218 686 1275 Nonne
727 1217 888 1272 latina
930 1231 992 1271 ac
1023 1218 1303 1287 perspicua
1334 1212 1437 1268 erit
1466 1212 1581 1283 ejus
1625 1208 1841 1274 locutio,

242 1313 491 1385 nihilque
530 1315 579 1369 in
623 1315 739 1385 ejus
770 1318 914 1367 textu
964 1310 1321 1367 mutandum?

323 1410 453 1476 Quae
482 1425 640 1479 porro
675 1408 832 1463 fuerit
864 1406 1070 1476 Epona,
1108 1404 1187 1460 bis
1220 1400 1539 1458 Plutarchus
1569 1414 1687 1473 post
1708 1406 1847 1471 Age-

243 1498 444 1556 silaum
491 1502 511 1574 (
542 1504 687 1573 Ages.
718 1518 773 1556 ιιι
800 1494 973 1554 ΙιαΙῘσ.
1006 1500 1024 1570 )
1058 1498 1277 1568 exponit
1326 1496 1503 1554 Verbis
1537 1518 1549 1553 :
1582 1518 1598 1550 ι
1624 1488 1847 1553 Fulvius

246 1595 457 1649 Stellus
481 1638 495 1660 ,
530 1611 558 1648 a
600 1593 913 1650 mulieribus
941 1593 1120 1648 animo
1169 1592 1363 1655 alieno,
1397 1606 1517 1645 cum
1569 1609 1702 1662 equa
1735 1606 1848 1645 rem

246 1686 463 1743 habuit.
495 1688 570 1743 Ea
619 1704 715 1745 suo
748 1700 992 1758 tempore
1037 1686 1199 1741 filiam
1245 1685 1412 1741 edidit
1446 1685 1849 1755 perpulehram,

243 1783 341 1835 cui
372 1788 523 1849 pater
551 1778 749 1851 Epona:
793 1796 986 1835 nomen
1036 1778 1257 1844 indidit,
1310 1772 1548 1845 ὠνόμασεν
1587 1766 1846 1841 imam»;

1947 539 2250 611 portantis,
2308 545 2467 608 atque
2505 534 2782 605 ipsius‘met
2837 520 3013 598 Isidis,
3085 522 3317 603 effigiem
3394 528 3543 583 vario

1945 640 2137 688 ornatu
2185 631 2493 687 decoratam
2542 627 2700 682 simul
2755 625 3166 681 venerabantur.
3217 616 3328 678 Nec
3365 624 3541 693 inepta

1946 738 2167 801 prorsus
2216 722 2428 781 videtur
2467 718 2582 777 hare
2629 721 2970 791 conjectura;
3018 718 3127 788 jam
3185 717 3328 773 enim
3388 718 3537 784 Apu«

1946 824 2108 879 leium
2145 818 2445 875 audivimus
2486 816 2752 872 dicentem
2804 814 2918 869 dcte
2955 811 3157 882 Epona:
3191 808 3541 865 simulacrum

1945 912 2255 972 recentibus
2308 912 2525 968 corollis
2581 909 2754 965 roseis
2815 902 2980 963 fuisse
3026 912 3279 959 accurate
3316 912 3545 956 βονθητι-

1948 1016 2081 1065 tum.
2151 1008 2275 1063 Alio
2320 1014 2499 1062 autent
2553 1004 2606 1059 in
2661 1002 2798 1057 libro
2848 1004 2959 1055 nou
3014 999 3190 1053 minus
3262 993 3545 1065 perspicue

1947 1103 2181 1160 declarat
2238 1098 2391 1155 tsidis
2444 1094 2674 1167 efligicm
2720 1094 2789 1150 ab
2841 1092 2958 1164 (3th5
3013 1086 3384 1147 sacerdotibus
3453 1098 3549 1155 per

1949 1185 2349 1249 casulas,vicos
2386 1191 2440 1237 et
2492 1188 2669 1235 castra
2711 1175 3047 1233 circumferri
3108 1172 3323 1228 solitam
3371 1168 3547 1224 serico

1949 1286 2251 1334 contectam
2294 1275 2549 1339 amiculo,
2597 1280 2718 1343 quae
2779 1270 2846 1325 ab
2895 1267 3067 1323 obviis
3113 1265 3365 1321 omnibus
3416 1275 3548 1333 gen-

1952 1373 2134 1431 tilibus
2191 1372 2471 1428 colebatur
2521 1366 2751 1441 (Apulei.
2791 1364 2879 1420 lib.
2900 1374 2976 1419 vt.
3030 1358 3241 1417 Metam.
3288 1358 3381 1414 sub
3424 1354 3545 1427 ﬁn).

1951 1466 2209 1538 Expende
2252 1478 2382 1536 ergo
2436 1472 2613 1518 utrtun
2638 1461 2724 1515 hic
2770 1461 2840 1515 sit
2891 1456 3104 1513 Minucii
3136 1454 3304 1510 nostri
3329 1464 3547 1515 sensus,

1952 1574 2007 1619 et
2050 1567 2101 1617 in
2141 1559 2258 1631 eius
2303 1558 2469 1614 textu
2515 1555 2803 1627 legendum
2850 1554 2920 1608 sit
2969 1572 2987 1604 ι
3019 1550 3310 1608 decoratis.
3352 1542 3549 1601 iNibil

1953 1658 2095 1713 enim
2152 1671 2251 1711 nos
2300 1654 2419 1709 sine
2449 1652 2639 1724 integri
2679 1650 2889 1707 codicis
2905 1647 3224 1704 auctoritate
3270 1652 3420 1699 cc‘rto
3457 1636 3550 1697 dce

1956 1751 2249 1808 finiendum
2300 1759 2570 1822 putamus.

248 1826 341 1835 η-
374 1826 511 1849 νυ--.
551 1826 748 1851 μνη.-.
1038 1826 1257 1844 ..._.“.-,
1312 1826 1540 1845 mre---
1833 1826 1846 1841 ,

247 1882 419 1943 atque
450 1875 565 1930 haec
591 1884 673 1930 est
699 1873 821 1941 dea,
853 1889 1109 1943 equorum
1142 1873 1569 1944 procreationem
1599 1886 1794 1942 gerens
1828 1890 1845 1923 ›

2029 1846 2109 1901 Ad
2168 1844 2273 1899 alia
2320 1844 2502 1910 itaque
2527 1846 2897 1894 transeamus:
2933 1848 2953 1887 ι
2988 1834 3180 1898 Boum,
3213 1848 3234 1883 ι
3265 1827 3414 1884 addit
3439 1826 3551 1892 ille,

246 1966 554 2041 (Plutarch.
584 1974 712 2022 tom.
744 1980 801 2023 ιι.
832 1968 882 2021 in
912 1964 1161 2021 Parallcl.
1210 1981 1328 2037 pag.
1375 1958 1524 2036 512).

329 2061 502 2125 Ipsius
550 2070 729 2117 autem
779 2049 1125 2117 simulacrum
1185 2062 1235 2115 in
1280 2061 1554 2132 praesepiis
1606 2059 1856 2115 collocari

249 2155 479 2213 solitum
524 2155 779 2227 colligunt
823 2172 886 2213 ex
945 2156 1024 2209 liis
1081 2154 1355 2211 Iuvenalis
1393 2153 1588 2209 dictis:

448 2329 802 2422 éolamohippo,
826 2331 884 2423 ei
912 2332 1063 2408 facies
1089 2333 1216 2409 oiidd
1241 2332 1300 2408 ad
1327 2295 1762 2423 prmsililirgtpietas.

832 2372 884 2408 et
912 2372 1063 2408 Iaeies
1089 2372 1216 2409 eluta
1241 2372 1297 2408 ao
1327 2372 1567 2423 prteseria

817 2420 1064 2485 (Juvenal.
1088 2425 1255 2487 Satyr.
1284 2438 1378 2483 vui,
1404 2434 1448 2473 v.
1477 2372 1621 2485 15⁸121)

451 2331 462 2343 Ι
531 2330 544 2343 ο
618 2333 630 2343 ο
699 2329 714 2344 ο
785 2332 797 2345 ο
867 2331 879 2344 ο
950 2332 961 2343 Ι
1034 2335 1044 2346 ι
1114 2333 1126 2345 Ι
1205 2335 1216 2346 ι
1287 2332 1300 2345 ο
1371 2332 1383 2345 ο

252 2546 340 2601 Ibi
372 2562 499 2603 vero
544 2549 785 2603 nonnulli
841 2565 936 2619 pro
983 2548 1158 2621 Hippo
1200 2550 1300 2621 legi
1360 2549 1597 2621 Eponam
1649 2549 1855 2604 volunt.

258 2640 347 2693 De
394 2641 583 2696 eodem
631 2656 842 2713 quoque
897 2642 1118 2713 Eponae,
1163 2644 1275 2697 sive
1324 2638 1604 2714 llippotue,
1640 2642 1860 2707 simula-

256 2749 358 2787 cro
409 2735 458 2788 in
507 2737 783 2806 prmsepiis
835 2737 1008 2807 posito
1065 2738 1176 2791 lure
1219 2746 1344 2792 sunt
1389 2737 1600 2809 Apuleii
1654 2737 1855 2794 verba:

262 2849 282 2880 ι
341 2827 593 2900 Respicio
641 2832 759 2901 pilae
800 2833 1007 2898 inediae,
1059 2849 1177 2903 qua:
1222 2832 1413 2888 stabuli
1476 2833 1655 2888 trabes
1700 2834 1862 2888 susti-

258 2925 447 2989 nebat,
481 2926 532 2979 in
566 2927 683 2996 ipso
709 2927 819 2983 fere
846 2929 1147 2984 meditullio
1193 2930 1470 2999 Ilippoutc,
1500 2945 1593 2984 seu
1633 2929 1855 2999 Eponae,

257 3021 382 3075 «lete
428 3022 795 3088 simulacrum,
822 3025 1066 3080 residens
1110 3025 1371 3091 tediculae,
1415 3024 1558 3095 quod
1609 3036 1863 3079 accurate

258 3115 484 3169 cnrollis
534 3116 727 3182 roseis,
756 3126 810 3171 et
851 3117 1067 3186 quidem
1123 3118 1449 3177 recentibus.
1488 3117 1663 3173 fuerat
1700 3131 1860 3172 coro-

258 3218 447 3262 natum
486 3228 505 3260 ι
542 3208 767 3279 (Apulei.
794 3210 883 3264 lib.
916 3228 971 3266 ιιι
1002 3211 1214 3265 Metam.
1264 3211 1355 3265 sub
1402 3209 1543 3282 ﬁn.).

340 3302 608 3358 Cmterum
652 3304 914 3359 Minucius
966 3319 1146 3359 uoster
1191 3306 1317 3358 dum
1370 3306 1596 3359 ethnicis
1640 3305 1861 3376 impium

261 3398 418 3451 illum
456 3398 653 3466 Epouze
693 3397 891 3452 cultum
921 3398 1135 3468 objicit,
1164 3400 1374 3455 videtur
1419 3400 1470 3454 in
1504 3401 1743 3471 vestigiis
1776 3401 1862 3454 ina

260 3492 461 3548 sistere
507 3492 854 3557 Tertulliani,
896 3494 983 3564 qui
1034 3494 1144 3563 pari
1190 3494 1351 3548 modo
1392 3503 1579 3548 contra
1629 3506 1723 3550 eos
1784 3494 1864 3550 sic

249 3587 665 3655 .disputaverat:
706 3605 725 3637 ι
766 3586 873 3643 Vos
919 3596 1093 3642 tamen
1139 3603 1242 3643 non
1285 3588 1548 3655 negabitis
1573 3588 1864 3659 etjumen-

264 3691 319 3734 ta
366 3682 568 3746 omnia,
620 3691 674 3737 et
716 3693 857 3737 totos
910 3683 1217 3738 cantherios
1256 3699 1379 3738 cum
1418 3696 1511 3738 sua
1546 3684 1732 3752 Epona
1761 3685 1865 3740 eoli

261 3793 292 3827 a
338 3776 511 3829 vobis.
574 3775 688 3830 Hoc
719 3776 939 3830 forsitan
976 3776 1361 3847 improbatnur,
1392 3778 1534 3846 quod
1586 3778 1724 3833 inter
1752 3778 1867 3832 cuia

265 3881 414 3925 tores
454 3870 691 3924 omnium
744 3870 1004 3939 pecudum
1061 3870 1462 3941 bestiarumque
1501 3870 1715 3925 asinarii
1749 3884 1867 3925 tan-

262 3976 379 4020 tum
426 3981 613 4021 sumus
648 3985 667 4016 ι
704 3963 945 4035 (Tertull.
977 3965 1241 4035 Apoloqet.
1273 3982 1391 4033 cap.
1416 3966 1504 4032 16,
1536 3980 1657 4036 pag.
1703 3965 1788 4023 17.
1819 3976 1869 4020 et

262 4062 335 4115 ad
366 4060 563 4116 Natiou
588 4078 703 4132 cap.
742 4063 831 4126 11,
862 4078 983 4132 pag.
1020 4060 1090 4116 58
1120 4060 1160 4128 ).
1192 4061 1390 4116 Eadem
1423 4077 1636 4131 quoque
1676 4061 1866 4118 iisdem

264 4155 540 4225 plerisque
593 4154 773 4212 verbis
822 4154 927 4208 alio
982 4156 1033 4209 in
1081 4155 1217 4208 libro
1264 4154 1478 4225 repetit.
1530 4153 1869 4225 QuaprOpter

261 4249 590 4306 Prudentius
636 4250 775 4306 hanc
804 4250 1061 4306 insulsam
1104 4248 1438 4304 divinitatem
1493 4248 1577 4304 bis
1624 4248 1870 4306 versibus

261 4342 509 4414 explodit
534 4361 546 4396 :

358 4454 521 4518 literne
542 4454 783 4507 Cloacina!
805 4463 890 4506 aut
907 4455 1088 4518 Eponae
1110 4466 1261 4517 super
1283 4460 1411 4505 astra
1435 4455 1641 4518 deabus,

357 4517 455 4584 Dat
474 4519 667 4584 solium,
694 4520 913 4584 quinivis
934 4517 1133 4584 Solidum
1160 4518 1408 4584 persolvat
1426 4532 1664 4581 acerram,

359 4581 730 4645 Sacrilegisque
758 4582 931 4632 molam
955 4581 1179 4645 manibus
1207 4584 1414 4631 rimetur
1438 4588 1490 4631 et
1515 4591 1650 4632 exta.

1017 4644 1296 4706 (Prudent.,
1323 4645 1577 4709 Attat/tea,
1600 4645 1627 4710 ξ
1650 4645 1743 4708 ΙΙ.)

338 4766 472 4830 Post
509 4772 631 4829 haec
683 4772 933 4829 Octavius
983 4769 1281 4839 Caecilium,
1337 4771 1579 4842 aliosque
1619 4771 1867 4827 ethnicos

268 4869 347 4925 sic
393 4869 675 4939 increpare
714 4868 916 4939 pergit:
973 4885 991 4918 ‹
1032 4866 1265 4921 Eosdem
1306 4866 1490 4921 asinos
1544 4881 1666 4919 eum
1732 4865 1867 4922 Iside

267 4964 521 5036 religiose
568 4962 853 5028 devolutis,
893 4982 911 5014 ι
967 4962 1015 5015 iu
1047 4963 1194 5032 regio
1243 4959 1428 5016 codice
1483 4980 1502 5012 ‹
1534 4959 1860 5025 devoratis,»

267 5057 362 5114 sed
414 5058 515 5112 hoc
564 5056 834 5126 plerisque
887 5055 1134 5111 omnibus
1178 5052 1388 5108 videtur
1445 5051 1647 5107 librarii
1710 5067 1863 5106 men-

267 5151 417 5207 dum.
460 5149 769 5222 Legendum
823 5150 1002 5219 itaque
1045 5148 1283 5203 nonnulli
1331 5154 1652 5216 putaverunt
1684 5163 1703 5197 ι
1764 5134 1864 5200 de-

267 5245 487 5310 volutis,
520 5263 538 5296 ›
598 5243 649 5299 id
705 5254 805 5311 est,
856 5242 1080 5297 devotos
1130 5240 1434 5297 ostenditis.
1478 5238 1583 5296 Sed
1638 5238 1866 5310 probare

266 5340 540 5397 debebant
596 5338 807 5393 ubinam
871 5337 1095 5392 verbum
1150 5335 1385 5389 devolare
1439 5349 1504 5389 eo
1561 5349 1723 5389 sensu
1777 5346 1868 5388 ac-

267 5435 509 5509 cipitur?
575 5434 677 5489 Alii
734 5437 988 5505 scriptum
1038 5430 1404 5485 ariolabantur
1458 5449 1475 5480 ‹
1513 5428 1801 5484 denotatis.
1840 5446 1860 5480 ι

270 5531 343 5586 At
393 5528 520 5601 quid
562 5527 626 5581 ad
679 5522 885 5582 Octavii
935 5525 1311 5598 propositum?
1365 5522 1469 5578 Alii
1519 5520 1869 5576 autumabant

271 5621 670 5679 emendandum
706 5640 724 5672 ‹
758 5620 1065 5685 devocatis,
1104 5638 1122 5670 ι
1171 5632 1276 5688 quo
1313 5632 1473 5671 sensu
1524 5614 1774 5671 Socrates
1836 5627 1865 5668 a

268 5718 432 5775 bonis
463 5716 773 5772 ain-toribus
799 5715 994 5771 dicimr
1028 5713 1422 5785 piliittSOIiiliﬂm
1468 5711 1760 5766 devocasse
1802 5710 1869 5766 de

269 5815 433 5870 ccelo.
488 5810 594 5869 Sed
641 5825 918 5881 quorsum,
972 5809 1163 5863 amabo
1230 5823 1321 5872 te,
1394 5807 1667 5860 asinorum
1745 5820 1868 5861 cum

270 5910 413 5968 Iside
456 5906 782 5965 dcvocatio?
838 5904 943 5963 Alii
994 5904 1205 5962 tandem
1235 5899 1613 5972 corrigendum
1644 5910 1871 5958 censent

1967 1962 1987 1996 r
2018 1941 2227 2011 capita,
2261 1946 2317 1992 et
2360 1935 2535 2005 capita
2580 1938 2889 1994 verVecum,
2912 1938 2967 1983 et
3014 1924 3325 1989 immolatis,
3358 1931 3411 1977 et
3457 1933 3553 1974 co-

1961 2036 2088 2093 litis.
2132 2054 2152 2087 ι
2205 2033 2276 2088 At
2306 2030 2372 2086 de
2417 2029 2576 2084 linum
2622 2025 2770 2080 cultu
2801 2032 2856 2079 et
2903 2017 3169 2078 sacriﬁcio
3200 2015 3279 2072 sic
3320 2014 3559 2083 loquitur

1960 2128 2294 2187 Herodotus:
2350 2140 2369 2174 ‹
2426 2123 2598 2178 Mes
2646 2120 2868 2182 mares,
2912 2112 3249 2183 eosdemne
3287 2104 3557 2173 mundos,-

1960 2241 2022 2281 ac
2065 2222 2261 2279 vitulos
2307 2217 2545 2275 universi
2603 2212 2863 2285 Egyptii,
2920 2215 3101 2275 θδουσ-ι,
3134 2203 3438 2262 immolant.
3488 2200 3561 2255 At

1961 2319 2189 2375 feminas
2241 2316 2322 2373 eis
2366 2318 2490 2368 θῦειν
2520 2309 2802 2365 immolare
2858 2305 3377 2371 neniieet,utpote
3434 2293 3561 2351 Isidi

1961 2420 2325 2470 consecratas.
2384 2404 2517 2464 Nam
2563 2403 2719 2461 Isidis
2771 2396 3121 2457 simulacrum
3166 2389 3428 2449 muliebre
3450 2388 3558 2454 est,

1962 2507 2175 2564 bubulis
2205 2504 2491 2576 praeditum
2515 2498 2789 2562 cornibus,
2822 2488 3275 2566 quemadmodum
3294 2484 3355 2541 Io
3383 2480 3559 2540 Graeci

1963 2600 2291 2658 describunt.
2332 2597 2436 2652 Καὶ
2477 2604 2562 2659 τὰς
2601 2599 2719 2667 βοῦς
2762 2598 2847 2652 τὰς
2885 2596 3070 2652 θηλείας
3110 2589 3363 2657 Abarim:
3389 2586 3563 2640 τεᾶντεξ

1962 2702 2134 2765 ὁμοίως
2165 2699 2379 2749 016w“:
2401 2696 2647 2762 τῐρυϐἀτὸιν
2669 2693 2857 2744 πάνύωὺ
2880 2688 3094 2753 μάλιστὰ
3121 2692 3135 2735 f
3168 2680 3448 2747 Bovesque
3477 2670 3560 2727 fe-

1963 2791 2136 2847 minas
2186 2798 2376 2845 omues
2430 2784 2592 2840 iidem
2648 2780 2887 2853 IEgyptii
2940 2783 3267 2834 venerantur
3323 2785 3389 2826 ex
3445 2779 3564 2821 om-

1965 2886 2123 2941 nibus
2195 2880 2489 2953 pecudibus
2550 2878 2707 2948 longe
2777 2872 3107 2945 plurimum:
3177 2874 3353 2937 eoque
3402 2871 3569 2917 nemo

1962 2977 2267 3051 Egyptius,
2324 2972 2679 3046 Egyptians,
2734 2967 2914 3025 Graeci
2957 2960 3061 3021 viri
3113 2969 3207 3016 aut
3250 2972 3312 3015 os
3349 2955 3563 3012 simia-

1962 3081 2149 3136 retur,
2207 3079 2300 3125 aut
2353 3068 2551 3130 cultro,
2581 3063 2666 3119 vel
2727 3072 2881 3126 veru,
2928 3054 3011 3113 vel
3062 3054 3169 3113 olla
3213 3053 3356 3109 illius
3386 3059 3564 3103 ntere.

1968 3174 2073 3229 tur,
2129 3173 2221 3218 aut
2291 3174 2420 3232 pura
2493 3154 2645 3213 bovis
2710 3166 2870 3210 carne
2940 3160 3115 3222 grmco
3184 3142 3358 3202 cultro
3397 3140 3565 3196 incisa

1887 3256 1932 3321 C
1965 3260 2277 3315 vescerctur
2313 3274 2333 3309 ι
2367 3250 2642 3325 (Herodoi.
2688 3251 2783 3306 lib.
2836 3260 2893 3304 ιι.
2944 3247 2973 3319 ﬁ
3025 3242 3147 3316 41).

2039 3348 2181 3418 Ouid
2218 3364 2369 3422 ergo,
2400 3357 2587 3418 arguet
2622 3345 2859 3415 aliquis?
2902 3341 3093 3397 Nonne
3137 3338 3328 3391 falsum
3394 3330 3568 3385 omni.

1969 3462 2040 3505 ne
2087 3456 2170 3504 est
2212 3443 2376 3501 uilam
2424 3444 2548 3499 bovi
2595 3442 2665 3497 an
2690 3436 2963 3513 Egyptiis
2998 3434 3292 3492 exhibitam
3343 3430 3569 3485 vertera-

1970 3545 2189 3608 tiouem,
2240 3546 2424 3610 utpote
2498 3537 2588 3608 qui
2645 3535 2792 3590 illum
2878 3530 2987 3586 diis
3030 3523 3414 3584 immutarem?
3459 3519 3569 3574 Eu-

1969 3636 2155 3692 sebius
2199 3634 2478 3690 enimvero
2521 3628 2861 3700 apertissime
2911 3622 3188 3680 inliciatus‘
3223 3626 3307 3674 est
3353 3620 3421 3671 ab
3478 3612 3571 3669 iis-

1970 3732 2091 3786 dem
2143 3727 2414 3800 }Egyptiis
2464 3726 2629 3780 boves
2676 3736 2772 3794 pro
2836 3719 2941 3774 diis
3010 3715 3254 3780 habitos;
3321 3708 3568 3782 quando-

1970 3822 2185 3894 quidem
2240 3820 2325 3874 liis
2366 3818 2586 3873 easdem
2621 3816 2786 3869 boves
2809 3808 3202 3868 sacrificabant.
3239 3805 3365 3860 llzec
3390 3811 3566 3855 autem

1971 3921 2113 3977 illitts
2142 3928 2266 3974 sunt
2307 3916 2506 3971 verba:
2538 3902 2632 3971 ὃτι
2663 3917 2712 3966 δι
2744 3915 2848 3967 σῦδὲ
2894 3917 2956 3965 τὰ
3002 3913 3104 3974 ζῶα
3147 3911 3276 3963 θτοῦς
3320 3906 3567 3968 ἡγόῑντάι,

1973 4019 2110 4080 δηλοῖ
2161 4024 2216 4073 τὸ
2247 4015 2495 4082 ἀολλαχοῧ
2535 4018 2651 4082 ﬁcii;
2697 4011 2987 4077 ἀναχθέντας
3018 4006 3137 4064 Θεοῖς
3165 4007 3214 4056 ἐν
3237 4002 3344 4061 τεαῖς
3374 4005 3570 4068 {apo/me

1971 4123 2094 4176 viai;
2119 4122 2167 4167 ει
2194 4109 2347 4180 Quod
2379 4108 2475 4173 illi,
2507 4104 2737 4178 IEgytii,
2764 4103 2950 4158 brutas
2974 4099 3276 4154 animantes
3298 4092 3432 4149 deos
3447 4103 3573 4146 esse

1972 4220 2202 4277 nequam
2265 4203 2691 4265 arbitrarentur,
2745 4194 2829 4252 vel
2885 4208 2953 4250 ex
3016 4205 3084 4247 eo
3148 4186 3358 4261 liquet,
3425 4180 3571 4256 quod

1972 4303 2025 4357 in
2079 4299 2350 4370 plerisque
2387 4295 2525 4352 locis
2562 4294 2726 4348 boves
2768 4288 2872 4345 diis
2923 4294 3271 4343 consecratos
3314 4277 3572 4336 solemni-

1972 4397 2075 4453 bus
2112 4395 2261 4450 feriis
2324 4391 2656 4460 deorumque
2701 4381 3056 4456 religionibus
3107 4376 3387 4435 immolare
3432 4371 3573 4428 sole-

1974 4492 2101 4546 bant
2132 4510 2150 4543 ι
2189 4486 2402 4563 (Euseb.
2434 4474 2524 4541 lib.
2562 4500 2640 4540 ιιι.
2679 4481 2914 4551 Prtepar.
2947 4466 3147 4548 Evang.
3180 4487 3298 4542 cap.
3328 4467 3414 4536 19,
3448 4481 3569 4563 post.

1975 4585 2152 4655 117).
2198 4558 2465 4639 λιιίῐιιιιιιι
2510 4582 2686 4634 tamen
2738 4574 2785 4629 is
2843 4571 3088 4627 advertat
3135 4578 3311 4623 utrum
3343 4563 3476 4617 facta
3503 4558 3572 4613 ab

1890 4669 2250 4734 DHerodoto
2320 4674 2502 4741 bovis,
2554 4670 2718 4727 maris
2771 4677 2827 4725 et
2885 4664 3131 4725 femina),
3188 4655 3568 4723 distinctione,

1971 4774 2145 4828 nodus
2202 4769 2424 4840 hujusce
2479 4765 2813 4822 difﬁcultatis
2863 4777 2967 4817 non
3022 4757 3282 4812 solvatur.

2042 4866 2256 4921 lutieias
2297 4861 2564 4933 siquidem
2606 4859 2785 4916 nullus
2839 4856 2965 4922 ibit,
3004 4852 3291 4925 Egyptios
3329 4846 3573 4918 aliquanu

1969 4961 2041 5017 do
2094 4961 2218 5016 bovi
2265 4957 2619 5014 reverentiam
2654 4954 3025 5023 honoremque
3066 4946 3405 5007 adhibuisse,
3446 4954 3569 4997 cum

1968 5064 2168 5127 praeter
2207 5054 2471 5120 plurimos
2515 5051 2685 5114 alios,
2732 5048 2889 5104 Philo
2936 5043 3156 5100 Indicus
3198 5039 3301 5094 hoc
3349 5036 3420 5093 de
3464 5032 3571 5088 illis

1968 5151 2227 5221 scriptum
2248 5148 2557 5220 reliquerit:
2580 5141 2907 5212 caesam...
2926 5156 3009 5202 τῖς
3029 5147 3142 5214 πρὸς
3161 5145 3216 5194 τὸ
3234 5143 3283 5190 δν
3303 5135 3567 5199 ὁσιότητος,

1965 5256 2183 5311 ζηλωταὶ
2205 5261 2295 5301 τῶν
2320 5252 2645 5315 abem-tum
2670 5252 2877 5313 γίῡοντιι
2903 5239 3212 5302 πλασμάτων.
3234 5230 3344 5286 εἷτα.
3369 5231 3571 5298 χρυσρῧν

1968 5349 2143 5413 ταῦρον
2178 5345 2644 5408 notaacnota-ipset,
2669 5346 2871 5405 μίμημα
2886 5338 2968 5389 τοῦ
2988 5336 3115 5384 κατὰ
3137 5334 3289 5399 χώραν
3314 5328 3569 5395 ἱερωτάτην

1970 5437 2094 5501 ζὼου
2118 5417 2357 5493 ὃοκοῦἔτος
2386 5432 2531 5497 εἶναι,
2580 5431 2746 5490 θυσίας
2775 5429 2975 5485 ἀθύτους
3013 5428 3265 5488 ἀνήγαγον.
3314 5435 3332 5470 (
3368 5414 3566 5481 Oblili,

1971 5522 2249 5591 Israelita},
2321 5524 2432 5579 veri
2489 5522 2601 5589 Dei,
2670 5528 2950 5590 creperum
3014 5512 3257 5570 zemulari
3317 5510 3570 5581 figmenta

1973 5617 2274 5690 Egyptim,
2326 5616 2466 5673 facto
2491 5616 2721 5687 iuvenco
2755 5628 2942 5678 aureo,
2968 5610 3034 5666 ad
3076 5607 3426 5664 imitationem
3455 5618 3570 5657 ant-

1976 5714 2132 5768 malis
2186 5712 2307 5782 ejus
2360 5708 2734 5775 sacratissimi,
2788 5706 2872 5762 cui
2924 5703 3148 5778 profana
3203 5715 3354 5756 sacra
3408 5698 3571 5753 facie-

1974 5807 2125 5873 bant,
2159 5806 2388 5861 cboreas
2418 5805 2667 5877 agebant,
2701 5812 2806 5858 etc.
2833 5821 2851 5855 ›
2884 5798 3087 5874 (Philo.
3120 5796 3209 5854 lib.
3239 5813 3316 5853 ιιι.
3348 5795 3411 5850 de
3455 5791 3572 5847 Vita

1973 5901 2146 5973 Moys.
2209 5916 2330 5973 pag.
2399 5899 2576 5973 677).
2651 5898 3012 5970 Hieronymus
3080 5909 3206 5953 vero
3280 5890 3572 5948 similiter:
