4034 6320
551 280 649 336 511

548 493 745 553 fecisse
791 498 892 553 sibi
942 513 1100 572 caput
1148 502 1298 558 vituli
1343 506 1484 571 quod
1538 510 1780 575 coleret,
1837 524 1891 567 et
1963 514 2154 570 llicro-

550 586 709 644 boatu
749 591 885 646 lilius
927 593 1131 650 Nabath
1189 598 1386 654 vitulos
1438 616 1633 657 aureos
1698 605 2027 669 fabricatus:
2098 619 2155 663 ut

545 682 688 753 quod
771 685 823 740 in
878 685 1112 760 [Egyplo
1188 690 1488 748 didiceram
1552 697 1708 767 Apim
1766 712 1819 754 et
1883 701 2149 771 Mnevim,

544 775 637 846 qui
679 778 780 833 sub
833 780 995 851 ﬁgura
1065 783 1223 838 boum
1287 788 1561 853 coluntur,
1615 807 1735 848 esse
1784 794 1936 861 deos,
1970 798 2069 853 hoc
2098 802 2150 855 in

542 873 925 941 superstitione
952 890 1232 935 servarent
1266 902 1282 935 ι
1323 882 1565 949 (Ilieron.
1590 889 1640 942 iu
1663 906 1779 960 cap.
1808 908 1972 961 vatt.
2006 895 2151 954 Osca:

539 981 593 1021 ν.
640 967 774 1041 15).
824 970 979 1025 Prius
1029 990 1159 1030 vero
1210 976 1518 1037 Laclantius
1569 984 1637 1039 de
1689 986 1878 1042 iisdem
1934 1007 2150 1063 quoque

540 1057 827 1118 Israclitis:
860 1083 879 1117 ‹
915 1066 970 1121 ln
999 1067 1288 1139 luxuriam,
1322 1092 1341 1125 ι
1365 1073 1569 1144 inquit,
1600 1095 1619 1128 ι
1655 1082 1886 1150 prolapsi
1923 1057 1988 1139 ad
2019 1057 2144 1155 pro-

541 1154 696 1212 fauos
746 1158 1124 1233 Egyptiorum
1175 1167 1311 1223 ritus
1341 1172 1552 1228 animos
1579 1178 1986 1238 transtulerunt.
2010 1183 2145 1240 Cum

535 1250 680 1303 enim
733 1252 947 1327 Moyses
998 1257 1104 1314 dux
1161 1275 1346 1317 eorum
1399 1268 1734 1325 ascendisset
1784 1272 1835 1327 in
1906 1288 2142 1333 montem

539 1351 702 1414 atque
751 1347 822 1402 ibi
875 1349 949 1404 40
988 1351 1181 1408 diebus
1209 1370 1534 1426 moraretur,
1596 1377 1820 1420 aureum
1849 1381 2009 1439 caput
2042 1372 2141 1427 bo—

532 1437 636 1505 vis,
695 1457 855 1510 quem
889 1456 1085 1501 vocant
1135 1448 1315 1519 Apim,
1354 1454 1495 1522 quod
1538 1471 1632 1510 eos
1668 1459 1721 1513 in
1753 1437 1966 1531 signum
2000 1482 2141 1536 prae-

530 1534 773 1596 cederet.
808 1538 1106 1607 ligumrunt
1142 1562 1162 1597 ι
1190 1544 1455 1618 (Lactant.
1485 1552 1576 1606 lib.
1614 1570 1687 1621 tv,
1725 1572 1845 1627 cap.
1879 1560 1964 1625 10,
2002 1534 2140 1634 pag.

532 1628 641 1687 576
679 1632 718 1704 ).
768 1633 874 1692 Sed
928 1637 997 1693 de
1027 1640 1127 1709 Api
1188 1640 1328 1698 bove
1370 1662 1467 1700 nos
1520 1652 1681 1719 paulo
1718 1652 1853 1708 infra
1901 1628 2137 1715 dissere-

532 1741 675 1782 mus.
1606 1770 1614 1777 α

1831 301 1920 357 DE
1961 301 2217 359 MINUCII
2258 305 2558 365 OCTAVIO

556 417 575 452 ι
609 399 830 457 Videtur
866 402 995 460 mihi
1023 404 1223 462 idcirco
1251 409 1478 479 populus
1524 410 1689 468 Israel
1734 416 1787 471 in
1854 418 2142 476 solitudine
2171 422 2219 481 Λ
2252 436 2692 492 rcprresentatum
2754 441 2937 487 narrat
2981 433 3283 491 Herodotus

3744 327 3849 383 51?.

3336 453 3350 490 τ
3396 444 3635 510 Γράρσυςι
3693 447 3737 498 δὲ
3790 452 3845 510 δὴ

2262 522 2341 571 κκὶ
2362 525 2585 590 γλὺρουσι
2613 532 2658 578 οἱ
2682 530 2940 598 ζοηράφοι,
2968 534 3051 583 καὶ
3080 539 3122 586 οἱ
3149 535 3555 603 ἀγαλματοποιοὶ,
3580 545 3662 593 τοῦ
3683 546 3845 607 Πανὸς,

2258 620 2470 686 καθάπερ
2494 605 2720 684 linum,
2740 628 2970 692 τῶγιὶμα
2993 629 3371 697 αἰγοπρόσωπον,
3402 640 3485 683 καὶ
3520 642 3844 699 τραγοσκελέα.

2267 723 2287 755 ‹
2327 705 2487 763 Panis
2539 722 2719 764 autem
2771 714 3138 781 simulacrum,
3185 728 3238 774 et
3269 720 3501 789 pictores
3530 723 3764 794 pingunt.
3795 735 3847 782 et

2257 800 2498 855 statuarii
2557 804 2843 875 sculpunt,
2900 810 3351 877 quemadmodum
3407 813 3583 869 Graeci
3636 819 3845 885 caprina

2255 891 2409 958 facie,
2471 892 2797 968 hircinisque
2844 901 3090 956 crurilms
3128 922 3146 955 ι
3186 904 3203 975 (
3230 904 3429 961 Herod.
3460 907 3551 962 lib.
3586 925 3641 964 ll.
3676 909 3703 982 §
3736 910 3845 981 46).

2257 982 2419 1039 Addit
2481 995 2659 1043 tamen
2692 1006 2787 1045 eos
2834 994 3171 1052 existimasse
3200 997 3399 1054 Panem
3428 1000 3662 1056 similem
3692 1003 3846 1061 fuisse

2254 1074 2345 1129 alii
2414 1076 2548 1142 diis,
2602 1082 2697 1136 sed
2747 1097 2815 1138 eo
2870 1086 3031 1141 modo
3076 1088 3146 1143 ab
3187 1090 3291 1146 illis
3344 1091 3546 1162 pictum
3600 1097 3845 1165 quasdam

2253 1179 2472 1237 preptcr
2518 1188 2748 1241 causas,
2799 1193 2933 1247 quas
2989 1181 3193 1237 referre
3245 1184 3468 1240 minime
3501 1187 3604 1242 sibi
3645 1200 3843 1259 gratum

2251 1277 2372 1318 esse
2411 1266 2667 1322 declarat.
2727 1270 2902 1343 Satyri
2955 1288 3171 1344 quoque
3232 1276 3573 1348 ﬁngebantur
3621 1279 3845 1337 humano

2252 1355 2490 1425 quidem,
2536 1359 2628 1413 sed
2673 1375 2900 1417 cornuto
2952 1367 3162 1436 capite,
3223 1368 3447 1438 pedibus
3478 1373 3738 1443 caprinis,
3785 1389 3844 1429 ac

2249 1449 2442 1504 villoso
2497 1468 2744 1519 corpore.
2794 1457 2903 1510 llos
2936 1471 3114 1514 autem
3167 1461 3432 1518 Lucianus
3462 1466 3620 1521 sicuti
3650 1467 3840 1523 Panem

2245 1552 2300 1597 et
2331 1544 2572 1600 Silcnutn
2615 1548 2741 1602 dicit
2776 1550 2943 1606 forma
2979 1563 3282 1610 monstrosa
3318 1573 3438 1613 esse
3492 1561 3840 1630 spectabiles:

2244 1623 2311 1690 ἐν
2330 1642 2355 1691 o'
2375 1648 2460 1706 μέν
2486 1649 2660 1710 κέρατα
2682 1651 2816 1712 ἔχων.
2839 1658 2924 1700 καὶ
2956 1654 3061 1703 ὅταν
3086 1655 3138 1715 ἐξ
3167 1659 3410 1719 ἡμισείας,
3444 1660 3489 1714 ἃς
3512 1663 3569 1707 τὸ
3596 1660 3725 1710 κάτω
3747 1661 3841 1728 αἰγὶ

2243 1738 2424 1793 latitare.
2461 1738 2546 1787 παὶ
2575 1743 2749 1803 γένειον
2778 1749 2907 1810 ﬂebis
2937 1748 3216 1812 καθειμξνος
3246 1782 3331 1800 ....
3352 1753 3398 1801 σε
3428 1750 3475 1800 δὲ
3504 1753 3700 1819 σάτυροι
3728 1754 3843 1815 ὀξεῖς

601 1820 787 1892 Neque
814 1839 977 1895 porro
1023 1844 1348 1903 quemquam
1370 1847 1614 1901 moveat,
1692 1842 1835 1911 quod
1904 1853 2127 1917 uterqtte

2237 1835 2293 1880 τὸ
2332 1828 2452 1885 ὦτα.
2484 1840 2566 1885 καὶ
2595 1838 2732 1890 αὗτοὶ
2755 1842 3013 1907 pactioni,
3062 1846 3315 1911 κεράσται,
3350 1839 3431 1895 οἶα
3451 1857 3551 1902 τοῖς
3596 1847 3706 1914 ἄρτι
3741 1867 3841 1914 γεν-

531 1913 843 1975 Lactantius
869 1931 923 1979 et
991 1924 1351 1998 Hieronymus
1394 1929 1618 1992 dixerit.
1658 1953 1678 1985 ι
1709 1946 1871 2004 caput
1896 1913 2068 2006 vituli,
2110 1960 2127 1992 ι

532 2014 989 2082 quemadmodum
1032 2020 1296 2079 Minucius
1347 2036 1530 2082 noster
1575 2031 1748 2099 capita
1818 2032 1998 2089 boum.
2052 2035 2133 2091 Eo

528 2106 795 2177 siquidem
849 2111 1103 2183 loquendi
1158 2117 1319 2173 modo
1369 2120 1501 2175 nihil
1544 2123 1722 2185 aliud,
1775 2142 1934 2196 quam
1989 2129 2129 2184 vitu-

528 2198 638 2255 lum
681 2211 773 2258 aut
827 2204 992 2261 boves
1035 2208 1181 2276 ipsos
1208 2210 1445 2281 integros
1510 2215 1832 2285 signilicant.
1896 2220 2131 2277 Bncbar-

527 2301 639 2349 tum
665 2310 727 2349 ca
771 2298 840 2354 de
872 2315 960 2363 re,
990 2301 1033 2356 si
1063 2301 1209 2358 lubet
1232 2347 1245 2364 .
1279 2308 1564 2364 consulere
1616 2312 1815 2379 poteris
1860 2312 2126 2375 (Boc/mrl.

525 2385 691 2443 libdt.
744 2389 807 2444 de
832 2393 1060 2449 Animal.
1082 2412 1219 2450 ωιτν.
1262 2398 1458 2469 Script.
1508 2417 1626 2471 eap.
1676 2404 1764 2470 54,
1806 2422 1927 2477 pag.
1975 2408 2122 2479 546).

599 2478 805 2537 Eodem
858 2486 1017 2556 plane
1055 2502 1218 2546 sensu
1288 2502 1481 2548 auctor
1549 2507 1732 2552 noster
1781 2499 2013 2569 adjecit:
2073 2478 2127 2557 et

495 2588 550 2623 ιι
598 2574 770 2644 capita
820 2592 1128 2636 vervecum.
1179 2602 1198 2634 ι
1255 2584 1323 2640 At
1379 2601 1538 2643 nemo
1601 2598 1684 2644 est
1733 2592 2124 2661 proculdubio,

521 2667 614 2737 qui
660 2670 865 2726 nesciat
914 2689 1203 2734 vervecem
1251 2693 1373 2736 esse
1430 2683 1730 2738 masculum
1776 2700 1932 2741 ovem
2000 2703 2120 2742 cas-

524 2769 744 2819 tratum.
787 2766 896 2822 Nos
940 2780 1118 2826 autem
1173 2773 1299 2830 alibi
1354 2777 1731 2834 annotavimus
1777 2780 1990 2837 Samios
2038 2798 2125 2839 re-

524 2868 652 2911 vera
709 2859 910 2917 cultum
939 2863 1252 2924 exhibuisse
1281 2869 1398 2933 ovi,
1458 2881 1514 2927 et
1568 2889 1729 2942 quam
1781 2876 1853 2928 ob
1905 2892 2121 2933 causam

526 2947 699 3019 (Tom.
727 2967 764 3008 ι.
797 2954 1050 3023 Apparet.
1082 2960 1168 3015 lib.
1204 2977 1281 3017 ιιι.
1336 2964 1544 3020 dissert.
1588 2967 1639 3031 1,
1669 2982 1789 3033 cap.
1837 2970 1892 3035 9,
1935 2980 2037 3025 art.
2065 2973 2117 3036 3,

522 3051 643 3111 pug.
694 3045 845 3117 768).
903 3049 1007 3106 Sed
1055 3053 1106 3108 id
1145 3071 1249 3110 non
1304 3058 1580 3127 prohibuit
1627 3064 1916 3132 quominus
1966 3066 2121 3122 Lari-

522 3136 622 3193 bus
670 3140 739 3194 ab
779 3143 916 3210 aliis,
954 3157 1091 3204 teste
1137 3149 1419 3218 Cicerone,
1472 3156 1868 3213 sacriﬁcaretur
1907 3178 1919 3214 :
1958 3180 1976 3212 ‹
2018 3161 2120 3216 Ne~

520 3248 627 3305 que
656 3250 875 3295 necesse
912 3252 1049 3305 est.»
1078 3244 1245 3315 inquit
1289 3246 1396 3307 ille.
1427 3266 1446 3300 ι
1475 3250 1699 3306 edisseri
1744 3268 1771 3305 a
1825 3256 1997 3313 nobis.
2045 3300 2058 3313 .
2106 3302 2118 3315 .

519 3329 664 3399 quod
704 3346 872 3400 genus
898 3337 1147 3393 sacriﬁcii
1191 3339 1309 3393 Lari
1340 3345 1659 3400 vervecibus
1691 3347 1781 3399 ﬁat
1822 3367 1841 3399 ›
1870 3348 2000 3417 (Cic.
2033 3350 2122 3404 lib.

521 3437 578 3479 tt.
629 3426 695 3482 de
744 3427 916 3499 Legib.
963 3447 1084 3503 pag.
1135 3433 1304 3507 540).
1352 3436 1505 3503 Quod
1556 3440 1776 3510 quidem
1832 3443 2127 3501 Lambinus

519 3519 634 3576 suis
686 3520 737 3575 in
781 3521 925 3580 hunc
966 3525 1246 3582 Ciceronis
1279 3529 1455 3584 locum
1498 3533 1970 3591 observationibus
1995 3553 2124 3592 con-

520 3613 699 3671 ﬁrmat
727 3615 829 3674 hac
870 3618 1090 3677 fratrum
1116 3622 1421 3679 Larvalium
1476 3626 1827 3698 inscriptione
1877 3650 1891 3686 :
1945 3648 2117 3688 LARlB.

520 3725 680 3766 VEBB.
731 3727 783 3767 N.
844 3729 900 3768 ll.
951 3732 1141 3772 MATR].
1195 3734 1318 3773 ιλιι.
1377 3734 1465 3775 ον.
1513 3737 1566 3775 N.
1622 3737 1679 3776 ll.

592 3805 793 3862 Deinde
847 3823 977 3863 vero
1050 3822 1233 3867 narrat
1294 3823 1515 3882 propter
1582 3815 1841 3873 indictum
1902 3820 2125 3876 Octavio

514 3896 717 3956 Caesari
763 3903 987 3976 Augusti
1039 3924 1266 3969 nomen.
1321 3919 1481 3978 atque
1527 3910 1577 3964 in
1623 3911 1845 3980 hujusce
1875 3916 1955 3970 rei
2006 3931 2123 3971 me-

516 3995 782 4066 moriam,
820 4018 840 4051 ι
878 4016 1161 4057 vervecem
1198 4021 1215 4053 ι
1272 4003 1324 4057 in
1383 4005 1587 4075 templo
1631 4005 1780 4061 Jovis
1826 4008 2005 4063 idibus
2032 4009 2124 4065 Ja-

515 4091 720 4145 nuariis
778 4108 807 4146 a
883 4093 1101 4150 ﬂamine
1170 4098 1528 4155 immolatum.
1580 4101 1751 4167 Quam
1805 4103 1875 4158 ob
1900 4119 2122 4161 causam

513 4179 734 4239 Ovidius
781 4184 898 4243 haec
952 4189 1148 4244 cecinit
1170 4208 1185 4244 :

640 4298 809 4364 Idibus
834 4302 883 4350 in
906 4304 1066 4364 magni
1088 4310 1252 4354 castus
1269 4304 1296 4354 J
1300 4307 1405 4355 ovis
1423 4306 1531 4355 aede
1557 4308 1790 4357 sacerdos

700 4363 988 4414 Semimaris
1012 4366 1217 4416 ﬂammis
1234 4370 1423 4417 viscera
1448 4368 1567 4419 libat
1587 4373 1710 4421 ovis.

639 4424 952 4493 Re_dditaque
978 4437 1055 4479 est
1077 4431 1235 4479 omnis
1257 4430 1462 4492 populo;
1487 4434 1699 4481 rovincia
1726 4442 1908 4493 nostro,

697 4488 760 4539 Et
785 4488 898 4539 tuus
918 4491 1142 4554 Augusto
1175 4488 1372 4541 nomine
1396 4495 1556 4544 dictus
1576 4508 1709 4544 avus.

1014 4572 1202 4636 (Ovid,
1229 4575 1261 4624 I.
1290 4578 1481 4640 iFast.,
1506 4591 1555 4628 υ.
1575 4578 1686 4635 346,
1712 4584 1757 4630 et
1773 4580 1932 4642 seqq.)

1126 4720 1418 4761 ARTICULUS
1445 4723 1524 4761 Ill.

512 4856 781 4924 Quomodo
823 4859 1088 4914 Minucius
1146 4860 1317 4913 adhuc
1379 4862 1663 4930 probaverit
1718 4866 1781 4917 ab
1849 4867 2118 4936 gentilibus

581 4952 682 5006 coli
728 4963 773 5007 et
823 4954 1033 5008 adorari
1060 4952 1181 5007 deos
1228 4970 1383 5025 capro
1436 4965 1482 5008 et
1536 4957 1738 5009 homine
1764 4959 1969 5024 mixlos,
2007 4960 2117 5013 rul-

582 5053 759 5114 tusque
803 5047 1007 5101 leonum
1071 5056 1120 5099 et
1168 5062 1353 5100 cauum
1407 5049 1753 5119 prtefcrentes,
1800 5050 1919 5101 item
1962 5050 2115 5118 Apim

583 5140 775 5207 bovem,
824 5151 1101 5212 serpentes,
1159 5141 1464 5205 crocodilos,
1511 5152 1663 5209 atque
1724 5143 1855 5196 alios
1904 5160 2019 5198 oves
2066 5154 2113 5198 et

584 5232 798 5298 bellum,
855 5250 917 5287 ac
957 5252 1080 5304 cepe
1129 5236 1301 5301 etiam,
1347 5244 1396 5289 et
1431 5236 1617 5289 ventris
1662 5240 1901 5303 crepitus.

581 5344 933 5417 PrOSequitur
960 5348 1250 5413 Minucius,
1282 5360 1332 5404 et
1364 5360 1417 5403 ut
1447 5348 1689 5403 ethniCoS
1712 5350 1928 5404 insnlsm
1954 5366 2108 5419 pror-

507 5453 603 5494 sus
624 5480 639 5504 ,
676 5455 779 5509 qua
802 5440 1138 5497 Christianos
1180 5444 1375 5497 asinini
1403 5445 1579 5497 cultus
1621 5442 1758 5496 falso
1789 5444 2105 5513 arguebant,

506 5531 795 5587 calumniae
847 5532 1101 5602 puderet:
1161 5553 1179 5586 ε
1218 5535 1291 5589 De
1320 5550 1484 5604 capro
1510 5554 1558 5597 ,ι
1585 5535 1695 5599 ait,
1730 5552 1748 5584 ι
1775 5543 1829 5588 et
1896 5534 2112 5590 homine

507 5626 707 5683 mixtos
763 5627 928 5691 deos,
986 5636 1041 5682 et
1119 5628 1334 5683 leonum
1404 5641 1460 5685 et
1508 5645 1698 5683 canum
1748 5629 1928 5683 vultus
1979 5630 2113 5687 deos

507 5720 790 5776 dedicatis.
832 5740 851 5773 ι
888 5719 1088 5786 Quales
1136 5722 1225 5776 ille
1275 5724 1477 5791 primos
1518 5722 1680 5783 dicit.
1734 5721 1856 5775 talis
1927 5724 2111 5791 procul

507 5816 672 5873 dubio
715 5824 831 5871 crat
865 5815 998 5883 Pan,
1045 5832 1205 5886 quem
1250 5818 1328 5872 sie
1357 5835 1385 5872 a
1415 5818 1710 5890 pictoribus
1753 5828 1808 5874 et
1834 5818 2111 5874 statuariis

2150 3222 2194 3285 C
2231 3233 2308 3272 lll.

2239 1926 2441 1979 νηθεῖσιν
2465 1929 2645 1995 ἐρίφοις
2670 1935 2735 1981 τὰ
2758 1938 2938 2001 κέρατα
2967 1938 3248 1999 int-calin“.
3283 1952 3301 1985 ι
3336 1933 3582 2004 Quorum
3615 1936 3699 1992 hic
3727 1938 3839 2008 qui-

2246 2010 2370 2066 dem
2428 2031 2623 2085 gerens
2678 2035 2902 2087 cornua,
2958 2022 3177 2079 dimidia
3236 2036 3387 2096 parte
3444 2031 3694 2100 corporis
3750 2045 3835 2086 ca-

2240 2120 2394 2174 prum
2453 2109 2727 2178 referens,
2774 2114 3104 2187 barbamque
3173 2119 3499 2189 profundam
3562 2123 3832 2190 nutriens,

2238 2213 2426 2261 parum
2477 2202 2545 2257 ab
2598 2204 2749 2261 hirco
2820 2207 3114 2269 discrepat.
3161 2250 3174 2265 .
3224 2253 3237 2266 .
3282 2252 3296 2266 .
3343 2250 3360 2266 .
3404 2252 3420 2267 .
3460 2214 3642 2286 Satyri
3672 2216 3835 2272 aeutis

2234 2290 2483 2353 auribus;
2525 2304 2576 2349 et
2630 2297 2729 2365 ipsi
2756 2298 2926 2366 calvi,
2959 2303 3231 2367 cornigeri
3258 2343 3272 2367 ,
3304 2306 3481 2375 qualia
3524 2305 3643 2362 fere
3668 2308 3830 2363 hedis

2232 2397 2404 2452 nuper
2459 2386 2598 2439 natis
2651 2400 2975 2445 excrescunt
3020 2407 3220 2448 cornua
3263 2415 3283 2447 ι
3311 2394 3550 2464 (Lucina.
3583 2400 3639 2453 in
3687 2399 3829 2454 Deor.

2231 2474 2396 2598 ῖιέἰηυί.
2454 2491 2575 2547 pag.
2610 2477 2801 2554 1096).
2852 2482 2987 2538 llinc
3039 2484 3375 2555 Propertius,
3425 2488 3521 2545 lib.
3570 2505 3651 2546 tn.
3691 2490 3831 2563 Elcg.

2416 2618 2716 2684 Capripedcs
2738 2624 2921 2675 calamo
2941 2625 3106 2678 Panes
3128 2629 3295 2681 hiante
3320 2638 3520 2682 canent.

2231 2700 2293 2754 Et
2333 2701 2645 2769 Lucretius,
2696 2708 2786 2764 lib.
2836 2726 2910 2778 Iv,
2949 2724 3073 2767 ante
3102 2716 3246 2769 med.
3282 2734 3295 2770 :

2552 2798 3202 2872 jocanCapripedeSHSatyros
3224 2805 3575 2872 Nymphasque
3598 2813 3775 2862 tenere

2422 2858 2633 2909 Finitimi
2660 2858 2867 2924 tingunt,
2896 2874 2947 2915 et
2973 2858 3167 2917 Faunos
3190 2858 3304 2919 esse
3327 2858 3621 2934 loquuutur.

2300 2939 2354 2996 Si
2411 2943 2485 2996 rei
2539 2942 2678 2999 haud
2739 2948 3083 3017 incomperta:
3130 2951 3268 3008 alios
3322 2953 3606 3010 desideras
3635 2965 3826 3023 testes,

2227 3032 2378 3088 adire
2437 3038 2636 3104 poteris
2685 3037 3010 3109 Eusebium,
3072 3041 3352 3114 Servium,
3411 3046 3692 3116 Vossium,
3737 3048 3829 3103 Na-

2232 3124 2392 3178 talem
2441 3127 2737 3193 Comitem,
2797 3132 3040 3203 aliosque
3109 3151 3214 3191 non
3263 3153 3466 3208 paucos
3507 3140 3724 3210 (Euseb.
3749 3140 3825 3195 lib.

2377 3217 2614 3289 Prtepar.
2662 3222 2857 3294 Evang.
2922 3242 3041 3296 cap.
3092 3228 3146 3293 4,
3206 3246 3327 3301 pag.
3393 3233 3521 3296 124;
3581 3232 3732 3289 Serv.
3783 3234 3828 3286 in

2235 3311 2411 3383 Erlog.
2468 3314 2503 3368 2
2571 3314 2748 3387 Virgil.
2803 3333 2854 3372 v.
2906 3320 2995 3374 51.
3051 3318 3198 3376 Voss.
3262 3324 3354 3378 lib.
3404 3339 3443 3379 ι.
3490 3324 3557 3378 de
3610 3324 3754 3395 Orig.
3786 3333 3829 3377 et

2230 3402 2498 3475 Progress.
2540 3406 2816 3463 ldololclr.
2859 3426 2978 3482 cap.
3028 3414 3084 3481 8,
3141 3431 3262 3487 pag.
3339 3418 3431 3483 51,
3481 3429 3537 3473 ct
3604 3419 3697 3474 lib.
3747 3434 3825 3482 ru,

2229 3515 2345 3570 cap.
2407 3504 2441 3556 5
2519 3519 2637 3574 pag.
2682 3506 2832 3575 559).

2306 3593 2379 3647 De
2420 3594 2526 3649 illis
2557 3609 2733 3650 autem
2780 3600 2919 3665 diis,
2971 3602 3060 3671 qui
3094 3603 3313 3658 leonum
3359 3619 3673 3677 canumque
3719 3604 3824 3658 vul-

2229 3696 2317 3742 tus
2372 3706 2481 3758 pran
2530 3706 2588 3746 se
2640 3692 2911 3757 ferebant,
2958 3705 3119 3765 atque
3168 3698 3292 3752 aliis
3345 3701 3673 3754 monstrosis
3710 3698 3827 3753 dio-

2230 3796 2346 3834 rum
2383 3782 2562 3850 ﬁgnris
2590 3824 2605 3849 ,
2663 3784 2801 3838 haud
2849 3784 3160 3857 infrequens
3208 3804 3237 3843 a
3269 3792 3436 3845 variis
3486 3790 3827 3862 scriptoribus

2231 3877 2433 3930 mentio
2473 3876 2608 3932 facta
2666 3889 2769 3933 est.
2826 3880 3010 3935 Primo
3051 3884 3252 3938 etenim
3323 3884 3440 3940 hinc
3490 3887 3636 3956 apud
3679 3885 3827 3940 Euse-

2229 3968 2374 4023 bium
2416 3985 2444 4023 a
2494 3970 2792 4045 Porphyrio
2844 3975 3036 4031 tradita
3088 3977 3362 4047 legimus:
3395 3997 3415 4032 t
3474 3979 3530 4033 In
3582 3979 3826 4049 efﬁngen-

2227 4058 2311 4113 dis
2359 4062 2635 4117 numinum
2686 4063 3009 4129 simulacris,
3068 4069 3215 4122 omni
3274 4083 3479 4138 genere
3525 4070 3823 4125 animalium

2227 4152 2346 4218 usi,
2423 4154 2564 4209 feras
2624 4157 2914 4224 aliquando
2995 4174 3119 4215 cum
3199 4161 3511 4217 hominibus
3567 4178 3676 4218 una
3738 4162 3826 4218 tui-

2227 4259 2462 4311 scuere,
2552 4247 2842 4317 aliquando
2904 4253 3081 4305 avium
3169 4258 3480 4324 pariterque
3560 4255 3824 4311 hominum

2224 4350 2452 4408 corpora
2496 4341 2845 4408 conjunxere.
2887 4364 2904 4393 ι
2964 4352 3209 4402 Binan-att
3258 4354 3346 4421 γάρ
3396 4360 3481 4411 σις’
3524 4352 3645 4421 παρ’
3674 4355 3824 4407 αὐτεῖς

2222 4437 2367 4500 μέχρι
2415 4440 2662 4503 τραχήλισυ
2703 4437 3068 4505 ἀνθρωποειδγς,
3122 4451 3177 4496 τὸ
3231 4446 3280 4495 δὲ
3307 4445 3566 4514 «paeana
3600 4449 3773 4508 ὄρθιον,
3798 4448 3824 4499 ἦ

2223 4530 2425 4587 λέοντος,
2456 4531 2485 4583 ἢ
2515 4527 2665 4579 ἄλλον
2685 4536 2807 4589 τινὸς
2828 4538 2950 4591 ςώου
2971 4542 3271 4601 κεκτημένος.
3296 4540 3379 4591 καὶ
3400 4544 3547 4592 πάλιν
3568 4537 3634 4592 αὖ
3659 4545 3824 4607 ιεμλῧι

2141 4619 2195 4678 D
2222 4618 2523 4685 ἀνθρώπειος,
2555 4630 2637 4673 κθὶ
2666 4625 2817 4676 ἄλλων
2836 4636 2974 4677 τινῶν
2994 4634 3123 4688 ζώων
3148 4636 3295 4697 μέρη,
3321 4642 3390 4691 πή
3420 4640 3507 4698 μὲν
3529 4637 3819 4698 bisonum,

2219 4720 2293 4767 qr}.
2316 4714 2671 4779 δὲδπικείμενα.
2704 4734 2722 4766 ‹
2765 4714 2960 4771 Videas
3013 4720 3151 4786 apud
3178 4721 3324 4791 ipsos
3377 4724 3812 4793 iﬂlﬂgillCStlllaS-

2225 4802 2347 4857 dam
2382 4809 2592 4862 cervice
2618 4818 2772 4864 tenus
2809 4809 3041 4866 humana
3072 4815 3282 4881 specie,
3314 4817 3462 4868 vultu
3492 4827 3672 4872 autem
3714 4831 3820 4871 mo-

2223 4896 2295 4950 do
2330 4899 2600 4953 volucrem
2620 4943 2633 4964 ,
2677 4902 2837 4955 modo
2891 4903 3131 4971 lennem,
3160 4920 3251 4961 aut
3283 4908 3427 4963 aliud
3458 4911 3690 4980 quodvis
3715 4910 3818 4964 ani-

2224 4992 2330 5045 mal
2371 4992 2703 5057 referentes;
2734 4997 2975 5066 aliasque
3009 5015 3221 5054 rursum
3265 5004 3443 5069 capite
3474 5004 3693 5074 quidem
3734 5003 3821 5057 bo-

2222 5083 2428 5139 minum
2478 5087 2715 5154 similes,
2775 5090 2993 5161 reliquis
3038 5108 3167 5148 vero
3234 5097 3478 5163 partibus
3549 5096 3815 5165 corporis.

2221 5176 2382 5229 modo
2451 5176 2835 5246 inferioribus,
2892 5183 3051 5239 modo
3105 5187 3522 5256 superiorilms,
3603 5190 3816 5244 aliorum

2216 5269 2568 5325 animantium
2594 5271 2817 5327 formam
2846 5277 3194 5334 ostendentes
3232 5301 3249 5331 ν
3281 5281 3466 5355 (Apud
3496 5282 3624 5338 Eus.
3656 5283 3722 5336 lib
3769 5293 3819 5334 Ill

2216 5358 2456 5430 Prtepar.
2492 5361 2694 5435 Evang.
2743 5382 2857 5437 cap.
2903 5370 2958 5435 4,
2993 5385 3111 5441 pag.
3146 5371 3255 5439 95).
3323 5374 3603 5431 Mutnatus
3650 5381 3815 5427 autem

2218 5452 2335 5507 haec
2368 5453 2571 5519 fuerat,
2601 5474 2664 5512 ex
2685 5469 2879 5529 quarto
2908 5461 3192 5535 Porphyrii
3237 5470 3344 5537 περὶ
3403 5475 3587 5536 ἰποχῆς
3614 5472 3816 5537 ἕμςιὺχων

2218 5544 2358 5599 libro
2404 5556 2458 5602 ct
2529 5549 2650 5602 inde
2704 5551 2960 5609 adversus
3039 5555 3288 5611 ethnicos
3360 5560 3692 5628 pugnando,
3744 5557 3816 5610 in-

2217 5647 2415 5694 tortum
2474 5641 2542 5695 ab
2610 5644 2689 5697 eis
2738 5655 2921 5699 contra
3006 5648 3343 5704 Christianos
3419 5651 3598 5718 idem,
3666 5661 3814 5715 atque

2216 5730 2497 5797 Minucius,
2529 5734 2689 5790 telum
2716 5748 2990 5811 retorquet
3020 5740 3311 5817 (Porphyr.
3342 5744 3434 5800 lib.
3456 5757 3665 5812 mante
3684 5739 3810 5798 med.

2216 5836 2337 5893 pag.
2391 5823 2541 5895 572).
