4034 6320
180 242 293 302 515

1617 237 2088 297 DlSSERTATlO.

3388 245 3493 307 5M

259 356 330 410 At
357 351 719 410 Tertullianus
751 350 863 422 pari
893 351 1055 409 etiam
1086 349 1245 406 modo
1271 350 1531 407 adversus
1558 351 1779 407 eosdem
1812 358 1863 416 Α
1890 352 2011 406 deat
2042 350 2259 418 Cicero,
2290 352 2379 424 qui
2408 361 2604 423 quanta
2635 354 2793 410 fuerit
2824 369 3009 412 carum
3038 357 3275 428 gentium
3302 372 3497 429 super-

182 448 415 518 gcniiles
440 456 879 519 argumentatus,
912 446 1086 503 eidem
1131 447 1337 502 auctori
1383 460 1567 502 lmSll‘t)
1617 447 1785 500 lacent

184 541 334 600 hisce
362 544 542 598 verbis
569 542 874 613 praetulerat
902 560 915 595 :
956 559 973 593 ι
1012 540 1117 598 Sed
1162 540 1238 596 illi
1268 540 1537 597 debebam
1563 540 1789 596 adorare

180 637 364 693 statim
399 637 628 691 biforme
666 650 902 701 numen;
946 638 1070 707 quia
1100 643 1154 691 et
1197 635 1423 699 canino,
1475 643 1530 690 et
1573 633 1788 689 leonino

180 731 362 802 capite
392 730 736 797 commistos,
769 738 825 785 et
869 731 937 785 de
981 744 1175 800 capro,
1218 736 1275 783 et
1301 726 1370 783 de
1397 727 1564 783 ariete
1592 742 1789 783 cornu-

181 830 298 889 tos,
332 832 392 878 et
418 839 447 876 a
480 822 674 877 lumbis
715 823 928 890 hircos,
969 831 1024 877 et
1050 837 1080 875 a
1110 821 1355 876 cruribus
1392 830 1701 889 serpentes,
1736 830 1791 875 et

181 917 368 987 planta
412 916 497 971 vel
540 926 689 986 tergo
725 915 881 969 alites
922 913 1055 970 deos
1108 922 1426 983 receperunt
1455 932 1475 966 ι
1509 912 1529 985 (
1558 912 1786 968 'l‘ertoll.

176 1009 407 1080 Apolog.
440 1023 559 1079 cap.
596 1008 665 1062 l6
690 1012 731 1078 ).
791 1007 862 1062 Et
898 1006 1006 1062 alio
1035 1021 1223 1061 rursus
1269 1007 1322 1059 in
1374 1005 1511 1060 libro
1556 1025 1568 1057 :
1603 1022 1623 1057 ι
1655 1006 1790 1061 Sunt

176 1115 351 1173 penes
380 1117 504 1168 vos,
532 1102 763 1173 gentiles
802 1100 1090 1167 nimirum,
1140 1108 1195 1153 et
1232 1098 1455 1168 caprino
1485 1098 1693 1167 capite,
1736 1104 1792 1151 et

173 1196 438 1265 leonino,
467 1196 611 1253 etde
637 1197 804 1259 bove,
836 1206 892 1252 et
916 1196 1116 1262 ariete,
1164 1204 1221 1251 et
1263 1197 1410 1249 hirco
1435 1195 1639 1265 caprini
1678 1194 1787 1261 dii,

174 1308 519 1365 caprigente,
550 1293 633 1349 vel
669 1290 928 1364 anguini,
975 1301 1032 1347 et
1058 1291 1214 1346 alites
1257 1290 1473 1360 planta,
1517 1289 1695 1345 fronte
1735 1298 1792 1345 et

175 1397 333 1458 tergo
370 1404 391 1438 ι
419 1385 614 1454 (Idem,
646 1386 741 1442 lib.
768 1402 787 1441 ι
807 1386 876 1439 ad
900 1384 1118 1440 Nation.
1149 1399 1268 1453 cap.
1297 1382 1410 1454 14).

248 1478 386 1547 Quae
424 1479 638 1550 quidem
676 1478 986 1534 confirmari
1029 1477 1207 1531 adhuc
1237 1485 1461 1546 possunt
1486 1490 1607 1531 cum
1650 1475 1784 1529 alio-

174 1590 333 1637 rutn,
385 1586 501 1643 tum
525 1575 757 1628 maxime
799 1572 882 1627 bis
914 1570 1247 1640 totidemque
1276 1570 1530 1625 Macrohii
1559 1568 1739 1624 verbis
1773 1587 1785 1624 :

175 1685 199 1723 ι
241 1669 434 1725 Eidem
462 1669 697 1740 Aigypto
728 1667 983 1738 adjacens
1020 1665 1248 1732 civitas,
1291 1681 1411 1736 qua:
1452 1667 1787 1719 conditorem

1891 447 2037 500 stitio
2060 489 2074 512 ,
2114 449 2297 517 paucis
2330 447 2409 500 liis
2435 448 2683 503 edisserit
2708 451 2885 504 verbis
2919 468 2932 503 :
2968 469 2985 501 ι
3040 452 3212 507 Omne
3254 450 3367 507 fere
3396 452 3462 507 be

1890 544 2111 595 stiarum
2143 558 2313 613 genus
2343 542 2578 615 :Egyptii
2604 556 3057 601 consecraverunt
3089 566 3107 600 ι
3130 546 3150 622 (
3173 550 3286 604 Cic.
3317 547 3410 604 lib.
3439 562 3495 602 ιιι

1891 633 1955 687 de
1982 632 2172 687 Nalur.
2220 635 2373 689 Dear.
2406 652 2523 708 pag.
2555 637 2682 703 245,
2720 639 2815 693 lin.
2849 640 2956 706 25;
2990 639 3148 707 lbid.,
3179 641 3269 696 lib.
3301 657 3340 703 ι,
3373 656 3493 712 pag.

1891 725 1995 780 207
2017 768 2031 791 ,
2067 726 2160 781 lin.
2196 728 2303 797 l8).
2366 728 2446 783 Eo
2475 739 2653 784 autem
2690 746 2856 802 usque
2885 731 3023 787 hanc
3057 734 3497 803 superstitionem

1892 826 2224 892 processisse
2253 825 2377 879 alibi
2406 837 2668 880 memorat
2688 869 2702 891 ,
2734 839 2789 881 ut
2817 842 2883 882 ne
2910 828 3068 882 tando
3090 827 3305 899 quidem
3346 829 3499 884 audi-

1894 924 2006 969 tum
2049 926 2118 971 Sit
2147 919 2475 972 crocodilum
2519 930 2609 973 aut
2640 920 2789 986 ibim,
2820 933 2911 976 aut
2950 921 3107 977 felem
3139 924 3207 977 ab
3235 923 3298 977 iis
3326 924 3495 979 viola-

1895 1015 2026 1061 tum.
2078 1009 2213 1075 Quin
2247 1011 2412 1065 immo
2446 1028 2459 1064 :
2504 1030 2522 1062 ‹
2574 1011 2813 1080 Quorum
2844 1015 3004 1070 etiam
3051 1016 3094 1071 si
3128 1017 3498 1087 imprudentes

1892 1101 2163 1171 quidpiam
2195 1122 2213 1152 ι
2245 1116 2300 1157 ιιι
2324 1104 2415 1159 ille
2441 1106 2545 1159 alio
2575 1106 2626 1159 in
2655 1106 2791 1161 libro
2817 1110 2920 1177 ait,
2954 1128 2972 1161 ‹
3006 1108 3253 1178 fecerint,
3282 1126 3494 1181 pmnam

1894 1194 2093 1249 nullam
2144 1207 2394 1253 recusant
2430 1220 2448 1252 ι
2486 1202 2507 1273 (
2538 1202 2629 1256 lib.
2663 1219 2697 1258 ν
2727 1202 2880 1257 Tusc.
2917 1219 3035 1275 pag.
3075 1205 3206 1267 189.
3252 1207 3347 1262 lin.
3377 1207 3496 1279 ‘25).

1895 1286 1972 1342 De
2017 1288 2125 1344 Hae
2181 1307 2341 1361 porro
2389 1295 2599 1350 violatae
2669 1297 2893 1366 pecudis
2945 1313 3100 1368 poma
3160 1315 3265 1354 non
3323 1304 3500 1358 minus

1895 1383 2176 1452 perspicue
2200 1384 2502 1442 Herodotus
2533 1406 2546 1442 :
2584 1408 2602 1441 ι
2637 1390 2902 1458 Quarum,
2934 1392 3134 1462 inquit,
3166 1393 3457 1449 beStiarum
3480 1437 3497 1463 ,

1869 1530 1877 1537 ,
1902 1494 1919 1526 ι
1954 1475 2001 1530 si
2027 1493 2184 1547 quam
2218 1480 2337 1549 quis
2363 1484 2654 1546 necaverit,
2683 1483 2727 1537 si
2752 1483 2956 1549 volens,
2984 1496 3157 1540 morte
3185 1487 3497 1556 niulctatnr,

1895 1569 1939 1623 si
1965 1571 2186 1637 nolens,
2221 1574 2469 1641 plectitur
2495 1592 2555 1629 ea
2586 1576 2780 1631 mulcta
2803 1619 2818 1643 ,
2850 1594 3008 1649 quant
3052 1583 3361 1637 Sacerdotes
3384 1592 3500 1637 sta-

1896 1665 2095 1720 tttcrint
2129 1683 2148 1716 ι
2188 1665 2468 1729 (llerodot.
2511 1669 2603 1723 lib.
2639 1686 2708 1731 Il,
2739 1669 2766 1741 §
2792 1671 2908 1742 65).
2946 1672 3304 1728 'l'ertullianus
3334 1690 3497 1743 vero,

172 1763 548 1820 Alexandrum
577 1760 920 1817 Macedonem
950 1776 1203 1830 magnum
1233 1759 1512 1829 gloriatur.
1544 1757 1786 1828 Serapim
1821 1763 1866 1823 Β
1894 1754 2046 1825 Cujus
2088 1760 2136 1811 in
2169 1759 2404 1828 vestigiis
2440 1772 2626 1815 auctor
2654 1772 2835 1817 noster
2876 1774 3022 1820 stare
3049 1765 3223 1820 adhuc
3254 1766 3496 1835 videtur,

168 1867 341 1929 atque
374 1857 496 1910 Isim
525 1855 672 1911 cultu
704 1869 839 1926 pene
860 1853 1100 1908 attonita:
1126 1853 1494 1908 venerationis
1511 1853 1783 1907 observat.

171 1951 410 2008 Omnem
450 1960 626 2004 tamen
660 1948 803 2004 illam
836 1947 1237 2003 venerationem
1283 1946 1382 2001 soli
1429 1963 1488 2002 se
1514 1948 1615 2001 sub
1646 1947 1790 2000 illius

171 2046 402 2103 nomine
426 2052 652 2099 testatur
676 2042 985 2113 impendere
1011 2059 1025 2096 :
1055 2043 1141 2097 vel
1169 2042 1294 2097 dum
1324 2043 1612 2097 simulacro
1642 2042 1788 2097 trici~

174 2142 310 2213 pit:s
351 2140 645 2194 animantis
667 2137 992 2209 adjungunt,
1034 2136 1173 2207 quod
1213 2136 1464 2207 exprimit
1491 2137 1666 2192 medio
1693 2152 1789 2191 eo-

172 2236 416 2305 demque
440 2234 675 2289 maximo
702 2235 877 2303 capite
909 2231 1078 2286 leonis
1103 2229 1354 2299 effigiem.
1384 2232 1605 2285 dextera
1638 2239 1791 2301 parte

170 2329 334 2385 canis
389 2328 635 2382 exoritur
683 2332 961 2381 mansueta
1010 2325 1191 2394 specie
1240 2323 1610 2378 blandientis:
1667 2339 1790 2393 pars

173 2439 314 2479 vero
348 2422 487 2477 laeva
513 2420 743 2485 cervici,
772 2420 980 2490 rapacis
1009 2419 1118 2488 lupi
1156 2418 1331 2489 capite
1357 2418 1558 2480 linitur,
1592 2433 1791 2488 easque

171 2518 391 2576 formas
417 2515 723 2572 animalium
747 2515 911 2570 draco
939 2514 1213 2570 connectit
1243 2513 1516 2567 volumine
1546 2527 1664 2576 suo,
1695 2528 1788 2567 ca-

169 2611 296 2683 pite
348 2608 614 2664 redeunte
675 2606 741 2663 ad
796 2606 889 2661 Dei
956 2605 1267 2670 dexteram,
1317 2619 1422 2676 qua
1467 2605 1793 2675 Conspicitur

167 2712 488 2760 monstrum
523 2721 541 2755 ι
573 2701 833 2771 (Macrob.
878 2700 972 2755 lib.
1007 2716 1021 2754 ι
1059 2698 1324 2754 Saturnal.
1356 2713 1474 2767 cap.
1506 2698 1624 2767 20).

245 2798 361 2855 Sed
388 2805 684 2864 auctorem,
704 2797 747 2852 si
771 2796 967 2866 placet,
993 2808 1283 2863 sequamur
1302 2802 1544 2847 nostrum
1574 2810 1585 2846 :
1616 2792 1794 2848 «Non-

170 2907 308 2959 ne,»
343 2890 548 2960 inquit,
583 2907 601 2940 ι
629 2897 685 2944 et
709 2888 862 2958 Apim
890 2886 1083 2941 bovem
1110 2899 1230 2940 cum
1254 2882 1552 2955 1Egyptiis,
1581 2896 1634 2940 et
1664 2884 1794 2940 ado-

169 2985 353 3050 ratis,
400 2993 454 3038 et
486 2982 722 3053 pascitis.
761 3000 782 3033 ι
816 2980 890 3035 De
919 2979 1077 3048 hujus
1126 2976 1416 3048 prodigiosi
1466 2979 1701 3033 numinis
1740 2986 1795 3033 et

171 3088 343 3151 pastu
372 3085 431 3132 et
454 3077 636 3142 cultu,
666 3074 711 3129 si
755 3083 945 3129 testem
975 3088 1187 3143 qumras
1209 3113 1225 3139 ,
1272 3069 1593 3127 Strabonem
1638 3072 1790 3126 inve-

1895 1848 1947 1903 id
1980 1850 2047 1905 de
2093 1851 2283 1907 iisdem
2327 1853 2594 1926 Egyptiis
2637 1858 2885 1927 perhibet
2917 1877 2930 1913 :
2965 1877 2984 1912 ί
3023 1858 3191 1914 Nemo
3219 1877 3277 1917 se
3312 1861 3379 1916 ab
3409 1862 3495 1917 in-

1896 1943 2007 1998 vito
2050 1945 2153 1999 coli
2187 1950 2358 2012 volet,
2415 1966 2483 2004 ne
2538 1951 2699 2006 homo
2747 1950 2962 2022 quidem
3013 1971 3027 2008 :
3078 1961 3238 2024 atque
3276 1954 3400 2010 ideo
3445 1965 3502 2012 et

1895 2037 2164 2110 Egyptiis
2211 2043 2466 2111 permissa
2510 2055 2595 2099 est
2640 2054 2744 2098 tam
2777 2060 2927 2100 vanae
2970 2046 3366 2118 superstitionis
3398 2063 3500 2119 po-

1895 2142 2098 2200 testas,
2156 2135 2345 2190 avibus
2400 2145 2457 2190 et
2505 2136 2692 2192 bestiis
2743 2138 3170 2205 consecrandis,
3217 2151 3269 2196 et
3325 2141 3501 2211 capite

1894 2226 2233 2296 damnandis,
2253 2230 2345 2301 qui
2369 2233 2602 2302 aliquem
2635 2233 2942 2304 hujustnodi
2963 2235 3123 2290 deum
3149 2236 3450 2293 occiderint
3478 2256 3497 2290 ι

1900 2319 2151 2392 (Tertull.
2186 2326 2403 2395 Apolog.
2435 2340 2552 2394 cap.
2586 2325 2682 2393 24,
2710 2342 2829 2397 pag.
2858 2324 2975 2398 26).

1971 2413 2082 2467 Nos
2115 2431 2241 2469 vero
2288 2417 2532 2472 nonnihil
2582 2418 2650 2473 de
2697 2417 2799 2473 hoc
2851 2418 3078 2473 ridiculo
3122 2417 3501 2490 Egyptiorum

1898 2508 2050 2563 cultu
2084 2509 2135 2562 in
2165 2511 2445 2578 superiore
2474 2513 2776 2581 Apparatus
2803 2513 2974 2566 nostri
3017 2521 3163 2566 tonio
3187 2512 3503 2583 perstrinxi-

1899 2619 2040 2658 mus.
2075 2601 2180 2658 Sed
2220 2602 2265 2657 si
2306 2601 2422 2658 baac
2469 2603 2563 2657 tibi
2609 2621 2713 2659 non
2768 2604 3071 2672 Sufficiam,
3123 2608 3400 2660 mittemus
3429 2605 3498 2661 ad

1899 2695 2263 2764 Herodotum,
2296 2696 2587 2752 Diodorum
2615 2698 2851 2754 Siculum
2871 2738 2887 2765 ,
2937 2697 3289 2761 Strabonem.
3322 2697 3499 2753 AElia-

1899 2806 2066 2858 num,
2099 2789 2191 2861 qui
2219 2790 2407 2845 vadem
2441 2806 2595 2846 suum
2628 2792 2971 2846 Plutarchum
3017 2791 3198 2858 dedit,
3239 2791 3501 2863 Cyrillum

1896 2882 2484 2955 l’lierosolymitanum,
2548 2884 2932 2956 Hieronymum
2988 2896 3043 2940 et
3100 2883 3505 2944 Theodoretum

1897 2976 2076 3047 (Tom.
2108 3002 2123 3035 ι
2163 2978 2417 3048 Apparat.
2449 2993 2570 3049 pag.
2605 2977 2712 3033 496
2731 2989 2785 3032 et
2811 2976 2917 3034 656
2946 2993 2961 3043 ;
2998 2976 3258 3033 Herodot.
3298 2977 3393 3034 lib.
3426 2995 3465 3034 ιι
3488 3022 3504 3048 ,

1899 3069 2019 3142 §65
2059 3082 2114 3127 et
2160 3086 2338 3142 seqq.;
2395 3072 2620 3126 Diodor.
2671 3072 2835 3127 Sicul.
2884 3071 2978 3125 lib.
3029 3087 3047 3125 ι
3092 3071 3335 3126 Bibliolli.
3384 3089 3503 3145 pag.

169 3173 325 3237 nies,
355 3168 448 3241 qui
482 3176 664 3223 narrat
691 3166 981 3237 Memphim
1015 3180 1137 3221 esse
1162 3162 1536 3237 IEgyptiorum
1567 3166 1788 3237 regiam,
1818 3167 1864 3231 C
1897 3164 1988 3231 52,
2018 3165 2086 3220 5t
2109 3174 2163 3219 et
2190 3181 2343 3236 seqq.
2372 3182 2386 3232 ;
2421 3165 2600 3220 Strab.
2628 3165 2722 3220 lib.
2750 3180 2879 3219 xvn.
2914 3163 3205 3237 Geograp/i.
3245 3180 3366 3237 pag.
3400 3164 3502 3221 811

172 3266 270 3322 ubi
324 3260 545 3334 Apidis,
592 3262 683 3332 qui
730 3261 870 3317 idem
916 3272 1077 3331 atque
1125 3258 1330 3323 Osiris,
1364 3262 1620 3332 templum
1662 3261 1793 3317 solis

169 3369 302 3415 erat
330 3374 346 3413 ζ
380 3355 482 3411 Καὶ
502 3365 580 3412 τὸν
598 3362 717 3427 βοῦν
740 3364 819 3412 τὸν
840 3361 1037 3421 Μνιυῖν,
1067 3362 1112 3409 ἐν
1139 3369 1266 3425 σηκᾲ
1289 3380 1386 3411 τινι
1424 3365 1718 3429 φερόμενον,
1747 3364 1797 3419 ὃς

170 3454 300 3526 παρ’
329 3457 497 3513 αὐτοῖς
527 3454 791 3520 animum
831 3457 975 3515 Θεὸς,
1015 3458 1175 3522 ὥσπερ
1198 3455 1280 3505 καὶ
1321 3460 1365 3507 ἰν
1392 3459 1625 3522 Μέμφειό
1648 3439 1791 3515 λεπίς.

177 3569 199 3602 ι
238 3548 318 3604 Ει
343 3546 576 3603 Mnevim
608 3546 828 3615 bovem,
853 3546 943 3616 qui
976 3545 1027 3600 in
1061 3554 1217 3616 septo
1253 3546 1483 3617 quodam
1524 3549 1790 3615 nutritur,

172 3653 231 3699 et
264 3641 340 3697 ab
371 3640 469 3705 iis,
501 3638 937 3709 Heli0politanis,
971 3654 1068 3708 pro
1097 3638 1200 3693 deo
1241 3638 1501 3701 habetur.
1538 3641 1795 3712 quemado

171 3733 409 3793 modum
448 3732 581 3801 Apis
604 3747 633 3784 a
670 3729 976 3799 Memphitis
1014 3748 1034 3781 ι
1072 3729 1296 3802 (Strab.
1329 3731 1421 3787 lib.
1452 3749 1563 3787 xvu
1604 3732 1790 3806 Geogr.

184 3846 241 3901 p.
266 3826 409 3892 803,
438 3834 494 3881 et
520 3825 720 3896 seqq).
756 3822 920 3878 Addit
961 3823 1048 3878 ille
1077 3823 1397 3894 quibusdam
1437 3826 1604 3897 signis
1631 3828 1799 3884 deno-

176 3931 287 3976 tari
318 3918 440 3989 quis
464 3917 631 3981 alius,
661 3931 725 3971 eo
753 3914 1042 3982 defuncto,
1074 3916 1139 3971 ad
1171 3920 1568 3973 successionem
1601 3920 1670 3974 sit
1707 3938 1799 3985 ap.

177 4024 301 4071 tus.
331 4013 494 4068 Plura
527 4010 702 4066 adhuc
731 4009 774 4064 si
802 4010 959 4074 velis,
991 4010 1079 4063 adi
1108 4010 1395 4066 Diodorum
1421 4012 1680 4079 Siculum,
1710 4014 1798 4083 qui

174 4114 379 4165 narrat
409 4102 571 4159 etiam
601 4100 873 4172 quomodo
905 4101 1002 4156 bos
1032 4101 1119 4157 ille
1144 4103 1276 4172 Apis
1311 4114 1430 4173 post
1461 4114 1687 4158 mortem
1715 4119 1799 4160 se-

174 4199 418 4274 pulturae
445 4194 706 4259 mandari,
734 4201 892 4263 atque
919 4193 1059 4249 alius
1081 4194 1133 4248 in
1162 4195 1300 4249 illius
1317 4195 1570 4251 substitui
1594 4197 1794 4265 locum,

173 4308 207 4348 a
236 4289 445 4363 quibus
474 4287 616 4358 pasci
637 4329 650 4349 ,
682 4294 844 4357 atque
871 4285 957 4341 ubi
986 4286 1281 4341 collocatus
1306 4288 1558 4344 honorari
1577 4290 1797 4346 soleret.

176 4386 358 4445 Adire
386 4392 642 4453 praeterea
674 4379 876 4451 poteris
900 4379 1248 4445 Herodotum,
1271 4379 1568 4449 Elianum,
1586 4382 1799 4452 Melam,

176 4477 553 4549 Porphyrium
584 4473 651 4528 ab
680 4473 915 4528 Eusebio
956 4475 1178 4529 citatum
1203 4514 1216 4539 ,
1249 4476 1602 4543 Ciceronem,
1645 4492 1708 4532 ac
1756 4477 1802 4532 si

1901 3274 2161 3333 ctseqq.;
2215 3262 2419 3317 Aﬂlian.
2454 3262 2550 3316 lib.
2584 3277 2617 3315 κ
2647 3261 2711 3314 de
2739 3261 2964 3316 Animal.
3011 3275 3130 3331 cap.
3180 3262 3263 3326 l3,
3313 3272 3367 3315 et
3411 3260 3505 3317 lib.

1901 3374 2004 3413 xvn
2027 3400 2040 3420 ,
2071 3372 2189 3425 cap.
2224 3357 2278 3421 ὃς
2338 3356 2526 3428 Cyrill.
2576 3355 2843 3411 llierosol.
2890 3354 3100 3411 Catech.
3155 3353 3225 3421 6,
3260 3369 3379 3426 pag.
3414 3355 3505 3424 6|;

1902 3454 2121 3509 Hieron.
2153 3453 2247 3508 lib.
2277 3468 2314 3507 ιι
2346 3452 2463 3506 adv.
2495 3450 2667 3506 Jovin.
2702 3467 2821 3521 pag.
2855 3448 2926 3506 59
2960 3465 2976 3515 ;
3005 3448 3213 3505 Theod.
3247 3448 3415 3505 Serm.
3448 3450 3504 3517 4,

1902 3548 1965 3600 de
1990 3546 2177 3619 Augei.
2203 3556 2251 3599 et
2276 3547 2476 3599 dwmon
2506 3560 2657 3616 ,pag.
2691 3541 2843 3614 521).
2875 3541 3030 3621 Quod
3043 3552 3224 3597 autem
3248 3541 3513 3599 Minucius

1902 3642 2122 3713 adjecit,
2179 3644 2275 3695 has
2312 3638 2693 3712 Azigyptiorum
2736 3638 3148 3708 superstitiooes
3191 3654 3219 3690 a
3252 3635 3513 3692 Romanis

1908 3753 2015 3793 non
2048 3737 2433 3800 condemnari,
2464 3735 2641 3805 quivis
2671 3733 2825 3788 facile
2853 3730 3141 3795 concedet,
3175 3731 3265 3800 qui
3315 3731 3511 3786 memi-

1906 3831 2050 3886 nerit
2092 3832 2159 3885 ab
2199 3829 2278 3884 eis
2317 3837 2412 3884 aut
2459 3840 2775 3897 susceptas,
2828 3837 2920 3883 aut
2965 3827 3219 3882 toleratas
3269 3826 3508 3881 omnium

1905 3925 2130 3980 aliarum
2173 3925 2445 3994 gentium,
2494 3922 2838 3993 quantumvis
2887 3919 3151 3976 absurdus
3195 3919 3508 3991 religiones.

1907 4018 2040 4074 Nam
2089 4030 2145 4073 ut
2187 4024 2302 4087 ipse
2344 4014 2594 4072 Caecilius
2623 4015 2845 4071 aiebat:
2898 4032 2916 4066 ι
2958 4014 3092 4070 Dum
3137 4014 3509 4069 universarum

1907 4112 2146 4185 gentium
2173 4126 2323 4167 sacra
2352 4111 2671 4179 suscipiunt,
2703 4109 2864 4162 etiam
2905 4124 3067 4178 regna
3102 4117 3433 4163 meruerunt.
3478 4127 3498 4162 ι

1981 4205 2147 4276 Magis
2190 4206 2365 4258 adhuc
2393 4204 2687 4257 absurdum
2722 4199 2849 4254 illud
2881 4212 3029 4266 erat,
3061 4198 3203 4271 quod
3236 4199 3512 4272 subjungit

1907 4298 2188 4361 Minucius,
2210 4296 2490 4368 {Egyptios
2507 4311 2628 4351 cmn
2660 4293 2930 4364 plerisque
2954 4291 3233 4358 Romanis,
3265 4292 3512 4349 timuisse

1913 4407 2165 4460 ceparum
2208 4392 2560 4453 acrimonias,
2594 4401 2647 4443 et
2678 4387 2881 4442 ventris
2922 4386 3198 4456 strepitus.
3230 4384 3310 4440 Ad
3350 4383 3401 4439 id
3436 4394 3516 4441 la-

1915 4501 2038 4541 meu
2070 4500 2176 4539 non
2202 4483 2378 4538 minus
2399 4523 2414 4548 ,
2442 4497 2601 4553 quam
2632 4481 2946 4552 superiora,
2979 4494 3166 4534 verum
3196 4489 3517 4549 certumque

178 4572 349 4636 velis,
378 4583 502 4639 quae
533 4566 587 4621 in
615 4566 788 4635 primo
815 4565 1118 4635 Apparatus
1146 4567 1315 4622 nostri
1349 4577 1494 4623 tomo
1521 4570 1795 4624 retulimus

1905 4579 2074 4636 fuisse
2101 4594 2167 4633 ex
2186 4577 2270 4632 his
2299 4576 2511 4633 discere
2536 4576 2735 4646 poteris
2761 4573 3036 4630 Jovenalis
3066 4573 3399 4628 carminibus
3423 4587 3437 4626 :

178 4664 443 4737 (Diodor.
475 4658 639 4717 Sicul.
671 4657 764 4713 lib.
793 4674 811 4713 ι
847 4657 1095 4713 Biblioth.
1128 4676 1245 4731 pag.
1305 4661 1395 4726 55,
1426 4673 1481 4717 et
1511 4676 1689 4733 seqq.;
1710 4663 1815 4719 lle-

176 4758 314 4818 rod.
346 4756 443 4812 lib.
462 4770 541 4821 ιιι,
576 4752 604 4824 §
631 4751 723 4818 27;
751 4750 880 4806 ιιΕΙί.
900 4752 993 4807 lib.
1012 4754 1122 4807 xde
1151 4752 1403 4821 Animal.,
1428 4770 1547 4824 cap.
1574 4754 1668 4812 28:
1699 4755 1813 4811 Me-

182 4855 242 4912 la
287 4895 307 4917 ,
353 4852 420 4905 de
468 4850 555 4904 sit.
607 4847 735 4906 Urb.
784 4864 903 4919 cap.
959 4848 1026 4913 9;
1076 4848 1278 4904 EUScI).
1306 4849 1397 4903 lib.
1450 4865 1507 4904 ιιι
1571 4848 1812 4921 Prwpar.

178 4947 403 5019 Evang.
444 4962 568 5017 cap.
606 4949 709 5015 l5,
744 4962 862 5018 pag.
905 4943 1243 5010 ll7;Ciccr.
1276 4944 1368 4998 lib.
1402 4961 1419 4999 ι
1470 4943 1603 4998 Nat.
1651 4944 1808 5000 Dear.

175 5060 319 5119 pag.
349 5043 481 5104 207;
514 5041 668 5097 Tom.
702 5059 717 5097 ι
756 5042 1005 5114 Apparat.
1041 5055 1158 5112 pag.
1185 5039 1326 5096 l090
1372 5050 1425 5095 et
1453 5040 1656 5111 seqq.).

261 5136 535 5193 Romanis
581 5151 743 5207 porro
772 5136 1033 5191 Minucius
1074 5134 1204 5188 vitio
1243 5133 1566 5204 criminique
1608 5133 1766 5188 vertit
1792 5175 1806 5199 ,

178 5229 339 5305 quod
370 5244 476 5284 non
506 5229 682 5284 solum
723 5243 845 5283 cum
891 5225 1158 5299 Egyptiis
1189 5225 1344 5296 Apim
1390 5226 1580 5282 bovem
1610 5224 1807 5280 adora—

179 5334 353 5391 rent,
382 5323 481 5380 sed
509 5337 573 5380 ea
607 5323 769 5379 etiam
811 5338 916 5377 non
956 5320 1443 5386 condemnassent,
1473 5334 1593 5389 quae
1634 5318 1710 5373 illi
1740 5318 1809 5373 de

179 5417 416 5482 belluis,
445 5416 661 5484 avibus,
692 5415 1008 5482 crocodilis,
1041 5430 1105 5471 ac
1132 5414 1475 5485 serpentibus
1507 5415 1575 5469 ita
1605 5413 1810 5469 consti-

180 5522 449 5579 tuerant;
493 5518 553 5566 nt
578 5511 622 5566 si
652 5508 773 5580 quis
805 5509 1039 5580 aliquem
1078 5524 1143 5565 ex
1172 5510 1251 5565 eis
1279 5506 1600 5575 occidisset,
1632 5507 1808 5576 capite

182 5607 505 5681 puniretur.
529 5602 699 5675 Hujus
723 5603 874 5674 impii
900 5601 1274 5675 Egyptiorum
1310 5601 1475 5656 moris
1514 5602 1812 5670 scriptores

180 5717 360 5775 quam
392 5698 607 5770 plurimi
647 5699 976 5753 mentionem
1026 5694 1290 5752 fecerunt.
1324 5693 1596 5762 Quosdam
1627 5700 1808 5749 autem

183 5814 260 5859 ex
297 5806 497 5866 magno
521 5791 740 5849 illorum
777 5804 1005 5848 numero
1031 5797 1089 5845 ut
1115 5788 1422 5862 seligamus,
1451 5786 1658 5859 primus
1687 5801 1813 5858 pro-

2044 4697 2163 4754 Quis
2187 4696 2365 4755 nescit,
2391 4692 2559 4743 Volusi
2576 4692 2852 4754 Bithynice,
2876 4689 3039 4755 qualia
3060 4689 3271 4755 demens

2044 4758 2288 4828 {Egyptus
2311 4764 2535 4828 portenta
2558 4755 2721 4828 colat?
2759 4754 3050 4828 Crocodilon
3062 4754 3243 4828 adorat

2043 4814 2163 4875 1³θῖιέ
2177 4814 2415 4880 Ἰιίρρ,”ἱΙΙιι
2447 4825 2595 4882 pavet
2618 4825 2829 4867 saturam
2851 4816 3171 4882 serpentibus
3196 4814 3301 4865 Ibin
3330 4826 3342 4861 :

2038 4886 2244 4952 Efﬁgies
2268 4888 2389 4935 sacri
2406 4880 2535 4933 nitet
2557 4893 2709 4931 aurea
2733 4880 3089 4943 cercopitheci,

2042 5013 2115 5062 Illi
2136 5009 2394 5072 caaruleos,
2419 5009 2500 5059 hic
2523 5009 2707 5071 piscem
2733 5006 2966 5067 ﬂuminis,
2990 5004 3090 5072 illic

2041 5077 2227 5141 pppida
2251 5079 2351 5124 tota
2375 5066 2546 5123 canem
2574 5080 2889 5141 venerantur,
2916 5066 3061 5141 nemo
3083 5066 3303 5117 Dianam.

2040 5130 2247 5190 Porrum
2269 5146 2321 5186 et
2343 5149 2468 5198 eepe
2495 5143 2634 5198 uetas
2657 5132 2856 5198 violare,
2876 5144 2932 5181 ac
2955 5130 3185 5198 frangere
3209 5143 3394 5198 morsu.

2037 5201 2078 5252 Ο
2102 5210 2296 5252 sanctas
2311 5193 2512 5262 gentes,
2536 5197 2719 5257 quibus
2737 5196 2844 5244 haec
2868 5203 3133 5244 nascuntur
3155 5197 3203 5245 in
3219 5193 3377 5246 hortis

2040 5265 2276 5317 Numina!

2602 5321 2823 5385 (Jovem,
2852 5322 2957 5372 Sat.
2985 5334 3069 5382 xv,
3088 5320 3221 5385 init.)

1917 5460 2123 5518 Similia
2153 5459 2391 5529 posthaec
2417 5470 2447 5509 a
2491 5451 2785 5510 Prudentia
2815 5449 3097 5509 decantata
3135 5454 3216 5509 sic
3246 5453 3476 5527 legimus
3501 5473 3517 5514 :

2041 5599 2296 5649 Venerem
2321 5594 2573 5657 precaris?
2595 5607 2913 5658 comprecare
2934 5601 2985 5645 et
3006 5592 3216 5644 simiam.

2042 5663 2219 5713 Placet
2242 5654 2464 5711 sacratus
2486 5659 2620 5721 aspis
2644 5654 2925 5720 Esciilapii?

2041 5723 2300 5785 Crocodili,
2323 5723 2436 5781 ibis,
2463 5729 2516 5785 et
2532 5719 2682 5771 canes
2706 5734 2798 5785 cur
2817 5719 3116 5784 displicent?

2044 5790 2253 5854 Appone
2279 5782 2399 5839 toris
2412 5784 2673 5847 religiosas
2696 5782 2879 5848 arulas,
