3972 6310
557 242 663 302 515

679 361 939 412 Venerare
954 359 1356 421 acerbnmrcepe,
1381 353 1585 421 mordax
1604 351 1795 403 allium.

620 426 878 489 (Prudeut.
900 421 1160 492 Hymnoin
1183 413 1353 473 honori
1374 416 1530 470 sancti
1550 420 1709 478 Rom,
1736 430 1780 467 v.
1805 415 1916 467 256.
1936 419 1982 466 et
1994 413 2155 479 seqq.)

555 535 895 604 Quapropter
919 530 1121 587 Plinius
1145 528 1214 585 de
1235 542 1368 597 cepe
1396 525 1538 580 haud
1565 523 1876 581 dubitanter
1902 522 2114 576 dixerat
2138 538 2154 575 :

558 645 579 679 t
607 628 804 683 Allium
849 640 1114 695 cepasque
1164 624 1302 677 inter
1329 620 1460 676 deos
1488 619 1541 673 in
1588 615 1943 689 jurejurando
1996 613 2160 669 habet

553 720 817 793 JEgyptus
851 739 870 773 ι
906 717 1070 792 (Plitt.
1101 718 1191 772 lib.
1219 732 1311 772 xtx
1348 713 1538 768 Natnr.
1570 710 1706 768 Hist.
1738 726 1790 766 c.
1819 710 1883 774 6,
1914 724 1971 779 p.
2003 708 2154 779 595).

621 814 824 869 Causas
870 812 1030 880 hujus
1077 809 1318 865 ridiculae
1363 805 1762 871 venerationis,
1810 811 1865 858 et
1906 801 2080 856 cultus
2109 800 2156 856 si

551 908 814 979 requiras,
862 903 1134 960 Plutarchi
1200 903 1380 959 verbis
1432 900 1681 957 dabimus
1733 914 1747 951 :
1798 905 1862 952 οἱ
1913 900 1964 950 δὲ
2020 904 2157 965 ἱερεῖς

549 1004 872 1073 ἀφοσιοῦνται,
907 1001 991 1055 καὶ
1019 1002 1393 1069 δυσχερηίνουσι,
1425 998 1508 1051 καὶ
1556 1001 1617 1047 τὸ
1657 994 1896 1064 κρόμμυον
1939 1010 2159 1059 «upupa-

549 1102 814 1160 λένῃ-οντες,
842 1100 917 1150 ὅτι
944 1108 1028 1156 τῆς
1053 1100 1246 1155 σελήνης
1280 1096 1526 1161 φθινοΰσης
1557 1090 1718 1156 μόνον,
1752 1088 1989 1156 ιῦτρυφιῖν
2014 1088 2155 1138 τοῦτο

550 1202 632 1245 καὶ
658 1192 907 1252 τεθηλέναι
930 1198 1147 1260 adpetes-1.
1180 1196 1283 1243 εστι
1326 1190 1375 1240 δὲ
1416 1188 1670 1257 πρόσφορον
1709 1188 1813 1239 οὔτε
1852 1184 2151 1247 ἁγνεύουσιν,

550 1292 657 1340 οὔτε
686 1292 1004 1358 ἑορτάζουσιν
1033 1289 1131 1345 τοῖς
1153 1293 1257 1358 μὲν)
1285 1288 1363 1337 ὅτι
1393 1285 1551 1350 διψῆν,
1570 1284 1669 1340 τοῖς
1712 1282 1761 1332 δὲ
1784 1318 1800 1345 ,
1835 1282 1911 1333 ὅτι
1941 1278 2156 1345 δακρύειν

550 1385 684 1437 ποιεῖ
722 1388 828 1445 τοὺς
859 1354 1274 1453 προσφερομένουὲ.
1314 1395 1335 1428 ι
1360 1374 1685 1433 Sacerdotes
1710 1380 2030 1428 aversantur
2065 1384 2156 1425 εε-

550 1490 675 1545 pum
703 1485 758 1529 et
796 1485 1030 1542 cavent,
1060 1474 1187 1546 quia
1215 1471 1332 1528 hinc
1370 1472 1485 1528 sola
1515 1469 1724 1541 planta,
1758 1468 1884 1522 luna
1930 1465 2153 1521 decres-

547 1578 726 1636 cente,
758 1569 957 1640 vigere,
989 1580 1044 1624 et
1073 1581 1271 1639 augere
1300 1565 1472 1630 solet;
1514 1573 1574 1619 et
1627 1577 1760 1633 cepe
1804 1574 1933 1617 usus
1980 1570 2157 1627 neque

548 1662 921 1716 castimoniam
950 1660 1329 1717 exercentibus
1355 1658 1673 1715 commodus
1699 1664 1802 1721 est,
1833 1667 2011 1724 neque
2034 1651 2155 1707 dies

1880 233 1969 291 DE
2007 222 2266 292 ΜΙΝοοΠ
2303 232 2605 292 OCTAVIO
3712 239 3795 303 5l6

2186 355 2235 413 Α
2267 354 2397 407 tanti
2447 351 2690 424 propudii
2736 359 2885 408 certo
2923 364 3184 408 accusare
3215 363 3319 405 non
3348 350 3570 406 audeat:
3603 370 3619 402 ι
3651 352 3785 419 Alii,t

2262 448 2451 518 inquit,
2466 463 2592 503 «eos
2613 448 2790 503 ferunt
2813 447 2979 517 ipsius
3001 445 3253 501 antistitis
3274 459 3335 501 ac
3360 446 3637 501 sacerdotis
3652 450 3793 504 colere

2259 541 2510 612 genitalia
2533 584 2546 606 ,
2576 550 2631 595 et
2655 541 2804 611 quasi
2836 540 3073 609 parentis
3098 540 3327 594 adorare
3356 551 3609 595 naturam.
3642 559 3657 592 ι
3687 540 3794 597 Nihil

2261 647 2390 688 sane
2421 633 2520 688 hac
2542 634 2810 688 calumnia
2840 631 3064 696 futilius,
3096 633 3379 702 minusque
3407 634 3619 688 veritate
3644 633 3792 688 funda-

2262 735 2395 780 tum.
2427 726 2682 781 Factitatzt
2712 737 2890 780 autem
2922 741 2951 779 a
2975 725 3196 781 C;ccilio
3220 725 3450 793 dicitur,
3480 742 3580 780 non
3613 727 3672 781 ab
3706 743 3795 783 our

2261 818 2439 885 nibus,
2474 818 2569 874 sed
2605 834 2636 873 a
2664 818 2982 890 quibusdam
3013 827 3219 873 tantttm
3239 861 3253 881 ,
3284 820 3409 888 qui,
3454 818 3587 889 quod
3614 833 3705 873 nou
3728 836 3800 875 ιιιο

2260 912 2460 968 debattt
2489 928 2824 979 asseverare,
2856 912 2984 967 illud
3016 912 3152 967 falso
3181 927 3400 967 rumore
3421 912 3747 968 venditabant.

2331 1005 2586 1061 Octavius
2615 1006 2796 1076 itaque
2833 1005 2938 1062 hoc
2977 1007 3136 1075 plane
3165 1006 3409 1060 lictitium
3434 1006 3654 1071 crineu,
3679 1006 3802 1061 Chri-

2260 1099 2448 1153 stianis
2516 1098 2848 1169 iniquissime
2916 1098 3193 1165 inustum,
3260 1098 3500 1168 duplici,
3548 1100 3618 1152 uti
3663 1100 3798 1165 solet,

2261 1195 2612 1263 responsione
2647 1192 2820 1248 diluit.
2862 1192 3029 1262 Negat
3056 1194 3271 1263 -quippe
3315 1193 3487 1261 primo
3515 1191 3566 1246 id
3596 1208 3799 1262 umquam

2261 1288 2329 1342 ab
2368 1286 2472 1342 illis
2511 1286 2707 1342 factum
2733 1306 2747 1353 ;
2778 1287 2874 1342 sed
2921 1287 3201 1342 ridiculam
3250 1287 3519 1353 tabulam,
3550 1303 3803 1358 meramque

2261 1380 2582 1435 calumniam
2609 1396 2732 1435 esse
2755 1389 3110 1435 contestatur.
3152 1379 3353 1434 Deinde
3383 1379 3474 1434 ille
3514 1381 3689 1435 asserit
3716 1382 3804 1435 eth.

2261 1471 2411 1527 uices
2441 1472 2598 1543 longe
2625 1472 2952 1544 turpioribus
2972 1514 2986 1536 ,
3008 1488 3145 1543 quas
3171 1486 3273 1527 nec
3300 1472 3607 1539 nominare,
3632 1487 3717 1527 nec
3732 1488 3807 1528 au—

2261 1564 2377 1619 dire
2419 1568 2581 1619 castis
2621 1566 2842 1620 auribus
2869 1563 2948 1619 fas
3002 1572 3155 1630 erat,
3195 1565 3611 1621 obscenitatihus
3638 1565 3804 1621 fcedari.

2259 1658 2365 1715 Sed
2396 1658 2511 1715 hzec
2546 1659 2760 1730 quidem
2793 1668 3009 1729 praestat
3039 1658 3182 1713 illius
3213 1661 3423 1727 potius,
3451 1674 3605 1728 quant
3645 1660 3805 1713 nostris

553 1754 728 1810 festos
755 1755 1195 1821 celebrantibus;
1223 1755 1443 1819 alteris,
1476 1753 1603 1823 quia
1633 1750 1776 1805 sitim
1807 1759 1991 1813 creat;
2014 1747 2151 1802 alte«
2187 1764 2235 1823 Β
2263 1755 2440 1809 verbis
2466 1754 2737 1809 enuntiari
2765 1770 2777 1806 :
2818 1771 2837 1805 ‹
2883 1752 2984 1821 Qui
3015 1754 3083 1808 de
3110 1753 3349 1808 adoratis
3369 1795 3386 1821 ,
3427 1753 3535 1819 ait,
3564 1752 3809 1808 sacerdotis

550 1849 645 1913 ris,
674 1848 799 1919 quia
849 1849 1115 1919 lacrytnas
1156 1848 1302 1903 elicit
1336 1866 1355 1899 ι
1390 1845 1687 1920 (Plutarch.
1718 1844 1812 1898 lib.
1846 1844 1910 1896 de
1946 1839 2081 1896 Isid.
2113 1849 2161 1894 et

549 1940 689 1995 Osir.
723 1956 843 2012 pag.
887 1942 994 1998 855
1025 1942 1063 2012 ).
1119 1942 1356 1997 Priorem
1402 1940 1559 1995 istam
1600 1952 1819 1993 causam
1848 1951 1919 1992 ex
1965 1933 2158 1991 eodem

551 2034 841 2089 Plutarcho
869 2035 1050 2089 retulit
1101 2035 1317 2105 quidem
1350 2036 1415 2090 A.
1459 2032 1688 2096 Gellius,
1746 2030 1841 2086 sed
1878 2028 1931 2083 id
1977 2042 2161 2083 sacer-

551 2125 707 2183 dotes
738 2125 1018 2199 Atlgyptios
1043 2127 1110 2181 de
1138 2127 1425 2182 PelusiO‘is
1453 2124 1657 2180 dixisse
1683 2130 1959 2178 asseverat
1986 2119 2153 2192 (Gell.

553 2225 652 2280 lib.
678 2241 745 2279 xx
800 2222 958 2278 Noct.
1004 2224 1131 2277 Atti.
1161 2238 1283 2294 cap.
1339 2220 1421 2293 8).
1461 2219 1570 2274 Nec
1612 2218 1886 2273 immerito
1936 2228 2155 2283 prorsus

541 2321 687 2393 jure.
722 2319 931 2375 Etenim
964 2318 1234 2375 Lucianus
1257 2317 1426 2372 hosce
1446 2314 1749 2370 Pelusiotae
1772 2312 1901 2367 huic
1924 2308 2154 2365 ridiculo

544 2413 882 2484 absurdoque
934 2413 1135 2476 cultui,
1194 2412 1331 2465 sicut
1384 2416 1439 2463 et
1505 2406 1642 2461 alios
1691 2405 1848 2460 alteri
1913 2402 2158 2457 addictos

546 2509 712 2565 fuisse
741 2507 960 2563 tradidit
991 2523 1002 2556 :
1038 2512 1314 2573 Μεμφίταις
1496 2506 1523 2554 ὁ
1559 2507 1676 2572 βοῦς
1726 2505 1864 2562 Θεὸς,
1913 2503 2160 2556 uniuersit-

539 2629 653 2666 ταις
704 2608 753 2657 δὲ
794 2605 1054 2673 κρόμμυον,
1105 2602 1188 2653 καὶ
1244 2604 1406 2658 ἄλλοις
1450 2602 1582 2663 ἶϐις,
1626 2601 1655 2654 ἦ
1703 2596 2019 2665 χροκόδει>.ος,
2072 2598 2158 2644 καὶ

544 2708 706 2761 ἄλλοις
734 2703 1062 2765 κυνοκέφαλος.
1086 2700 1115 2754 ἢ
1147 2700 1386 2763 αἵλευρος,
1420 2698 1450 2750 ἧ
1502 2698 1719 2752 πίθηκος.
1771 2706 1790 2739 t
1844 2686 2157 2755 Memphitis

544 2795 759 2866 quidem
788 2793 884 2847 bos
911 2792 1051 2846 Deus
1077 2797 1179 2854 est,
1212 2784 1499 2842 Pelusiotis
1530 2800 1659 2839 vero
1686 2795 1845 2852 cepe,
1890 2780 2001 2850 jam
2034 2780 2157 2835 aliis

544 2890 775 2955 ciconia,
805 2895 899 2942 aut
926 2883 1252 2943 crocodilus,
1282 2882 1403 2937 aliis
1427 2876 1847 2953 cynocephalus,
1871 2883 1965 2932 aut
1992 2873 2151 2938 feles.

542 2995 635 3039 aut
659 2981 816 3039 simia
854 2999 873 3033 ι
898 2977 1145 3052 (Lueian.
1186 2974 1390 3046 Dialog.
1418 2972 1587 3043 lupit.
1619 2969 1861 3042 Tragtzd.
1894 2984 2016 3041 pag.
2048 2965 2156 3023 699

542 3091 598 3137 et
630 3094 784 3150 seqq.
816 3079 859 3147 ).
913 3073 1177 3144 Quocirca
1209 3071 1566 3141 Hieronymus
1599 3084 1614 3121 :
1642 3084 1664 3119 ί
1694 3064 1937 3135 lmpelle,
1960 3062 2153 3132 inquit,

2264 1846 2507 1901 virilibus
2528 1847 2787 1903 adversus
2810 1863 2909 1901 nos
2937 1846 3233 1914 fabulatur,
3284 1855 3459 1902 tentat
3503 1847 3553 1901 itt
3595 1862 3681 1901 nos
3711 1860 3809 1903 con-

2265 1938 2408 1996 ferre
2460 1957 2582 2012 qua:
2625 1956 2720 1996 sua
2763 1950 2908 1995 sunt.
2944 1940 3049 1995 Ista
3091 1942 3236 1995 enim
3290 1939 3627 2009 impudicitia
3664 1953 3807 1993 eorum

2267 2035 2488 2090 forsitan
2518 2051 2667 2090 sacra
2696 2037 2829 2101 sint,
2860 2035 3003 2106 apud
3044 2051 3179 2106 quos
3206 2050 3370 2091 sexus
3403 2034 3577 2089 omnis
3602 2033 3807 2088 membris

2264 2129 2517 2184 omnibus
2545 2139 2780 2199 prostat,
2816 2129 2957 2200 apud
2984 2144 3121 2200 quos
3152 2138 3261 2185 tota
3289 2128 3615 2199 impudicitia
3638 2138 3807 2183 volatur

2266 2228 2540 2282 urbanitas
2574 2244 2586 2279 :
2616 2227 2705 2297 qui
2735 2239 3041 2283 scortorum
3069 2227 3300 2282 licentiae
3330 2226 3592 2287 invident,
3615 2226 3692 2295 qui
3721 2236 3806 2277 tae-

2262 2322 2383 2378 dios
2414 2324 2554 2378 viros
2594 2324 2867 2385 lambunt,
2900 2322 3190 2378 libidinoso
3218 2337 3315 2377 ore
3345 2321 3646 2393 inguinibus
3682 2319 3807 2373 iob:-

2263 2427 2508 2483 rescunt,
2542 2418 2788 2474 homines
2834 2418 2987 2472 mala:
3039 2419 3270 2489 lingua),
3320 2417 3535 2472 etiamsi
3584 2422 3805 2476 tacerent;

2263 2529 2400 2584 quos
2445 2515 2591 2584 prius
2641 2514 2883 2568 ιίιεόυεοὶι
2926 2513 3322 2584 ἱηιρυιιίοὶιίιθ,
3377 2527 3537 2583 quam
3596 2509 3806 2582 pudescit.

2261 2606 2406 2662 Proh
2449 2608 2635 2663 nefas!
2668 2606 2724 2662 id
2770 2608 2823 2662 in
2855 2625 2913 2662 se
2968 2608 3186 2678 pessimi
3234 2607 3491 2661 facinoris
3539 2604 3806 2667 admittunt,

2262 2700 2405 2771 quod
2444 2716 2544 2757 nec
2568 2711 2700 2756 tetas
2729 2710 2904 2771 potest
2932 2702 3035 2771 pati
3067 2700 3315 2767 mollior,
3347 2716 3451 2755 nec
3479 2701 3591 2771 cogi
3628 2698 3807 2753 servitus

2262 2793 2465 2850 durior.
2513 2794 2640 2850 Haec
2668 2805 2722 2850 et
2751 2794 3061 2866 hujusmodi
3106 2794 3368 2865 propudia
3406 2794 3559 2849 nobis
3588 2808 3682 2847 non
3717 2788 3809 2846 licet

2264 2904 2362 2945 nec
2400 2888 2605 2953 audire.
2662 2890 2822 2944 etiam
2877 2890 3118 2958 pluribus
3165 2900 3318 2955 turpe
3364 2886 3648 2942 defendere
3682 2895 3806 2939 eam

2259 2975 2514 3045 Quamvis
2552 2975 2747 3031 dixerit
2779 2974 2930 3031 nefas
2971 2991 3091 3031 οδω
3135 2975 3250 3029 haec
3280 2974 3589 3045 turpissima
3617 2972 3809 3027 ethnico-

2259 3087 2377 3126 rum
2404 3070 2604 3142 ﬂagitia
2633 3071 2830 3127 clarius
2845 3070 3123 3141 explicari,
3143 3085 3242 3125 nec
3267 3078 3359 3123 aut
3385 3070 3455 3124 ab
3481 3068 3587 3123 ulio
3604 3060 3808 3122 Christia-

542 3177 587 3231 εἰ
619 3182 791 3245 potes,
818 3170 1166 3234 Pelusiotem,
1196 3176 1255 3222 ut
1284 3162 1571 3220 manducet
1594 3177 1727 3233 cepe
1759 3180 1777 3212 ι
1809 3158 2151 3233 (Hieronym.
2183 3167 2230 3229 ρ
2265 3178 2337 3219 no
2366 3164 2562 3229 audiri,
2591 3172 2684 3220 am
2708 3164 2776 3219 ab
2802 3165 2910 3220 alio
2937 3164 3178 3235 (ιυοιίιιει
3215 3162 3440 3218 nomine
3466 3160 3698 3225 defendi;
3726 3172 3804 3213 non

542 3269 659 3324 adv.
687 3267 860 3323 Jovitt.
894 3279 1012 3336 pag.
1043 3261 1157 3332 59).

614 3362 756 3420 Alibi
780 3376 909 3417 vero
936 3357 1076 3415 idem
1108 3355 1493 3426 Hieronymus,
1523 3360 1631 3407 tam
1656 3350 1729 3407 de
1749 3347 1940 3405 eodem
1966 3358 2102 3413 cepe
2127 3382 2146 3409 ,

543 3475 703 3533 quam
728 3459 797 3513 de
824 3453 1032 3526 crepitu
1064 3450 1299 3516 ventris,
1338 3462 1497 3519 quem
1540 3443 1780 3502 secundo
1806 3442 1925 3497 loco
1954 3446 2148 3533 auctor

545 3531 728 3609 uoster
756 3558 1039 3614 memorat,
1083 3546 1163 3602 sic
1210 3542 1445 3613 loquitur
1492 3558 1506 3594 :
1562 3557 1582 3590 ι
1634 3538 1898 3606 Pleraque
1948 3531 2146 3603 oppida

542 3664 764 3711 eorum,
807 3639 1184 3715 Egyptiorum
1211 3679 1227 3705 ,
1255 3652 1324 3692 ex
1375 3634 1677 3691 bestiis.....
1720 3639 1782 3685 ut
1826 3641 2032 3684 taceam
2078 3625 2147 3681 de

541 3738 929 3802 formidoloso,
975 3742 1033 3789 et
1077 3730 1324 3787 horribili
1378 3741 1545 3798 cepe,
1586 3734 1644 3782 et
1688 3723 1896 3794 crepitu
1940 3719 2148 3777 ventris

541 3835 731 3901 inﬂati,
760 3846 879 3904 quae
904 3826 1185 3884 Pelusiaca
1216 3823 1404 3895 religio
1428 3830 1513 3877 est
1547 3838 1567 3872 ι
1593 3818 1766 3888 (Idem
1798 3817 1850 3871 in
1878 3830 1997 3885 cap.
2017 3828 2146 3869 XLVI

540 3931 661 3988 Esai
705 3927 748 4002 ).
792 3924 1127 3995 Suﬂragatur
1199 3918 1528 3991 Hieronymo
1595 3909 2143 3974 Pseudo-Ciemens,

540 4027 629 4096 qui
654 4023 724 4080 de
748 4022 856 4085 his,
887 4030 1050 4089 atque
1077 4014 1196 4071 aliis
1215 4058 1231 4084 ,
1260 4014 1328 4069 de
1355 4010 1549 4084 quibus
1578 4017 1767 4064 auctor
1796 4016 1981 4061 noster
2025 4003 2142 4058 dis-

540 4116 694 4182 serit,
726 4114 915 4170 isthrec
965 4110 1091 4166 fecit
1118 4107 1281 4163 verba
1309 4124 1322 4161 :
1350 4123 1369 4157 t
1401 4101 1776 4175 Egyptiorunt
1802 4097 1895 4154 alii
1926 4100 2142 4163 bovem,

538 4215 630 4286 qui
662 4211 791 4281 Apis
825 4207 1055 4269 dicitur,
1098 4199 1387 4258 colendum
1419 4196 1724 4259 tradidere,
1765 4192 1855 4248 alii
1897 4191 2142 4286 hircum,

536 4285 625 4362 alii
656 4311 828 4376 gattas
848 4343 864 4369 ,
897 4296 1140 4354 nonnulli
1170 4294 1299 4351 ibim
1323 4335 1339 4361 ,
1378 4291 1598 4363 quidam
1639 4296 1946 4355 serpentem
1972 4326 1987 4350 ,
2030 4285 2143 4354 pis-

536 4415 657 4457 cem
683 4409 896 4469 quoque
921 4402 977 4449 et
1001 4404 1185 4461 cepas,
1214 4397 1269 4443 et
1295 4383 1500 4442 ventris
1526 4382 1786 4453 crepitus,
1818 4390 1870 4434 et
1890 4378 2135 4444 cloacas,

539 4504 595 4550 et
620 4494 900 4548 brutorum
926 4483 1280 4543 animantium
1308 4479 1571 4544 membra,
1602 4485 1657 4533 et
1690 4474 1840 4531 mille
1865 4474 1984 4528 aliis
2013 4473 2143 4529 sub-

2263 3257 2442 3311 minus
2474 3265 2650 3312 tamen
2682 3272 2838 3323 vera,
2871 3257 3190 3327 cunctisque
3219 3255 3500 3325 explorata
3520 3264 3681 3312 erant.
3708 3251 3806 3307 Nam

2253 3360 2454 3422 printer
2496 3351 2652 3407 varia
2685 3360 2966 3421 poetarum
3007 3352 3376 3421 aliorumque,
3412 3359 3571 3422 atque
3598 3346 3808 3419 imprimis

2254 3444 2513 3501 Martialis
2556 3447 2628 3501 de
2670 3448 2735 3502 iis
2764 3446 3105 3512 testimonia,
3149 3446 3528 3502 sanctissimus
3553 3460 3673 3501 sane
3697 3444 3808 3512 Apo-

2254 3544 2429 3599 stolus
2458 3545 2510 3598 in
2549 3559 2646 3599 sua
2673 3545 2787 3600 sola
2814 3543 2880 3600 ad
2904 3543 3177 3598 Romanos
3207 3542 3452 3614 Epismla
3484 3551 3625 3598 tanto
3652 3535 3805 3612 potiori

2247 3635 2373 3705 jure
2404 3637 2689 3702 nonnulla,
2745 3651 2915 3707 eaque
2951 3636 3288 3707 gravissima,
3318 3634 3622 3693 Gentilibus
3659 3644 3807 3700 expro-

2252 3730 2467 3799 bravit,
2498 3741 2703 3801 quanto
2743 3732 2954 3785 veriora
3001 3745 3122 3785 esse
3162 3738 3313 3785 certo
3361 3731 3569 3786 certius
3613 3731 3805 3782 novent.

2254 3821 2342 3895 (S.
2366 3821 2547 3889 PuttL,
2567 3822 2735 3894 Epist.
2755 3822 2825 3876 ad
2843 3822 2995 3878 Rom.
3020 3839 3137 3893 cap.
3162 3837 3200 3887 ι,
3222 3838 3356 3877 vers.
3390 3821 3466 3877 16
3491 3817 3701 3891 etseqq.)

2324 3917 2491 3974 Recte
2547 3918 2706 3989 igitur
2745 3926 2932 3973 auctor
2976 3927 3160 3972 noster
3201 3916 3545 3972 ethnicorum
3572 3923 3806 3984 argumen-

2250 4020 2363 4067 tum
2394 4014 2447 4067 in
2491 4027 2587 4068 eos
2625 4022 2920 4083 retorquet.
2967 4011 3156 4068 Nullus
3185 4012 3453 4083 siquidem
3487 4012 3698 4082 probare
3719 4020 3807 4061 utn-

2250 4118 2413 4174 quam
2439 4106 2610 4175 potuit
2638 4103 2980 4162 Christianos
3010 4106 3145 4160 tanti
3173 4105 3424 4174 sceleris,
3453 4106 3522 4161 de
3548 4120 3647 4175 quo
3673 4098 3807 4169 suspi-

2250 4198 2547 4266 cabantur,
2600 4198 2765 4255 fuisse
2813 4215 2958 4254 reos.
3010 4198 3148 4267 Quin
3208 4199 3371 4253 immo
3421 4209 3528 4254 tam
3575 4195 3805 4253 ridiculam

2251 4292 2611 4361 suspicionem
2653 4293 2952 4363 piissimum
2994 4292 3205 4347 illorum
3239 4292 3453 4348 vivendi
3491 4307 3648 4363 genus
3684 4289 3805 4358 plane

2248 4385 2573 4457 penitusque
2612 4388 2944 4442 removebat.
2994 4386 3196 4441 Contra
3243 4401 3373 4441 vero
3417 4385 3652 4443 Gentiles
3678 4380 3804 4449 hujus

2250 4478 2596 4551 aliorumque
2624 4481 2800 4535 adhuc
2826 4481 3087 4551 majorum
3131 4480 3397 4536 scelerum
3431 4495 3462 4535 a
3492 4479 3616 4544 suis,
3644 4485 3693 4530 ut
3715 4473 3801 4526 dic—

535 4589 787 4645 tlitlerunt
830 4578 1188 4640 odiosissimis
1233 4572 1653 4647 turpitudinibus
1693 4590 1711 4624 ι
1740 4567 2142 4640 (Pseudo-Cle.
2168 4571 2223 4632 Β
2250 4578 2361 4626 tum
2392 4581 2495 4639 est,
2525 4573 2859 4639 auctoribus,
2892 4573 3121 4645 aliisque
3149 4574 3408 4641 testibus,
3434 4573 3582 4628 omni
3606 4569 3696 4626 (ide
3712 4579 3801 4622 ma-

538 4682 633 4738 nu.
664 4696 698 4735 ν
729 4677 992 4750 Recogita.
1026 4671 1190 4743 δίο,
1236 4684 1361 4741 pag.
1406 4666 1581 4737 sos).
1628 4663 1841 4739 Similia
1885 4662 1980 4717 ille
2018 4658 2147 4715 alibi

535 4785 831 4840 memorat,
873 4786 1034 4843 quem
1073 4768 1120 4824 si
1150 4775 1303 4823 vacat
1331 4763 1480 4820 adire
1508 4761 1711 4833 poteris
1738 4758 1932 4830 (Idem,
1981 4755 2141 4810 Hom.

536 4874 623 4939 10,
648 4887 771 4945 pag.
805 4868 955 4935 657).
984 4862 1121 4933 Quid
1148 4875 1284 4932 ergo
1312 4856 1600 4915 dicendum
1627 4855 1697 4912 de
1724 4852 2022 4919 Romanis,
2052 4850 2145 4945 qui

534 4967 753 5021 insanos
783 4962 901 5017 illos
928 4960 1100 5022 ritus,
1146 4955 1223 5010 uti
1269 4952 1541 5019 diximus,
1583 4957 1675 5003 aut
1717 4962 1824 5005 non
1873 4944 2147 5015 improba-

537 5059 663 5114 bant
682 5099 697 5126 ,
728 5065 817 5111 aut
845 5052 1212 5117 sectabantur,
1241 5046 1509 5118 patienter
1530 5055 1710 5101 tamen
1740 5040 1990 5099 ferebant
2016 5040 2141 5095 illos

538 5170 566 5210 a
599 5152 773 5225 poetis
816 5146 1088 5209 derideri?

1131 5248 1435 5293 ARTICULUS
1471 5248 1546 5288 ιν.

539 5337 751 5394 Falsum
781 5351 888 5389 esse
911 5350 943 5387 a
966 5330 1276 5389 Christianis
1303 5327 1514 5383 adorari
1538 5325 1816 5380 sacerdotis
1844 5323 2053 5390 virilia;
2086 5339 2146 5376 ac

608 5430 837 5488 uhuicos
864 5428 1157 5496 turpiorem
1180 5423 1498 5495 ﬂagitiorum
1535 5418 1788 5484 convinci,
1814 5427 1863 5475 et
1890 5432 2006 5488 quis
2028 5418 2144 5489 [uc-

608 5526 675 5579 rit
711 5521 1020 5588 turpissim
1058 5518 1202 5574 illius
1251 5512 1588 5572 venerationis
1618 5508 1939 5566 Christianos
1988 5526 2137 5565 accu-

610 5617 762 5674 sandi
790 5613 1008 5669 occasio.

611 5708 767 5768 Aliud
793 5705 969 5761 adhuc
980 5704 1195 5761 Mnus
1221 5700 1407 5774 ﬂagitii
1433 5714 1564 5756 sane
1594 5696 1990 5767 dedecorisque
2021 5695 2137 5767 ple-

541 5823 701 5876 num,
734 5806 807 5860 ita
832 5798 1156 5858 Christianis
1180 5796 1433 5854 Caecilius
1463 5794 1677 5867 objicit,
1712 5803 1769 5849 ut
1800 5791 1923 5849 ilics
1952 5800 2133 5848 tamen

2244 4666 2477 4736 joribus,
2511 4674 2657 4723 certe
2688 4667 3171 4722 eonvincebantur.

2325 4760 2543 4827 Verum,
2576 4764 2811 4828 tametsi,
2841 4762 3045 4833 inquiet
3073 4762 3286 4834 aliquis.
3315 4777 3345 4817 a
3370 4762 3594 4819 veritate
3621 4756 3799 4814 omnino

2249 4853 2590 4911 abhorruerit
2616 4855 2790 4910 virilia
2841 4855 3140 4911 sacerdotis
3168 4874 3195 4908 a
3226 4854 3549 4911 Christianis
3591 4848 3796 4914 adorari;

2251 4948 2512 5005 credibile
2542 4957 2720 5004 tamen
2777 4966 2883 5004 non
2917 4961 2999 5005 est
3048 4950 3318 5020 publicum
3348 4951 3418 5005 de
3462 4948 3708 5006 horrendo
3731 4942 3799 4997 illo

2232 5043 2477 5098 crimine
2498 5085 2513 5110 ,
2539 5043 2641 5097 nisi
2668 5043 2788 5097 data
2816 5044 3004 5098 saltem
3032 5044 3314 5098 occasione
3339 5044 3515 5115 aliqua
3539 5086 3553 5110 ,
3595 5048 3796 5111 sparsum

2248 5138 2413 5194 fuisse
2438 5153 2730 5194 rumorem.
2761 5138 2891 5206 Quae
2918 5138 3078 5211 igitur
3104 5138 3190 5192 illa
3220 5138 3380 5193 fuerit
3414 5138 3619 5194 occasio
3646 5178 3659 5200 ,
3686 5131 3799 5202 quis-

2250 5231 2373 5301 quis
2404 5232 2545 5288 scire
2570 5232 2748 5287 avehit
2782 5274 2795 5298 ,
2832 5231 2957 5287 huic
3000 5231 3447 5302 respondebimus
3474 5228 3795 5285 Christianos,

2250 5328 2337 5397 qui
2378 5326 2651 5397 prioribus
2693 5326 2952 5382 Ecclesia:
2986 5326 3193 5382 stcculis
3224 5326 3487 5397 publicam
3526 5324 3796 5380 delictorum

2247 5435 2467 5476 suorum
2515 5421 2913 5492 criminumque
2955 5421 3262 5491 graviorum
3311 5418 3665 5492 penitentiam
3701 5423 3797 5482 age-

2246 5512 2411 5579 bant,
2443 5521 2591 5568 extra
2638 5513 2780 5568 fores
2825 5513 3095 5585 limenque
3141 5512 3399 5569 Ecclesiae
3445 5511 3512 5566 ad
3556 5506 3792 5565 omnium,

2243 5607 2543 5675 prtesertim
2574 5605 2914 5661 sacerdotum
2942 5650 2955 5672 ,
3004 5622 3125 5663 sese
3162 5605 3520 5676 prostravisse
3548 5600 3696 5671 pech
3716 5637 3728 5659 .
3751 5600 3796 5646 ιιι

2245 5698 2455 5753 illorum
2502 5698 2714 5753 veniam
2768 5699 3056 5771 impetrare
3115 5707 3356 5770 possent.
3409 5695 3642 5753 Gentiles
3692 5698 3793 5741 vero

2244 5806 2364 5846 cum
2402 5790 2453 5845 id
2481 5806 2612 5862 vaga
2646 5791 2954 5863 incertaque
2983 5791 3122 5847 fama
3147 5791 3503 5863 excepissent,
3532 5786 3646 5844 inde
3670 5780 3794 5838 fabu-
