4034 6320
440 263 545 323 519

1695 258 1783 315 DE
1821 257 2081 317 MINUCll
2117 258 2419 318 OCTAVIO

3628 262 3750 323 520

439 392 566 432 mox
612 375 883 432 laudatum
909 418 923 441 ,
970 375 1064 431 lib.
1104 391 1143 431 ιι
1186 374 1251 431 ad
1273 375 1532 438 Uxorem.
1560 389 1681 446 cap.
1713 376 1766 438 4,
1822 376 1916 430 lib.
1974 376 2042 430 de
2070 379 2122 439 Α
2150 378 2279 441 tulo,
2328 393 2434 448 quo
2479 377 2548 434 de
2577 376 2897 435 factionibus
2925 379 3141 450 querela
3167 386 3271 446 est,
3322 380 3378 436 in
3416 378 3567 451 cuius
3613 396 3745 451 per-

438 468 713 539 Baptismo
762 485 880 539 cap.
922 468 1014 533 20,
1066 469 1203 524 hbro
1241 468 1310 524 de
1362 468 1507 539 Fuga
1555 484 1677 539 cap.
1734 468 1785 532 1,
1826 467 1918 521 lib.
1970 468 2037 522 de

435 558 615 630 Jejnn.
635 577 753 632 cap.
781 562 850 618 13
896 574 950 617 et
981 561 1093 627 14.;
1116 561 1490 629 Athmasium,
1520 562 1779 631 Apologia
1802 561 1869 615 ad
1897 560 2040 616 Con-

437 654 693 708 stantium
726 654 1109 725 Imperatorem
1135 697 1150 721 ,
1176 670 1229 724 p.
1255 654 1359 709 510
1384 696 1398 717 ,
1429 664 1484 709 et
1536 654 1761 724 Apolog.
1790 654 1857 707 de
1892 652 2036 724 Fuga

438 761 557 813 sua,
593 764 647 816 p.
678 749 806 813 55:5;
837 748 1088 803 Cotelerii
1135 759 1289 802 notas
1341 749 1393 802 iu
1444 749 1734 812 llermam,
1797 763 1914 819 pag.
1970 747 2040 801 72

438 847 494 894 et
518 855 685 910 seqq;
716 850 876 910 atque
908 840 961 895 in
992 840 1086 896 lib.
1112 857 1145 895 v
1172 839 1464 895 Constitut.
1497 840 1744 910 Apostol.
1798 856 1919 910 cap.
1946 839 2036 905 15,

438 946 557 1004 pag.
586 932 719 1000 215,
745 943 798 988 et
826 949 978 1004 seqq.
1015 933 1124 988 Nos
1162 943 1342 989 autem
1371 935 1439 990 de
1482 933 1909 990 Chrisdanorum
1943 933 2039 989 Vi-

435 1027 578 1099 giliis
606 1028 959 1084 disseruimus
992 1039 1122 1084 tom.
1153 1045 1191 1084 ι.
1227 1032 1481 1099 Apparet.
1535 1029 1627 1085 lib.
1671 1045 1763 1095 ιιι,
1816 1029 2036 1084 dissert.

436 1123 489 1192 1,
527 1137 645 1187 cap.
694 1123 746 1187 6,
806 1133 910 1177 art.
959 1124 1015 1189 5,
1064 1138 1186 1193 pag.
1238 1124 1344 1178 712
1389 1133 1443 1177 et
1491 1137 1642 1193 seqq.
1692 1121 1765 1176 De
1813 1120 2040 1192 Jejuniis

432 1229 562 1270 vero
589 1215 741 1283 ibid.,
776 1214 870 1270 lib.
900 1231 953 1282 ι,
991 1214 1207 1270 dissert.
1255 1216 1306 1279 ι,
1342 1224 1445 1271 art.
1480 1215 1533 1281 5,
1567 1230 1684 1284 pag.
1719 1216 1822 1281 53,
1857 1224 1911 1269 et
1931 1224 2035 1269 art.

431 1305 524 1375 25,
551 1323 672 1379 pag.
701 1307 793 1374 67;
820 1323 1046 1365 necnon
1066 1309 1161 1364 lib.
1191 1325 1250 1371 ιι.
1275 1310 1493 1364 dissert.
1527 1309 1580 1374 1,
1615 1324 1733 1379 cap.
1767 1309 1819 1373 7,
1849 1317 1952 1362 art.
1978 1309 2036 1370 2,

433 1418 555 1474 pag.
616 1402 756 1470 550;
804 1419 868 1459 ac
911 1403 1003 1459 lib.
1055 1419 1133 1469 ιιι,
1192 1402 1411 1458 dissert.
1462 1404 1515 1468 1,
1573 1417 1693 1470 cap.
1747 1402 1797 1466 1,
1840 1412 1945 1456 art.
1981 1401 2034 1467 7,

432 1511 553 1569 pag.
588 1496 731 1557 884;
764 1512 884 1568 cap.
916 1497 1008 1562 11,
1047 1506 1146 1550 art.
1178 1497 1209 1550 7
1235 1538 1251 1561 ,
1298 1513 1420 1567 pag.
1471 1495 1611 1551 1038
1653 1505 1710 1549 et
1754 1510 1926 1565 seqq;
1984 1502 2039 1548 et

430 1607 548 1664 cap.
581 1594 672 1657 η.
705 1602 811 1648 art.
842 1592 901 1658 4,
936 1608 1056 1663 pag.
1089 1591 1250 1648 1049.

502 1685 702 1742 Cmcilii
770 1700 900 1757 ergo
949 1688 1285 1756 aliorumque
1329 1682 1621 1740 Gentilium
1679 1680 2034 1736 intolerabilis

2145 470 2336 523 nieicm
2372 471 2660 539 aliquando
2695 473 3085 528 convenimus?
3132 473 3245 529 Hoc
3281 489 3467 529 sumus
3513 489 3745 543 congre-

2139 566 2268 633 gati.
2298 565 2440 635 quod
2462 576 2514 620 ct
2541 565 2803 634 diSpersi;
2835 568 2935 621 hoc
2967 568 3220 635 universi,
3252 568 3394 638 quod
3416 578 3471 623 et
3502 569 3694 640 singuli
3719 611 3740 634 ,

2143 658 2412 713 nemiuem
2463 660 2756 729 laedentes,
2826 664 3094 719 neminem
3146 665 3545 719 contristantes.
3600 662 3746 717 Cum

2143 752 2316 820 probi.
2342 766 2464 806 cum
2495 752 2618 807 boui
2647 764 2877 823 coeunt,
2903 770 3023 810 cum
3057 756 3163 825 pii,
3207 770 3329 810 cum
3359 755 3489 810 casti
3516 769 3750 826 congre-

2140 856 2354 913 gautur,
2387 861 2492 899 non
2520 856 2606 900 cst
2632 847 2795 901 factio
2819 846 3067 910 dicenda,
3098 848 3191 904 sed
3216 848 3382 903 curia.
3435 850 3503 902 At
3540 864 3574 904 e
3600 862 3742 903 con-

2142 938 2307 993 trario
2367 939 2471 994 illis
2522 955 2717 996 nomen
2745 940 2993 995 factionis
3043 940 3557 997 accommodandum
3608 950 3738 1007 est,

2142 1032 2228 1101 qui
2256 1031 2308 1085 in
2332 1032 2512 1087 odium
2544 1034 2805 1088 bonorum
2836 1043 2890 1089 et
2919 1035 3206 1105 proborum
3249 1036 3559 1106 conspirant
3580 1077 3594 1099 .
3643 1037 3743 1107 qui

2141 1123 2401 1181 adversus
2442 1126 2755 1196 sanguinem
2787 1128 3173 1193 innocentium,
3224 1126 3430 1182 scilicet
3476 1125 3744 1182 Christia—

2143 1234 2359 1283 narum,
2387 1220 2731 1276 conclamant
2765 1238 2786 1273 ι
2813 1219 3057 1293 (Tertull.
3076 1220 3295 1291 Apolog.
3327 1237 3444 1289 cap.
3472 1220 3541 1277 39
3569 1231 3615 1275 et
3645 1220 3740 1285 40,

2142 1327 2263 1381 pag.
2299 1312 2368 1366 56
2394 1312 2436 1381 ).
2484 1311 2592 1367 Sed
2620 1313 2689 1367 de
2728 1313 2811 1368 his
2842 1312 3012 1383 plura,
3044 1312 3130 1369 ubi
3178 1312 3247 1368 de
3276 1313 3378 1368 hoc
3425 1311 3745 1368 Tertulliani

2140 1402 2282 1458 libro
2303 1404 2717 1471 diSputabimus.

2212 1497 2265 1551 Si
2320 1497 2755 1553 Christianorum
2807 1506 2956 1554 secta
3014 1498 3119 1554 dici
3170 1512 3277 1555 non
3331 1498 3503 1569 potuit
3557 1497 3742 1554 illicita

2137 1591 2333 1659 fat-tio,
2392 1594 2563 1647 multo
2614 1604 2762 1649 certe
2810 1593 2987 1648 minus
3038 1612 3057 1645 ι
3105 1593 3418 1663 desperata;
3460 1613 3478 1644 ι
3522 1592 3743 1663 quando

2138 1689 2353 1758 quidem
2391 1708 2410 1739 ‹
2444 1693 2617 1745 securi
2637 1709 2687 1755 ,ι
2720 1698 2778 1743 ιιι
2809 1691 2881 1743 ait
2904 1689 3196 1755 Minucius,
3227 1707 3247 1741 ι
3270 1704 3366 1760 spe
3397 1688 3588 1742 futurae
3615 1686 3743 1742 feli-

433 1782 593 1853 plane
619 1788 738 1836 erat
780 1779 1147 1849 impudentia,
1200 1780 1287 1850 qui
1339 1775 1676 1833 Christianos
1718 1774 2034 1831 ρῑιειίςδὶιιιὶε
2066 1783 2111 1844 Β
2138 1781 2352 1847 citatis,
2385 1781 2489 1837 fide
2533 1782 2815 1852 praesentis
2866 1781 2960 1838 Dei
3011 1782 3307 1853 maiestatis
3350 1784 3671 1837 animamur.
3714 1800 3734 1833 ι

432 1875 673 1932 moribus
702 1883 946 1936 ornatos,
979 1883 1034 1928 et
1075 1872 1357 1927 virtutibus
1383 1871 1623 1927 sedulam
1651 1885 1869 1939 operam
1898 1870 2029 1923 dau-

430 1978 515 2024 tes
561 1968 831 2039 appellare
877 1966 1147 2021 audebant
1190 1965 1433 2018 homines
1478 1961 1793 2032 deploratze,
1830 1961 2029 2015 illicita:

429 2068 485 2116 et
533 2060 832 2128 desperata:
887 2059 1155 2124 factionis,
1211 2056 1533 2111 latebrosam
1591 2053 2024 2125 lucifugamque,

429 2156 483 2212 in
508 2155 778 2226 publicum
805 2163 1026 2214 mutam.
1052 2164 1101 2208 et
1138 2153 1187 2205 in
1211 2150 1418 2221 angulis
1442 2148 1707 2215 garrulam
1732 2149 2025 2213 nationem,

428 2249 518 2320 qui
562 2248 785 2302 occultis
834 2262 893 2302 se
934 2247 1075 2299 notis
1120 2258 1183 2298 ac
1217 2243 1512 2313 insignibus
1539 2241 1906 2309 aguOscebant
1934 2257 2024 2294 an-

429 2352 640 2413 tequam
689 2339 977 2404 noverint,
1034 2353 1098 2393 ac
1147 2334 1425 2407 prmseiitia
1486 2333 1697 2387 tandem
1754 2342 2024 2388 tormenta

427 2452 763 2511 mortemque
793 2440 1004 2511 penitus
1022 2439 1468 2508 aspernabantur.
1491 2434 1622 2491 Nam
1648 2452 1665 2485 ι
1699 2440 1978 2503 propterea
2002 2449 2020 2479 ι

425 2533 703 2605 inquiebat
750 2532 1141 2597 'i‘ertullianus,
1190 2531 1331 2602 quod
1377 2544 1537 2583 omne
1566 2525 1813 2597 Sllpplit‘ii
1856 2525 2030 2578 necis-

425 2644 531 2700 que
555 2642 746 2699 gcnus.
787 2625 1072 2697 repudiato
1096 2626 1213 2681 solo
1247 2633 1433 2680 nostro
1473 2624 1899 2678 Christianorum
1934 2635 2029 2671 uo-

428 2721 593 2785 mine,
625 2720 803 2774 statim
832 2719 1103 2776 declinare
1130 2734 1436 2790 possumus,
1467 2735 1486 2769 ι
1516 2714 1806 2785 ἀθενειοειιί,
1834 2731 1853 2765 ι
1889 2712 2030 2767 sicut

425 2814 587 2870 etiam
623 2812 936 2869 Lactantius
988 2811 1198 2879 aiebat,
1231 2830 1248 2863 ι
1283 2819 1339 2866 ct
1369 2809 1561 2879 perditi
1591 2808 1965 2863 existimamur
2000 2824 2019 2855 ι

428 2907 645 2980 (Tertul.
681 2907 899 2978 Apolug.
923 2923 1038 2977 cap.
1088 2905 1179 2969 50,
1234 2922 1353 2976 pag.
1396 2902 1507 2969 44;
1561 2900 1798 2955 Lactant.
1853 2898 1941 2953 lib.
1992 2912 2027 2952 ν

423 3002 602 3059 lnstit.
632 3020 754 3073 cap.
780 3003 837 3069 9,
861 3019 982 3074 pag.
1008 3001 1158 3072 465).

495 3096 605 3153 Sed
656 3112 764 3168 quo
811 3094 1172 3167 impudentior
1202 3094 1297 3148 fuit
1329 3094 1416 3147 illa
1458 3088 1662 3147 Czecilii
1692 3088 2024 3159 aliorumque

2134 1874 2288 1929 Nulla
2327 1876 2487 1943 igitur
2503 1876 2903 1947 desperatione.
2955 1876 3049 1931 sed
3081 1877 3383 1931 certissima
3414 1874 3740 1929 aeternitatis

2131 1981 2229 2035 Spe
2252 1968 2505 2037 quaelibet
2533 1978 2799 2024 tormenta
2824 1982 2922 2037 pro
2950 1967 3222 2038 religionis
3247 1982 3358 2022 sua:
3396 1966 3742 2037 professione

2132 2062 2568 2116 eonstaiitissime
2616 2062 2993 2131 perferebant,
3037 2061 3203 2116 immo
3251 2060 3349 2125 iis,
3383 2068 3444 2114 ιιι
3470 2060 3736 2125 diximus,

2131 2155 2518 2225 gloriabantur.
2567 2156 2760 2211 Acrius
2809 2170 2940 2211 vero
2982 2164 3133 2226 urget
3177 2152 3488 2209 Lactantius
3533 2168 3739 2224 nequa-

2131 2264 2289 2317 quam
2320 2248 2675 2316 Christianos,
2703 2249 2791 2320 qui
2829 2268 2847 2300 ι
2882 2249 3095 2319 corpori
3126 2263 3224 2302 suo
3261 2263 3366 2301 non
3406 2256 3631 2317 parcunt
3654 2288 3670 2311 ,
3710 2265 3730 2299 ι

2130 2343 2225 2399 sed
2267 2344 2523 2415 ipsosmet
2564 2344 2795 2414 gentiles
2846 2343 3097 2398 debuisse
3140 2342 3455 2410 deSperatos
3509 2341 3730 2407 vocari,

2130 2454 2251 2494 cum
2290 2458 2307 2490 ‹
2348 2438 2477 2493 nihil
2508 2439 2844 2508 desperatius
2869 2453 2991 2493 esse
3022 2437 3223 2507 possit,
3274 2451 3433 2508 quam
3480 2446 3736 2505 torquere

2129 2546 2193 2587 ac
2240 2531 2505 2587 dilaniare
2550 2547 2707 2594 eum,
2761 2546 2919 2602 quem
2974 2532 3113 2586 scias
3160 2544 3281 2586 esse
3334 2529 3676 2584 innocentem
3709 2548 3728 2580 ι

2131 2626 2393 2700 (Lactant.
2440 2626 2528 2681 lib.
2563 2642 2617 2680 ν.
2650 2624 2824 2680 quit.
2877 2641 2992 2693 cap.
3040 2626 3095 2688 9,
3139 2640 3261 2696 pag.
3292 2624 3400 2680 185
3430 2625 3470 2695 ).
3523 2624 3599 2678 De
3648 2621 3735 2678 liis

2129 2730 2307 2775 autem
2334 2718 2535 2785 aliquid
2559 2717 2736 2773 adhuc
2763 2727 2947 2787 postea
2977 2716 3283 2772 dicendum.

2198 2811 2314 2868 Non
2360 2812 2480 2883 jure
2527 2811 2721 2881 potiori
2772 2809 2970 2866 ethnici
3015 2808 3356 2877 objectabant
3391 2808 3735 2864 Christianos

2130 2908 2404 2964 nationem
2447 2922 2567 2962 esse
2595 2906 2915 2962 latebrosam
2944 2913 2999 2959 et
3029 2900 3335 2973 lucifugam,
3370 2903 3421 2957 in
3454 2904 3731 2972 publicum

2128 3011 2351 3067 mutam,
2386 3001 2438 3055 in
2467 3001 2679 3072 anguiis
2702 3000 2991 3071 garrulam.
3034 2998 3198 3054 Suam
3238 2999 3381 3053 enim
3424 2998 3731 3053 doctrinam

2127 3098 2303 3170 palam
2329 3095 2709 3168 praedicabant,
2733 3104 3147 3165 promptumque
3170 3094 3400 3149 ethnicis
3426 3104 3541 3149 erat
3566 3094 3693 3151 illos
3714 3136 3730 3161 ,

424 3190 715 3248 Gentilium
748 3189 1039 3259 petulantia
1070 3205 1132 3243 ae
1172 3186 1503 3259 procacitas,
1550 3198 1617 3238 eo
1664 3191 1809 3237 certe
1852 3180 2022 3250 major

2135 3212 2154 3246 σ
2192 3193 2379 3248 audire
2406 3190 2647 3264 publice.
2683 3209 2703 3243 ι
2740 3188 2841 3244 nisi
2892 3201 2985 3243 aut
3026 3186 3367 3243 erubuissent
3394 3187 3732 3257 impietatem

421 3284 519 3340 fuit
553 3283 763 3339 Octavii
791 3300 888 3354 pro
934 3281 1255 3338 Christianis
1295 3278 1673 3350 respondentis
1700 3274 2015 3331 modeiatio.

420 3376 557 3445 Quid
589 3376 754 3443 enim,
785 3376 979 3430 amabo
1019 3384 1103 3441 te,
1138 3374 1240 3430 hac
1268 3373 1410 3428 illius
1449 3368 1796 3441 restionsione
1838 3366 2024 3421 mode-

420 3470 623 3527 ratius?
656 3488 673 3521 ι
708 3468 816 3525 Nec
846 3467 1131 3535 fastidiosi,
1165 3488 1184 3520 ι
1219 3468 1410 3538 inquit,
1443 3483 1462 3517 ι
1500 3480 1716 3529 sumus,
1746 3461 1794 3517 si
1833 3474 2018 3516 omnes

421 3580 585 3620 unum
641 3562 838 3618 bonum
882 3563 1154 3632 sapimus,
1213 3560 1399 3616 eadem
1451 3556 1755 3627 congregati
1809 3555 2020 3625 quiete,

419 3674 524 3731 qua
568 3658 804 3730 singuli,
855 3673 955 3713 nec
976 3658 1027 3711 in
1059 3656 1268 3728 angulis
1312 3653 1547 3726 garruli,
1596 3654 1640 3707 si
1688 3649 1877 3705 audire
1921 3664 2022 3705 nos

420 3751 663 3823 publice,
722 3758 817 3805 aut
868 3748 1222 3813 erubescitis,
1271 3759 1364 3801 aut
1408 3744 1630 3801 timetis.
1670 3762 1688 3795 ι
1725 3742 1798 3799 Ita
1839 3753 2017 3797 autem

418 3845 513 3904 ille
560 3845 767 3916 singula
818 3843 1178 3900 accusatibnis
1230 3841 1405 3913 capita
1466 3840 1645 3895 elevat
1693 3853 1756 3894 ac
1802 3836 2016 3893 refellit.

418 3940 659 3997 Primum
700 3938 843 3993 enim
869 3950 1026 4008 negat
1053 3935 1390 3991 Christianos
1417 3949 1541 3990 esse
1592 3932 1792 3987 illicitae
1830 3930 2019 3986 factio—

418 4033 504 4089 nis
530 4031 813 4093 homines;
843 4029 989 4099 quia,
1020 4028 1213 4097 inquit,
1242 4042 1431 4082 omnes
1459 4041 1623 4081 unum
1676 4025 1875 4080 bonum
1927 4039 2017 4079 sa-

418 4128 592 4198 piunt.
646 4124 717 4181 At
770 4125 956 4181 illicita
1000 4122 1161 4178 factio
1202 4137 1323 4179 esse
1353 4138 1459 4178 non
1502 4130 1679 4193 potest
1730 4122 1848 4176 sine
1896 4135 2017 4189 par-

420 4218 565 4274 tibus
592 4217 842 4283 diversis,
899 4231 1019 4286 quae
1064 4215 1265 4285 aliquid
1295 4224 1481 4270 contra
1515 4214 1713 4269 bonum
1747 4213 2014 4282 publicum

416 4310 814 4367 machinentur.
841 4306 1199 4376 Quamobrem
1227 4307 1466 4361 nonnulli
1501 4321 1597 4377 pro
1642 4325 1659 4358 ι
1696 4305 1952 4361 fastidiosi
1991 4324 2010 4357 ι

416 4405 757 4475 suspicantur
783 4399 1065 4468 legendum
1103 4417 1121 4450 ι
1154 4398 1385 4455 factiosi.
1421 4418 1439 4451 ι
1474 4398 1589 4454 Νοιι
1631 4399 1769 4455 male
1799 4399 2013 4469 quidem

415 4499 460 4556 si
493 4498 604 4553 inec
631 4495 936 4552 emendatio
964 4491 1286 4547 auctoritate
1327 4491 1531 4547 codicis
1575 4492 1798 4562 alicujus
1829 4494 2011 4548 firma-

2126 3289 2455 3358 criminaque
2494 3301 2589 3341 sua
2633 3283 2913 3356 patefieri,
2944 3292 3231 3337 autvcram
3265 3279 3580 3351 religionem
3624 3283 3733 3339 sibi

2126 3377 2483 3435 demonstrari
2513 3376 2835 3432 timuissent.

2195 3471 2476 3542 Objicieuti
2516 3469 2712 3525 dehinc
2753 3464 2967 3522 Caecilio
3011 3462 3341 3517 Christianos
3380 3465 3613 3522 occultis
3665 3482 3734 3525 se

2127 3567 2287 3629 nmis,
2321 3576 2482 3636 atque
2513 3562 2812 3635 insignibus
2832 3572 3149 3630 agnoscere,
3181 3567 3285 3610 tam
3334 3572 3460 3611 vere
3481 3598 3497 3623 ,
3555 3575 3733 3629 quam

2125 3661 2442 3730 simpliciter
2464 3658 2793 3731 respondet:
2830 3674 2848 3705 ι
2880 3652 2988 3709 Nos
3018 3667 3121 3706 non
3149 3650 3399 3705 notaculo
3438 3656 3728 3724 corporis,

2125 3764 2182 3810 nt
2208 3755 2424 3825 putatis,
2458 3754 2552 3825 sed
2582 3751 2902 3809 innocentia:
2939 3763 3001 3803 ac
3032 3744 3306 3801 modeStite
3354 3746 3509 3818 signo
3562 3747 3732 3807 facile

2123 3847 2509 3919 diguoscimus.
2549 3866 2568 3900 ι
2606 3850 2647 3903 Α
2677 3846 2833 3902 nobis
2873 3853 3052 3899 tamen
3095 3841 3434 3897 observatmu
3468 3852 3556 3898 est
3585 3840 3728 3900 Car-

2124 3941 2465 4011 pocratianos
2502 3943 2553 3995 in
2583 3939 2885 4014 posteriore
2924 3943 3247 3991 sectatorum
3297 3949 3518 3989 suorum
3569 3940 3727 3993 auri-

2122 4037 2256 4093 culze
2295 4038 2535 4093 dexterae
2580 4044 2752 4105 parte,
2802 4030 3088 4105 quamdam
3132 4030 3468 4099 impressisse
3497 4042 3724 4100 notam,

2122 4146 2225 4201 qua
2247 4144 2342 4186 eos
2364 4129 2505 4184 haud
2530 4128 2691 4185 dubie
2712 4143 2741 4182 a
2766 4124 2977 4182 caeteris
2999 4122 3301 4177 hominibus
3345 4121 3729 4182 discernerent

2120 4221 2293 4293 (Tom.
2347 4239 2362 4278 ι
2408 4222 2609 4292 Appar.
2663 4220 2753 4276 tib.
2803 4234 2838 4274 ιι
2892 4215 3204 4279 Dissertat.,
3246 4230 3362 4284 cap.
3407 4214 3471 4281 5,
3514 4225 3616 4271 art.
3651 4219 3722 4285 ὅ,

2121 4316 2285 4389 §i2,
2342 4336 2463 4390 pag.
2503 4316 2661 4390 295).
2691 4314 2798 4371 Sed
2826 4327 3001 4382 neque
3050 4309 3325 4372 Cteciluts,
3377 4325 3553 4381 neque
3609 4312 3722 4369 Oc-

2122 4410 2296 4465 tavius
2334 4410 2403 4467 de
2452 4409 2537 4465 his
2587 4409 2777 4464 aliisve
2828 4402 3095 4460 btereticis
3149 4401 3460 4473 loquuntur,
3511 4404 3609 4460 sed
3650 4406 3723 4465 de

2119 4504 2370 4559 omnibus
2394 4502 2690 4576 generatim
2737 4496 3091 4564 Christianis,
3132 4495 3220 4567 qui
3260 4510 3317 4551 se
3358 4495 3625 4564 invicem,
3659 4510 3723 4555 ιιι

415 4601 586 4649 retur.
617 4590 749 4657 Quis
776 4589 918 4643 enim
960 4586 1063 4643 scit
1086 4596 1264 4641 utrum
1307 4584 1570 4641 Minucius
1598 4586 1821 4641 verbum
1856 4606 1874 4639 ι
1911 4589 2016 4643 fac-

2132 4602 2203 4656 ait
2250 4612 2440 4656 auctor
2488 4607 2691 4663 noster,
2753 4609 2859 4651 non
2910 4592 3018 4648 alio
3073 4606 3231 4662 quam
3282 4590 3605 4646 innocentiae
3664 4604 3723 4649 et

415 4686 563 4752 tiosi,
604 4703 624 4737 ι
658 4683 725 4739 ad
753 4682 842 4737 illa
864 4722 881 4749 ,
914 4699 933 4733 ι
973 4680 1172 4735 bonum
1217 4680 1490 4748 sapimus,
1524 4698 1543 4732 ι
1579 4694 1683 4734 non
1727 4681 2012 4735 retulerit?

413 4777 552 4847 Quid
575 4778 619 4832 si
658 4773 905 4830 factionis
929 4772 1129 4829 illicitae
1180 4770 1611 4827 criminationem
1664 4772 1745 4826 his
1798 4774 2013 4840 verbis,

419 4891 439 4926 ι
495 4870 686 4928 eadem
739 4881 931 4924 omnes
984 4864 1291 4935 congregati
1342 4864 1543 4934 quiete,
1600 4880 1705 4936 qua
1753 4867 1942 4938 singuli
1986 4888 2005 4921 ι

412 4965 627 5024 diluat?
653 4963 852 5018 Verum
897 4959 944 5015 si
977 4958 1097 5029 quis
1126 4958 1196 5012 sit
1216 4957 1284 5013 de
1324 4972 1449 5013 vera
1483 4957 1570 5012 illa
1597 4958 1826 5014 lectione
1850 4959 2010 5016 dubi-

412 5059 562 5116 tandi
604 5058 773 5120 locus,
825 5062 1015 5109 auctor
1042 5061 1222 5106 tamen
1274 5058 1457 5104 noster
1506 5050 1843 5119 apertissime
1889 5068 2012 5122 pro-

416 5139 662 5217 nuntiat,
693 5147 991 5218 probatque
1016 5145 1352 5199 Christianos
1379 5158 1485 5197 non
1534 5142 1732 5199 illicita:
1765 5143 2012 5202 factionis

412 5246 520 5305 dici
551 5259 708 5316 posse
736 5242 1002 5298 homines.

484 5337 801 5397 Tertulliani
853 5350 1016 5407 porro
1046 5332 1118 5389 ibi
1155 5330 1245 5388 ille
1275 5330 1469 5401 premit
1493 5331 1733 5403 vestigia.
1761 5334 1850 5404 qui
1882 5351 2012 5393 neu.

413 5439 614 5509 liquam
654 5432 1124 5491 Christianorum,
1179 5426 1276 5483 sed
1330 5426 1687 5497 ipsorummet
1712 5427 2006 5486 Gentilium

411 5531 651 5590 illicitam
684 5526 968 5582 factionem
1019 5535 1140 5578 esse
1195 5519 1407 5591 planius
1460 5520 1651 5592 hisque
1692 5523 1871 5579 verbis
1914 5526 2007 5581 de-

410 5630 716 5685 monstrat:
752 5637 771 5674 ι
801 5617 930 5675 Haec
976 5616 1140 5674 coitio
1176 5614 1606 5672 Christianormn
1637 5617 1829 5671 merito
1878 5633 2008 5674 sane

409 5717 619 5782 illicita,
669 5713 717 5770 si
767 5707 967 5766 illicitis
1002 5724 1142 5778 par:
1174 5709 1370 5765 merito
1421 5708 1760 5776 damnanda,
1810 5710 1857 5765 si
1899 5727 2007 5767 non

408 5808 686 5877 dissimilis
715 5802 1074 5864 damnandis:
1103 5804 1149 5862 si
1175 5803 1295 5876 quis
1340 5804 1411 5862 de
1452 5820 1516 5862 ea
1543 5806 1785 5879 queritur
1824 5821 1892 5863 eo
1941 5807 2011 5866 ti-

2119 4693 2396 4749 modcstia:
2422 4694 2580 4764 signo
2608 4687 3018 4762 dignoscebaut.
3066 4685 3139 4739 De
3166 4683 3373 4738 illorum
3407 4682 3718 4741 innocentia

2116 4801 2182 4843 ex
2217 4787 2472 4842 hactenus
2498 4783 2687 4849 dictis,
2719 4792 2772 4838 et
2812 4779 2954 4836 infra
2979 4776 3151 4832 adhuc
3185 4774 3425 4831 dicendis
3473 4786 3715 4845 cousmt,

2116 4876 2572 4948 quemadmodum
2605 4875 2754 4933 etde
2790 4869 3100 4931 earumdem
3144 4868 3408 4939 praecipue
3446 4869 3498 4923 in
3526 4868 3719 4925 Eccle-

2113 4972 2193 5027 sia
2220 4972 2651 5037 consisteutium,
2685 4968 2773 5025 vel
2802 4970 2866 5022 ad
2896 4982 3014 5022 eam
3041 4962 3365 5018 venientium
3410 4963 3672 5019 modeStia
3695 5008 3712 5032 ,

2111 5080 2178 5120 ex
2230 5066 2293 5119 iis
2323 5080 2440 5135 quae.
2469 5065 2524 5120 in
2562 5062 2858 5119 Clementis
2898 5057 3242 5117 Alexandrini
3284 5056 3449 5112 libros
3484 5069 3716 5115 annota-

2111 5155 2510 5229 vimus(1‘om.
2543 5173 2561 5211 1
2611 5156 2864 5228 Apparat.
2900 5152 2987 5209 lib.
3038 5168 3116 5220 ιιι,
3148 5149 3363 5205 Dissert.
3404 5151 3454 5217 1,
3490 5166 3608 5221 cap.
3641 5152 3710 5223 6,

2114 5260 2215 5303 art.
2243 5249 2298 5313 4,
2335 5266 2455 5319 pag.
2489 5248 2643 5321 715).

2188 5341 2267 5397 Ad
2291 5352 2621 5412 posuemum
2653 5341 2866 5397 tandem
2914 5339 3149 5406 Ctecilii,
3198 5339 3264 5395 de
3317 5347 3496 5394 mutua
3546 5337 3711 5395 Chri-

2111 5435 2407 5490 stianorum
2436 5434 2754 5503 dilectione,
2786 5435 3086 5491 convicium
3117 5432 3406 5502 respondet
3441 5431 3707 5489 Minucius

2111 5527 2445 5585 Christianos
2495 5537 2683 5585 mutuo
2726 5538 2780 5584 ct
2825 5528 3038 5584 sincero
3090 5542 3273 5581 amore
3315 5540 3435 5582 sese
3479 5525 3709 5598 diligere

2110 5632 2223 5679 tum
2255 5626 2378 5695 quia
2412 5626 2548 5681 alios
2576 5625 2755 5681 odisse
2786 5639 2893 5680 non
2927 5630 3206 5686 noverant,
3244 5630 3354 5674 tum
3381 5619 3539 5674 etiam
3578 5622 3705 5691 quia

2113 5716 2273 5771 unius
2294 5717 2529 5788 parentis
2550 5716 2762 5784 fratres,
2796 5724 2854 5771 ut
2882 5716 3042 5772 etiam
3083 5714 3288 5770 dixerat
3311 5710 3702 5781 Tertullianus,

2111 5817 2461 5869 etconsortes
2500 5809 2661 5881 ﬁdei,
2704 5809 2929 5883 speique
2974 5808 3286 5867 cohaeredes
3327 5814 3501 5866 erant.
3532 5804 3704 5864 instat
