3972 6310
246 279 355 337 εει

254 498 343 547 est
362 532 379 557 ,
408 502 652 548 mutuum
694 510 935 552 antorem
979 500 1046 556 ab
1071 503 1311 560 Ethnicis
1340 509 1678 576 exprobrari,
1729 513 1850 584 quia

258 601 284 636 ς
320 584 372 641 itt
403 594 610 653 mtttua,
642 606 662 641 ι
689 590 845 646 sicuti
876 607 970 647 eos
991 594 1318 665 alloqttendo
1345 613 1622 661 asseverat
1642 645 1657 670 ,
1685 624 1706 657 ι
1731 607 1851 661 odia

250 679 498 747 Sll‘Vilis;
546 697 645 738 nec
671 681 865 742 fratres
891 702 1018 755 vos,
1053 690 1152 746 nisi
1201 692 1358 759 plane
1404 695 1470 750 ad
1512 712 1636 766 patr
1655 696 1850 754 cidiutn

252 777 678 847 recognoscitis,
714 797 733 831 ι
771 782 851 836 vel
886 794 943 839 ut
988 801 1113 840 mox
1146 786 1393 844 laudatus
1436 806 1465 845 a
1516 790 1670 846 nobis
1722 791 1851 849 Ter-

252 869 513 928 tullianus
553 870 663 936 ait,
700 893 720 925 ι
753 874 819 930 ad
850 877 1200 933 occidendum
1252 882 1569 937 alterutrum
1621 885 1851 955 paratio-

250 979 509 1021 res.......
551 968 696 1039 quod
727 970 866 1040 apud
918 970 1065 1042 ipsos
1114 987 1274 1029 omne
1327 977 1600 1047 sanguinis
1653 993 1848 1034 nomen

246 1057 319 1117 de
344 1058 630 1118 aﬂ'ectioue
672 1063 977 1119 simulatum
1018 1084 1039 1118 ι
1071 1064 1440 1136 (Tertulliun.,
1470 1069 1566 1125 loc.
1610 1072 1746 1140 cit.).
1783 1075 1852 1128 At

247 1150 320 1209 de
371 1154 456 1209 his
506 1153 677 1211 fusius
708 1156 761 1212 in
812 1167 993 1213 nostra
1020 1158 1086 1213 ad
1122 1158 1262 1217 hunc
1286 1160 1605 1219 Tertulliani
1653 1163 1847 1220 librum

244 1244 631 1304 dissertatione
659 1247 994 1321 (Tertullian.
1017 1252 1310 1326 Apologet.,
1330 1271 1449 1326 cap.
1473 1254 1564 1323 59,
1586 1273 1707 1327 pag.
1731 1256 1847 1326 55).

243 1339 470 1397 Interim
500 1357 632 1398 vero
674 1343 745 1400 de
786 1344 873 1399 illa
919 1344 1153 1404 fraterna
1203 1348 1629 1406 Christianorum
1672 1351 1849 1408 chari-

240 1444 389 1504 tate,
453 1448 508 1492 et
557 1437 781 1495 fratrum
836 1440 1088 1509 nomine,
1145 1442 1347 1500 videsis
1414 1445 1706 1502 Lucianum
1779 1446 1849 1504 de

237 1528 418 1587 Morte
450 1530 745 1603 Peregrini,
777 1549 895 1604 pag.
924 1534 1064 1603 996,
1113 1551 1177 1593 ac
1214 1537 1260 1594 si
1289 1537 1505 1607 lubeat,
1560 1556 1621 1596 ea
1652 1556 1771 1613 quae
1814 1556 1846 1597 a

237 1622 402 1679 nobis
427 1633 559 1680 tom.
588 1640 771 1698 super.
817 1643 937 1700 pag.
986 1630 1116 1699 473,
1148 1646 1213 1687 ae
1241 1646 1360 1706 pag.
1398 1632 1536 1701 999,
1562 1633 1843 1691 observata

237 1725 395 1773 sunt.

858 1877 1149 1921 ARTICULUS
1188 1879 1245 1920 ll.

237 1996 364 2064 Quo
389 1997 513 2069 jure
560 1996 798 2055 Ctecilius
841 2001 1027 2057 dixerit
1076 2004 1269 2074 templa
1320 2013 1576 2075 lautquum
1613 2007 1759 2060 busta
1813 2024 1844 2059 (ι

312 2089 624 2147 Christianis
650 2093 844 2164 despici
853 2140 863 2156 .
894 2096 1136 2168 nullaque
1161 2097 1287 2167 ipsis
1304 2114 1410 2153 esse
1434 2098 1641 2164 teutpln,
1676 2100 1846 2155 nullas

310 2201 456 2251 am,
506 2186 651 2241 trulla
692 2198 813 2242 nota
854 2188 1163 2257 simulacra,
1193 2201 1241 2246 et
1276 2192 1464 2263 inepta:
1502 2193 1844 2247 recentiorum

312 2276 760 2335 Icouoclastarum
789 2282 1140 2339 cavillationes
1162 2285 1487 2357 refelluntur.

312 2485 702 2544 Gravissimum
748 2487 989 2559 profecto
1036 2490 1240 2546 crimen
1281 2487 1408 2544 illud
1442 2487 1660 2546 C-rcilio
1691 2488 1842 2544 vide-

238 2582 424 2647 batur,
468 2581 611 2650 quod
639 2580 931 2637 Christiani
968 2583 1167 2654 templa
1206 2583 1309 2637 diis
1348 2583 1624 2653 gentilium
1667 2583 1841 2639 dicata

238 2692 350 2732 non
396 2690 554 2733 secus
594 2690 657 2730 ac
704 2676 857 2731 busta
884 2675 1262 2745 desiticerent:
1300 2697 1319 2729 ί
1355 2676 1615 2748 Templa,
1663 2679 1843 2734 aiebat

236 2771 355 2837 ille,
378 2780 439 2829 ut
460 2772 640 2839 busta,
673 2792 692 2825 ι
723 2772 774 2828 id
813 2782 927 2839 est,
961 2781 1021 2829 ut
1058 2773 1331 2830 hominum
1379 2785 1713 2832 mortuorum
1758 2792 1840 2833 se-

236 2864 463 2939 pulchra
491 2876 872 2933 aspernantur.
902 2865 1158 2934 Quamvis
1186 2866 1328 2921 enim
1363 2883 1462 2923 vox
1503 2887 1521 2919 ι
1563 2873 1774 2924 bustum
1816 2889 1834 2922 ι

238 2976 267 3015 a
298 2960 472 3019 verbo
499 2977 595 3017 ure
620 2959 917 3027 derivetur,
951 2977 1015 3018 ac
1053 2962 1251 3042 locum,
1290 2963 1341 3017 in
1368 2977 1474 3034 quo
1508 2975 1840 3021 mortuorum

236 3069 470 3125 corpora
514 3057 759 3113 comburi
809 3056 1084 3122 solebant,
1132 3059 1381 3128 primitus
1421 3058 1837 3128 significaverit;

234 3148 376 3204 Sole!
402 3157 579 3205 tamen
599 3164 628 3206 a
658 3150 840 3219 probis
866 3152 1172 3207 auctoribus
1203 3165 1300 3222 pro
1325 3152 1628 3215 sepulchro.
1654 3169 1840 3222 quem-

236 3242 534 3298 admodum
591 3243 681 3299 hic
728 3246 796 3301 ab
826 3257 1047 3302 auctore
1078 3255 1283 3309 nostro.
1314 3248 1583 3317 usurpari.
1619 3247 1834 3304 Testem
1864 3222 1909 3285 Ο

236 3338 528 3408 quemdam
579 3336 624 3393 si
674 3338 945 3409 postules,
1005 3339 1432 3407 Tertullianum,
1486 3358 1546 3395 ev
1592 3358 1698 3414 quo
1740 3358 1835 3399 sua

236 3427 505 3485 Minucius
543 3428 784 3486 hausisse
821 3431 1055 3499 videtur,
1085 3432 1177 3488 tibi
1210 3432 1262 3487 in
1296 3432 1528 3489 medium
1560 3434 1702 3490 illico
1742 3434 1837 3490 ad-

237 3520 531 3588 ducemus,
569 3523 659 3593 qui
694 3521 938 3578 Ethnici;
965 3533 1121 3579 antea
1153 3524 1403 3580 dixerat:
1452 3545 1470 3578 ι
1512 3525 1618 3581 Nec
1661 3527 1837 3584 minus

238 3612 463 3683 templa.
495 3629 654 3686 quam
694 3626 1040 3671 monumenta
1064 3614 1389 3683 deSpieimus
1423 3635 1441 3670 ι
1476 3617 1718 3689 (Tertull.
1747 3619 1837 3675 lib.

237 3705 304 3761 de
331 3705 628 3778 δραι-ωιτη.
665 3723 778 3779 cap.
828 3704 945 3778 l5).
996 3706 1160 3764 Vides
1191 3724 1322 3763 sane
1353 3730 1371 3760 ι
1403 3709 1679 3764 bustorum
1717 3729 1735 3762 ι
1762 3711 1838 3766 si-

235 3800 637 3874 gnificationem
677 3801 822 3856 clare
847 3800 1103 3871 explicrtri
1131 3815 1159 3854 a
1182 3798 1536 3865 Tertulliano,
1579 3801 1645 3854 ab
1665 3817 1836 3871 eoque

236 3893 545 3950 confirmari
572 3893 799 3949 deorum
826 3892 1022 3962 templa
1051 3908 1082 3947 a
1106 3890 1429 3947 Christianis
1457 3892 1680 3961 dt-Spici,
1710 3905 1837 3947 taut-

236 4003 401 4060 quatn
426 3986 806 4043 defunctorum
857 3984 1135 4041 hominum
1179 3985 1484 4058 sepulchra.
1531 3985 1724 4054 Quidni
1772 3999 1835 4039 ea

235 4081 383 4136 hunc
446 4079 500 4136 in
569 4079 788 4135 modum
848 4077 1335 4147 contempsissmt,
1405 4094 1525 4133 cum
1586 4075 1837 4133 Clemens

234 4172 659 4240 Alexandrinus,
686 4181 741 4229 et
777 4171 903 4237 alii,
936 4171 1074 4227 sicut
1099 4170 1226 4226 alibi
1253 4170 1651 4232 attttolavitnus,
1701 4169 1834 4225 deo—

235 4282 356 4324 rum
386 4265 586 4338 templa
612 4280 735 4323 esse
785 4280 976 4338 reapse
1027 4275 1366 4319 mortuorum
1416 4262 1695 4317 hominum
1748 4278 1835 4319 se-

234 4361 462 4435 pnlchra
493 4358 980 4418 demonstraverit?
1009 4357 1192 4429 (Tom.
1226 4359 1276 4414 1.
1308 4362 1555 4428 Apparet.
1609 4356 1695 4411 lib.
1743 4374 1794 4413 ιιι
1816 4400 1831 4427 ,

233 4456 443 4513 dissert.
476 4457 528 4515 1.
554 4472 673 4529 cap.
698 4456 753 4523 7,
777 4464 878 4510 art.
902 4454 956 4522 '5,
982 4471 1100 4527 pag.
1132 4453 1258 4519 7'2“,
1290 4463 1335 4508 et
1361 4453 1524 4525 seqq.)

308 4551 492 4607 Altera
517 4549 716 4607 Caicilii
745 4551 1075 4623 querimonia
1115 4547 1526 4618 criminatioque
1558 4546 1655 4600 htit
1679 4587 1694 4610 ,
1728 4561 1832 4601 non

1611 294 2084 358 DlSSEliTATlO.

255 412 387 454 vero
413 398 670 456 Octavius
695 400 859 468 hunc,
883 406 972 476 qui
992 408 1208 465 maximi
1244 412 1853 480 profectomstitnantlus
1883 420 1925 477 Α
1954 433 2097 484 arae,
2132 422 2271 476 utilia
2298 423 2601 495 simulacra,
2660 431 2824 487 immo
2862 448 2962 493 nec
3004 440 3106 495 ulla
3150 445 3309 501 etiam

3448 335 3553 396 392

3353 453 3550 520 templ;

1958 523 2019 563 ac
2049 510 2290 568 delubra.
2318 518 2423 571 Cur
2449 529 2625 575 autem
2656 538 2715 577 ea
2744 529 2920 583 omnia
2954 546 3059 587 non
3089 533 3388 609 habuerint,
3414 510 3549 599 hanc:

1958 600 2048 657 ille
2070 604 2243 660 reddit
2268 609 2561 666 ratiooem:
2585 632 2603 665 ι
2631 614 2839 674 Putatis
2862 637 2958 676 nos
2979 628 3269 692 OCCltiiM‘C.
3286 600 3424 702 quoi
3456 654 3519 692 co
3538 669 3551 678 -

1958 693 2147 761 limus,
2175 700 2220 752 si
2264 701 2488 759 delubra
2524 715 2579 761 et
2604 723 2726 765 aras
2768 727 2870 766 non
2908 715 3184 776 habemus.
3220 724 3370 792 Quod
3402 731 3546 785 enim

1955 788 2297 846 simulacrum
2333 793 2440 849 Deo
2468 796 2694 869 fingant,
2727 816 2847 859 cum
2876 806 2919 860 si
2953 819 3098 865 recte
3137 788 3411 871 existinms
3436 863 3450 885 ,
3479 824 3551 879 sit

1957 878 2049 935 Dei
2106 881 2268 940 homo
2322 887 2438 956 ipse
2506 890 2896 953 simulacrum?
2955 901 3234 974 Templum
3292 913 3430 979 quod
3500 919 3550 971 ei

1952 984 2217 1045 extruam,
2257 996 2379 1036 cum
2425 990 2568 1041 totus
2600 987 2686 1044 hic
2728 994 2955 1049 mundus
2985 997 3099 1069 ejus
3130 1016 3288 1071 opem
3319 1007 3549 1064 fabrica-

1955 1077 2058 1135 tus,
2100 1084 2222 1127 eum
2265 1089 2458 1146 capere
2499 1095 2603 1136 non
2640 1087 2846 1153 possit?
2904 1088 2970 1145 Et
3013 1108 3133 1148 cum
3180 1094 3342 1154 homo
3393 1101 3550 1157 latins

1955 1179 2221 1233 maneam,
2251 1167 2386 1225 intra
2424 1174 2704 1232 tedicitlaut
2735 1182 2838 1236 vim
2865 1194 3026 1242 tautae
3056 1189 3349 1259 tnajesmtis
3374 1197 3547 1252 inelu-

1950 1255 2109 1312 dam?
2145 1278 2163 1313 ι
2198 1259 2322 1318 Haec
2351 1264 2533 1322 ultitna
2572 1269 2641 1325 de
2666 1276 2865 1345 templo
2909 1281 3070 1336 verba
3095 1255 3161 1340 ωὲ
3191 1286 3201 1338 l
3226 1302 3289 1343 oc
3317 1299 3550 1347 auctoris

1952 1352 2142 1456 nostri“
2152 1353 2270 1410 loco
2295 1360 2630 1431 transcripsit
2653 1406 2668 1430 ,
2702 1375 2861 1439 atque
2891 1371 3011 1428 ideo
3054 1378 3296 1444 probavit
3334 1381 3552 1456 Cypria-

1954 1459 2054 1500 nus
2080 1444 2271 1519 (Cypr.
2303 1449 2367 1505 de
2395 1450 2535 1511 ldol.
2584 1454 2752 1513 Venit.
2787 1476 2903 1533 pag.
2937 1464 3048 1538 15).

2023 1579 2271 1640 ιΕιΙὶριιῙει
2301 1596 2501 1657 autem,
2522 1602 2573 1647 ut
2602 1593 2654 1649 id
2681 1594 2855 1653 obiter
2884 1612 3223 1676 annotemus,
3244 1620 3551 1674 cratsaeel~

1949 1672 2060 1779 lum
2078 1677 2340 1779 Ialiquod,
2373 1683 2489 1740 sive
2518 1703 2687 1744 saera:
2712 1691 2939 1764 alicujus
2966 1698 3098 1756 tedis
3124 1710 3385 1776 appendix
3408 1753 3422 1779 ,
3458 1727 3551 1774 aut

1950 1765 2390 1839 loculamentum,
2426 1776 2515 1833 ubi
2546 1779 2636 1836 Dei
2668 1784 2894 1857 alicujus
2913 1765 3259 1854 simulacrum
3285 1813 3335 1856 et
3370 1765 3548 1878 imago

1948 1861 2331 1924 collocabatur.
2364 1869 2515 1927 Unde
2535 1872 2727 1933 Cicero
2760 1896 2772 1933 :
2813 1900 2830 1933 ι
2861 1881 3020 1950 Quid,
3048 1887 3235 1960 inquit,
3261 1909 3380 1950 cum
3409 1861 3550 1955 ιεέι.

1949 1955 2036 2010 ttia
2068 1957 2214 2029 virgo
2239 1959 2581 2022 Vestalis”...
2607 1968 2791 2038 Aram,
2822 1988 2874 2031 et
2900 1979 3201 2052 mdiculatn,
3226 1998 3280 2042 et
3304 1992 3552 2061 pulvinar

1946 2051 2047 2107 sub
2078 2068 2208 2107 saxo
2237 2070 2390 2111 sacro
2416 2058 2940 2138 detlirasset?)(Cic.
2972 2072 3117 2129 Orat.
3147 2077 3236 2144 29,
3259 2051 3352 2150 ριῖο
3384 2051 3549 2142 Domo

1945 2162 2059 2212 sua,
2096 2162 2214 2219 pag.
2243 2149 2366 2205 427.
2399 2152 2419 2223 )
2458 2155 2712 2225 Apuleius
2753 2176 2879 2216 vero
2911 2181 2922 2216 :
2962 2184 2979 2218 ι
3012 2166 3067 2223 In
3103 2169 3219 2240 ipso
3250 2149 3550 2234 meditullio

1947 2239 2206 2310 iiipptttttt!
2225 2243 2339 2300 dcte
2359 2247 2706 2306 simulacrum
2732 2255 2977 2313 residens
3003 2239 3247 2321 anicula:
3270 2269 3540 2338 ilApulei.

1947 2334 2037 2390 lih.
2065 2352 2122 2391 ιιι
2179 2335 2415 2406 Melana,
2446 2340 2548 2397 sub
2578 2343 2720 2417 fin.).
2755 2347 2993 2419 Denique
3027 2363 3083 2409 ιιι
3118 2335 3347 2414 Plinium
3378 2334 3542 2419 omit-

1948 2434 2152 2496 tamus,
2209 2441 2355 2486 certe
2411 2432 2807 2508 Tertullianus,
2862 2446 3309 2513 quemadmodum
3360 2468 3549 2513 auctor

1946 2532 2149 2591 noster,
2208 2527 2400 2597 templa
2443 2545 2538 2586 seu
2585 2531 2830 2603 delubra,
2866 2554 2987 2594 aras
3033 2552 3087 2598 et
3124 2546 3404 2606 :ndtculatu
3460 2553 3547 2611 his

1946 2614 2125 2671 verbis
2166 2615 2411 2674 distinxit
2445 2639 2457 2675 :
2491 2640 2509 2673 ι
2537 2621 2649 2680 Nec
2683 2627 2829 2684 enim
2866 2629 3045 2688 dim-rt
3070 2651 3137 2690 an
3164 2649 3387 2695 extritus
3411 2685 3426 2709 ,
3458 2645 3544 2703 vel

1943 2722 2195 2774 exornes,
2225 2711 2268 2764 si
2303 2713 2557 2782 templum
2579 2757 2595 2781 ,
2626 2717 2671 2773 si
2716 2733 2900 2789 aram,
2945 2725 2987 2779 si
3017 2727 3293 2787 :ediculzun
3317 2737 3433 2804 ejus
3465 2740 3545 2795 it:-

1943 2802 2208 2901 struxeris
2236 2803 2633 2875 i(Tertullian.,
2662 2811 2753 2869 lib.
2783 2814 2849 2869 de
2875 2815 3016 2874 ltlol.
3041 2836 3160 2893 cap.
3182 2826 3235 2895 8,
3255 2802 3368 2901 pag.
3396 2833 3541 2901 107).

1943 2892 2328 2951 Verumtamen
2379 2909 2602 2969 uterque
2654 2907 2934 2976 quodlibet
2989 2892 3267 2986 templntn-
3299 2892 3545 2995 designat

1943 2986 2187 3043 aedicula:
2217 2991 2454 3059 nomine,
2479 3010 2586 3066 quo
2608 2997 2823 3067 quidem
2853 3001 3052 3060 idcirco
3069 3010 3253 3077 utitur,
3275 3023 3327 3068 ut
3350 2986 3544 3075 ιιιιζιξιις,

1942 3082 2191 3139 ostendat
2216 3094 2415 3156 quanto
2442 3088 2649 3147 infinita
2693 3093 2784 3150 Dei
2816 3096 3097 3167 majestate
3149 3104 3326 3164 minus
3374 3129 3544 3179 :tttgtlo

1943 3174 2184 3249 stiusque
2206 3178 2294 3235 sit.

2014 3313 2127 3369 Alia
2178 3314 2354 3387 itaque
2387 3316 2649 3377 Minucius
2692 3337 2754 3380 ac
2780 3323 2937 3401 longe
2981 3336 3351 3401 praes'antiota
3383 3340 3541 3400 Chri-

1942 3408 2154 3490 stianis,
2178 3426 2338 3483 quam
2385 3413 2615 3471 ethnicis
2639 3421 2858 3491 templa,
2899 3424 3144 3497 delubra,
3177 3433 3385 3503 altat-ta,
3417 3455 3540 3496 aras

1941 3510 1995 3557 et
2025 3502 2269 3561 victimas
2289 3547 2303 3574 ,
2333 3507 2547 3579 aliaque
2577 3510 2734 3578 longe
2761 3519 3053 3575 saeratiora
3083 3527 3343 3582 sacriliria
3379 3531 3541 3587 fuisse.

1943 3595 2256 3655 testificatur
2287 3616 2301 3651 :
2341 3617 2360 3651 ι
2393 3598 2605 3668 Nonne,
2642 3604 2803 3669 Deus,
2837 3608 3026 3680 inquit,
3059 3616 3250 3673 melius
3280 3621 3329 3675 in
3354 3635 3538 3681 nostra

1940 3685 2270 3747 dedicandus
2301 3702 2381 3746 est
2411 3704 2590 3751 mente
2614 3736 2629 3761 ,
2667 3696 2718 3750 in
2763 3709 2950 3756 nostro
2991 3703 3099 3758 ituo
3142 3716 3542 3774 consecratnlus

1940 3783 2299 3851 cstpcctore?
2350 3784 2563 3842 Hostias
2614 3798 2669 3844 et
2722 3790 2965 3850 victintas
3010 3796 3236 3853 Domino
3292 3804 3539 3874 t'fft‘l‘ﬂlil,

1941 3889 2075 3944 quas
2117 3875 2168 3930 in
2203 3892 2354 3930 usmn
2389 3879 2493 3935 mei
2528 3880 2772 3950 protulit,
2808 3893 2866 3938 ιιι
2895 3885 3131 3953 rejiciatn
3160 3891 3208 3945 ei
3239 3908 3392 3948 suum
3423 3914 3539 3959 nnt—

1941 3968 2082 4023 nus?
2112 3969 2380 4039 Ingratum
2410 3979 2512 4037 est,
2543 3987 2663 4032 cum
2693 3973 2761 4029 sit
2788 3975 3004 4033 litabilis
3035 3978 3207 4036 hostia
3233 3985 3400 4043 beans
3422 3991 3544 4044 an?-

1942 4077 2079 4125 tnns,
2109 4073 2162 4117 et
2190 4078 2318 4132 pura
2357 4080 2509 4119 meus
2535 4076 2587 4122 et
2630 4067 2838 4124 sincera
2876 4075 3203 4131 conscientia
3259 4078 3421 4150 Igitur
3445 4083 3537 4156 qui

1941 4152 2299 4208 innocentiam
2331 4155 2478 4221 colit,
2523 4156 2748 4214 Domino
2785 4162 3083 4231 supplicat;
3135 4171 3221 4237 qui
3248 4152 3536 4240 justitiam,

1944 4244 2051 4301 Deo
2074 4246 2235 4312 libat;
2272 4248 2360 4317 qui
2406 4247 2679 4306 fraudibus
2725 4253 2980 4322 abstinet,
3036 4262 3285 4331 propitiat
3333 4267 3535 4336 Deum;

1937 4338 2025 4409 qtti
2069 4335 2340 4394 hominem
2382 4340 2624 4411 periculo
2664 4342 2915 4417 subripit,
2963 4352 3218 4419 optimam
3266 4357 3537 4418 victimant

1937 4430 2117 4487 cmdit.
2144 4430 2269 4487 "(PC
2293 4442 2471 4487 nostra
2502 4435 2783 4499 sacriﬁcia,
2817 4439 2934 4494 luec
2976 4442 3064 4499 Dei
3095 4457 3245 4500 saera
3277 4461 3421 4504 sunt.
3442 4473 3460 4502 ι

2006 4523 2471 4590 Quemadmodum
2493 4536 2670 4581 autem
2698 4527 2916 4585 Caecilio
2943 4530 3218 4603 Octavius,
3254 4539 3320 4591 ita
3350 4540 3541 4611 Orige-

230 4643 411 4700 SOIum
438 4642 662 4698 deorum
695 4616 891 4711 templa
914 4656 944 4695 a
970 4639 1290 4696 Christianis
1313 4616 1617 4701 contemni,
1652 4652 1832 4692 verum

1948 4631 2034 4671 nes
2057 4616 2218 4672 Celso
2246 4616 2426 4672 itidem
2463 4618 2703 4687 ethuico,
2747 4635 2813 4677 ac
2842 4624 3065 4690 eadem,
3104 4639 3161 4684 ut
3207 4634 3364 4701 paulo
3410 4646 3538 4695 ante

232 4733 400 4792 etiam
428 4733 554 4802 illis,
579 4742 637 4789 nt
660 4733 903 4790 securius
924 4733 1176 4807 mysteria
1208 4746 1302 4787 sua
1330 4731 1681 4793 occultarent,
1717 4728 1835 4784 nul-

236 4828 290 4885 la
331 4842 456 4886 esse
498 4826 719 4897 templa,
769 4826 943 4882 nullas
995 4841 1140 4893 aras,
1199 4823 1449 4895 nullaque
1502 4822 1831 4878 siamlacra:

232 4923 400 4988 Audi,
430 4937 636 4994 quaeso,
665 4922 936 4991 quomodo
966 4919 1055 4976 ille
1099 4919 1214 4990 ip~e
1241 4918 1309 4974 de
1337 4918 1402 4974 iis
1434 4928 1831 4989 eottqnet'atur:

240 5035 261 5069 ι
295 5014 406 5072 Cur
442 5014 618 5070 nullas
655 5028 777 5070 aras
824 5011 1043 5078 habent,
1088 5011 1281 5081 templa
1324 5009 1501 5076 nulla,
1531 5009 1672 5063 nulla
1709 5019 1833 5065 nota

233 5106 769 5167 simulacra.....Nisi
792 5106 944 5171 illud,
968 5106 1107 5175 quod
1134 5104 1336 5169 colunt,
1356 5113 1411 5159 et
1432 5103 1831 5173 interprimunt,

233 5214 329 5259 aut
361 5200 687 5274 puniendum
713 5210 817 5266 est,
848 5207 940 5255 aut
972 5195 1278 5270 pudendum
1299 5197 1333 5281 ἲν
1358 5216 1375 5248 ι
1427 5195 1613 5250 Nonne
1652 5200 1832 5249 autem

231 5295 427 5353 eadem
452 5306 533 5351 est
562 5293 704 5365 apud
725 5291 1007 5365 Origenem
1037 5290 1176 5346 Celsi
1199 5288 1397 5344 ethnici
1417 5286 1654 5359 querela,
1673 5285 1833 5342 Cltrio

233 5387 445 5445 stianos'
473 5387 768 5445 incusantis
796 5400 1032 5449 ararum,
1060 5393 1380 5448 statuarum,
1408 5382 1834 5452 templorutuque

233 5481 639 5548 dedicationes,
661 5493 759 5535 Seu
791 5478 966 5548 potius
1000 5476 1331 5550 positiones,
1372 5485 1423 5528 et
1449 5472 1833 5528 collocationes

232 5575 462 5649 fugere?
506 5582 721 5648 βωμοὺς,
751 5576 833 5630 καὶ
861 5573 1245 5644 ἄγωμεν-τιμαὶ
1265 5578 1370 5633 νεὼς
1404 5570 1619 5640 tapeta.
1653 5572 1834 5638 φεύγειν

238 5672 414 5748 (Orig.
441 5670 537 5728 lib.
569 5680 684 5736 vni,
710 5679 875 5723 contr.
904 5665 1037 5723 Cels.
1067 5680 1187 5738 pag.
1211 5662 1364 5735 589).

309 5767 450 5840 Quid
500 5780 630 5838 ergo
671 5774 828 5834 putas
874 5761 1158 5818 Minucium
1200 5758 1265 5813 ad
1308 5757 1444 5811 hanc
1495 5750 1839 5825 respondisse

236 5860 679 5922 accusationem?
700 5856 855 5917 Ultro
878 5853 1121 5914 concedit
1139 5852 1314 5908 nullas
1334 5849 1497 5906 fuisse
1520 5844 1842 5909 Christianis

482 5955 764 6023 Pauor»
820 5950 933 6019 ιιι.

1936 4708 2249 4766 dicebamus
2274 4750 2289 4777 ,
2321 4710 2594 4779 objicieuti
2631 4714 2923 4784 respondet
2944 4758 2957 4781 ,
2991 4717 3140 4775 ilium
3174 4739 3277 4779 non
3319 4728 3532 4798 videre,

1936 4808 2013 4857 δτι
2042 4811 2221 4872 pomi,
2259 4820 2278 4853 ι
2304 4803 2445 4873 quod
2476 4818 2584 4859 ara:
2614 4823 2659 4867 ι.
2713 4807 3001 4878 unicuique
3026 4822 3268 4872 nostrum
3316 4819 3385 4873 sit
3417 4821 3534 4893 ipsa

1942 4911 1962 4947 ι
1990 4910 2143 4951 mens
2171 4911 2290 4964 sua,
2323 4912 2387 4952 ex
2417 4912 2518 4968 qua
2552 4914 2571 4948 ι
2608 4913 2822 4955 sursum
2853 4899 3095 4960 feruntur
3122 4923 3248 4967 vere
3282 4913 3539 4988 intelligi-

1938 4998 2069 5053 biles
2085 5010 2150 5050 ac
2166 5009 2329 5049 suave
2340 4993 2547 5049 olentes
2562 4993 2794 5056 suflitus.
2839 5011 3133 5071 precesque
3156 5018 3222 5058 ex
3246 5020 3375 5075 pura
3402 5025 3505 5069 con
3519 5045 3545 5057 ε

1935 5088 2156 5146 scientia
2177 5073 2474 5157 τάγάλματα
2487 5089 2535 5139 δὲ
2553 5091 2637 5140 καὶ
2664 5096 2903 5160 πρέποντι
2923 5097 3041 5164 Θεῷ,
3069 5097 3151 5149 at:
3181 5102 3272 5153 ὑπο
3286 5110 3542 5172 βαναὺω,

1938 5201 2159 5255 τεχνιτῶν
2200 5189 2630 5250 κατιηενασμένα.
2679 5199 2699 5233 ι
2728 5181 3027 5239 Sitnulacra
3070 5197 3248 5246 autem
3297 5196 3406 5252 Deo
3457 5202 3542 5257 di-

1936 5276 2107 5332 eanda
2134 5284 2257 5330 sunt
2285 5289 2392 5329 non
2418 5272 2690 5329 labrorum
2713 5288 2874 5342 onera
2893 5315 2907 5339 ,
2935 5278 3029 5333 sed
3062 5295 3089 5333 a
3120 5284 3287 5340 verbo
3320 5288 3409 5345 Dei
3437 5294 3540 5350 dc-

1936 5368 2138 5433 dolata,
2186 5365 2521 5437 formantque
2564 5365 2616 5421 in
2673 5365 2858 5431 nobis,
2906 5366 3155 5426 videlicet
3191 5374 3438 5450 virtutes,
3470 5387 3538 5441 τιτι

1933 5462 2289 5519 imitationem
2322 5458 2661 5530 primogeniti
2696 5457 2856 5513 totius
2882 5471 3166 5531 creaturae,
3201 5466 3252 5521 in
3282 5486 3389 5539 quo
3411 5491 3541 5535 sunt.

1930 5555 2151 5628 justitite
2166 5597 2181 5621 ,
2208 5552 2574 5624 temperantia:
2595 5592 2609 5615 ,
2634 5549 2961 5608 fortitudinis
2982 5596 2998 5621 ,
3030 5558 3310 5627 sapientim
3333 5580 3546 5629 ,rattc.

1934 5663 2223 5721 rarumque
2247 5648 2501 5702 virtutum
2532 5644 2797 5717 exempla.
2840 5645 2963 5702 lltcc
2988 5659 3114 5704 sunt
3138 5663 3360 5724 statuto,
3398 5667 3544 5733 ἀνα·

1938 5771 2096 5817 ματι,
2129 5748 2237 5800 Deo
2264 5740 2507 5798 dicundo:
2550 5740 2601 5796 in
2640 5741 2832 5796 animis
2851 5741 3110 5813 justitiam
3135 5746 3288 5818 juxta
3334 5770 3541 5823 pra-et:-

1945 5850 2091 5914 ptum
2123 5836 2254 5906 Dei,
2286 5845 2337 5894 et
2371 5832 2760 5899 fortitudinem,
2790 5843 2846 5891 et
2880 5835 3167 5907 pietatem,
3202 5844 3545 5921 reliquasque

2958 5931 3034 5998 17
