3972 6310
492 257 600 318 523

1785 251 1876 312 DE
1915 251 2177 314 MINUCII
2205 251 2513 314 OCTAVIO
3656 255 3742 315 521

488 378 718 433 virtutes
751 372 1115 435 exercentium
1153 390 1173 429 θ
1207 367 1449 446 (Origen.
1482 368 1575 428 lib.
1606 384 1719 438 vm,
1753 381 1916 426 contr.
1948 371 2082 428 Cels.
2112 375 2165 436 Α
2193 375 2456 429 tissimuut
2489 381 2591 439 est,
2622 384 2721 427 uec
2761 368 2828 424 ab
2862 368 3186 427 adversariis
3230 366 3426 425 nostris
3449 374 3619 442 negari
3645 391 3740 429 um-

490 486 612 542 pag.
646 470 800 539 589).

565 567 683 621 Pari
708 567 887 636 itaque
915 562 1077 620 modo
1107 563 1368 619 Minucius
1401 571 1607 626 noster,
1627 569 1680 616 et
1705 561 1986 632 Origenes,
2009 570 2093 615 at-

494 675 599 730 que
624 659 710 713 alii
743 659 986 728 ejusdem
1018 659 1192 713 mtatis
1218 657 1509 726 scriptores
1538 656 1730 721 nostri,
1777 655 1950 725 palam
2006 669 2095 709 as-

492 760 685 808 serunt
704 751 846 806 nulla
874 751 1196 806 Christianis
1223 749 1386 804 fuisse
1416 749 1611 818 templa
1631 757 1685 804 et
1709 747 1950 813 delubra,
1974 746 2095 802 unl-

490 848 576 903 las
605 861 785 903 sacras
814 846 985 915 aedes,
1018 846 1190 919 nullas
1217 859 1359 912 aras,
1394 845 1540 901 nulla
1572 844 1881 899 simulacra.
1914 843 1989 898 De
2031 842 2095 897 iis

492 951 672 999 autem
703 942 951 998 omnibus
981 956 1089 997 uno
1116 940 1418 1011 eodemque
1446 939 1607 997 modo
1651 939 1725 995 illi
1755 939 2045 1010 loquuntur
2078 956 2091 992 :

489 1037 658 1093 immo
684 1052 813 1091 vero
841 1036 885 1092 si
914 1035 1039 1107 quid
1062 1037 1129 1092 sit
1157 1034 1503 1101 discriminis,
1528 1033 1657 1091 illttd
1688 1044 1806 1099 est,
1828 1034 1967 1105 quod
1999 1032 2095 1089 Mi-

488 1134 682 1189 nucius
711 1130 777 1188 ad
806 1131 1027 1185 verbum
1056 1130 1331 1185 simulacro
1357 1130 1554 1198 adjecit
1576 1138 1719 1193 nota,
1750 1130 1901 1201 quasi
1933 1129 2098 1200 signi-

487 1224 655 1280 ﬁcare
681 1223 947 1289 voluerit,
993 1222 1313 1278 Christianis
1365 1222 1620 1278 nonnulla
1668 1223 1882 1293 quidem
1929 1221 2096 1277 fuisse

487 1317 799 1377 simuiacra.
829 1316 923 1373 sed
973 1331 1095 1385 qure
1136 1331 1244 1370 non
1286 1325 1442 1372 erant
1482 1325 1624 1381 uota,
1671 1330 1735 1371 ac
1778 1325 1989 1371 secreto
2041 1324 2096 1370 et

488 1413 699 1469 occulte
730 1410 1101 1467 servabantur.

561 1503 668 1559 Sed
701 1503 855 1567 vide,
888 1517 1103 1573 qureso,
1136 1501 1343 1573 ineptas
1373 1501 1806 1557 Calvinianorum
1839 1501 2093 1558 aliorum-

484 1612 592 1669 que
619 1595 1037 1652 Protesmutium
1079 1594 1467 1659 cavillationes,
1500 1595 1586 1663 qui
1620 1594 1672 1649 in
1704 1595 2095 1665 antiquissimo-

479 1708 600 1749 rum
655 1690 874 1745 Patrum
936 1688 1190 1758 scriptis,
1251 1688 1626 1759 quodcumque
1696 1686 1794 1740 sibi
1839 1686 2095 1757 placuerit

2197 484 2355 537 quam
2391 468 2556 536 potuit
2580 466 2602 519 ?
2627 466 2888 520 Advertas
2912 466 3071 535 igitur
3102 464 3259 519 \‘t'lilll
3288 465 3563 528 νει-εἰίιθηρ
3584 483 3739 522 versu-

2200 570 2420 628 tumque
2472 559 2682 634 illorum
2735 559 3027 628 ingenium.
3078 558 3415 612 Confitentur
3455 559 3744 618 Christianos

2198 670 2298 711 sua
2315 654 2531 725 quidem
2549 653 2801 708 habuisse
2826 654 3157 723 templa,nou
3189 654 3241 707 itt
3262 664 3557 709 nostrorum
3576 665 3743 725 tamen,

2198 747 2292 802 sed
2315 762 2531 802 suorum
2566 745 2842 802 dumtaxat
2878 745 3125 801 formam.
3150 745 3315 801 Nobis
3350 748 3393 801 si
3442 763 3543 801 non
3568 748 3743 812 credas,

2198 859 2326 901 ecce
2354 844 2573 899 totidem
2606 843 2783 898 Daliaei
2824 843 2985 899 verba
3024 861 3037 896 :
3075 863 3093 896 ι
3123 843 3305 913 Neque
3349 842 3489 900 enim
3528 844 3600 899 sic
3636 847 3749 901 acci.

2199 938 2395 1010 pienda
2445 945 2528 994 est
2571 937 2784 993 Minucii
2831 938 3041 1005 oratio,
3073 939 3225 1009 quasi
3266 938 3426 993 nulla:
3454 948 3560 993 tum
3585 939 3750 997 fuerint

2200 1032 2368 1099 aedes,
2399 1032 2450 1088 iit
2478 1031 2672 1103 quibus
2692 1030 3001 1086 christiana:
3033 1031 3429 1087 communionis
3446 1031 3670 1088 homines
3683 1048 3750 1087 sa-

2199 1144 2322 1184 cros
2350 1138 2652 1183 conventus
2683 1126 2967 1183 habuerint
2993 1169 3007 1191 ,
3040 1143 3148 1198 quo
3187 1138 3240 1182 et
3278 1126 3347 1182 de
3391 1126 3548 1182 rebus
3588 1127 3751 1183 divinis

2198 1221 2414 1279 edoceri
2440 1264 2455 1288 ,
2483 1231 2538 1277 et
2567 1224 2838 1277 communi
2871 1222 2980 1277 Deo
3009 1220 3315 1291 supplicare
3337 1232 3571 1292 possent,
3601 1222 3748 1292 qualia

2198 1324 2343 1381 sunt,
2359 1331 2478 1386 qua:
2498 1313 2658 1370 hodie
2679 1314 3095 1370 Protestautinm
3118 1314 3370 1370 dicuntur
3385 1316 3576 1385 templa
3608 1315 3753 1386 9(1):!-

2197 1406 2285 1473 lte,
2320 1407 2410 1462 lib.
2449 1423 2490 1470 1,
2521 1407 2586 1463 de
2616 1405 2787 1480 lmag.
2818 1421 2937 1478 Cap.
2967 1408 3022 1472 5,
3058 1423 3179 1480 pag.
3214 1407 3284 1462 52
3384 1410 3452 1462 At
3474 1423 3605 1478 qua,
3631 1423 3753 1462 ama-

2198 1500 2268 1556 bo
2292 1509 2362 1568 te,
2397 1500 2512 1569 ille,
2559 1502 2756 1572 aliique
2787 1503 3028 1572 ejusdem
3075 1513 3237 1557 sectae
3271 1503 3510 1558 homines
3537 1544 3551 1566 ,
3579 1504 3754 1557 ratione

2201 1609 2452 1665 umquam
2484 1594 2847 1665 probaverunt
2876 1595 3069 1664 templa
3108 1595 3587 1650 vetustissimorum
3625 1594 3753 1649 Chri-

2202 1689 2524 1753 stianorum,
2566 1690 2699 1752 suis,
2737 1706 2843 1744 non
2872 1705 3002 1744 vero
3034 1692 3250 1755 nostris,
3277 1690 3439 1744 fuisse
3461 1689 3675 1745 similia?
3694 1689 3755 1744 Ne

486 1786 809 1849 admittunt,
837 1783 1086 1850 rejieiuut
1115 1781 1255 1853 quod
1299 1780 1651 1849 displicuerit.
1702 1780 1882 1836 Palam
1922 1782 2065 1836 enim
2120 1783 2170 1845 B
2200 1782 2417 1836 minima
2441 1782 2677 1853 quidem.
2726 1782 2862 1837 Num
2912 1797 3040 1853 ergo
3067 1783 3189 1852 quia
3222 1782 3359 1836 sicut
3390 1781 3559 1836 Missre
3583 1781 3756 1836 sacriﬁ-

481 1896 618 1936 vero
644 1894 765 1935 cum
819 1877 1023 1933 Dallteu
1065 1876 1298 1932 fatentur
1347 1876 1561 1932 Minucii
1606 1878 1771 1932 uOstri
1826 1888 2087 1947 tempore,

483 1983 645 2045 atque
668 1988 694 2026 a
722 1970 910 2043 primis
937 1969 1193 2025 Ecclesiae
1218 1970 1431 2025 szeculis
1457 1986 1549 2023 sua
1574 1968 1896 2024 Christianis
1927 1968 2090 2025 fniSse

486 2064 704 2136 quidem
732 2065 925 2133 templa
948 2104 961 2127 ,
994 2061 1089 2117 sed
1122 2061 1297 2116 nullas
1326 2076 1468 2127 aras,
1501 2060 1752 2132 tmllaque
1780 2062 2087 2117 simulacra.

487 2159 557 2215 At
577 2174 678 2230 qua
709 2156 1010 2212 temeritate
1036 2154 1381 2210 distinxerim
1415 2170 1495 2218 ea,
1524 2171 1642 2223 qua:
1662 2170 1691 2209 a
1715 2155 2091 2212 vetustissimis

483 2253 591 2308 illis
620 2249 973 2322 scriptoribus
1004 2265 1111 2304 non
1140 2249 1562 2322 disdnguuntnr,
1599 2266 1888 2321 parumper
1927 2251 2092 2307 obse-

481 2361 576 2403 cro
599 2344 956 2401 attendamus.

555 2441 699 2496 Bene
717 2439 934 2512 quidem
963 2447 1067 2505 est,
1087 2438 1229 2510 quod
1256 2438 1482 2494 Dallreus
1503 2438 1701 2509 aliique
1723 2438 2090 2495 Protestantcs

480 2532 787 2592 Concedam
817 2532 987 2602 prima
1019 2531 1275 2588 Ecclesia:
1317 2541 1476 2586 attate
1517 2531 1853 2585 Christianos
1882 2546 1975 2587 ειη]
2006 2530 2092 2585 ha-

490 2628 675 2685 buisse
708 2626 923 2695 templa.
973 2622 1079 2678 Sed
1106 2639 1208 2694 qua
1240 2622 1416 2678 fronte
1444 2623 1495 2678 id
1526 2632 1829 2695 negassent,
1854 2624 1994 2694 quod
2024 2625 2091 2679 ab

481 2720 593 2776 illis
626 2720 880 2775 Ecclesiae
919 2717 1168 2773 Patrihus
1196 2728 1347 2773 certo
1374 2718 1577 2773 certius
1607 2718 1914 2773 asseritur?
1953 2717 2088 2772 Ter-

488 2814 749 2870 tullianus
776 2811 1060 2883 siquidem,
1090 2812 1164 2864 uti
1195 2810 1320 2866 alibi
1344 2810 1595 2872 vidimus,
1626 2812 1826 2867 diserte
1846 2828 2087 2882 pronun-

484 2909 583 2964 tiat
606 2908 710 2963 illis
740 2907 904 2962 fuisse
930 2905 1148 2971 templa,
1175 2920 1294 2974 qure
1324 2914 1442 2974 post
1469 2906 1787 2976 Apostolnm
1821 2905 2093 2961 Ecclesia-

478 3017 598 3059 rum
624 3001 865 3065 nomine,
894 3013 923 3052 a
950 2997 1279 3053 Calviuianis
1311 3006 1490 3052 tamen
1518 2998 1738 3067 rejecto,
1768 2999 2079 3069 appellavit.

478 3094 647 3150 Visne
668 3092 813 3147 aliud
849 3091 1013 3159 illius,
1040 3091 1201 3146 etiam
1233 3100 1418 3146 contra
1446 3090 1765 3147 catholicam
1793 3093 2086 3149 Ecclesiatu

2196 1878 2360 1940 cium,
2397 1876 2465 1930 ita
2494 1892 2562 1929 ex
2596 1876 2808 1945 templis
2835 1877 2945 1930 suis
2984 1891 3135 1941 aras,
3165 1884 3217 1930 et
3243 1875 3456 1942 altaria,
3486 1875 3752 1941 simulacra,

2196 1979 2251 2024 et
2298 1970 2558 2035 imagines
2613 1970 2826 2040 penitus
2866 1969 3394 2035 abstulerunt,iude
3423 1970 3753 2038 antiquissimi

2195 2062 2627 2118 Christianorum
2651 2064 2845 2131 templa
2883 2063 2996 2115 suis
3026 2063 3218 2118 similia
3251 2076 3375 2116 esse
3403 2061 3700 2116 venditant?

2266 2157 2468 2212 Verum
2514 2174 2614 2227 qua
2647 2156 2885 2225 profecto
2912 2156 3168 2211 facilitate
3201 2155 3482 2225 probatum
3512 2166 3587 2209 est
3613 2154 3752 2209 :rdili-

2194 2258 2314 2305 cata
2341 2249 2409 2304 ab
2438 2248 2542 2303 illis
2575 2249 2804 2320 templa,
2844 2250 3031 2304 eadem
3062 2248 3219 2318 plane
3250 2247 3519 2303 evidentia
3561 2248 3752 2304 detnono

2194 2343 2352 2398 strari
2380 2353 2551 2412 potest
2581 2346 2778 2413 positas
2803 2342 2965 2398 fuisse
2989 2344 3039 2397 iu
3072 2342 3176 2397 illis
3198 2344 3473 2397 veteribus
3504 2343 3694 2412 templis
3713 2350 3753 2396 et

2194 2438 2439 2493 ecclesiis
2464 2452 2614 2499 aras,
2642 2446 2696 2493 et
2724 2447 2901 2492 erecta
2927 2436 3134 2491 altaria.
3169 2435 3532 2491 Tertullianus
3558 2434 3685 2491 enim
3706 2434 3755 2489 il-

2197 2530 2288 2584 lud
2342 2528 2489 2584 hisce
2530 2530 2710 2583 verbis
2736 2530 3091 2584 disertissime
3118 2528 3355 2583 declarat
3392 2547 3406 2583 :
3443 2547 3462 2579 ‹
3483 2526 3654 2583 Nonne
3685 2542 3754 2581 so-

2198 2622 2448 2677 lemniter
2479 2623 2580 2676 erit
2611 2624 2771 2676 statio
2795 2623 2961 2690 tua,si
2992 2621 3057 2677 ad
3083 2636 3229 2677 aram
3256 2621 3349 2675 Dei
3369 2622 3580 2695 steteris
3604 2619 3754 2689 tt'l‘er-

2197 2716 2313 2770 tull.
2351 2715 2443 2769 lib.
2476 2715 2539 2767 de
2568 2714 2714 2769 Orat.
2736 2730 2856 2787 cap.
2884 2716 2973 2779 14,
3007 2730 3123 2785 pag.
3150 2714 3253 2769 155
3342 2712 3635 2785 Cyprianus
3652 2725 3754 2767 vero

2197 2826 2302 2864 ttott
2333 2808 2505 2862 solum
2533 2808 2600 2864 de
2629 2808 2805 2871 altari,
2834 2807 2926 2863 sed
2955 2818 3006 2862 et
3047 2807 3342 2871 sacrificio,
3376 2807 3517 2877 quod
3542 2805 3756 2861 adversa-

2196 2904 2258 2958 rii
2292 2901 2456 2957 nostri
2487 2913 2593 2956 taut
2641 2901 2939 2957 insuleuter
2975 2901 3246 2971 rejiciuut,
3288 2901 3403 2955 ltzec
3449 2902 3500 2954 in
3533 2900 3675 2955 verba
3700 2895 3752 2952 ad

2195 2998 2501 3054 Furuenses
2526 2997 2740 3068 scripsit
2773 2998 2801 3050 :'
2824 3016 2843 3049 ι
2873 2997 2991 3055 Jam
3018 2996 3221 3068 pridem
3256 2997 3308 3051 in
3330 2997 3561 3053 concilio
3584 2994 3754 3067 episco-

2196 3107 2383 3163 porum
2414 3100 2692 3157 statutum,
2728 3108 2794 3145 tte
2821 3090 2941 3161 quis
2970 3090 3039 3147 de
3064 3089 3275 3146 clericis
3306 3103 3361 3145 et
3392 3090 3485 3171 Dei
3528 3086 3754 3165 ininistris

479 3187 787 3252 scribentis,
813 3183 1214 3239 testimonium?
1246 3202 1263 3235 ι
1288 3183 1561 3253 Reliquas,
1588 3185 1775 3256 inquit,
1802 3186 2083 3242 libidinum
2112 3184 2158 3248 C
2193 3194 2446 3250 tutorem,
2481 3184 2565 3239 vel
2619 3195 2925 3240 curatorem
2965 3193 3286 3239 ιυδιτηιιριιιο
3329 3198 3433 3238 suo
3480 3184 3751 3248 constituat,

485 3279 675 3341 ίιιτὶτιες
711 3276 924 3348 impias,
948 3283 1002 3331 ει
1038 3274 1090 3329 in
1125 3289 1353 3343 corpora
1375 3317 1390 3341 .
1436 3285 1491 3332 et
1519 3276 1570 3330 iu
1601 3290 1761 3331 sexus
1792 3279 1927 3332 ultra
1966 3279 2090 3350 jura

492 3385 723 3439 natura),
747 3388 855 3427 non
888 3370 1048 3426 modo
1075 3371 1278 3435 limine,
1311 3386 1496 3425 verum
1526 3375 1685 3427 etiam
1726 3374 1870 3429 omni
1899 3373 2086 3431 Eccleo

483 3468 581 3523 siin
609 3474 750 3522 tecto
779 3465 1185 3521 submovemus.
1214 3482 1232 3515 ι
1278 3462 1396 3518 Jam
1438 3479 1567 3519 vero
1606 3469 1986 3522 aunotaviums
2025 3483 2087 3524 ea

482 3577 697 3635 quoque
716 3575 893 3633 grmco
916 3560 1132 3615 nomine
1160 3565 1443 3623 ἐκκλησίαν,
1476 3574 1504 3610 a
1535 3556 1819 3617 Clemente
1858 3562 2088 3617 Alexan-

482 3656 640 3713 drino
654 3654 949 3723 nuncupari
967 3649 1091 3723 (Ap.
1116 3650 1300 3720 p.741,
1319 3648 1526 3706 Tertul.
1548 3652 1639 3707 lib.
1660 3654 1723 3707 de
1744 3652 1884 3709 ldol.
1905 3657 2085 3726 cap.7,

482 3765 607 3822 pag.
643 3749 744 3805 107
773 3756 865 3813 ;et
894 3746 984 3802 lib.
1016 3744 1080 3798 de
1118 3742 1312 3814 Virgin.
1336 3744 1537 3799 velund.
1562 3762 1680 3817 cap.
1707 3749 1794 3815 13,
1817 3764 1935 3821 pag.
1958 3750 2086 3815 201ς

483 3852 543 3898 et
571 3840 665 3898 lib.
698 3840 761 3893 de
784 3838 971 3893 Pudic.
1011 3851 1128 3906 cap.
1174 3836 1229 3902 4,
1261 3849 1382 3906 pag.
1418 3836 1543 3902 718,
1580 3849 1711 3895 tom.
1745 3842 1795 3895 1.
1836 3842 2087 3911 Apparet.

477 3947 604 4004 pag.
639 3932 763 3987 715.
815 3930 987 3987 Clem.
1035 3927 1193 3984 Alex.
1242 3926 1338 3980 lib.
1391 3944 1470 3984 ιιι.
1524 3928 1773 4004 Ρωάας..
1833 3948 1954 4005 cap.
1998 3935 2085 3999 ll,

484 4040 609 4097 pag.
636 4022 798 4096 255.)

559 4119 672 4187 Nec
696 4117 871 4173 minus
891 4117 1174 4177 evidenter
1194 4120 1249 4177 id
1275 4121 1543 4178 evincitur
1571 4135 1634 4176 ex
1659 4120 2087 4178 Christianorum

489 4212 804 4286 synaxibus,
822 4227 956 4282 quas
982 4216 1035 4268 in
1058 4214 1262 4271 aedibus
1287 4217 1633 4287 templisque,
1685 4225 1742 4271 ut
1789 4218 1986 4287 sa-pius
2008 4218 2088 4272 vi-

491 4304 690 4372 dimus,
718 4319 878 4376 agere
903 4305 1149 4362 solebant
1180 4325 1193 4362 :
1226 4324 1288 4363 ac
1313 4319 1571 4378 praeterea
1618 4324 1682 4363 ex
1717 4310 1921 4379 publica
1964 4326 2091 4366 reo-

489 4416 610 4457 rum
640 4399 974 4472 pmuiteutia,
1005 4402 1095 4471 qui
1121 4403 1186 4455 ad
1210 4403 1353 4458 fores
1382 4403 1633 4458 Ecclesiae
1660 4405 1937 4473 prostrati,
1961 4405 2093 4460 tide-

491 4492 624 4549 lium
671 4507 861 4563 preces
889 4508 955 4548 ac
979 4493 1319 4548 sacerdotum
1348 4495 1688 4549 clementiam
1710 4496 2083 4565 implorabant.

2193 3280 2408 3353 quando
2435 3280 2629 3349 singuli
2657 3280 2839 3335 diviv'o
2860 3279 3161 3335 sacerdotio
3186 3278 3460 3341 honorati.
3480 3288 3534 3335 et
3558 3281 3606 3333 in
3629 3276 3755 3332 cleri-

2193 3388 2259 3427 co
2289 3372 2590 3428 ministerio
2611 3373 2887 3428 constituti
2910 3414 2925 3437 ,
2957 3390 3061 3428 non
3087 3374 3190 3428 nisi
3240 3373 3398 3428 altari
3438 3383 3491 3428 et
3519 3370 3753 3428 sacrificiis

2192 3464 2496 3529 deservire,
2522 3474 2575 3520 et
2609 3468 2857 3536 precibus
2901 3473 3061 3537 atque
3099 3466 3437 3521 orationibus
3472 3480 3649 3521 vaeare
3676 3464 3753 3520 de-

2195 3559 2377 3614 beant.
2413 3577 2434 3612 t
2464 3558 2598 3614 'l‘nnt
2621 3559 2819 3615 deinde
2841 3560 2937 3622 ait,
2962 3561 3029 3614 ab
3051 3560 3493 3615 antecessoribus
3527 3560 3630 3613 suis
3661 3556 3753 3625 epi-

2192 3653 2372 3722 scopis
2411 3654 2686 3709 deeretum
2719 3672 2732 3708 :
2770 3674 2787 3706 ι
2817 3653 2893 3709 Ne
2927 3655 3047 3726 quis
3090 3654 3257 3708 frater
3286 3634 3554 3709 excedens
3579 3668 3638 3707 ex
3677 3649 3754 3705 hac

2193 3748 2323 3814 vita,
2354 3746 2420 3802 ad
2455 3747 2673 3802 tutelam
2718 3748 2798 3803 vel
2846 3762 3030 3803 curam
3060 3747 3314 3803 clericum
3352 3747 3642 3801 nominaret
3670 3761 3681 3796 :
3705 3756 3753 3797 ac

2193 3841 2237 3896 si
2267 3842 2386 3910 quis
2408 3840 2510 3896 hoc
2537 3842 2772 3909 fecisset,
2794 3859 2898 3897 non
2926 3842 3209 3899 otl‘erretur
3232 3860 3328 3912 pro
3354 3848 3563 3905 eo,7uec
3588 3840 3755 3896 sacrifi-

2193 3935 2332 3990 cium
2364 3950 2462 4005 pro
2485 3934 2813 3992 dormitione
2854 3938 2973 4006 ejus
3001 3936 3390 3993 celebraretur.
3428 3937 3608 4011 Neque
3639 3935 3752 3992 enim

2193 4031 2332 4101 apud
2360 4031 2527 4085 altare
2559 4030 2652 4086 Dei
2685 4038 2921 4086 uteretur
2948 4032 3209 4087 nominari
3241 4033 3290 4086 in
3309 4033 3639 4090 sacerdotum
3661 4044 3755 4101 pre-

2193 4138 2277 4190 ce,
2297 4124 2387 4193 qui
2406 4123 2640 4178 abaltari
2664 4123 2971 4178 sacerdotes
2986 4135 3039 4176 et
3063 4125 3337 4181 ministros
3361 4126 3521 4182 νυιιιὶι
3545 4138 3751 4180 avocare.

2195 4216 2261 4271 Et
2287 4216 2408 4271 ideo
2444 4216 2625 4272 Victor
2651 4233 2773 4274 cunt
2820 4217 3194 4289 presbyterum
3239 4234 3405 4275 ausus
3451 4220 3519 4276 sit
3565 4228 3753 4273 tutorem

2195 4312 2527 4367 constituere
2552 4353 2567 4379 ,
2610 4327 2715 4366 non
2748 4321 2832 4367 est
2857 4313 2999 4385 quod
3032 4329 3129 4383 pro
3155 4314 3484 4369 dormitione
3510 4313 3618 4383 ejus
3642 4307 3753 4380 apud

2193 4421 2288 4459 vos
2316 4406 2405 4459 tiat
2434 4406 2659 4468 oblatio,
2687 4417 2775 4459 aut
2808 4406 3123 4475 deprecatio
3150 4408 3326 4477 aliqua
3355 4410 3569 4464 nomine
3593 4406 3693 4474 ejus
3714 4404 3753 4456 in

2195 4496 2431 4554 Ecclesia
2458 4498 2852 4570 frequenteturt
2887 4500 3161 4573 (Cyprian.
3185 4501 3356 4570 Epist.
3380 4503 3404 4557 1
3424 4502 3492 4555 ad
3508 4496 3752 4570 herbae).

489 4588 735 4657 Denique
763 4587 864 4642 hoc
887 4586 1321 4644 manifestissime
1349 4588 1606 4658 probatur
1626 4591 1943 4644 auctoritate
1984 4591 2057 4645 Ar
2111 4589 2165 4649 D
2190 4592 2379 4648 Cernis
2407 4605 2553 4648 certe
2576 4594 2644 4647 ah
2672 4610 2739 4648 eo
2768 4594 2937 4649 altare
2963 4606 3017 4650 et
3051 4595 3377 4652 sacriticinm
3430 4598 3500 4652 ab
3532 4592 3754 4651 ChriSIia-

492 4680 637 4736 uobii
667 4689 825 4751 atque
858 4679 1136 4747 Lactantii,
1161 4680 1250 4749 qui
1273 4680 1519 4735 ethnicos
1542 4679 1740 4736 idcirCu
1766 4682 2093 4752 vituperant,

491 4772 635 4845 quod
663 4771 1093 4828 Christianorum
1126 4772 1501 4828 conventicula
1530 4783 1584 4827 et
1615 4774 1884 4831 Ecclesias
1912 4776 2097 4833 dirue-

489 4870 621 4937 rint,
654 4876 747 4922 aut
779 4864 1195 4923 combuSsetint.
1233 4865 1389 4920 Plura
1421 4877 1599 4923 autent
1630 4867 1698 4924 de
1722 4869 1810 4924 illa
1840 4871 2098 4927 ecclesia-

492 4980 614 5020 rum
643 4962 927 5019 eversioue
956 4972 1006 5017 et
1043 4960 1434 5017 instauratione
1459 4972 1643 5018 narrat
1685 4962 1950 5021 Eusebius
1974 4982 2095 5023 eas-

495 5072 601 5127 que
631 5065 805 5122 vocat,
835 5068 1215 5128 τροσευκτηρ’ων
1264 5064 1373 5120 τοὺς
1409 5062 1579 5121 οἴκους,
1620 5076 1640 5110 t
1665 5071 1846 5115 sacras
1887 5062 2027 5116 cedes
2050 5082 2093 5129 ι,

494 5160 549 5206 et
578 5155 846 5214 δικλησίιις,
900 5172 917 5201 ι
942 5149 1201 5205 ecclesias
1227 5168 1247 5202 ι
1279 5149 1405 5204 alibi
1455 5165 1582 5205 vero
1604 5160 1710 5213 τοὺς
1752 5160 1904 5215 οἴκους
1952 5162 1998 5209 ἰν
2035 5154 2099 5219 οῖς

495 5264 767 5309 cmi-Iona.
811 5262 830 5295 ι
867 5242 1013 5299 a-des
1044 5258 1169 5297 suas
1190 5284 1203 5302 ,
1237 5242 1288 5297 in
1320 5243 1515 5312 quibus
1535 5255 1832 5300 conventus
1873 5262 2096 5318 perage-

494 5339 645 5400 bant,
677 5352 741 5391 ac
787 5336 999 5391 tandem
1026 5344 1176 5400 οῐιιους
1202 5321 1478 5400 ικᾷεὶησιων,
1512 5338 1657 5394 mdes
1694 5340 2041 5395 ecclesiarum
2072 5362 2091 5395 ι

495 5429 722 5502 (Arnob.
755 5428 850 5483 lib.
882 5445 955 5488 tv.
986 5444 1150 5484 contr.
1173 5427 1323 5483 Gem.
1351 5444 1472 5500 pag.
1500 5430 1626 5486 152.
1651 5429 1897 5499 Laetam,
1925 5434 2017 5489 lib.
2040 5451 2091 5502 v,

494 5525 628 5582 Inst.
659 5539 776 5591 cap.
814 5525 901 5580 ll.
939 5524 1135 5581 Euseb.
1182 5525 1276 5581 lib.
1317 5541 1429 5581 vui.
1481 5524 1619 5580 Hist.
1666 5524 1811 5581 Eccl.
1859 5543 1980 5598 cap.
2037 5530 2095 5598 2,

493 5634 617 5693 pag.
646 5618 755 5675 295
784 5630 835 5676 et
870 5618 998 5675 294.
1055 5619 1191 5675 Ibid.
1223 5635 1343 5691 cap.
1377 5621 1465 5685 17,
1504 5636 1624 5693 pag.
1656 5622 1781 5680 516.
1820 5623 1953 5681 Ibid.
1997 5625 2095 5682 lib.

493 5730 570 5782 ix,
600 5729 718 5786 cap.
747 5712 802 5779 9,
835 5729 955 5785 pag.
984 5712 1135 5784 562).

564 5807 670 5867 Sed
697 5807 825 5882 quid
847 5822 984 5882 opus
1010 5818 1093 5866 est
1112 5807 1352 5881 pluribus
1382 5808 1509 5867 illud
1539 5810 1773 5885 probari,
1801 5814 1944 5888 quod
1969 5829 2093 5874 cer-

2197 4702 2384 4741 uorum
2417 4688 2698 4756 precibtls,
2734 4686 3203 4758 deprecatiOniltus
3254 4702 3309 4747 et
3338 4691 3657 4748 orationibus
3688 4686 3752 4742 di-

2198 4780 2395 4852 SIingui
2440 4781 2496 4837 lu
2522 4781 2731 4836 illorum
2755 4799 2883 4854 ergo
2909 4785 3158 4841 Ecclesiis
3183 4802 3303 4843 vera
3328 4803 3392 4843 ac
3420 4788 3625 4859 proitrie
3641 4786 3752 4841 dicta

2200 4887 2353 4932 erant
2376 4877 2559 4932 altaria
2582 4920 2598 4945 ,
2628 4892 2692 4934 ac
2713 4879 3030 4935 sacrificium
3053 4896 3151 4952 pro
3180 4882 3406 4939 mortuis
3428 4882 3540 4940 fieri
3564 4893 3661 4939 tum
3683 4891 3753 4933 so-

2196 4969 2362 5027 lebat.

2274 5064 2387 5120 Alia
2432 5073 2608 5120 autem
2654 5065 2719 5121 ad
2750 5064 3057 5124 Cornelium
3090 5083 3278 5139 papam
3324 5070 3561 5143 Epistula
3602 5065 3753 5125 scribit

2202 5157 2459 5226 rejecutm
2488 5158 2936 5227 Novatlauorutu,
2981 5163 3069 5233 qui
3109 5179 3230 5220 eum
3270 5164 3405 5222 falso
3439 5164 3749 5227 accusabant,

2198 5250 2395 5306 librum
2427 5269 2445 5303 ι
2474 5251 2876 5309 considentibus
2904 5254 2999 5312 Dei
3024 5258 3413 5326 sacerdotibus,
3436 5270 3488 5313 et
3513 5258 3651 5314 altari
3670 5268 3750 5326 po.

2200 5346 2304 5401 sito
2341 5366 2359 5398 ι
2393 5345 2583 5415 (Idem,
2607 5348 2781 5419 Epist.
2808 5351 2899 5414 45,
2934 5366 3055 5423 pag.
3084 5352 3197 5427 87).
3230 5355 3403 5424 Atjue
3431 5365 3487 5408 ιιι
3527 5354 3619 5408 alia
3644 5352 3751 5405 bene

2200 5441 2386 5508 multa,
2412 5440 2464 5496 iu
2494 5444 2611 5510 ejus
2637 5445 2850 5515 scriptis
2877 5447 3070 5516 cuique
3096 5448 3248 5502 obvia
3291 5450 3750 5518 przeterutittamus,

2197 5533 2364 5589 Lucio
2394 5550 2542 5606 papze
2565 5578 2580 5603 ,
2630 5537 2699 5594 de
2727 5538 2868 5594 illius
2907 5539 2977 5595 ab
3010 5541 3199 5597 exsilio
3229 5543 3398 5599 reditu
3417 5585 3433 5608 ,
3464 5540 3747 5613 gratulatur;

2197 5630 2626 5702 quandoquidem
2662 5652 2681 5684 ι
2708 5635 2878 5705 magis
2914 5635 3085 5692 crevit
3108 5637 3453 5693 sacerdotalis
3478 5634 3746 5694 auctoritas,

2197 5732 2256 5778 tit
2284 5724 2437 5780 altari
2472 5725 2564 5782 Dei
2593 5725 2815 5782 assistat
2842 5728 3081 5786 antistes.
3102 5748 3120 5783 ι
3158 5730 3262 5788 Sed
3294 5730 3419 5787 illud
3446 5746 3476 5785 a
3504 5723 3749 5795 nobishoc

2193 5815 2301 5889 jam
2332 5816 2613 5889 probatum
2645 5827 2749 5887 est,
2793 5819 2937 5893 quod
2981 5821 3141 5879 etiam
3189 5822 3561 5882 celeberrimus
3586 5820 3749 5877 horum
