  <div class='ocr_page' id='page_1' title='image "/cluster/home/n/w/nwhite01/storage/ocr_20150623/3/hvd.32044015471212/312.png"; bbox 0 0 3972 6310; ppageno 0'>
   <div class='ocr_carea' id='block_1_1' title="bbox 118 220 315 299">
    <p class='ocr_par' dir='ltr' id='par_1_1' title="bbox 118 220 315 299">
     <span class='ocr_line' id='line_1_1' title="bbox 118 220 315 299; baseline 0.005 -1"><span class='ocrx_word' id='word_1_1' title='bbox 118 220 124 226; x_wconf 84' lang='grc'><strong>’</strong></span> <span class='ocrx_word' id='word_1_2' title='bbox 208 221 315 299; x_wconf 73' lang='lat'><strong>525</strong></span> 
     </span>
    </p>
   </div>
   <div class='ocr_carea' id='block_1_2' title="bbox 1635 235 2107 300">
    <p class='ocr_par' dir='ltr' id='par_1_2' title="bbox 1635 235 2107 300">
     <span class='ocr_line' id='line_1_2' title="bbox 1635 235 2107 300; baseline -0.002 -3"><span class='ocrx_word' id='word_1_3' title='bbox 1635 235 2107 300; x_wconf 78' lang='lat' dir='ltr'><strong>DISSERTATIO.</strong></span> 
     </span>
    </p>
   </div>
   <div class='ocr_carea' id='block_1_3' title="bbox 3405 243 3519 308">
    <p class='ocr_par' dir='ltr' id='par_1_3' title="bbox 3405 243 3519 308">
     <span class='ocr_line' id='line_1_3' title="bbox 3405 243 3519 308; baseline 0.018 -2"><span class='ocrx_word' id='word_1_4' title='bbox 3405 243 3519 308; x_wconf 71' lang='lat'><strong>526</strong></span> 
     </span>
    </p>
   </div>
   <div class='ocr_carea' id='block_1_4' title="bbox 209 346 3513 432">
    <p class='ocr_par' dir='ltr' id='par_1_4' title="bbox 209 346 3513 432">
     <span class='ocr_line' id='line_1_4' title="bbox 209 346 3513 432; baseline 0.002 -21"><span class='ocrx_word' id='word_1_5' title='bbox 209 352 461 429; x_wconf 77' lang='lat' dir='ltr'><strong>Cypriani</strong></span> <span class='ocrx_word' id='word_1_6' title='bbox 491 366 711 426; x_wconf 84' lang='lat' dir='ltr'><strong>operum</strong></span> <span class='ocrx_word' id='word_1_7' title='bbox 739 354 960 412; x_wconf 90' lang='lat' dir='ltr'><strong>editioni</strong></span> <span class='ocrx_word' id='word_1_8' title='bbox 990 355 1273 427; x_wconf 67' lang='lat' dir='ltr'><strong>praefectus</strong></span> <span class='ocrx_word' id='word_1_9' title='bbox 1293 397 1308 423; x_wconf 87' lang='lat'><strong>,</strong></span> <span class='ocrx_word' id='word_1_10' title='bbox 1339 355 1467 413; x_wconf 79' lang='lat' dir='ltr'><strong>licet</strong></span> <span class='ocrx_word' id='word_1_11' title='bbox 1492 356 1804 429; x_wconf 67' lang='lat' dir='ltr'><strong>Anglicante</strong></span> <span class='ocrx_word' id='word_1_12' title='bbox 1832 358 1881 419; x_wconf 84' lang='lat' dir='ltr'><strong>A</strong></span> <span class='ocrx_word' id='word_1_13' title='bbox 1912 357 2104 412; x_wconf 89' lang='lat' dir='ltr'><strong>nucius</strong></span> <span class='ocrx_word' id='word_1_14' title='bbox 2131 352 2386 428; x_wconf 77' lang='lat' dir='ltr'><strong>loquendi</strong></span> <span class='ocrx_word' id='word_1_15' title='bbox 2417 346 2580 412; x_wconf 85' lang='lat' dir='ltr'><strong>modo</strong></span> <span class='ocrx_word' id='word_1_16' title='bbox 2607 360 2851 413; x_wconf 88' lang='lat' dir='ltr'><strong>utuntur.</strong></span> <span class='ocrx_word' id='word_1_17' title='bbox 2881 348 2939 413; x_wconf 83' lang='lat' dir='ltr'><strong>In</strong></span> <span class='ocrx_word' id='word_1_18' title='bbox 2976 356 3218 417; x_wconf 83' lang='lat' dir='ltr'><strong>Philonis</strong></span> <span class='ocrx_word' id='word_1_19' title='bbox 3245 359 3513 432; x_wconf 79' lang='lat' dir='ltr'><strong>siquidem</strong></span> 
     </span>
    </p>
   </div>
   <div class='ocr_carea' id='block_1_5' title="bbox 206 449 1802 521">
    <p class='ocr_par' dir='ltr' id='par_1_5' title="bbox 206 449 1802 521">
     <span class='ocr_line' id='line_1_5' title="bbox 206 449 1802 521; baseline 0.001 -18"><span class='ocrx_word' id='word_1_20' title='bbox 206 449 451 504; x_wconf 79' lang='lat' dir='ltr'><strong>ecclesiae</strong></span> <span class='ocrx_word' id='word_1_21' title='bbox 500 460 755 508; x_wconf 74' lang='lat' dir='ltr'><strong>sectator.</strong></span> <span class='ocrx_word' id='word_1_22' title='bbox 808 452 950 505; x_wconf 90' lang='lat' dir='ltr'><strong>ultro</strong></span> <span class='ocrx_word' id='word_1_23' title='bbox 994 451 1279 521; x_wconf 83' lang='lat' dir='ltr'><strong>palamque</strong></span> <span class='ocrx_word' id='word_1_24' title='bbox 1327 450 1632 506; x_wconf 91' lang='lat' dir='ltr'><strong>conﬁtetur.</strong></span> <span class='ocrx_word' id='word_1_25' title='bbox 1671 450 1802 506; x_wconf 83' lang='lat' dir='ltr'><strong>Tam</strong></span> 
     </span>
    </p>
   </div>
   <div class='ocr_carea' id='block_1_6' title="bbox 205 542 1804 613">
    <p class='ocr_par' dir='ltr' id='par_1_6' title="bbox 205 542 1804 613">
     <span class='ocr_line' id='line_1_6' title="bbox 205 542 1804 613; baseline 0 -15"><span class='ocrx_word' id='word_1_26' title='bbox 205 543 365 613; x_wconf 85' lang='lat' dir='ltr'><strong>igitur</strong></span> <span class='ocrx_word' id='word_1_27' title='bbox 394 558 600 599; x_wconf 89' lang='lat' dir='ltr'><strong>certum</strong></span> <span class='ocrx_word' id='word_1_28' title='bbox 621 553 705 600; x_wconf 90' lang='lat' dir='ltr'><strong>est</strong></span> <span class='ocrx_word' id='word_1_29' title='bbox 733 544 784 598; x_wconf 91' lang='lat' dir='ltr'><strong>in</strong></span> <span class='ocrx_word' id='word_1_30' title='bbox 802 542 1233 599; x_wconf 87' lang='lat' dir='ltr'><strong>Christianorum</strong></span> <span class='ocrx_word' id='word_1_31' title='bbox 1271 544 1517 600; x_wconf 88' lang='lat' dir='ltr'><strong>ecclesiis</strong></span> <span class='ocrx_word' id='word_1_32' title='bbox 1540 544 1653 600; x_wconf 87' lang='lat' dir='ltr'><strong>sive</strong></span> <span class='ocrx_word' id='word_1_33' title='bbox 1668 553 1804 598; x_wconf 90' lang='lat' dir='ltr'><strong>tem-</strong></span> 
     </span>
    </p>
   </div>
   <div class='ocr_carea' id='block_1_7' title="bbox 205 636 1805 709">
    <p class='ocr_par' dir='ltr' id='par_1_7' title="bbox 205 636 1805 709">
     <span class='ocr_line' id='line_1_7' title="bbox 205 636 1805 709; baseline 0.001 -17"><span class='ocrx_word' id='word_1_34' title='bbox 205 637 309 707; x_wconf 86' lang='lat' dir='ltr'><strong>plis</strong></span> <span class='ocrx_word' id='word_1_35' title='bbox 336 638 507 707; x_wconf 87' lang='lat' dir='ltr'><strong>posita</strong></span> <span class='ocrx_word' id='word_1_36' title='bbox 546 636 714 693; x_wconf 81' lang='lat' dir='ltr'><strong>fuisse</strong></span> <span class='ocrx_word' id='word_1_37' title='bbox 748 637 956 705; x_wconf 89' lang='lat' dir='ltr'><strong>altaria,</strong></span> <span class='ocrx_word' id='word_1_38' title='bbox 987 653 1146 709; x_wconf 87' lang='lat' dir='ltr'><strong>quam</strong></span> <span class='ocrx_word' id='word_1_39' title='bbox 1193 638 1485 694; x_wconf 81' lang='lat' dir='ltr'><strong>:rdiﬁcatas</strong></span> <span class='ocrx_word' id='word_1_40' title='bbox 1510 638 1579 693; x_wconf 91' lang='lat' dir='ltr'><strong>ab</strong></span> <span class='ocrx_word' id='word_1_41' title='bbox 1604 640 1684 694; x_wconf 87' lang='lat' dir='ltr'><strong>eis</strong></span> <span class='ocrx_word' id='word_1_42' title='bbox 1711 637 1805 693; x_wconf 85' lang='lat' dir='ltr'><strong>Ec-</strong></span> 
     </span>
    </p>
   </div>
   <div class='ocr_carea' id='block_1_8' title="bbox 202 728 1805 801">
    <p class='ocr_par' dir='ltr' id='par_1_8' title="bbox 202 728 1805 801">
     <span class='ocr_line' id='line_1_8' title="bbox 202 728 1805 801; baseline -0.001 -16"><span class='ocrx_word' id='word_1_43' title='bbox 202 728 417 793; x_wconf 81' lang='lat' dir='ltr'><strong>clesias,</strong></span> <span class='ocrx_word' id='word_1_44' title='bbox 448 730 499 784; x_wconf 93' lang='lat' dir='ltr'><strong>in</strong></span> <span class='ocrx_word' id='word_1_45' title='bbox 545 730 738 801; x_wconf 85' lang='lat' dir='ltr'><strong>quibus</strong></span> <span class='ocrx_word' id='word_1_46' title='bbox 767 745 915 796; x_wconf 82' lang='lat' dir='ltr'><strong>Suos,</strong></span> <span class='ocrx_word' id='word_1_47' title='bbox 949 733 1021 786; x_wconf 92' lang='lat' dir='ltr'><strong>uti</strong></span> <span class='ocrx_word' id='word_1_48' title='bbox 1071 731 1266 790; x_wconf 80' lang='lat' dir='ltr'><strong>fatetur</strong></span> <span class='ocrx_word' id='word_1_49' title='bbox 1318 730 1570 798; x_wconf 60' lang='lat' dir='ltr'><strong>Dallreus,</strong></span> <span class='ocrx_word' id='word_1_50' title='bbox 1619 743 1805 786; x_wconf 88' lang='lat' dir='ltr'><strong>sacros</strong></span> 
     </span>
    </p>
   </div>
   <div class='ocr_carea' id='block_1_9' title="bbox 203 823 1806 892">
    <p class='ocr_par' dir='ltr' id='par_1_9' title="bbox 203 823 1806 892">
     <span class='ocr_line' id='line_1_9' title="bbox 203 823 1806 892; baseline -0.001 -12"><span class='ocrx_word' id='word_1_51' title='bbox 203 834 501 880; x_wconf 84' lang='lat' dir='ltr'><strong>conventus</strong></span> <span class='ocrx_word' id='word_1_52' title='bbox 526 824 814 880; x_wconf 76' lang='lat' dir='ltr'><strong>habebant.</strong></span> <span class='ocrx_word' id='word_1_53' title='bbox 852 823 987 880; x_wconf 84' lang='lat' dir='ltr'><strong>Nam</strong></span> <span class='ocrx_word' id='word_1_54' title='bbox 1016 826 1153 880; x_wconf 84' lang='lat' dir='ltr'><strong>sicut</strong></span> <span class='ocrx_word' id='word_1_55' title='bbox 1193 826 1281 880; x_wconf 89' lang='lat' dir='ltr'><strong>ille</strong></span> <span class='ocrx_word' id='word_1_56' title='bbox 1306 826 1417 892; x_wconf 90' lang='lat' dir='ltr'><strong>ait,</strong></span> <span class='ocrx_word' id='word_1_57' title='bbox 1466 844 1485 878; x_wconf 79' lang='grc' dir='ltr'><strong>ι</strong></span> <span class='ocrx_word' id='word_1_58' title='bbox 1507 840 1612 881; x_wconf 91' lang='lat' dir='ltr'><strong>non</strong></span> <span class='ocrx_word' id='word_1_59' title='bbox 1645 824 1806 879; x_wconf 90' lang='lat' dir='ltr'><strong>modo</strong></span> 
     </span>
    </p>
   </div>
   <div class='ocr_carea' id='block_1_10' title="bbox 202 914 1807 988">
    <p class='ocr_par' dir='ltr' id='par_1_10' title="bbox 202 914 1807 988">
     <span class='ocr_line' id='line_1_10' title="bbox 202 914 1807 988; baseline 0 -17"><span class='ocrx_word' id='word_1_60' title='bbox 202 930 270 971; x_wconf 82' lang='lat' dir='ltr'><strong>ex</strong></span> <span class='ocrx_word' id='word_1_61' title='bbox 301 915 515 971; x_wconf 87' lang='lat' dir='ltr'><strong>Eusebii</strong></span> <span class='ocrx_word' id='word_1_62' title='bbox 544 914 794 981; x_wconf 73' lang='lat' dir='ltr'><strong>Historia,</strong></span> <span class='ocrx_word' id='word_1_63' title='bbox 820 914 913 971; x_wconf 85' lang='lat' dir='ltr'><strong>sed</strong></span> <span class='ocrx_word' id='word_1_64' title='bbox 935 931 1001 972; x_wconf 83' lang='lat' dir='ltr'><strong>ex</strong></span> <span class='ocrx_word' id='word_1_65' title='bbox 1028 917 1147 973; x_wconf 90' lang='lat' dir='ltr'><strong>aliis</strong></span> <span class='ocrx_word' id='word_1_66' title='bbox 1175 917 1379 988; x_wconf 85' lang='lat' dir='ltr'><strong>aliquot</strong></span> <span class='ocrx_word' id='word_1_67' title='bbox 1399 917 1602 973; x_wconf 83' lang='lat' dir='ltr'><strong>veteris</strong></span> <span class='ocrx_word' id='word_1_68' title='bbox 1619 915 1807 971; x_wconf 81' lang='lat' dir='ltr'><strong>Eccle-</strong></span> 
     </span>
    </p>
   </div>
   <div class='ocr_carea' id='block_1_11' title="bbox 203 1011 1807 1084">
    <p class='ocr_par' dir='ltr' id='par_1_11' title="bbox 203 1011 1807 1084">
     <span class='ocr_line' id='line_1_11' title="bbox 203 1011 1807 1084; baseline -0.001 -17"><span class='ocrx_word' id='word_1_69' title='bbox 203 1011 299 1067; x_wconf 69' lang='lat' dir='ltr'><strong>siae</strong></span> <span class='ocrx_word' id='word_1_70' title='bbox 330 1012 694 1068; x_wconf 85' lang='lat' dir='ltr'><strong>ntonunteutis</strong></span> <span class='ocrx_word' id='word_1_71' title='bbox 737 1013 868 1066; x_wconf 88' lang='lat' dir='ltr'><strong>satis</strong></span> <span class='ocrx_word' id='word_1_72' title='bbox 912 1022 1162 1080; x_wconf 89' lang='lat' dir='ltr'><strong>constat,</strong></span> <span class='ocrx_word' id='word_1_73' title='bbox 1187 1012 1298 1084; x_wconf 85' lang='lat' dir='ltr'><strong>jam</strong></span> <span class='ocrx_word' id='word_1_74' title='bbox 1330 1022 1441 1068; x_wconf 89' lang='lat' dir='ltr'><strong>tum</strong></span> <span class='ocrx_word' id='word_1_75' title='bbox 1478 1011 1807 1068; x_wconf 73' lang='lat' dir='ltr'><strong>Christianis</strong></span> 
     </span>
    </p>
   </div>
   <div class='ocr_carea' id='block_1_12' title="bbox 212 1106 1807 1180">
    <p class='ocr_par' dir='ltr' id='par_1_12' title="bbox 212 1106 1807 1180">
     <span class='ocr_line' id='line_1_12' title="bbox 212 1106 1807 1180; baseline -0.003 -15"><span class='ocrx_word' id='word_1_76' title='bbox 212 1110 380 1165; x_wconf 57' lang='lat' dir='ltr'><strong>fuisse</strong></span> <span class='ocrx_word' id='word_1_77' title='bbox 412 1122 596 1164; x_wconf 90' lang='lat' dir='ltr'><strong>sacras</strong></span> <span class='ocrx_word' id='word_1_78' title='bbox 638 1106 796 1178; x_wconf 88' lang='lat' dir='ltr'><strong>lmjus</strong></span> <span class='ocrx_word' id='word_1_79' title='bbox 833 1109 1049 1180; x_wconf 79' lang='lat' dir='ltr'><strong>generis</strong></span> <span class='ocrx_word' id='word_1_80' title='bbox 1090 1109 1265 1173; x_wconf 84' lang='lat' dir='ltr'><strong>a-des,</strong></span> <span class='ocrx_word' id='word_1_81' title='bbox 1295 1111 1486 1178; x_wconf 86' lang='lat' dir='ltr'><strong>quibus</strong></span> <span class='ocrx_word' id='word_1_82' title='bbox 1511 1108 1554 1162; x_wconf 92' lang='lat' dir='ltr'><strong>si</strong></span> <span class='ocrx_word' id='word_1_83' title='bbox 1597 1107 1807 1177; x_wconf 81' lang='lat' dir='ltr'><strong>uspiam</strong></span> 
     </span>
    </p>
   </div>
   <div class='ocr_carea' id='block_1_13' title="bbox 208 1201 1807 1274">
    <p class='ocr_par' dir='ltr' id='par_1_13' title="bbox 208 1201 1807 1274">
     <span class='ocr_line' id='line_1_13' title="bbox 208 1201 1807 1274; baseline -0.003 -14"><span class='ocrx_word' id='word_1_84' title='bbox 208 1213 521 1267; x_wconf 88' lang='lat' dir='ltr'><strong>caruerunt,</strong></span> <span class='ocrx_word' id='word_1_85' title='bbox 551 1203 601 1257; x_wconf 93' lang='lat' dir='ltr'><strong>id</strong></span> <span class='ocrx_word' id='word_1_86' title='bbox 629 1201 829 1259; x_wconf 77' lang='lat' dir='ltr'><strong>factum</strong></span> <span class='ocrx_word' id='word_1_87' title='bbox 860 1218 1184 1274; x_wconf 72' lang='lat' dir='ltr'><strong>paganorum</strong></span> <span class='ocrx_word' id='word_1_88' title='bbox 1202 1204 1251 1257; x_wconf 91' lang='lat' dir='ltr'><strong>vi</strong></span> <span class='ocrx_word' id='word_1_89' title='bbox 1281 1217 1343 1258; x_wconf 90' lang='lat' dir='ltr'><strong>ac</strong></span> <span class='ocrx_word' id='word_1_90' title='bbox 1366 1202 1580 1271; x_wconf 86' lang='lat' dir='ltr'><strong>injuria,</strong></span> <span class='ocrx_word' id='word_1_91' title='bbox 1612 1210 1807 1271; x_wconf 67' lang='lat' dir='ltr'><strong>praeter</strong></span> 
     </span>
    </p>
   </div>
   <div class='ocr_carea' id='block_1_14' title="bbox 201 1295 1809 1368">
    <p class='ocr_par' dir='ltr' id='par_1_14' title="bbox 201 1295 1809 1368">
     <span class='ocr_line' id='line_1_14' title="bbox 201 1295 1809 1368; baseline -0.002 -13"><span class='ocrx_word' id='word_1_92' title='bbox 201 1298 284 1355; x_wconf 83' lang='lat' dir='ltr'><strong>l&#39;as</strong></span> <span class='ocrx_word' id='word_1_93' title='bbox 310 1314 430 1353; x_wconf 90' lang='lat' dir='ltr'><strong>eam</strong></span> <span class='ocrx_word' id='word_1_94' title='bbox 472 1295 573 1368; x_wconf 87' lang='lat' dir='ltr'><strong>piis</strong></span> <span class='ocrx_word' id='word_1_95' title='bbox 604 1297 907 1353; x_wconf 88' lang='lat' dir='ltr'><strong>hominibus</strong></span> <span class='ocrx_word' id='word_1_96' title='bbox 932 1298 1142 1367; x_wconf 88' lang='lat' dir='ltr'><strong>copiam</strong></span> <span class='ocrx_word' id='word_1_97' title='bbox 1160 1312 1222 1353; x_wconf 87' lang='lat' dir='ltr'><strong>ac</strong></span> <span class='ocrx_word' id='word_1_98' title='bbox 1243 1299 1541 1353; x_wconf 80' lang='lat' dir='ltr'><strong>libertatem</strong></span> <span class='ocrx_word' id='word_1_99' title='bbox 1565 1295 1809 1351; x_wconf 89' lang='lat' dir='ltr'><strong>inviden-</strong></span> 
     </span>
    </p>
   </div>
   <div class='ocr_carea' id='block_1_15' title="bbox 205 1390 1809 1463">
    <p class='ocr_par' dir='ltr' id='par_1_15' title="bbox 205 1390 1809 1463">
     <span class='ocr_line' id='line_1_15' title="bbox 205 1390 1809 1463; baseline -0.003 -16"><span class='ocrx_word' id='word_1_100' title='bbox 205 1393 363 1450; x_wconf 89' lang='lat' dir='ltr'><strong>tium.</strong></span> <span class='ocrx_word' id='word_1_101' title='bbox 389 1407 498 1445; x_wconf 84' lang='lat' dir='ltr'><strong>non</strong></span> <span class='ocrx_word' id='word_1_102' title='bbox 531 1400 710 1447; x_wconf 88' lang='lat' dir='ltr'><strong>autem</strong></span> <span class='ocrx_word' id='word_1_103' title='bbox 743 1391 845 1445; x_wconf 91' lang='lat' dir='ltr'><strong>ulla</strong></span> <span class='ocrx_word' id='word_1_104' title='bbox 873 1391 1297 1446; x_wconf 84' lang='lat' dir='ltr'><strong>Christianorum</strong></span> <span class='ocrx_word' id='word_1_105' title='bbox 1325 1392 1562 1463; x_wconf 90' lang='lat' dir='ltr'><strong>ipsorum</strong></span> <span class='ocrx_word' id='word_1_106' title='bbox 1591 1390 1809 1461; x_wconf 81' lang='lat' dir='ltr'><strong>religio-</strong></span> 
     </span>
    </p>
   </div>
   <div class='ocr_carea' id='block_1_16' title="bbox 204 1479 1809 1554">
    <p class='ocr_par' dir='ltr' id='par_1_16' title="bbox 204 1479 1809 1554">
     <span class='ocr_line' id='line_1_16' title="bbox 204 1479 1809 1554; baseline -0.001 -15"><span class='ocrx_word' id='word_1_107' title='bbox 204 1499 275 1539; x_wconf 98' lang='lat' dir='ltr'><strong>ne</strong></span> <span class='ocrx_word' id='word_1_108' title='bbox 299 1502 319 1535; x_wconf 72' lang='grc' dir='ltr'><strong>ι</strong></span> <span class='ocrx_word' id='word_1_109' title='bbox 341 1486 356 1549; x_wconf 89' lang='grc'><strong>(</strong></span> <span class='ocrx_word' id='word_1_110' title='bbox 370 1482 553 1546; x_wconf 70' lang='lat' dir='ltr'><strong>Dallae,</strong></span> <span class='ocrx_word' id='word_1_111' title='bbox 572 1482 663 1537; x_wconf 92' lang='lat' dir='ltr'><strong>lib.</strong></span> <span class='ocrx_word' id='word_1_112' title='bbox 688 1499 726 1545; x_wconf 83' lang='grc' dir='ltr'>ι,</span> <span class='ocrx_word' id='word_1_113' title='bbox 750 1483 815 1538; x_wconf 77' lang='lat' dir='ltr'><strong>de</strong></span> <span class='ocrx_word' id='word_1_114' title='bbox 836 1481 1007 1548; x_wconf 83' lang='lat' dir='ltr'><strong>Imaq.</strong></span> <span class='ocrx_word' id='word_1_115' title='bbox 1031 1498 1152 1554; x_wconf 90' lang='lat' dir='ltr'><strong>cap.</strong></span> <span class='ocrx_word' id='word_1_116' title='bbox 1178 1485 1232 1549; x_wconf 80' lang='grc'><strong>5,</strong></span> <span class='ocrx_word' id='word_1_117' title='bbox 1268 1498 1384 1554; x_wconf 86' lang='lat' dir='ltr'><strong>pag.</strong></span> <span class='ocrx_word' id='word_1_118' title='bbox 1409 1482 1502 1548; x_wconf 72' lang='grc'><strong>52,</strong></span> <span class='ocrx_word' id='word_1_119' title='bbox 1525 1493 1578 1538; x_wconf 88' lang='lat' dir='ltr'><strong>et</strong></span> <span class='ocrx_word' id='word_1_120' title='bbox 1608 1479 1809 1554; x_wconf 85' lang='lat' dir='ltr'><strong>seqq.).</strong></span> 
     </span>
    </p>
   </div>
   <div class='ocr_carea' id='block_1_17' title="bbox 276 1574 1811 1647">
    <p class='ocr_par' dir='ltr' id='par_1_17' title="bbox 276 1574 1811 1647">
     <span class='ocr_line' id='line_1_17' title="bbox 276 1574 1811 1647; baseline -0.001 -15"><span class='ocrx_word' id='word_1_121' title='bbox 276 1574 387 1632; x_wconf 69' lang='lat' dir='ltr'><strong>Sed</strong></span> <span class='ocrx_word' id='word_1_122' title='bbox 442 1575 551 1636; x_wconf 88' lang='lat' dir='ltr'><strong>dic.</strong></span> <span class='ocrx_word' id='word_1_123' title='bbox 581 1590 783 1647; x_wconf 65' lang='lat' dir='ltr'><strong>quaeso.</strong></span> <span class='ocrx_word' id='word_1_124' title='bbox 812 1578 883 1631; x_wconf 91' lang='lat' dir='ltr'><strong>mi</strong></span> <span class='ocrx_word' id='word_1_125' title='bbox 914 1577 1143 1637; x_wconf 59' lang='lat' dir='ltr'><strong>Dalla‘e;</strong></span> <span class='ocrx_word' id='word_1_126' title='bbox 1177 1576 1361 1632; x_wconf 82' lang='lat' dir='ltr'><strong>lateris</strong></span> <span class='ocrx_word' id='word_1_127' title='bbox 1384 1576 1529 1646; x_wconf 86' lang='lat' dir='ltr'><strong>quod</strong></span> <span class='ocrx_word' id='word_1_128' title='bbox 1556 1576 1811 1632; x_wconf 55' lang='lat' dir='ltr'><strong>dissimu-</strong></span> 
     </span>
    </p>
   </div>
   <div class='ocr_carea' id='block_1_18' title="bbox 206 1666 1811 1737">
    <p class='ocr_par' dir='ltr' id='par_1_18' title="bbox 206 1666 1811 1737">
     <span class='ocr_line' id='line_1_18' title="bbox 206 1666 1811 1737; baseline -0.001 -13"><span class='ocrx_word' id='word_1_129' title='bbox 206 1669 323 1725; x_wconf 86' lang='lat' dir='ltr'><strong>lare</strong></span> <span class='ocrx_word' id='word_1_130' title='bbox 350 1667 589 1737; x_wconf 85' lang='lat' dir='ltr'><strong>amplius</strong></span> <span class='ocrx_word' id='word_1_131' title='bbox 627 1683 730 1723; x_wconf 87' lang='lat' dir='ltr'><strong>non</strong></span> <span class='ocrx_word' id='word_1_132' title='bbox 763 1669 999 1737; x_wconf 87' lang='lat' dir='ltr'><strong>potuisti,</strong></span> <span class='ocrx_word' id='word_1_133' title='bbox 1028 1684 1151 1724; x_wconf 89' lang='lat' dir='ltr'><strong>suas</strong></span> <span class='ocrx_word' id='word_1_134' title='bbox 1176 1666 1498 1724; x_wconf 83' lang='lat' dir='ltr'><strong>Christianis</strong></span> <span class='ocrx_word' id='word_1_135' title='bbox 1528 1670 1689 1723; x_wconf 81' lang='lat' dir='ltr'><strong>fuisse</strong></span> <span class='ocrx_word' id='word_1_136' title='bbox 1724 1683 1811 1723; x_wconf 86' lang='lat' dir='ltr'><strong>sa-</strong></span> 
     </span>
    </p>
   </div>
   <div class='ocr_carea' id='block_1_19' title="bbox 1906 449 3517 523">
    <p class='ocr_par' dir='ltr' id='par_1_19' title="bbox 1906 449 3517 523">
     <span class='ocr_line' id='line_1_19' title="bbox 1906 449 3517 523; baseline 0.006 -18"><span class='ocrx_word' id='word_1_137' title='bbox 1906 450 2077 505; x_wconf 67' lang='lat' dir='ltr'><strong>.Iudaai</strong></span> <span class='ocrx_word' id='word_1_138' title='bbox 2106 467 2126 504; x_wconf 80' lang='grc' dir='ltr'><strong>ι</strong></span> <span class='ocrx_word' id='word_1_139' title='bbox 2162 449 2230 505; x_wconf 89' lang='lat' dir='ltr'><strong>de</strong></span> <span class='ocrx_word' id='word_1_140' title='bbox 2262 449 2515 515; x_wconf 86' lang='lat' dir='ltr'><strong>victimis,</strong></span> <span class='ocrx_word' id='word_1_141' title='bbox 2553 468 2572 501; x_wconf 73' lang='grc' dir='ltr'><strong>ι</strong></span> <span class='ocrx_word' id='word_1_142' title='bbox 2603 449 2740 505; x_wconf 90' lang='lat' dir='ltr'><strong>libro</strong></span> <span class='ocrx_word' id='word_1_143' title='bbox 2786 450 2903 507; x_wconf 79' lang='lat' dir='ltr'><strong>lucc</strong></span> <span class='ocrx_word' id='word_1_144' title='bbox 2959 451 3189 523; x_wconf 79' lang='lat' dir='ltr'><strong>legimus</strong></span> <span class='ocrx_word' id='word_1_145' title='bbox 3217 472 3231 509; x_wconf 91' lang='lat'><strong>:</strong></span> <span class='ocrx_word' id='word_1_146' title='bbox 3260 463 3363 511; x_wconf 78' lang='grc' dir='ltr'><strong>Τυῦ</strong></span> <span class='ocrx_word' id='word_1_147' title='bbox 3391 464 3517 516; x_wconf 69' lang='grc' dir='ltr'><strong>Θεοῦ</strong></span> 
     </span>
    </p>
   </div>
   <div class='ocr_carea' id='block_1_20' title="bbox 1908 550 3516 619">
    <p class='ocr_par' dir='ltr' id='par_1_20' title="bbox 1908 550 3516 619">
     <span class='ocr_line' id='line_1_20' title="bbox 1908 550 3516 619; baseline 0.003 -19"><span class='ocrx_word' id='word_1_148' title='bbox 1908 553 2237 617; x_wconf 56' lang='grc' dir='ltr'><strong>θυμιατήριον</strong></span> <span class='ocrx_word' id='word_1_149' title='bbox 2261 553 2386 602; x_wconf 62' lang='grc' dir='ltr'><strong>ἑστιν</strong></span> <span class='ocrx_word' id='word_1_150' title='bbox 2413 552 2442 606; x_wconf 82' lang='grc' dir='ltr'>ἡ</span> <span class='ocrx_word' id='word_1_151' title='bbox 2468 550 2746 616; x_wconf 62' lang='lat' dir='ltr'><strong>(excipiat-ac</strong></span> <span class='ocrx_word' id='word_1_152' title='bbox 2789 553 2874 604; x_wconf 80' lang='grc' dir='ltr'><strong>τοῦ</strong></span> <span class='ocrx_word' id='word_1_153' title='bbox 2913 556 3056 619; x_wconf 70' lang='grc' dir='ltr'><strong><em>σοφοῦ</em></strong></span> <span class='ocrx_word' id='word_1_154' title='bbox 3100 557 3249 618; x_wconf 59' lang='lat' dir='ltr'><strong>pexa,</strong></span> <span class='ocrx_word' id='word_1_155' title='bbox 3304 556 3516 617; x_wconf 76' lang='grc' dir='ltr'><strong>παγεῖσοι</strong></span> 
     </span>
    </p>
   </div>
   <div class='ocr_carea' id='block_1_21' title="bbox 1908 641 3517 710">
    <p class='ocr_par' dir='ltr' id='par_1_21' title="bbox 1908 641 3517 710">
     <span class='ocr_line' id='line_1_21' title="bbox 1908 641 3517 710; baseline 0.004 -17"><span class='ocrx_word' id='word_1_156' title='bbox 1908 643 1959 694; x_wconf 72' lang='grc' dir='ltr'><strong>ἐκ</strong></span> <span class='ocrx_word' id='word_1_157' title='bbox 1981 645 2171 696; x_wconf 58' lang='lat' dir='ltr'><strong>uilior;</strong></span> <span class='ocrx_word' id='word_1_158' title='bbox 2199 641 2412 709; x_wconf 67' lang='grc' dir='ltr'><strong>ἀριθμῶν</strong></span> <span class='ocrx_word' id='word_1_159' title='bbox 2440 642 2658 707; x_wconf 75' lang='grc' dir='ltr'><strong>ἀτμιτων</strong></span> <span class='ocrx_word' id='word_1_160' title='bbox 2682 645 2768 694; x_wconf 67' lang='grc' dir='ltr'><strong>καὶ</strong></span> <span class='ocrx_word' id='word_1_161' title='bbox 2800 643 3109 710; x_wconf 62' lang='grc' dir='ltr'><strong>ἀδιαιρὶτωνω</strong></span> <span class='ocrx_word' id='word_1_162' title='bbox 3162 658 3181 693; x_wconf 77' lang='lat' dir='ltr'><strong>t</strong></span> <span class='ocrx_word' id='word_1_163' title='bbox 3223 642 3313 697; x_wconf 88' lang='lat' dir='ltr'><strong>Dei</strong></span> <span class='ocrx_word' id='word_1_164' title='bbox 3342 644 3517 700; x_wconf 87' lang='lat' dir='ltr'><strong>altare</strong></span> 
     </span>
    </p>
   </div>
   <div class='ocr_carea' id='block_1_22' title="bbox 1912 730 3512 802">
    <p class='ocr_par' dir='ltr' id='par_1_22' title="bbox 1912 730 3512 802">
     <span class='ocr_line' id='line_1_22' title="bbox 1912 730 3512 802; baseline 0.003 -14"><span class='ocrx_word' id='word_1_165' title='bbox 1912 730 2228 801; x_wconf 78' lang='lat' dir='ltr'><strong>intelligitur</strong></span> <span class='ocrx_word' id='word_1_166' title='bbox 2253 742 2404 801; x_wconf 83' lang='lat' dir='ltr'><strong>grata</strong></span> <span class='ocrx_word' id='word_1_167' title='bbox 2443 730 2707 801; x_wconf 83' lang='lat' dir='ltr'><strong>sapientis</strong></span> <span class='ocrx_word' id='word_1_168' title='bbox 2742 732 2954 797; x_wconf 89' lang='lat' dir='ltr'><strong>anima,</strong></span> <span class='ocrx_word' id='word_1_169' title='bbox 2996 741 3273 802; x_wconf 85' lang='lat' dir='ltr'><strong>compacta</strong></span> <span class='ocrx_word' id='word_1_170' title='bbox 3313 750 3385 791; x_wconf 83' lang='lat' dir='ltr'><strong>ex</strong></span> <span class='ocrx_word' id='word_1_171' title='bbox 3408 752 3512 793; x_wconf 91' lang='lat' dir='ltr'><strong>uu-</strong></span> 
     </span>
    </p>
   </div>
   <div class='ocr_carea' id='block_1_23' title="bbox 1914 822 3515 896">
    <p class='ocr_par' dir='ltr' id='par_1_23' title="bbox 1914 822 3515 896">
     <span class='ocr_line' id='line_1_23' title="bbox 1914 822 3515 896; baseline 0.001 -13"><span class='ocrx_word' id='word_1_172' title='bbox 1914 826 2082 883; x_wconf 87' lang='lat' dir='ltr'><strong>meris</strong></span> <span class='ocrx_word' id='word_1_173' title='bbox 2109 824 2299 879; x_wconf 73' lang='grc' dir='ltr'><strong>ευιίἀίε</strong></span> <span class='ocrx_word' id='word_1_174' title='bbox 2323 834 2378 880; x_wconf 88' lang='lat' dir='ltr'><strong>et</strong></span> <span class='ocrx_word' id='word_1_175' title='bbox 2418 822 2728 880; x_wconf 72' lang='lat' dir='ltr'><strong>individuis.</strong></span> <span class='ocrx_word' id='word_1_176' title='bbox 2777 843 2797 877; x_wconf 74' lang='grc' dir='ltr'><strong>ι</strong></span> <span class='ocrx_word' id='word_1_177' title='bbox 2841 827 2912 880; x_wconf 79' lang='lat' dir='ltr'><strong>At</strong></span> <span class='ocrx_word' id='word_1_178' title='bbox 2940 824 3098 896; x_wconf 86' lang='lat' dir='ltr'><strong>longe</strong></span> <span class='ocrx_word' id='word_1_179' title='bbox 3125 826 3276 895; x_wconf 86' lang='lat' dir='ltr'><strong>plura</strong></span> <span class='ocrx_word' id='word_1_180' title='bbox 3304 843 3423 883; x_wconf 91' lang='lat' dir='ltr'><strong>eam</strong></span> <span class='ocrx_word' id='word_1_181' title='bbox 3452 828 3515 884; x_wconf 85' lang='lat' dir='ltr'><strong>in</strong></span> 
     </span>
    </p>
   </div>
   <div class='ocr_carea' id='block_1_24' title="bbox 1911 918 3512 995">
    <p class='ocr_par' dir='ltr' id='par_1_24' title="bbox 1911 918 3512 995">
     <span class='ocr_line' id='line_1_24' title="bbox 1911 918 3512 995; baseline 0.002 -20"><span class='ocrx_word' id='word_1_182' title='bbox 1911 936 2024 976; x_wconf 86' lang='lat' dir='ltr'><strong>rem</strong></span> <span class='ocrx_word' id='word_1_183' title='bbox 2054 918 2217 991; x_wconf 90' lang='lat' dir='ltr'><strong>paulo</strong></span> <span class='ocrx_word' id='word_1_184' title='bbox 2246 930 2372 974; x_wconf 88' lang='lat' dir='ltr'><strong>ante</strong></span> <span class='ocrx_word' id='word_1_185' title='bbox 2412 918 2704 989; x_wconf 83' lang='lat' dir='ltr'><strong>Scripserat</strong></span> <span class='ocrx_word' id='word_1_186' title='bbox 2743 919 3019 993; x_wconf 88' lang='lat' dir='ltr'><strong>(Pltilon.,</strong></span> <span class='ocrx_word' id='word_1_187' title='bbox 3051 920 3142 977; x_wconf 89' lang='lat' dir='ltr'><strong>lib.</strong></span> <span class='ocrx_word' id='word_1_188' title='bbox 3175 922 3239 976; x_wconf 84' lang='lat' dir='ltr'><strong>de</strong></span> <span class='ocrx_word' id='word_1_189' title='bbox 3278 920 3512 995; x_wconf 68' lang='lat' dir='ltr'><strong>Victum,</strong></span> 
     </span>
    </p>
   </div>
   <div class='ocr_carea' id='block_1_25' title="bbox 1913 1010 2233 1085">
    <p class='ocr_par' dir='ltr' id='par_1_25' title="bbox 1913 1010 2233 1085">
     <span class='ocr_line' id='line_1_25' title="bbox 1913 1010 2233 1085; baseline -0.003 -20"><span class='ocrx_word' id='word_1_190' title='bbox 1913 1027 2012 1085; x_wconf 84' lang='lat' dir='ltr'><strong>pag</strong></span> <span class='ocrx_word' id='word_1_191' title='bbox 2066 1010 2163 1068; x_wconf 79' lang='grc'><strong>851</strong></span> <span class='ocrx_word' id='word_1_192' title='bbox 2192 1013 2233 1083; x_wconf 84' lang='grc'><strong>).</strong></span> 
     </span>
    </p>
   </div>
   <div class='ocr_carea' id='block_1_26' title="bbox 1983 1104 3516 1172">
    <p class='ocr_par' dir='ltr' id='par_1_26' title="bbox 1983 1104 3516 1172">
     <span class='ocr_line' id='line_1_26' title="bbox 1983 1104 3516 1172; baseline 0.006 -10"><span class='ocrx_word' id='word_1_193' title='bbox 1983 1105 2209 1162; x_wconf 88' lang='lat' dir='ltr'><strong>Gentilis</strong></span> <span class='ocrx_word' id='word_1_194' title='bbox 2233 1120 2364 1161; x_wconf 87' lang='lat' dir='ltr'><strong>vero</strong></span> <span class='ocrx_word' id='word_1_195' title='bbox 2393 1104 2600 1163; x_wconf 87' lang='lat' dir='ltr'><strong>Seneca</strong></span> <span class='ocrx_word' id='word_1_196' title='bbox 2627 1148 2641 1172; x_wconf 90' lang='lat'><strong>,</strong></span> <span class='ocrx_word' id='word_1_197' title='bbox 2673 1122 2702 1162; x_wconf 87' lang='lat' dir='ltr'><strong>a</strong></span> <span class='ocrx_word' id='word_1_198' title='bbox 2729 1107 3011 1167; x_wconf 82' lang='lat' dir='ltr'><strong>Lactantio</strong></span> <span class='ocrx_word' id='word_1_199' title='bbox 3049 1110 3245 1168; x_wconf 89' lang='lat' dir='ltr'><strong>citatus</strong></span> <span class='ocrx_word' id='word_1_200' title='bbox 3277 1130 3292 1166; x_wconf 85' lang='lat'><strong>:</strong></span> <span class='ocrx_word' id='word_1_201' title='bbox 3340 1131 3360 1166; x_wconf 81' lang='lat' dir='ltr'><strong>r</strong></span> <span class='ocrx_word' id='word_1_202' title='bbox 3395 1113 3516 1171; x_wconf 89' lang='lat' dir='ltr'><strong>Non</strong></span> 
     </span>
    </p>
   </div>
   <div class='ocr_carea' id='block_1_27' title="bbox 1911 1200 3518 1274">
    <p class='ocr_par' dir='ltr' id='par_1_27' title="bbox 1911 1200 3518 1274">
     <span class='ocr_line' id='line_1_27' title="bbox 1911 1200 3518 1274; baseline 0.005 -17"><span class='ocrx_word' id='word_1_203' title='bbox 1911 1210 1995 1257; x_wconf 88' lang='lat' dir='ltr'><strong>est</strong></span> <span class='ocrx_word' id='word_1_204' title='bbox 2021 1200 2342 1257; x_wconf 88' lang='lat' dir='ltr'><strong>beneﬁcium</strong></span> <span class='ocrx_word' id='word_1_205' title='bbox 2385 1202 2558 1270; x_wconf 86' lang='lat' dir='ltr'><strong>ipsum</strong></span> <span class='ocrx_word' id='word_1_206' title='bbox 2585 1243 2600 1266; x_wconf 93' lang='lat'><strong>,</strong></span> <span class='ocrx_word' id='word_1_207' title='bbox 2644 1202 2855 1273; x_wconf 86' lang='lat' dir='ltr'><strong>inquit,</strong></span> <span class='ocrx_word' id='word_1_208' title='bbox 2885 1206 3027 1273; x_wconf 80' lang='lat' dir='ltr'><strong>quod</strong></span> <span class='ocrx_word' id='word_1_209' title='bbox 3057 1218 3390 1274; x_wconf 82' lang='lat' dir='ltr'><strong>numeratur,</strong></span> <span class='ocrx_word' id='word_1_210' title='bbox 3420 1216 3518 1265; x_wconf 82' lang='lat' dir='ltr'><strong>aut.</strong></span> 
     </span>
    </p>
   </div>
   <div class='ocr_carea' id='block_1_28' title="bbox 1914 1295 3514 1373">
    <p class='ocr_par' dir='ltr' id='par_1_28' title="bbox 1914 1295 3514 1373">
     <span class='ocr_line' id='line_1_28' title="bbox 1914 1295 3514 1373; baseline 0.004 -21"><span class='ocrx_word' id='word_1_211' title='bbox 1914 1295 2162 1352; x_wconf 85' lang='lat' dir='ltr'><strong>traditur.</strong></span> <span class='ocrx_word' id='word_1_212' title='bbox 2198 1295 2349 1351; x_wconf 90' lang='lat' dir='ltr'><strong>Sicut</strong></span> <span class='ocrx_word' id='word_1_213' title='bbox 2379 1310 2480 1351; x_wconf 89' lang='lat' dir='ltr'><strong>nec</strong></span> <span class='ocrx_word' id='word_1_214' title='bbox 2509 1296 2562 1350; x_wconf 92' lang='lat' dir='ltr'><strong>in</strong></span> <span class='ocrx_word' id='word_1_215' title='bbox 2604 1295 2837 1352; x_wconf 84' lang='lat' dir='ltr'><strong>victimis</strong></span> <span class='ocrx_word' id='word_1_216' title='bbox 2865 1297 3118 1368; x_wconf 85' lang='lat' dir='ltr'><strong>quidem,</strong></span> <span class='ocrx_word' id='word_1_217' title='bbox 3152 1301 3275 1356; x_wconf 90' lang='lat' dir='ltr'><strong>licet</strong></span> <span class='ocrx_word' id='word_1_218' title='bbox 3313 1302 3514 1373; x_wconf 74' lang='lat' dir='ltr'><strong>opima:</strong></span> 
     </span>
    </p>
   </div>
   <div class='ocr_carea' id='block_1_29' title="bbox 1914 1388 3538 1463">
    <p class='ocr_par' dir='ltr' id='par_1_29' title="bbox 1914 1388 3538 1463">
     <span class='ocr_line' id='line_1_29' title="bbox 1914 1388 3538 1463; baseline 0.005 -18"><span class='ocrx_word' id='word_1_219' title='bbox 1914 1391 2053 1457; x_wconf 88' lang='lat' dir='ltr'><strong>sint,</strong></span> <span class='ocrx_word' id='word_1_220' title='bbox 2084 1404 2322 1461; x_wconf 89' lang='lat' dir='ltr'><strong>auroque</strong></span> <span class='ocrx_word' id='word_1_221' title='bbox 2350 1388 2736 1461; x_wconf 71' lang='lat' dir='ltr'><strong>praefulgeant,</strong></span> <span class='ocrx_word' id='word_1_222' title='bbox 2778 1390 3002 1446; x_wconf 88' lang='lat' dir='ltr'><strong>deorum</strong></span> <span class='ocrx_word' id='word_1_223' title='bbox 3035 1403 3117 1447; x_wconf 86' lang='lat' dir='ltr'><strong>est</strong></span> <span class='ocrx_word' id='word_1_224' title='bbox 3158 1394 3330 1450; x_wconf 91' lang='lat' dir='ltr'><strong>honos</strong></span> <span class='ocrx_word' id='word_1_225' title='bbox 3355 1437 3370 1463; x_wconf 90' lang='lat'><strong>,</strong></span> <span class='ocrx_word' id='word_1_226' title='bbox 3412 1396 3538 1463; x_wconf 29' lang='lat' dir='ltr'><strong>sed,</strong></span> 
     </span>
    </p>
   </div>
   <div class='ocr_carea' id='block_1_30' title="bbox 1913 1485 3516 1556">
    <p class='ocr_par' dir='ltr' id='par_1_30' title="bbox 1913 1485 3516 1556">
     <span class='ocr_line' id='line_1_30' title="bbox 1913 1485 3516 1556; baseline 0.006 -20"><span class='ocrx_word' id='word_1_227' title='bbox 1913 1485 1998 1555; x_wconf 87' lang='lat' dir='ltr'><strong>pia</strong></span> <span class='ocrx_word' id='word_1_228' title='bbox 2027 1499 2091 1540; x_wconf 91' lang='lat' dir='ltr'><strong>ac</strong></span> <span class='ocrx_word' id='word_1_229' title='bbox 2115 1494 2255 1540; x_wconf 88' lang='lat' dir='ltr'><strong>recta</strong></span> <span class='ocrx_word' id='word_1_230' title='bbox 2285 1493 2464 1541; x_wconf 87' lang='lat' dir='ltr'><strong>mente</strong></span> <span class='ocrx_word' id='word_1_231' title='bbox 2492 1485 2864 1541; x_wconf 76' lang='lat' dir='ltr'><strong>venerantium</strong></span> <span class='ocrx_word' id='word_1_232' title='bbox 2901 1505 2921 1538; x_wconf 76' lang='grc' dir='ltr'><strong>ι</strong></span> <span class='ocrx_word' id='word_1_233' title='bbox 2959 1486 3217 1556; x_wconf 59' lang='lat' dir='ltr'><strong>(Senem,</strong></span> <span class='ocrx_word' id='word_1_234' title='bbox 3248 1489 3341 1545; x_wconf 91' lang='lat' dir='ltr'><strong>lib.</strong></span> <span class='ocrx_word' id='word_1_235' title='bbox 3374 1506 3410 1553; x_wconf 83' lang='grc' dir='ltr'>ι,</span> <span class='ocrx_word' id='word_1_236' title='bbox 3447 1490 3516 1546; x_wconf 82' lang='lat' dir='ltr'><strong>de</strong></span> 
     </span>
    </p>
   </div>
   <div class='ocr_carea' id='block_1_31' title="bbox 1912 1575 3515 1653">
    <p class='ocr_par' dir='ltr' id='par_1_31' title="bbox 1912 1575 3515 1653">
     <span class='ocr_line' id='line_1_31' title="bbox 1912 1575 3515 1653; baseline 0.006 -22"><span class='ocrx_word' id='word_1_237' title='bbox 1912 1575 2122 1646; x_wconf 82' lang='lat' dir='ltr'><strong>Benef.,</strong></span> <span class='ocrx_word' id='word_1_238' title='bbox 2161 1592 2280 1648; x_wconf 86' lang='lat' dir='ltr'><strong>cap.</strong></span> <span class='ocrx_word' id='word_1_239' title='bbox 2312 1578 2377 1643; x_wconf 89' lang='lat'><strong>6;</strong></span> <span class='ocrx_word' id='word_1_240' title='bbox 2409 1578 2680 1645; x_wconf 59' lang='lat' dir='ltr'><strong>Lactant,</strong></span> <span class='ocrx_word' id='word_1_241' title='bbox 2714 1578 2806 1634; x_wconf 90' lang='lat' dir='ltr'><strong>lib.</strong></span> <span class='ocrx_word' id='word_1_242' title='bbox 2847 1594 2921 1643; x_wconf 84' lang='lat' dir='ltr'><strong>vr,</strong></span> <span class='ocrx_word' id='word_1_243' title='bbox 2956 1578 3215 1643; x_wconf 77' lang='lat' dir='ltr'><strong>lmtitut.,</strong></span> <span class='ocrx_word' id='word_1_244' title='bbox 3252 1598 3370 1653; x_wconf 88' lang='lat' dir='ltr'><strong>cap.</strong></span> <span class='ocrx_word' id='word_1_245' title='bbox 3404 1582 3515 1651; x_wconf 72' lang='lat'><strong>25,</strong></span> 
     </span>
    </p>
   </div>
   <div class='ocr_carea' id='block_1_32' title="bbox 1915 1670 3518 1746">
    <p class='ocr_par' dir='ltr' id='par_1_32' title="bbox 1915 1670 3518 1746">
     <span class='ocr_line' id='line_1_32' title="bbox 1915 1670 3518 1746; baseline 0.004 -18"><span class='ocrx_word' id='word_1_246' title='bbox 1915 1689 2036 1746; x_wconf 80' lang='lat' dir='ltr'><strong>pag.</strong></span> <span class='ocrx_word' id='word_1_247' title='bbox 2073 1673 2181 1730; x_wconf 75' lang='grc'><strong>658</strong></span> <span class='ocrx_word' id='word_1_248' title='bbox 2204 1682 2241 1739; x_wconf 88' lang='grc'><strong>).</strong></span> <span class='ocrx_word' id='word_1_249' title='bbox 2273 1674 2412 1742; x_wconf 86' lang='lat' dir='ltr'><strong>Quin</strong></span> <span class='ocrx_word' id='word_1_250' title='bbox 2439 1674 2601 1729; x_wconf 89' lang='lat' dir='ltr'><strong>etiam</strong></span> <span class='ocrx_word' id='word_1_251' title='bbox 2641 1675 2788 1745; x_wconf 80' lang='lat' dir='ltr'><strong>prius</strong></span> <span class='ocrx_word' id='word_1_252' title='bbox 2816 1670 3010 1728; x_wconf 89' lang='lat' dir='ltr'><strong>Cicero</strong></span> <span class='ocrx_word' id='word_1_253' title='bbox 3040 1691 3054 1729; x_wconf 92' lang='lat'><strong>:</strong></span> <span class='ocrx_word' id='word_1_254' title='bbox 3088 1692 3109 1726; x_wconf 73' lang='grc' dir='ltr'><strong>ι</strong></span> <span class='ocrx_word' id='word_1_255' title='bbox 3142 1675 3333 1731; x_wconf 89' lang='lat' dir='ltr'><strong>Cultus</strong></span> <span class='ocrx_word' id='word_1_256' title='bbox 3353 1717 3369 1742; x_wconf 90' lang='lat'><strong>,</strong></span> <span class='ocrx_word' id='word_1_257' title='bbox 3398 1678 3518 1734; x_wconf 89' lang='lat' dir='ltr'><strong>aie-</strong></span> 
     </span>
    </p>
   </div>
   <div class='ocr_carea' id='block_1_33' title="bbox 207 1762 3524 1839">
    <p class='ocr_par' dir='ltr' id='par_1_33' title="bbox 207 1762 3524 1839">
     <span class='ocr_line' id='line_1_33' title="bbox 207 1762 3524 1839; baseline 0.001 -21"><span class='ocrx_word' id='word_1_258' title='bbox 207 1777 335 1818; x_wconf 88' lang='lat' dir='ltr'><strong>cras</strong></span> <span class='ocrx_word' id='word_1_259' title='bbox 361 1763 525 1826; x_wconf 75' lang='lat' dir='ltr'><strong>ardes,</strong></span> <span class='ocrx_word' id='word_1_260' title='bbox 556 1776 717 1833; x_wconf 81' lang='lat' dir='ltr'><strong>negas</strong></span> <span class='ocrx_word' id='word_1_261' title='bbox 744 1762 953 1828; x_wconf 82' lang='lat' dir='ltr'><strong>altaria,</strong></span> <span class='ocrx_word' id='word_1_262' title='bbox 987 1778 1151 1833; x_wconf 86' lang='lat' dir='ltr'><strong>negas</strong></span> <span class='ocrx_word' id='word_1_263' title='bbox 1176 1762 1481 1830; x_wconf 86' lang='lat' dir='ltr'><strong>simulacra,</strong></span> <span class='ocrx_word' id='word_1_264' title='bbox 1515 1762 1600 1819; x_wconf 90' lang='lat' dir='ltr'><strong>ubi</strong></span> <span class='ocrx_word' id='word_1_265' title='bbox 1633 1762 1812 1819; x_wconf 88' lang='lat' dir='ltr'><strong>tides?</strong></span> <span class='ocrx_word' id='word_1_266' title='bbox 1840 1766 1889 1827; x_wconf 92' lang='lat' dir='ltr'><strong>B</strong></span> <span class='ocrx_word' id='word_1_267' title='bbox 1917 1767 2029 1832; x_wconf 87' lang='lat' dir='ltr'><strong>bat,</strong></span> <span class='ocrx_word' id='word_1_268' title='bbox 2060 1766 2286 1822; x_wconf 91' lang='lat' dir='ltr'><strong>deorum</strong></span> <span class='ocrx_word' id='word_1_269' title='bbox 2328 1775 2412 1822; x_wconf 89' lang='lat' dir='ltr'><strong>est</strong></span> <span class='ocrx_word' id='word_1_270' title='bbox 2437 1768 2696 1837; x_wconf 72' lang='lat' dir='ltr'><strong>optimus,</strong></span> <span class='ocrx_word' id='word_1_271' title='bbox 2724 1766 2975 1836; x_wconf 87' lang='lat' dir='ltr'><strong>idemque</strong></span> <span class='ocrx_word' id='word_1_272' title='bbox 3001 1765 3337 1823; x_wconf 72' lang='lat' dir='ltr'><strong>castiSSiutus</strong></span> <span class='ocrx_word' id='word_1_273' title='bbox 3356 1810 3372 1834; x_wconf 86' lang='lat'><strong>,</strong></span> <span class='ocrx_word' id='word_1_274' title='bbox 3406 1769 3524 1839; x_wconf 64' lang='lat' dir='ltr'><strong>ple.</strong></span> 
     </span>
    </p>
   </div>
   <div class='ocr_carea' id='block_1_34' title="bbox 203 1855 1811 1927">
    <p class='ocr_par' dir='ltr' id='par_1_34' title="bbox 203 1855 1811 1927">
     <span class='ocr_line' id='line_1_34' title="bbox 203 1855 1811 1927; baseline -0.001 -14"><span class='ocrx_word' id='word_1_275' title='bbox 203 1856 401 1913; x_wconf 82' lang='lat' dir='ltr'><strong>Nonne</strong></span> <span class='ocrx_word' id='word_1_276' title='bbox 428 1856 617 1912; x_wconf 88' lang='lat' dir='ltr'><strong>eodem</strong></span> <span class='ocrx_word' id='word_1_277' title='bbox 648 1856 806 1927; x_wconf 90' lang='lat' dir='ltr'><strong>plane</strong></span> <span class='ocrx_word' id='word_1_278' title='bbox 835 1857 997 1913; x_wconf 84' lang='lat' dir='ltr'><strong>tundo</strong></span> <span class='ocrx_word' id='word_1_279' title='bbox 1016 1857 1151 1912; x_wconf 80' lang='lat' dir='ltr'><strong>dixit</strong></span> <span class='ocrx_word' id='word_1_280' title='bbox 1179 1858 1437 1913; x_wconf 84' lang='lat' dir='ltr'><strong>Minucius</strong></span> <span class='ocrx_word' id='word_1_281' title='bbox 1468 1875 1481 1911; x_wconf 88' lang='lat'><strong>:</strong></span> <span class='ocrx_word' id='word_1_282' title='bbox 1518 1876 1538 1911; x_wconf 78' lang='grc' dir='ltr'><strong>ι</strong></span> <span class='ocrx_word' id='word_1_283' title='bbox 1557 1855 1667 1914; x_wconf 90' lang='lat' dir='ltr'><strong>Cur</strong></span> <span class='ocrx_word' id='word_1_284' title='bbox 1692 1857 1811 1912; x_wconf 91' lang='lat' dir='ltr'><strong>nul-</strong></span> 
     </span>
    </p>
   </div>
   <div class='ocr_carea' id='block_1_35' title="bbox 204 1949 1805 2021">
    <p class='ocr_par' dir='ltr' id='par_1_35' title="bbox 204 1949 1805 2021">
     <span class='ocr_line' id='line_1_35' title="bbox 204 1949 1805 2021; baseline -0.001 -16"><span class='ocrx_word' id='word_1_285' title='bbox 204 1949 289 2005; x_wconf 88' lang='lat' dir='ltr'><strong>las</strong></span> <span class='ocrx_word' id='word_1_286' title='bbox 316 1966 442 2004; x_wconf 88' lang='lat' dir='ltr'><strong>aras</strong></span> <span class='ocrx_word' id='word_1_287' title='bbox 472 1949 702 2015; x_wconf 90' lang='lat' dir='ltr'><strong>habent,</strong></span> <span class='ocrx_word' id='word_1_288' title='bbox 734 1951 928 2021; x_wconf 86' lang='lat' dir='ltr'><strong>templa</strong></span> <span class='ocrx_word' id='word_1_289' title='bbox 957 1950 1124 2016; x_wconf 71' lang='lat' dir='ltr'><strong>nulla,</strong></span> <span class='ocrx_word' id='word_1_290' title='bbox 1146 1950 1288 2006; x_wconf 90' lang='lat' dir='ltr'><strong>nulla</strong></span> <span class='ocrx_word' id='word_1_291' title='bbox 1306 1961 1430 2006; x_wconf 88' lang='lat' dir='ltr'><strong>nota</strong></span> <span class='ocrx_word' id='word_1_292' title='bbox 1451 1950 1733 2006; x_wconf 84' lang='lat' dir='ltr'><strong>simulacra</strong></span> <span class='ocrx_word' id='word_1_293' title='bbox 1752 1950 1805 2003; x_wconf 66' lang='grc' dir='ltr'><strong>’ἐι</strong></span> 
     </span>
    </p>
   </div>
   <div class='ocr_carea' id='block_1_36' title="bbox 207 2042 1813 2117">
    <p class='ocr_par' dir='ltr' id='par_1_36' title="bbox 207 2042 1813 2117">
     <span class='ocr_line' id='line_1_36' title="bbox 207 2042 1813 2117; baseline 0.001 -17"><span class='ocrx_word' id='word_1_294' title='bbox 207 2042 320 2100; x_wconf 85' lang='lat' dir='ltr'><strong>Cur</strong></span> <span class='ocrx_word' id='word_1_295' title='bbox 343 2060 473 2116; x_wconf 90' lang='lat' dir='ltr'><strong>ergo</strong></span> <span class='ocrx_word' id='word_1_296' title='bbox 519 2061 682 2100; x_wconf 89' lang='lat' dir='ltr'><strong>unum</strong></span> <span class='ocrx_word' id='word_1_297' title='bbox 715 2045 1002 2110; x_wconf 83' lang='lat' dir='ltr'><strong>concedis,</strong></span> <span class='ocrx_word' id='word_1_298' title='bbox 1037 2061 1201 2117; x_wconf 72' lang='lat' dir='ltr'><strong>negas</strong></span> <span class='ocrx_word' id='word_1_299' title='bbox 1229 2046 1505 2101; x_wconf 86' lang='lat' dir='ltr'><strong>alterum?</strong></span> <span class='ocrx_word' id='word_1_300' title='bbox 1540 2043 1813 2116; x_wconf 82' lang='lat' dir='ltr'><strong>Numquid</strong></span> 
     </span>
    </p>
   </div>
   <div class='ocr_carea' id='block_1_37' title="bbox 213 2135 1815 2209">
    <p class='ocr_par' dir='ltr' id='par_1_37' title="bbox 213 2135 1815 2209">
     <span class='ocr_line' id='line_1_37' title="bbox 213 2135 1815 2209; baseline 0.001 -17"><span class='ocrx_word' id='word_1_301' title='bbox 213 2154 233 2187; x_wconf 77' lang='grc' dir='ltr'><strong>ι</strong></span> <span class='ocrx_word' id='word_1_302' title='bbox 264 2135 370 2192; x_wconf 80' lang='lat' dir='ltr'><strong>fuit</strong></span> <span class='ocrx_word' id='word_1_303' title='bbox 401 2153 649 2209; x_wconf 83' lang='lat' dir='ltr'><strong>umquam</strong></span> <span class='ocrx_word' id='word_1_304' title='bbox 683 2154 731 2198; x_wconf 64' lang='grc' dir='ltr'>ι,</span> <span class='ocrx_word' id='word_1_305' title='bbox 762 2147 819 2192; x_wconf 83' lang='grc' dir='ltr'><strong>ιιι</strong></span> <span class='ocrx_word' id='word_1_306' title='bbox 850 2138 954 2193; x_wconf 88' lang='lat' dir='ltr'><strong>tuis</strong></span> <span class='ocrx_word' id='word_1_307' title='bbox 1000 2138 1129 2208; x_wconf 70' lang='lat' dir='ltr'><strong>ipsis</strong></span> <span class='ocrx_word' id='word_1_308' title='bbox 1161 2138 1342 2192; x_wconf 83' lang='lat' dir='ltr'><strong>verbis</strong></span> <span class='ocrx_word' id='word_1_309' title='bbox 1369 2147 1581 2193; x_wconf 85' lang='lat' dir='ltr'><strong>utamur</strong></span> <span class='ocrx_word' id='word_1_310' title='bbox 1606 2179 1620 2205; x_wconf 90' lang='lat'><strong>,</strong></span> <span class='ocrx_word' id='word_1_311' title='bbox 1659 2156 1678 2188; x_wconf 74' lang='grc' dir='ltr'><strong>ι</strong></span> <span class='ocrx_word' id='word_1_312' title='bbox 1709 2139 1815 2193; x_wconf 90' lang='lat' dir='ltr'><strong>ulla</strong></span> 
     </span>
    </p>
   </div>
   <div class='ocr_carea' id='block_1_38' title="bbox 205 2228 1819 2300">
    <p class='ocr_par' dir='ltr' id='par_1_38' title="bbox 205 2228 1819 2300">
     <span class='ocr_line' id='line_1_38' title="bbox 205 2228 1819 2300; baseline 0.001 -16"><span class='ocrx_word' id='word_1_313' title='bbox 205 2230 289 2284; x_wconf 84' lang='lat' dir='ltr'><strong>vis</strong></span> <span class='ocrx_word' id='word_1_314' title='bbox 315 2228 488 2300; x_wconf 84' lang='lat' dir='ltr'><strong>major</strong></span> <span class='ocrx_word' id='word_1_315' title='bbox 516 2240 607 2283; x_wconf 89' lang='lat' dir='ltr'><strong>aut</strong></span> <span class='ocrx_word' id='word_1_316' title='bbox 636 2230 888 2299; x_wconf 88' lang='lat' dir='ltr'><strong>iniquior.</strong></span> <span class='ocrx_word' id='word_1_317' title='bbox 915 2246 1074 2300; x_wconf 87' lang='lat' dir='ltr'><strong>quam</strong></span> <span class='ocrx_word' id='word_1_318' title='bbox 1118 2241 1174 2285; x_wconf 91' lang='lat' dir='ltr'><strong>ut</strong></span> <span class='ocrx_word' id='word_1_319' title='bbox 1204 2230 1295 2285; x_wconf 87' lang='lat' dir='ltr'><strong>tibi</strong></span> <span class='ocrx_word' id='word_1_320' title='bbox 1321 2230 1408 2300; x_wconf 87' lang='lat' dir='ltr'><strong>jus</strong></span> <span class='ocrx_word' id='word_1_321' title='bbox 1434 2238 1595 2299; x_wconf 89' lang='lat' dir='ltr'><strong>atque</strong></span> <span class='ocrx_word' id='word_1_322' title='bbox 1632 2237 1819 2285; x_wconf 88' lang='lat' dir='ltr'><strong>aucto-</strong></span> 
     </span>
    </p>
   </div>
   <div class='ocr_carea' id='block_1_39' title="bbox 208 2323 1818 2395">
    <p class='ocr_par' dir='ltr' id='par_1_39' title="bbox 208 2323 1818 2395">
     <span class='ocr_line' id='line_1_39' title="bbox 208 2323 1818 2395; baseline -0.001 -17"><span class='ocrx_word' id='word_1_323' title='bbox 208 2324 429 2378; x_wconf 81' lang='lat' dir='ltr'><strong>ritatem</strong></span> <span class='ocrx_word' id='word_1_324' title='bbox 455 2339 657 2389; x_wconf 86' lang='lat' dir='ltr'><strong>sumas,</strong></span> <span class='ocrx_word' id='word_1_325' title='bbox 689 2325 831 2393; x_wconf 86' lang='lat' dir='ltr'><strong>ipsas</strong></span> <span class='ocrx_word' id='word_1_326' title='bbox 858 2324 1155 2391; x_wconf 88' lang='lat' dir='ltr'><strong>hominum,</strong></span> <span class='ocrx_word' id='word_1_327' title='bbox 1180 2332 1236 2379; x_wconf 88' lang='lat' dir='ltr'><strong>et</strong></span> <span class='ocrx_word' id='word_1_328' title='bbox 1259 2323 1474 2395; x_wconf 85' lang='lat' dir='ltr'><strong>quidem</strong></span> <span class='ocrx_word' id='word_1_329' title='bbox 1500 2333 1625 2380; x_wconf 87' lang='lat' dir='ltr'><strong>ante</strong></span> <span class='ocrx_word' id='word_1_330' title='bbox 1653 2323 1818 2377; x_wconf 88' lang='lat' dir='ltr'><strong>multa</strong></span> 
     </span>
    </p>
   </div>
   <div class='ocr_carea' id='block_1_40' title="bbox 208 2416 1821 2488">
    <p class='ocr_par' dir='ltr' id='par_1_40' title="bbox 208 2416 1821 2488">
     <span class='ocr_line' id='line_1_40' title="bbox 208 2416 1821 2488; baseline 0 -18"><span class='ocrx_word' id='word_1_331' title='bbox 208 2416 411 2471; x_wconf 61' lang='lat' dir='ltr'><strong>saecula</strong></span> <span class='ocrx_word' id='word_1_332' title='bbox 443 2426 775 2471; x_wconf 90' lang='lat' dir='ltr'><strong>mortuorum</strong></span> <span class='ocrx_word' id='word_1_333' title='bbox 822 2418 1177 2487; x_wconf 87' lang='lat' dir='ltr'><strong>cogitationes</strong></span> <span class='ocrx_word' id='word_1_334' title='bbox 1216 2431 1316 2488; x_wconf 89' lang='lat' dir='ltr'><strong>pro</strong></span> <span class='ocrx_word' id='word_1_335' title='bbox 1357 2418 1581 2471; x_wconf 87' lang='lat' dir='ltr'><strong>arbitrio</strong></span> <span class='ocrx_word' id='word_1_336' title='bbox 1627 2417 1821 2471; x_wconf 88' lang='lat' dir='ltr'><strong>immu-</strong></span> 
     </span>
    </p>
   </div>
   <div class='ocr_carea' id='block_1_41' title="bbox 211 2506 1823 2581">
    <p class='ocr_par' dir='ltr' id='par_1_41' title="bbox 211 2506 1823 2581">
     <span class='ocr_line' id='line_1_41' title="bbox 211 2506 1823 2581; baseline 0.001 -19"><span class='ocrx_word' id='word_1_337' title='bbox 211 2507 369 2562; x_wconf 87' lang='lat' dir='ltr'><strong>tandi</strong></span> <span class='ocrx_word' id='word_1_338' title='bbox 407 2526 427 2559; x_wconf 71' lang='grc' dir='ltr'><strong>ι</strong></span> <span class='ocrx_word' id='word_1_339' title='bbox 464 2506 654 2581; x_wconf 75' lang='lat' dir='ltr'><strong>(Dallae</strong></span> <span class='ocrx_word' id='word_1_340' title='bbox 677 2550 694 2576; x_wconf 94' lang='lat'><strong>,</strong></span> <span class='ocrx_word' id='word_1_341' title='bbox 737 2509 800 2562; x_wconf 84' lang='lat' dir='ltr'><strong>de</strong></span> <span class='ocrx_word' id='word_1_342' title='bbox 836 2507 1112 2581; x_wconf 83' lang='lat' dir='ltr'><strong>Imaginib.</strong></span> <span class='ocrx_word' id='word_1_343' title='bbox 1142 2510 1237 2565; x_wconf 89' lang='lat' dir='ltr'><strong>lib.</strong></span> <span class='ocrx_word' id='word_1_344' title='bbox 1276 2525 1316 2577; x_wconf 86' lang='grc' dir='ltr'>ι,</span> <span class='ocrx_word' id='word_1_345' title='bbox 1357 2525 1477 2580; x_wconf 88' lang='lat' dir='ltr'><strong>pag.</strong></span> <span class='ocrx_word' id='word_1_346' title='bbox 1509 2508 1624 2580; x_wconf 72' lang='lat'><strong>5:1).</strong></span> <span class='ocrx_word' id='word_1_347' title='bbox 1649 2508 1823 2563; x_wconf 86' lang='lat' dir='ltr'><strong>Minus</strong></span> 
     </span>
    </p>
   </div>
   <div class='ocr_carea' id='block_1_42' title="bbox 209 2599 1821 2671">
    <p class='ocr_par' dir='ltr' id='par_1_42' title="bbox 209 2599 1821 2671">
     <span class='ocr_line' id='line_1_42' title="bbox 209 2599 1821 2671; baseline 0 -14"><span class='ocrx_word' id='word_1_348' title='bbox 209 2600 363 2657; x_wconf 88' lang='lat' dir='ltr'><strong>enim</strong></span> <span class='ocrx_word' id='word_1_349' title='bbox 392 2599 653 2656; x_wconf 78' lang='lat' dir='ltr'><strong>Minucius</strong></span> <span class='ocrx_word' id='word_1_350' title='bbox 679 2617 874 2671; x_wconf 84' lang='lat' dir='ltr'><strong>negare</strong></span> <span class='ocrx_word' id='word_1_351' title='bbox 906 2601 1117 2658; x_wconf 85' lang='lat' dir='ltr'><strong>videtur</strong></span> <span class='ocrx_word' id='word_1_352' title='bbox 1143 2600 1464 2657; x_wconf 87' lang='lat' dir='ltr'><strong>Christianis</strong></span> <span class='ocrx_word' id='word_1_353' title='bbox 1490 2600 1657 2658; x_wconf 78' lang='lat' dir='ltr'><strong>fuisse</strong></span> <span class='ocrx_word' id='word_1_354' title='bbox 1684 2612 1821 2657; x_wconf 93' lang='lat' dir='ltr'><strong>tem-</strong></span> 
     </span>
    </p>
   </div>
   <div class='ocr_carea' id='block_1_43' title="bbox 210 2693 1825 2765">
    <p class='ocr_par' dir='ltr' id='par_1_43' title="bbox 210 2693 1825 2765">
     <span class='ocr_line' id='line_1_43' title="bbox 210 2693 1825 2765; baseline 0.001 -18"><span class='ocrx_word' id='word_1_355' title='bbox 210 2694 301 2765; x_wconf 88' lang='lat' dir='ltr'><strong>pla</strong></span> <span class='ocrx_word' id='word_1_356' title='bbox 338 2703 393 2748; x_wconf 89' lang='lat' dir='ltr'><strong>et</strong></span> <span class='ocrx_word' id='word_1_357' title='bbox 421 2694 630 2761; x_wconf 89' lang='lat' dir='ltr'><strong>altaria,</strong></span> <span class='ocrx_word' id='word_1_358' title='bbox 657 2709 815 2764; x_wconf 88' lang='lat' dir='ltr'><strong>quam</strong></span> <span class='ocrx_word' id='word_1_359' title='bbox 857 2694 1164 2750; x_wconf 82' lang='lat' dir='ltr'><strong>siruulacra.</strong></span> <span class='ocrx_word' id='word_1_360' title='bbox 1184 2693 1315 2749; x_wconf 84' lang='lat' dir='ltr'><strong>Non</strong></span> <span class='ocrx_word' id='word_1_361' title='bbox 1342 2696 1486 2750; x_wconf 90' lang='lat' dir='ltr'><strong>enim</strong></span> <span class='ocrx_word' id='word_1_362' title='bbox 1515 2694 1825 2750; x_wconf 85' lang='lat' dir='ltr'><strong>inconside-</strong></span> 
     </span>
    </p>
   </div>
   <div class='ocr_carea' id='block_1_44' title="bbox 209 2788 1829 2857">
    <p class='ocr_par' dir='ltr' id='par_1_44' title="bbox 209 2788 1829 2857">
     <span class='ocr_line' id='line_1_44' title="bbox 209 2788 1829 2857; baseline 0.001 -12"><span class='ocrx_word' id='word_1_363' title='bbox 209 2799 338 2845; x_wconf 84' lang='lat' dir='ltr'><strong>rate</strong></span> <span class='ocrx_word' id='word_1_364' title='bbox 363 2788 568 2844; x_wconf 88' lang='lat' dir='ltr'><strong>addidit</strong></span> <span class='ocrx_word' id='word_1_365' title='bbox 605 2791 876 2855; x_wconf 67' lang='lat' dir='ltr'><strong>Cmcilius,</strong></span> <span class='ocrx_word' id='word_1_366' title='bbox 924 2808 943 2842; x_wconf 78' lang='grc' dir='ltr'><strong>ι</strong></span> <span class='ocrx_word' id='word_1_367' title='bbox 969 2799 1092 2844; x_wconf 89' lang='lat' dir='ltr'><strong>nota</strong></span> <span class='ocrx_word' id='word_1_368' title='bbox 1141 2789 1426 2845; x_wconf 85' lang='lat' dir='ltr'><strong>simulacra</strong></span> <span class='ocrx_word' id='word_1_369' title='bbox 1457 2809 1503 2857; x_wconf 71' lang='grc' dir='ltr'>ι,</span> <span class='ocrx_word' id='word_1_370' title='bbox 1539 2789 1589 2846; x_wconf 87' lang='lat' dir='ltr'><strong>id</strong></span> <span class='ocrx_word' id='word_1_371' title='bbox 1624 2799 1728 2856; x_wconf 89' lang='lat' dir='ltr'><strong>est,</strong></span> <span class='ocrx_word' id='word_1_372' title='bbox 1770 2798 1829 2846; x_wconf 90' lang='lat' dir='ltr'><strong>ut</strong></span> 
     </span>
    </p>
   </div>
   <div class='ocr_carea' id='block_1_45' title="bbox 1914 1858 3514 1930">
    <p class='ocr_par' dir='ltr' id='par_1_45' title="bbox 1914 1858 3514 1930">
     <span class='ocr_line' id='line_1_45' title="bbox 1914 1858 3514 1930; baseline -0.001 -14"><span class='ocrx_word' id='word_1_373' title='bbox 1914 1860 2284 1929; x_wconf 86' lang='lat' dir='ltr'><strong>nissimusqne</strong></span> <span class='ocrx_word' id='word_1_374' title='bbox 2312 1858 2561 1928; x_wconf 87' lang='lat' dir='ltr'><strong>pietatis;</strong></span> <span class='ocrx_word' id='word_1_375' title='bbox 2592 1868 2650 1914; x_wconf 89' lang='lat' dir='ltr'><strong>ut</strong></span> <span class='ocrx_word' id='word_1_376' title='bbox 2676 1874 2773 1915; x_wconf 89' lang='lat' dir='ltr'><strong>eos</strong></span> <span class='ocrx_word' id='word_1_377' title='bbox 2801 1872 3021 1929; x_wconf 84' lang='lat' dir='ltr'><strong>semper</strong></span> <span class='ocrx_word' id='word_1_378' title='bbox 3051 1874 3181 1927; x_wconf 87' lang='lat' dir='ltr'><strong>pura</strong></span> <span class='ocrx_word' id='word_1_379' title='bbox 3205 1899 3223 1927; x_wconf 93' lang='lat'><strong>,</strong></span> <span class='ocrx_word' id='word_1_380' title='bbox 3264 1861 3472 1929; x_wconf 75' lang='lat' dir='ltr'><strong>integra</strong></span> <span class='ocrx_word' id='word_1_381' title='bbox 3495 1900 3514 1930; x_wconf 87' lang='lat'><strong>,</strong></span> 
     </span>
    </p>
   </div>
   <div class='ocr_carea' id='block_1_46' title="bbox 1915 1952 3522 2024">
    <p class='ocr_par' dir='ltr' id='par_1_46' title="bbox 1915 1952 3522 2024">
     <span class='ocr_line' id='line_1_46' title="bbox 1915 1952 3522 2024; baseline -0.001 -16"><span class='ocrx_word' id='word_1_382' title='bbox 1915 1960 1970 2009; x_wconf 89' lang='lat' dir='ltr'><strong>et</strong></span> <span class='ocrx_word' id='word_1_383' title='bbox 1996 1955 2328 2021; x_wconf 83' lang='lat' dir='ltr'><strong>incorrupta,</strong></span> <span class='ocrx_word' id='word_1_384' title='bbox 2359 1960 2415 2006; x_wconf 91' lang='lat' dir='ltr'><strong>et</strong></span> <span class='ocrx_word' id='word_1_385' title='bbox 2444 1960 2646 2012; x_wconf 87' lang='lat' dir='ltr'><strong>mente,</strong></span> <span class='ocrx_word' id='word_1_386' title='bbox 2675 1960 2731 2005; x_wconf 92' lang='lat' dir='ltr'><strong>et</strong></span> <span class='ocrx_word' id='word_1_387' title='bbox 2757 1965 2892 2006; x_wconf 87' lang='lat' dir='ltr'><strong>voce</strong></span> <span class='ocrx_word' id='word_1_388' title='bbox 2922 1966 3244 2007; x_wconf 85' lang='lat' dir='ltr'><strong>veneremur</strong></span> <span class='ocrx_word' id='word_1_389' title='bbox 3272 1972 3294 2005; x_wconf 74' lang='grc' dir='ltr'><strong>ι</strong></span> <span class='ocrx_word' id='word_1_390' title='bbox 3341 1952 3522 2024; x_wconf 90' lang='lat' dir='ltr'><strong>(Cic.,</strong></span> 
     </span>
    </p>
   </div>
   <div class='ocr_carea' id='block_1_47' title="bbox 1919 2042 3527 2118">
    <p class='ocr_par' dir='ltr' id='par_1_47' title="bbox 1919 2042 3527 2118">
     <span class='ocr_line' id='line_1_47' title="bbox 1919 2042 3527 2118; baseline 0.001 -17"><span class='ocrx_word' id='word_1_391' title='bbox 1919 2046 2010 2101; x_wconf 87' lang='lat' dir='ltr'><strong>lib.</strong></span> <span class='ocrx_word' id='word_1_392' title='bbox 2047 2060 2117 2112; x_wconf 88' lang='grc' dir='ltr'>ιι,</span> <span class='ocrx_word' id='word_1_393' title='bbox 2149 2047 2214 2100; x_wconf 83' lang='lat' dir='ltr'><strong>de</strong></span> <span class='ocrx_word' id='word_1_394' title='bbox 2253 2044 2383 2100; x_wconf 82' lang='lat' dir='ltr'><strong>Nat.</strong></span> <span class='ocrx_word' id='word_1_395' title='bbox 2414 2042 2599 2112; x_wconf 86' lang='lat' dir='ltr'><strong>Deor.,</strong></span> <span class='ocrx_word' id='word_1_396' title='bbox 2641 2060 2760 2115; x_wconf 83' lang='lat' dir='ltr'><strong>pag.</strong></span> <span class='ocrx_word' id='word_1_397' title='bbox 2804 2044 2913 2100; x_wconf 69' lang='grc'><strong>224</strong></span> <span class='ocrx_word' id='word_1_398' title='bbox 2934 2088 2946 2109; x_wconf 85' lang='grc'>,</span> <span class='ocrx_word' id='word_1_399' title='bbox 2979 2046 3075 2100; x_wconf 92' lang='lat' dir='ltr'><strong>lin.</strong></span> <span class='ocrx_word' id='word_1_400' title='bbox 3107 2045 3179 2101; x_wconf 69' lang='grc'><strong>42</strong></span> <span class='ocrx_word' id='word_1_401' title='bbox 3202 2056 3240 2113; x_wconf 79' lang='lat'><strong>).</strong></span> <span class='ocrx_word' id='word_1_402' title='bbox 3281 2046 3336 2103; x_wconf 90' lang='lat' dir='ltr'><strong>Si</strong></span> <span class='ocrx_word' id='word_1_403' title='bbox 3370 2048 3527 2118; x_wconf 83' lang='lat' dir='ltr'><strong>plura</strong></span> 
     </span>
    </p>
   </div>
   <div class='ocr_carea' id='block_1_48' title="bbox 1918 2137 3524 2212">
    <p class='ocr_par' dir='ltr' id='par_1_48' title="bbox 1918 2137 3524 2212">
     <span class='ocr_line' id='line_1_48' title="bbox 1918 2137 3524 2212; baseline 0.002 -19"><span class='ocrx_word' id='word_1_404' title='bbox 1918 2138 2086 2206; x_wconf 85' lang='lat' dir='ltr'><strong>velis,</strong></span> <span class='ocrx_word' id='word_1_405' title='bbox 2125 2138 2212 2193; x_wconf 91' lang='lat' dir='ltr'><strong>adi</strong></span> <span class='ocrx_word' id='word_1_406' title='bbox 2244 2138 2604 2208; x_wconf 82' lang='lat' dir='ltr'><strong>Porphyrium</strong></span> <span class='ocrx_word' id='word_1_407' title='bbox 2634 2137 2880 2209; x_wconf 82' lang='lat' dir='ltr'><strong>aliusque</strong></span> <span class='ocrx_word' id='word_1_408' title='bbox 2923 2137 3104 2207; x_wconf 82' lang='lat' dir='ltr'><strong>plures</strong></span> <span class='ocrx_word' id='word_1_409' title='bbox 3131 2154 3160 2191; x_wconf 88' lang='lat' dir='ltr'><strong>a</strong></span> <span class='ocrx_word' id='word_1_410' title='bbox 3192 2138 3524 2212; x_wconf 45' lang='lat' dir='ltr'><strong>Lescalope-</strong></span> 
     </span>
    </p>
   </div>
   <div class='ocr_carea' id='block_1_49' title="bbox 1920 2230 3525 2301">
    <p class='ocr_par' dir='ltr' id='par_1_49' title="bbox 1920 2230 3525 2301">
     <span class='ocr_line' id='line_1_49' title="bbox 1920 2230 3525 2301; baseline 0.001 -14"><span class='ocrx_word' id='word_1_411' title='bbox 1920 2235 2037 2295; x_wconf 88' lang='lat' dir='ltr'><strong>rio.</strong></span> <span class='ocrx_word' id='word_1_412' title='bbox 2083 2232 2137 2288; x_wconf 91' lang='lat' dir='ltr'><strong>in</strong></span> <span class='ocrx_word' id='word_1_413' title='bbox 2176 2231 2318 2287; x_wconf 89' lang='lat' dir='ltr'><strong>hunc</strong></span> <span class='ocrx_word' id='word_1_414' title='bbox 2348 2230 2630 2286; x_wconf 89' lang='lat' dir='ltr'><strong>Ciceronis</strong></span> <span class='ocrx_word' id='word_1_415' title='bbox 2663 2231 2841 2286; x_wconf 89' lang='lat' dir='ltr'><strong>locum</strong></span> <span class='ocrx_word' id='word_1_416' title='bbox 2880 2230 3096 2286; x_wconf 82' lang='lat' dir='ltr'><strong>citatos.</strong></span> <span class='ocrx_word' id='word_1_417' title='bbox 3138 2234 3209 2287; x_wconf 84' lang='lat' dir='ltr'><strong>At</strong></span> <span class='ocrx_word' id='word_1_418' title='bbox 3246 2234 3367 2301; x_wconf 89' lang='lat' dir='ltr'><strong>quis</strong></span> <span class='ocrx_word' id='word_1_419' title='bbox 3401 2249 3525 2288; x_wconf 91' lang='lat' dir='ltr'><strong>um-</strong></span> 
     </span>
    </p>
   </div>
   <div class='ocr_carea' id='block_1_50' title="bbox 1931 2323 3529 2397">
    <p class='ocr_par' dir='ltr' id='par_1_50' title="bbox 1931 2323 3529 2397">
     <span class='ocr_line' id='line_1_50' title="bbox 1931 2323 3529 2397; baseline 0.003 -19"><span class='ocrx_word' id='word_1_420' title='bbox 1931 2340 2092 2396; x_wconf 86' lang='lat' dir='ltr'><strong>quam</strong></span> <span class='ocrx_word' id='word_1_421' title='bbox 2134 2326 2331 2381; x_wconf 77' lang='lat' dir='ltr'><strong>dixerit</strong></span> <span class='ocrx_word' id='word_1_422' title='bbox 2370 2323 2609 2389; x_wconf 67' lang='lat' dir='ltr'><strong>.ludazos,</strong></span> <span class='ocrx_word' id='word_1_423' title='bbox 2637 2334 2725 2379; x_wconf 88' lang='lat' dir='ltr'><strong>aut</strong></span> <span class='ocrx_word' id='word_1_424' title='bbox 2755 2324 3002 2393; x_wconf 72' lang='lat' dir='ltr'><strong>gentiles,</strong></span> <span class='ocrx_word' id='word_1_425' title='bbox 3038 2323 3123 2378; x_wconf 91' lang='lat' dir='ltr'><strong>his</strong></span> <span class='ocrx_word' id='word_1_426' title='bbox 3148 2326 3329 2380; x_wconf 87' lang='lat' dir='ltr'><strong>verbis</strong></span> <span class='ocrx_word' id='word_1_427' title='bbox 3360 2342 3529 2397; x_wconf 85' lang='lat' dir='ltr'><strong>nega-</strong></span> 
     </span>
    </p>
   </div>
   <div class='ocr_carea' id='block_1_51' title="bbox 1930 2414 3529 2489">
    <p class='ocr_par' dir='ltr' id='par_1_51' title="bbox 1930 2414 3529 2489">
     <span class='ocr_line' id='line_1_51' title="bbox 1930 2414 3529 2489; baseline 0.001 -18"><span class='ocrx_word' id='word_1_428' title='bbox 1930 2418 2076 2472; x_wconf 87' lang='lat' dir='ltr'><strong>visse</strong></span> <span class='ocrx_word' id='word_1_429' title='bbox 2106 2418 2244 2488; x_wconf 86' lang='lat' dir='ltr'><strong>apud</strong></span> <span class='ocrx_word' id='word_1_430' title='bbox 2273 2429 2562 2471; x_wconf 81' lang='lat' dir='ltr'><strong>suosvera</strong></span> <span class='ocrx_word' id='word_1_431' title='bbox 2603 2415 2765 2470; x_wconf 78' lang='lat' dir='ltr'><strong>fuisse</strong></span> <span class='ocrx_word' id='word_1_432' title='bbox 2796 2414 2985 2470; x_wconf 83' lang='lat' dir='ltr'><strong>altaria</strong></span> <span class='ocrx_word' id='word_1_433' title='bbox 3008 2457 3023 2477; x_wconf 90' lang='lat'><strong>,</strong></span> <span class='ocrx_word' id='word_1_434' title='bbox 3054 2430 3177 2470; x_wconf 88' lang='lat' dir='ltr'><strong>aras</strong></span> <span class='ocrx_word' id='word_1_435' title='bbox 3198 2456 3213 2481; x_wconf 89' lang='lat'><strong>,</strong></span> <span class='ocrx_word' id='word_1_436' title='bbox 3243 2418 3489 2473; x_wconf 76' lang='lat' dir='ltr'><strong>vrctimas</strong></span> <span class='ocrx_word' id='word_1_437' title='bbox 3510 2460 3529 2489; x_wconf 90' lang='lat'><strong>,</strong></span> 
     </span>
    </p>
   </div>
   <div class='ocr_carea' id='block_1_52' title="bbox 1927 2507 3533 2580">
    <p class='ocr_par' dir='ltr' id='par_1_52' title="bbox 1927 2507 3533 2580">
     <span class='ocr_line' id='line_1_52' title="bbox 1927 2507 3533 2580; baseline 0.001 -16"><span class='ocrx_word' id='word_1_438' title='bbox 1927 2510 2215 2564; x_wconf 88' lang='lat' dir='ltr'><strong>sacrilicia.</strong></span> <span class='ocrx_word' id='word_1_439' title='bbox 2238 2509 2258 2579; x_wconf 95' lang='lat'><strong>(</strong></span> <span class='ocrx_word' id='word_1_440' title='bbox 2283 2507 2571 2580; x_wconf 90' lang='lat' dir='ltr'><strong>Porphyr..</strong></span> <span class='ocrx_word' id='word_1_441' title='bbox 2604 2507 2701 2562; x_wconf 87' lang='lat' dir='ltr'><strong>lib.</strong></span> <span class='ocrx_word' id='word_1_442' title='bbox 2744 2523 2817 2564; x_wconf 79' lang='grc' dir='ltr'>ιι.</span> <span class='ocrx_word' id='word_1_443' title='bbox 2859 2513 2925 2562; x_wconf 85' lang='lat' dir='ltr'><strong>de</strong></span> <span class='ocrx_word' id='word_1_444' title='bbox 2949 2507 3146 2562; x_wconf 68' lang='lat' dir='ltr'><strong>Abarin.</strong></span> <span class='ocrx_word' id='word_1_445' title='bbox 3183 2508 3395 2564; x_wconf 84' lang='lat' dir='ltr'><strong>artimal.</strong></span> <span class='ocrx_word' id='word_1_446' title='bbox 3427 2510 3533 2566; x_wconf 90' lang='lat' dir='ltr'><strong>sub</strong></span> 
     </span>
    </p>
   </div>
   <div class='ocr_carea' id='block_1_53' title="bbox 1926 2598 3528 2676">
    <p class='ocr_par' dir='ltr' id='par_1_53' title="bbox 1926 2598 3528 2676">
     <span class='ocr_line' id='line_1_53' title="bbox 1926 2598 3528 2676; baseline 0 -17"><span class='ocrx_word' id='word_1_447' title='bbox 1926 2603 2057 2667; x_wconf 85' lang='lat' dir='ltr'><strong>ﬁn.;</strong></span> <span class='ocrx_word' id='word_1_448' title='bbox 2086 2601 2393 2673; x_wconf 86' lang='lat' dir='ltr'><strong>Lescalop.,</strong></span> <span class='ocrx_word' id='word_1_449' title='bbox 2437 2603 2491 2657; x_wconf 89' lang='lat' dir='ltr'><strong>in</strong></span> <span class='ocrx_word' id='word_1_450' title='bbox 2526 2600 2620 2657; x_wconf 89' lang='lat' dir='ltr'><strong>lib.</strong></span> <span class='ocrx_word' id='word_1_451' title='bbox 2645 2616 2683 2656; x_wconf 86' lang='lat' dir='ltr'><strong>tt</strong></span> <span class='ocrx_word' id='word_1_452' title='bbox 2702 2602 2816 2668; x_wconf 58' lang='grc' dir='ltr'><strong>,κᾶε</strong></span> <span class='ocrx_word' id='word_1_453' title='bbox 2843 2598 2975 2656; x_wconf 78' lang='lat' dir='ltr'><strong>Nat.</strong></span> <span class='ocrx_word' id='word_1_454' title='bbox 3004 2600 3185 2668; x_wconf 60' lang='lat' dir='ltr'><strong>Deam,</strong></span> <span class='ocrx_word' id='word_1_455' title='bbox 3216 2601 3245 2675; x_wconf 86' lang='lat'><strong>§</strong></span> <span class='ocrx_word' id='word_1_456' title='bbox 3275 2602 3372 2671; x_wconf 74' lang='grc'><strong>72,</strong></span> <span class='ocrx_word' id='word_1_457' title='bbox 3406 2616 3528 2676; x_wconf 85' lang='lat' dir='ltr'><strong>pag.</strong></span> 
     </span>
    </p>
   </div>
   <div class='ocr_carea' id='block_1_54' title="bbox 1929 2694 2095 2768">
    <p class='ocr_par' dir='ltr' id='par_1_54' title="bbox 1929 2694 2095 2768">
     <span class='ocr_line' id='line_1_54' title="bbox 1929 2694 2095 2768; baseline -0.03 -16"><span class='ocrx_word' id='word_1_458' title='bbox 1929 2694 2095 2768; x_wconf 69' lang='lat'><strong>347.)</strong></span> 
     </span>
    </p>
   </div>
   <div class='ocr_carea' id='block_1_55' title="bbox 1999 2787 3531 2860">
    <p class='ocr_par' dir='ltr' id='par_1_55' title="bbox 1999 2787 3531 2860">
     <span class='ocr_line' id='line_1_55' title="bbox 1999 2787 3531 2860; baseline 0.005 -20"><span class='ocrx_word' id='word_1_459' title='bbox 1999 2788 2137 2858; x_wconf 82' lang='lat' dir='ltr'><strong>Quid</strong></span> <span class='ocrx_word' id='word_1_460' title='bbox 2178 2803 2309 2843; x_wconf 89' lang='lat' dir='ltr'><strong>vero</strong></span> <span class='ocrx_word' id='word_1_461' title='bbox 2348 2787 2517 2844; x_wconf 86' lang='lat' dir='ltr'><strong>l‘aeies</strong></span> <span class='ocrx_word' id='word_1_462' title='bbox 2564 2787 2936 2855; x_wconf 83' lang='lat' dir='ltr'><strong>Tertulliano,</strong></span> <span class='ocrx_word' id='word_1_463' title='bbox 2987 2802 3147 2859; x_wconf 86' lang='lat' dir='ltr'><strong>quem</strong></span> <span class='ocrx_word' id='word_1_464' title='bbox 3190 2797 3297 2844; x_wconf 89' lang='lat' dir='ltr'><strong>tam</strong></span> <span class='ocrx_word' id='word_1_465' title='bbox 3341 2803 3531 2860; x_wconf 87' lang='lat' dir='ltr'><strong>presso</strong></span> 
     </span>
    </p>
   </div>
   <div class='ocr_carea' id='block_1_56' title="bbox 209 2880 3533 2955">
    <p class='ocr_par' dir='ltr' id='par_1_56' title="bbox 209 2880 3533 2955">
     <span class='ocr_line' id='line_1_56' title="bbox 209 2880 3533 2955; baseline 0.001 -17"><span class='ocrx_word' id='word_1_466' title='bbox 209 2882 482 2951; x_wconf 82' lang='lat' dir='ltr'><strong>diximus,</strong></span> <span class='ocrx_word' id='word_1_467' title='bbox 511 2900 632 2955; x_wconf 61' lang='lat' dir='ltr'><strong>quae</strong></span> <span class='ocrx_word' id='word_1_468' title='bbox 678 2885 909 2954; x_wconf 90' lang='lat' dir='ltr'><strong>publica,</strong></span> <span class='ocrx_word' id='word_1_469' title='bbox 939 2884 1166 2953; x_wconf 84' lang='lat' dir='ltr'><strong>aliisque</strong></span> <span class='ocrx_word' id='word_1_470' title='bbox 1193 2883 1404 2954; x_wconf 89' lang='lat' dir='ltr'><strong>cognita</strong></span> <span class='ocrx_word' id='word_1_471' title='bbox 1444 2894 1644 2940; x_wconf 89' lang='lat' dir='ltr'><strong>essent.</strong></span> <span class='ocrx_word' id='word_1_472' title='bbox 1683 2884 1827 2941; x_wconf 84' lang='lat' dir='ltr'><strong>Satis</strong></span> <span class='ocrx_word' id='word_1_473' title='bbox 1928 2883 2157 2954; x_wconf 85' lang='lat' dir='ltr'><strong>vestigio</strong></span> <span class='ocrx_word' id='word_1_474' title='bbox 2197 2880 2462 2937; x_wconf 79' lang='lat' dir='ltr'><strong>Minucius</strong></span> <span class='ocrx_word' id='word_1_475' title='bbox 2503 2883 2889 2953; x_wconf 80' lang='lat' dir='ltr'><strong>prosequitur?</strong></span> <span class='ocrx_word' id='word_1_476' title='bbox 2929 2881 3119 2938; x_wconf 87' lang='lat' dir='ltr'><strong>Nonne</strong></span> <span class='ocrx_word' id='word_1_477' title='bbox 3163 2883 3277 2952; x_wconf 89' lang='lat' dir='ltr'><strong>ipse</strong></span> <span class='ocrx_word' id='word_1_478' title='bbox 3314 2901 3533 2955; x_wconf 81' lang='lat' dir='ltr'><strong>quoque</strong></span> 
     </span>
    </p>
   </div>
   <div class='ocr_carea' id='block_1_57' title="bbox 211 2975 1827 3042">
    <p class='ocr_par' dir='ltr' id='par_1_57' title="bbox 211 2975 1827 3042">
     <span class='ocr_line' id='line_1_57' title="bbox 211 2975 1827 3042; baseline 0.001 -11"><span class='ocrx_word' id='word_1_479' title='bbox 211 2988 404 3032; x_wconf 87' lang='lat' dir='ltr'><strong>autem</strong></span> <span class='ocrx_word' id='word_1_480' title='bbox 434 2996 461 3030; x_wconf 85' lang='lat' dir='ltr'><strong>a</strong></span> <span class='ocrx_word' id='word_1_481' title='bbox 494 2977 649 3032; x_wconf 87' lang='lat' dir='ltr'><strong>nobis</strong></span> <span class='ocrx_word' id='word_1_482' title='bbox 673 2976 1099 3033; x_wconf 80' lang='lat' dir='ltr'><strong>demon-tratum</strong></span> <span class='ocrx_word' id='word_1_483' title='bbox 1130 2985 1251 3042; x_wconf 90' lang='lat' dir='ltr'><strong>est,</strong></span> <span class='ocrx_word' id='word_1_484' title='bbox 1288 2991 1317 3029; x_wconf 87' lang='lat' dir='ltr'><strong>a</strong></span> <span class='ocrx_word' id='word_1_485' title='bbox 1343 2975 1666 3033; x_wconf 86' lang='lat' dir='ltr'><strong>Christianis</strong></span> <span class='ocrx_word' id='word_1_486' title='bbox 1694 2992 1827 3032; x_wconf 87' lang='lat' dir='ltr'><strong>con-</strong></span> 
     </span>
    </p>
   </div>
   <div class='ocr_carea' id='block_1_58' title="bbox 214 3068 1823 3139">
    <p class='ocr_par' dir='ltr' id='par_1_58' title="bbox 214 3068 1823 3139">
     <span class='ocr_line' id='line_1_58' title="bbox 214 3068 1823 3139; baseline 0.001 -13"><span class='ocrx_word' id='word_1_487' title='bbox 214 3078 432 3126; x_wconf 87' lang='lat' dir='ltr'><strong>structa</strong></span> <span class='ocrx_word' id='word_1_488' title='bbox 460 3068 621 3126; x_wconf 76' lang='lat' dir='ltr'><strong>fuisse</strong></span> <span class='ocrx_word' id='word_1_489' title='bbox 652 3070 845 3139; x_wconf 89' lang='lat' dir='ltr'><strong>templa</strong></span> <span class='ocrx_word' id='word_1_490' title='bbox 868 3081 922 3125; x_wconf 92' lang='lat' dir='ltr'><strong>et</strong></span> <span class='ocrx_word' id='word_1_491' title='bbox 948 3070 1159 3136; x_wconf 84' lang='lat' dir='ltr'><strong>altaria,</strong></span> <span class='ocrx_word' id='word_1_492' title='bbox 1193 3069 1248 3124; x_wconf 90' lang='lat' dir='ltr'><strong>in</strong></span> <span class='ocrx_word' id='word_1_493' title='bbox 1274 3070 1470 3139; x_wconf 89' lang='lat' dir='ltr'><strong>quibus</strong></span> <span class='ocrx_word' id='word_1_494' title='bbox 1499 3073 1823 3128; x_wconf 85' lang='lat' dir='ltr'><strong>sacriﬁcium</strong></span> 
     </span>
    </p>
   </div>
   <div class='ocr_carea' id='block_1_59' title="bbox 1932 2975 3534 3047">
    <p class='ocr_par' dir='ltr' id='par_1_59' title="bbox 1932 2975 3534 3047">
     <span class='ocr_line' id='line_1_59' title="bbox 1932 2975 3534 3047; baseline 0.003 -16"><span class='ocrx_word' id='word_1_495' title='bbox 1932 2976 2148 3043; x_wconf 82' lang='lat' dir='ltr'><strong>scripsit</strong></span> <span class='ocrx_word' id='word_1_496' title='bbox 2190 2992 2205 3029; x_wconf 93' lang='lat'><strong>:</strong></span> <span class='ocrx_word' id='word_1_497' title='bbox 2254 2992 2276 3028; x_wconf 75' lang='grc' dir='ltr'><strong>ι</strong></span> <span class='ocrx_word' id='word_1_498' title='bbox 2326 2975 2437 3032; x_wconf 89' lang='lat' dir='ltr'><strong>Nec</strong></span> <span class='ocrx_word' id='word_1_499' title='bbox 2476 2979 2657 3031; x_wconf 88' lang='lat' dir='ltr'><strong>minus</strong></span> <span class='ocrx_word' id='word_1_500' title='bbox 2698 2975 2933 3046; x_wconf 90' lang='lat' dir='ltr'><strong>templa,</strong></span> <span class='ocrx_word' id='word_1_501' title='bbox 2979 2992 3140 3047; x_wconf 89' lang='lat' dir='ltr'><strong>quam</strong></span> <span class='ocrx_word' id='word_1_502' title='bbox 3185 2991 3534 3036; x_wconf 84' lang='lat' dir='ltr'><strong>monumenta</strong></span> 
     </span>
    </p>
   </div>
   <div class='ocr_carea' id='block_1_60' title="bbox 1931 3068 3534 3138">
    <p class='ocr_par' dir='ltr' id='par_1_60' title="bbox 1931 3068 3534 3138">
     <span class='ocr_line' id='line_1_60' title="bbox 1931 3068 3534 3138; baseline 0.001 -13"><span class='ocrx_word' id='word_1_503' title='bbox 1931 3068 2299 3138; x_wconf 77' lang='lat' dir='ltr'><strong>despicimus,</strong></span> <span class='ocrx_word' id='word_1_504' title='bbox 2339 3080 2584 3126; x_wconf 83' lang='lat' dir='ltr'><strong>neutram</strong></span> <span class='ocrx_word' id='word_1_505' title='bbox 2626 3084 2775 3125; x_wconf 88' lang='lat' dir='ltr'><strong>aram</strong></span> <span class='ocrx_word' id='word_1_506' title='bbox 2816 3069 3087 3137; x_wconf 77' lang='lat' dir='ltr'><strong>novimus,</strong></span> <span class='ocrx_word' id='word_1_507' title='bbox 3133 3080 3376 3126; x_wconf 90' lang='lat' dir='ltr'><strong>neutram</strong></span> <span class='ocrx_word' id='word_1_508' title='bbox 3407 3071 3534 3127; x_wconf 80' lang='lat' dir='ltr'><strong>efﬁ-</strong></span> 
     </span>
    </p>
   </div>
   <div class='ocr_carea' id='block_1_61' title="bbox 208 3162 3532 3237">
    <p class='ocr_par' dir='ltr' id='par_1_61' title="bbox 208 3162 3532 3237">
     <span class='ocr_line' id='line_1_61' title="bbox 208 3162 3532 3237; baseline 0 -18"><span class='ocrx_word' id='word_1_509' title='bbox 208 3179 404 3219; x_wconf 84' lang='lat' dir='ltr'><strong>verum</strong></span> <span class='ocrx_word' id='word_1_510' title='bbox 431 3163 608 3219; x_wconf 77' lang='lat' dir='ltr'><strong>facere</strong></span> <span class='ocrx_word' id='word_1_511' title='bbox 632 3178 1042 3220; x_wconf 83' lang='lat' dir='ltr'><strong>consueverant.</strong></span> <span class='ocrx_word' id='word_1_512' title='bbox 1071 3162 1186 3232; x_wconf 86' lang='lat' dir='ltr'><strong>Qua</strong></span> <span class='ocrx_word' id='word_1_513' title='bbox 1211 3172 1391 3219; x_wconf 83' lang='lat' dir='ltr'><strong>autem</strong></span> <span class='ocrx_word' id='word_1_514' title='bbox 1417 3165 1556 3220; x_wconf 89' lang='lat' dir='ltr'><strong>idem</strong></span> <span class='ocrx_word' id='word_1_515' title='bbox 1596 3168 1825 3221; x_wconf 68' lang='lat' dir='ltr'><strong>balneus</strong></span> <span class='ocrx_word' id='word_1_516' title='bbox 1850 3168 1896 3232; x_wconf 75' lang='grc' dir='ltr'><strong>ί]</strong></span> <span class='ocrx_word' id='word_1_517' title='bbox 1928 3167 2070 3236; x_wconf 86' lang='lat' dir='ltr'><strong>giem</strong></span> <span class='ocrx_word' id='word_1_518' title='bbox 2093 3166 2425 3221; x_wconf 75' lang='lat' dir='ltr'><strong>adoramus?</strong></span> <span class='ocrx_word' id='word_1_519' title='bbox 2452 3182 2473 3217; x_wconf 84' lang='grc'><strong>)</strong></span> <span class='ocrx_word' id='word_1_520' title='bbox 2503 3164 2779 3235; x_wconf 87' lang='lat' dir='ltr'><strong>(Tertull.,</strong></span> <span class='ocrx_word' id='word_1_521' title='bbox 2801 3164 2893 3220; x_wconf 90' lang='lat' dir='ltr'><strong>ltb.</strong></span> <span class='ocrx_word' id='word_1_522' title='bbox 2917 3166 2981 3218; x_wconf 80' lang='lat' dir='ltr'><strong>de</strong></span> <span class='ocrx_word' id='word_1_523' title='bbox 3003 3164 3263 3233; x_wconf 57' lang='lat' dir='ltr'><strong>Spuma,</strong></span> <span class='ocrx_word' id='word_1_524' title='bbox 3288 3182 3405 3237; x_wconf 89' lang='lat' dir='ltr'><strong>cap.</strong></span> <span class='ocrx_word' id='word_1_525' title='bbox 3433 3167 3532 3236; x_wconf 67' lang='lat' dir='ltr'><strong>li,</strong></span> 
     </span>
    </p>
   </div>
   <div class='ocr_carea' id='block_1_62' title="bbox 212 3256 1822 3328">
    <p class='ocr_par' dir='ltr' id='par_1_62' title="bbox 212 3256 1822 3328">
     <span class='ocr_line' id='line_1_62' title="bbox 212 3256 1822 3328; baseline 0.002 -16"><span class='ocrx_word' id='word_1_526' title='bbox 212 3260 434 3313; x_wconf 82' lang='lat' dir='ltr'><strong>ratione</strong></span> <span class='ocrx_word' id='word_1_527' title='bbox 478 3256 597 3311; x_wconf 87' lang='lat' dir='ltr'><strong>illos</strong></span> <span class='ocrx_word' id='word_1_528' title='bbox 648 3258 791 3311; x_wconf 88' lang='lat' dir='ltr'><strong>nulla</strong></span> <span class='ocrx_word' id='word_1_529' title='bbox 829 3257 1118 3313; x_wconf 76' lang='lat' dir='ltr'><strong>simulacra</strong></span> <span class='ocrx_word' id='word_1_530' title='bbox 1160 3265 1214 3312; x_wconf 91' lang='lat' dir='ltr'><strong>et</strong></span> <span class='ocrx_word' id='word_1_531' title='bbox 1260 3257 1521 3328; x_wconf 85' lang='lat' dir='ltr'><strong>imagines</strong></span> <span class='ocrx_word' id='word_1_532' title='bbox 1568 3258 1822 3316; x_wconf 85' lang='lat' dir='ltr'><strong>habuisse</strong></span> 
     </span>
    </p>
   </div>
   <div class='ocr_carea' id='block_1_63' title="bbox 212 3348 1000 3419">
    <p class='ocr_par' dir='ltr' id='par_1_63' title="bbox 212 3348 1000 3419">
     <span class='ocr_line' id='line_1_63' title="bbox 212 3348 1000 3419; baseline -0.001 -14"><span class='ocrx_word' id='word_1_533' title='bbox 212 3348 533 3415; x_wconf 69' lang='lat' dir='ltr'><strong>contendat,</strong></span> <span class='ocrx_word' id='word_1_534' title='bbox 559 3348 670 3419; x_wconf 87' lang='lat' dir='ltr'><strong>jam</strong></span> <span class='ocrx_word' id='word_1_535' title='bbox 704 3348 1000 3404; x_wconf 89' lang='lat' dir='ltr'><strong>videamus.</strong></span> 
     </span>
    </p>
   </div>
   <div class='ocr_carea' id='block_1_64' title="bbox 282 3440 1826 3515">
    <p class='ocr_par' dir='ltr' id='par_1_64' title="bbox 282 3440 1826 3515">
     <span class='ocr_line' id='line_1_64' title="bbox 282 3440 1826 3515; baseline 0.001 -16"><span class='ocrx_word' id='word_1_536' title='bbox 282 3440 606 3512; x_wconf 77' lang='lat' dir='ltr'><strong>Respondet</strong></span> <span class='ocrx_word' id='word_1_537' title='bbox 635 3441 722 3497; x_wconf 90' lang='lat' dir='ltr'><strong>ille</strong></span> <span class='ocrx_word' id='word_1_538' title='bbox 750 3460 769 3493; x_wconf 84' lang='grc'><em>‹</em></span> <span class='ocrx_word' id='word_1_539' title='bbox 795 3441 908 3497; x_wconf 89' lang='lat' dir='ltr'><strong>ﬁeri</strong></span> <span class='ocrx_word' id='word_1_540' title='bbox 932 3456 1089 3511; x_wconf 91' lang='lat' dir='ltr'><strong>posse</strong></span> <span class='ocrx_word' id='word_1_541' title='bbox 1114 3460 1135 3495; x_wconf 72' lang='grc' dir='ltr'><strong>ι</strong></span> <span class='ocrx_word' id='word_1_542' title='bbox 1153 3483 1168 3510; x_wconf 89' lang='grc'><strong><em>,</em></strong></span> <span class='ocrx_word' id='word_1_543' title='bbox 1193 3452 1249 3498; x_wconf 87' lang='grc' dir='ltr'><strong>ιιι</strong></span> <span class='ocrx_word' id='word_1_544' title='bbox 1276 3442 1542 3511; x_wconf 86' lang='lat' dir='ltr'><strong>Caecilius,</strong></span> <span class='ocrx_word' id='word_1_545' title='bbox 1569 3444 1826 3515; x_wconf 86' lang='lat' dir='ltr'><strong>quemad-</strong></span> 
     </span>
    </p>
   </div>
   <div class='ocr_carea' id='block_1_65' title="bbox 213 3527 1826 3608">
    <p class='ocr_par' dir='ltr' id='par_1_65' title="bbox 213 3527 1826 3608">
     <span class='ocr_line' id='line_1_65' title="bbox 213 3527 1826 3608; baseline 0.002 -19"><span class='ocrx_word' id='word_1_546' title='bbox 213 3537 442 3595; x_wconf 87' lang='lat' dir='ltr'><strong>modum</strong></span> <span class='ocrx_word' id='word_1_547' title='bbox 493 3537 630 3592; x_wconf 90' lang='lat' dir='ltr'><strong>alius</strong></span> <span class='ocrx_word' id='word_1_548' title='bbox 692 3536 918 3608; x_wconf 85' lang='lat' dir='ltr'><strong>quilibet</strong></span> <span class='ocrx_word' id='word_1_549' title='bbox 966 3527 1215 3608; x_wconf 83' lang='lat' dir='ltr'><strong>gentilis,</strong></span> <span class='ocrx_word' id='word_1_550' title='bbox 1272 3538 1555 3608; x_wconf 87' lang='lat' dir='ltr'><strong>ambiguus</strong></span> <span class='ocrx_word' id='word_1_551' title='bbox 1606 3538 1826 3594; x_wconf 80' lang='lat' dir='ltr'><strong>haeserit</strong></span> 
     </span>
    </p>
   </div>
   <div class='ocr_carea' id='block_1_66' title="bbox 219 3629 1820 3700">
    <p class='ocr_par' dir='ltr' id='par_1_66' title="bbox 219 3629 1820 3700">
     <span class='ocr_line' id='line_1_66' title="bbox 219 3629 1820 3700; baseline -0.001 -11"><span class='ocrx_word' id='word_1_552' title='bbox 219 3644 406 3689; x_wconf 81' lang='lat' dir='ltr'><strong>utrum</strong></span> <span class='ocrx_word' id='word_1_553' title='bbox 432 3631 745 3697; x_wconf 82' lang='lat' dir='ltr'><strong>Christiani,</strong></span> <span class='ocrx_word' id='word_1_554' title='bbox 779 3648 799 3684; x_wconf 79' lang='grc' dir='ltr'><strong>ι</strong></span> <span class='ocrx_word' id='word_1_555' title='bbox 830 3630 997 3700; x_wconf 90' lang='lat' dir='ltr'><strong>turpis</strong></span> <span class='ocrx_word' id='word_1_556' title='bbox 1018 3642 1072 3686; x_wconf 91' lang='lat' dir='ltr'><strong>et</strong></span> <span class='ocrx_word' id='word_1_557' title='bbox 1099 3629 1392 3686; x_wconf 69' lang='lat' dir='ltr'><strong>inhonestae</strong></span> <span class='ocrx_word' id='word_1_558' title='bbox 1414 3632 1820 3687; x_wconf 69' lang='lat' dir='ltr'><strong>formarnttmen</strong></span> 
     </span>
    </p>
   </div>
   <div class='ocr_carea' id='block_1_67' title="bbox 214 3725 1819 3797">
    <p class='ocr_par' dir='ltr' id='par_1_67' title="bbox 214 3725 1819 3797">
     <span class='ocr_line' id='line_1_67' title="bbox 214 3725 1819 3797; baseline -0.001 -13"><span class='ocrx_word' id='word_1_559' title='bbox 214 3727 268 3784; x_wconf 88' lang='lat' dir='ltr'><strong>in</strong></span> <span class='ocrx_word' id='word_1_560' title='bbox 304 3742 506 3782; x_wconf 84' lang='lat' dir='ltr'><strong>arcano</strong></span> <span class='ocrx_word' id='word_1_561' title='bbox 524 3726 785 3781; x_wconf 83' lang='lat' dir='ltr'><strong>colerent.</strong></span> <span class='ocrx_word' id='word_1_562' title='bbox 818 3744 838 3779; x_wconf 71' lang='grc' dir='ltr'><strong>ι</strong></span> <span class='ocrx_word' id='word_1_563' title='bbox 865 3725 998 3781; x_wconf 89' lang='lat' dir='ltr'><strong>Nam</strong></span> <span class='ocrx_word' id='word_1_564' title='bbox 1025 3725 1223 3781; x_wconf 88' lang='lat' dir='ltr'><strong>ibidem</strong></span> <span class='ocrx_word' id='word_1_565' title='bbox 1246 3725 1495 3781; x_wconf 68' lang='lat' dir='ltr'><strong>Caecilius</strong></span> <span class='ocrx_word' id='word_1_566' title='bbox 1515 3729 1632 3797; x_wconf 90' lang='lat' dir='ltr'><strong>ipse</strong></span> <span class='ocrx_word' id='word_1_567' title='bbox 1655 3728 1819 3782; x_wconf 86' lang='lat' dir='ltr'><strong>dixit:</strong></span> 
     </span>
    </p>
   </div>
   <div class='ocr_carea' id='block_1_68' title="bbox 216 3821 1823 3894">
    <p class='ocr_par' dir='ltr' id='par_1_68' title="bbox 216 3821 1823 3894">
     <span class='ocr_line' id='line_1_68' title="bbox 216 3821 1823 3894; baseline 0.002 -18"><span class='ocrx_word' id='word_1_568' title='bbox 216 3841 242 3876; x_wconf 68' lang='grc' dir='ltr'>«ι</span> <span class='ocrx_word' id='word_1_569' title='bbox 266 3821 624 3879; x_wconf 78' lang='lat' dir='ltr'><strong>Abscondere</strong></span> <span class='ocrx_word' id='word_1_570' title='bbox 660 3821 917 3894; x_wconf 71' lang='lat' dir='ltr'><strong>quidqqid</strong></span> <span class='ocrx_word' id='word_1_571' title='bbox 950 3822 1080 3877; x_wconf 91' lang='lat' dir='ltr'><strong>illud</strong></span> <span class='ocrx_word' id='word_1_572' title='bbox 1111 3823 1330 3890; x_wconf 91' lang='lat' dir='ltr'><strong>colunt,</strong></span> <span class='ocrx_word' id='word_1_573' title='bbox 1371 3837 1696 3894; x_wconf 85' lang='lat' dir='ltr'><strong>magnopere</strong></span> <span class='ocrx_word' id='word_1_574' title='bbox 1741 3824 1823 3879; x_wconf 86' lang='lat' dir='ltr'><strong>ni-</strong></span> 
     </span>
    </p>
   </div>
   <div class='ocr_carea' id='block_1_69' title="bbox 215 3914 1819 3987">
    <p class='ocr_par' dir='ltr' id='par_1_69' title="bbox 215 3914 1819 3987">
     <span class='ocr_line' id='line_1_69' title="bbox 215 3914 1819 3987; baseline -0.001 -15"><span class='ocrx_word' id='word_1_575' title='bbox 215 3925 427 3972; x_wconf 81' lang='lat' dir='ltr'><strong>tuntur.</strong></span> <span class='ocrx_word' id='word_1_576' title='bbox 452 3934 475 3969; x_wconf 73' lang='grc' dir='ltr'><strong>ι</strong></span> <span class='ocrx_word' id='word_1_577' title='bbox 509 3916 658 3972; x_wconf 90' lang='lat' dir='ltr'><strong>Itane</strong></span> <span class='ocrx_word' id='word_1_578' title='bbox 700 3930 833 3971; x_wconf 88' lang='lat' dir='ltr'><strong>vero</strong></span> <span class='ocrx_word' id='word_1_579' title='bbox 873 3916 995 3986; x_wconf 91' lang='lat' dir='ltr'><strong>quia</strong></span> <span class='ocrx_word' id='word_1_580' title='bbox 1038 3925 1190 3986; x_wconf 85' lang='lat' dir='ltr'><strong>putas</strong></span> <span class='ocrx_word' id='word_1_581' title='bbox 1230 3916 1358 3970; x_wconf 91' lang='lat' dir='ltr'><strong>illud</strong></span> <span class='ocrx_word' id='word_1_582' title='bbox 1395 3935 1414 3967; x_wconf 73' lang='grc' dir='ltr'><strong>ι</strong></span> <span class='ocrx_word' id='word_1_583' title='bbox 1442 3914 1742 3987; x_wconf 85' lang='lat' dir='ltr'><strong>ﬁeriposse</strong></span> <span class='ocrx_word' id='word_1_584' title='bbox 1772 3936 1819 3985; x_wconf 72' lang='grc' dir='ltr'>ι,</span> 
     </span>
    </p>
   </div>
   <div class='ocr_carea' id='block_1_70' title="bbox 209 4010 1819 4084">
    <p class='ocr_par' dir='ltr' id='par_1_70' title="bbox 209 4010 1819 4084">
     <span class='ocr_line' id='line_1_70' title="bbox 209 4010 1819 4084; baseline 0.002 -18"><span class='ocrx_word' id='word_1_585' title='bbox 209 4010 309 4083; x_wconf 83' lang='lat' dir='ltr'><strong>jus</strong></span> <span class='ocrx_word' id='word_1_586' title='bbox 332 4010 424 4066; x_wconf 90' lang='lat' dir='ltr'><strong>tibi</strong></span> <span class='ocrx_word' id='word_1_587' title='bbox 469 4012 637 4066; x_wconf 89' lang='lat' dir='ltr'><strong>sumis</strong></span> <span class='ocrx_word' id='word_1_588' title='bbox 666 4010 789 4066; x_wconf 85' lang='lat' dir='ltr'><strong>inde</strong></span> <span class='ocrx_word' id='word_1_589' title='bbox 813 4010 1173 4067; x_wconf 86' lang='lat' dir='ltr'><strong>concludendi</strong></span> <span class='ocrx_word' id='word_1_590' title='bbox 1218 4026 1317 4067; x_wconf 90' lang='lat' dir='ltr'><strong>nec</strong></span> <span class='ocrx_word' id='word_1_591' title='bbox 1346 4010 1490 4067; x_wconf 89' lang='lat' dir='ltr'><strong>hunc</strong></span> <span class='ocrx_word' id='word_1_592' title='bbox 1527 4014 1783 4084; x_wconf 89' lang='lat' dir='ltr'><strong>gentilem</strong></span> <span class='ocrx_word' id='word_1_593' title='bbox 1804 4054 1819 4078; x_wconf 90' lang='lat'><strong>,</strong></span> 
     </span>
    </p>
   </div>
   <div class='ocr_carea' id='block_1_71' title="bbox 215 4102 1822 4177">
    <p class='ocr_par' dir='ltr' id='par_1_71' title="bbox 215 4102 1822 4177">
     <span class='ocr_line' id='line_1_71' title="bbox 215 4102 1822 4177; baseline 0.002 -18"><span class='ocrx_word' id='word_1_594' title='bbox 215 4117 327 4159; x_wconf 86' lang='lat' dir='ltr'><strong>nec</strong></span> <span class='ocrx_word' id='word_1_595' title='bbox 379 4102 671 4159; x_wconf 75' lang='lat' dir='ltr'><strong>Minucium</strong></span> <span class='ocrx_word' id='word_1_596' title='bbox 721 4102 1077 4160; x_wconf 71' lang='lat' dir='ltr'><strong>christianum</strong></span> <span class='ocrx_word' id='word_1_597' title='bbox 1116 4106 1407 4176; x_wconf 85' lang='lat' dir='ltr'><strong>negavisse</strong></span> <span class='ocrx_word' id='word_1_598' title='bbox 1452 4106 1669 4177; x_wconf 88' lang='lat' dir='ltr'><strong>quidem</strong></span> <span class='ocrx_word' id='word_1_599' title='bbox 1725 4120 1822 4162; x_wconf 88' lang='lat' dir='ltr'><strong>sua</strong></span> 
     </span>
    </p>
   </div>
   <div class='ocr_carea' id='block_1_72' title="bbox 215 4196 1815 4268">
    <p class='ocr_par' dir='ltr' id='par_1_72' title="bbox 215 4196 1815 4268">
     <span class='ocr_line' id='line_1_72' title="bbox 215 4196 1815 4268; baseline 0.002 -16"><span class='ocrx_word' id='word_1_600' title='bbox 215 4196 562 4253; x_wconf 84' lang='lat' dir='ltr'><strong>Christianus</strong></span> <span class='ocrx_word' id='word_1_601' title='bbox 590 4198 840 4254; x_wconf 83' lang='lat' dir='ltr'><strong>habuisse</strong></span> <span class='ocrx_word' id='word_1_602' title='bbox 870 4198 1069 4268; x_wconf 88' lang='lat' dir='ltr'><strong>templa</strong></span> <span class='ocrx_word' id='word_1_603' title='bbox 1089 4241 1104 4261; x_wconf 94' lang='lat'><strong>,</strong></span> <span class='ocrx_word' id='word_1_604' title='bbox 1135 4210 1189 4255; x_wconf 91' lang='lat' dir='ltr'><strong>et</strong></span> <span class='ocrx_word' id='word_1_605' title='bbox 1211 4213 1332 4255; x_wconf 85' lang='lat' dir='ltr'><strong>aras</strong></span> <span class='ocrx_word' id='word_1_606' title='bbox 1351 4241 1367 4267; x_wconf 91' lang='lat'><strong>,</strong></span> <span class='ocrx_word' id='word_1_607' title='bbox 1396 4200 1489 4254; x_wconf 85' lang='lat' dir='ltr'><strong>sed</strong></span> <span class='ocrx_word' id='word_1_608' title='bbox 1510 4208 1713 4255; x_wconf 89' lang='lat' dir='ltr'><strong>tantum</strong></span> <span class='ocrx_word' id='word_1_609' title='bbox 1740 4201 1815 4255; x_wconf 89' lang='lat' dir='ltr'><strong>si-</strong></span> 
     </span>
    </p>
   </div>
   <div class='ocr_carea' id='block_1_73' title="bbox 214 4290 1822 4364">
    <p class='ocr_par' dir='ltr' id='par_1_73' title="bbox 214 4290 1822 4364">
     <span class='ocr_line' id='line_1_73' title="bbox 214 4290 1822 4364; baseline 0.001 -17"><span class='ocrx_word' id='word_1_610' title='bbox 214 4290 477 4356; x_wconf 86' lang='lat' dir='ltr'><strong>mulacra,</strong></span> <span class='ocrx_word' id='word_1_611' title='bbox 509 4290 578 4347; x_wconf 88' lang='lat' dir='ltr'><strong>de</strong></span> <span class='ocrx_word' id='word_1_612' title='bbox 602 4293 798 4362; x_wconf 80' lang='lat' dir='ltr'><strong>quibus</strong></span> <span class='ocrx_word' id='word_1_613' title='bbox 837 4307 945 4347; x_wconf 93' lang='lat' dir='ltr'><strong>uno</strong></span> <span class='ocrx_word' id='word_1_614' title='bbox 972 4292 1273 4362; x_wconf 87' lang='lat' dir='ltr'><strong>eodemque</strong></span> <span class='ocrx_word' id='word_1_615' title='bbox 1299 4292 1461 4347; x_wconf 90' lang='lat' dir='ltr'><strong>modo</strong></span> <span class='ocrx_word' id='word_1_616' title='bbox 1490 4294 1822 4364; x_wconf 88' lang='lat' dir='ltr'><strong>loquuntur?</strong></span> 
     </span>
    </p>
   </div>
   <div class='ocr_carea' id='block_1_74' title="bbox 220 4384 1820 4456">
    <p class='ocr_par' dir='ltr' id='par_1_74' title="bbox 220 4384 1820 4456">
     <span class='ocr_line' id='line_1_74' title="bbox 220 4384 1820 4456; baseline -0.001 -13"><span class='ocrx_word' id='word_1_617' title='bbox 220 4384 384 4443; x_wconf 84' lang='lat' dir='ltr'><strong>Unde</strong></span> <span class='ocrx_word' id='word_1_618' title='bbox 413 4399 541 4440; x_wconf 88' lang='lat' dir='ltr'><strong>vero</strong></span> <span class='ocrx_word' id='word_1_619' title='bbox 562 4385 814 4456; x_wconf 78' lang='lat' dir='ltr'><strong>accepisti</strong></span> <span class='ocrx_word' id='word_1_620' title='bbox 847 4385 1089 4441; x_wconf 83' lang='lat' dir='ltr'><strong>Ethuicis</strong></span> <span class='ocrx_word' id='word_1_621' title='bbox 1110 4386 1287 4441; x_wconf 85' lang='lat' dir='ltr'><strong>minus</strong></span> <span class='ocrx_word' id='word_1_622' title='bbox 1314 4397 1441 4442; x_wconf 89' lang='lat' dir='ltr'><strong>nota</strong></span> <span class='ocrx_word' id='word_1_623' title='bbox 1470 4388 1633 4443; x_wconf 76' lang='lat' dir='ltr'><strong>fuisse</strong></span> <span class='ocrx_word' id='word_1_624' title='bbox 1659 4385 1820 4443; x_wconf 85' lang='lat' dir='ltr'><strong>Chri-</strong></span> 
     </span>
    </p>
   </div>
   <div class='ocr_carea' id='block_1_75' title="bbox 216 4479 1821 4553">
    <p class='ocr_par' dir='ltr' id='par_1_75' title="bbox 216 4479 1821 4553">
     <span class='ocr_line' id='line_1_75' title="bbox 216 4479 1821 4553; baseline 0.001 -17"><span class='ocrx_word' id='word_1_625' title='bbox 216 4481 518 4536; x_wconf 88' lang='lat' dir='ltr'><strong>stianorum</strong></span> <span class='ocrx_word' id='word_1_626' title='bbox 548 4479 853 4546; x_wconf 87' lang='lat' dir='ltr'><strong>simulacra,</strong></span> <span class='ocrx_word' id='word_1_627' title='bbox 884 4495 1042 4550; x_wconf 88' lang='lat' dir='ltr'><strong>quam</strong></span> <span class='ocrx_word' id='word_1_628' title='bbox 1075 4494 1258 4535; x_wconf 83' lang='lat' dir='ltr'><strong>sacras</strong></span> <span class='ocrx_word' id='word_1_629' title='bbox 1283 4479 1447 4549; x_wconf 78' lang='lat' dir='ltr'><strong>tedes,</strong></span> <span class='ocrx_word' id='word_1_630' title='bbox 1480 4496 1612 4553; x_wconf 87' lang='lat' dir='ltr'><strong>quas</strong></span> <span class='ocrx_word' id='word_1_631' title='bbox 1639 4481 1821 4538; x_wconf 90' lang='lat' dir='ltr'><strong>occul-</strong></span> 
     </span>
    </p>
   </div>
   <div class='ocr_carea' id='block_1_76' title="bbox 216 4572 1142 4629">
    <p class='ocr_par' dir='ltr' id='par_1_76' title="bbox 216 4572 1142 4629">
     <span class='ocr_line' id='line_1_76' title="bbox 216 4572 1142 4629; baseline -0.003 0"><span class='ocrx_word' id='word_1_632' title='bbox 216 4582 273 4629; x_wconf 87' lang='lat' dir='ltr'><strong>te</strong></span> <span class='ocrx_word' id='word_1_633' title='bbox 306 4581 511 4628; x_wconf 87' lang='lat' dir='ltr'><strong>tantum</strong></span> <span class='ocrx_word' id='word_1_634' title='bbox 540 4572 690 4627; x_wconf 90' lang='lat' dir='ltr'><strong>adire</strong></span> <span class='ocrx_word' id='word_1_635' title='bbox 714 4572 1142 4627; x_wconf 85' lang='lat' dir='ltr'><strong>consueverant?</strong></span> 
     </span>
    </p>
   </div>
   <div class='ocr_carea' id='block_1_77' title="bbox 218 4665 1818 4737">
    <p class='ocr_par' dir='ltr' id='par_1_77' title="bbox 218 4665 1818 4737">
     <span class='ocr_line' id='line_1_77' title="bbox 218 4665 1818 4737; baseline -0.001 -12"><span class='ocrx_word' id='word_1_636' title='bbox 218 4702 221 4705; x_wconf 98' lang='lat'><strong><em>-</em></strong></span> <span class='ocrx_word' id='word_1_637' title='bbox 293 4665 459 4737; x_wconf 81' lang='lat' dir='ltr'><strong>Urget</strong></span> <span class='ocrx_word' id='word_1_638' title='bbox 506 4678 682 4721; x_wconf 84' lang='lat' dir='ltr'><strong>tamen</strong></span> <span class='ocrx_word' id='word_1_639' title='bbox 726 4665 954 4721; x_wconf 76' lang='lat' dir='ltr'><strong>Dalheus</strong></span> <span class='ocrx_word' id='word_1_640' title='bbox 995 4665 1149 4721; x_wconf 78' lang='lat' dir='ltr'><strong>facile</strong></span> <span class='ocrx_word' id='word_1_641' title='bbox 1194 4675 1604 4737; x_wconf 89' lang='lat' dir='ltr'><strong>promptumque</strong></span> <span class='ocrx_word' id='word_1_642' title='bbox 1649 4665 1818 4723; x_wconf 83' lang='lat' dir='ltr'><strong>fuisse</strong></span> 
     </span>
    </p>
   </div>
   <div class='ocr_carea' id='block_1_78' title="bbox 216 4755 1819 4827">
    <p class='ocr_par' dir='ltr' id='par_1_78' title="bbox 216 4755 1819 4827">
     <span class='ocr_line' id='line_1_78' title="bbox 216 4755 1819 4827; baseline -0.001 -12"><span class='ocrx_word' id='word_1_643' title='bbox 216 4758 450 4815; x_wconf 74' lang='lat' dir='ltr'><strong>Oetatio</strong></span> <span class='ocrx_word' id='word_1_644' title='bbox 478 4756 826 4827; x_wconf 87' lang='lat' dir='ltr'><strong>respondere,</strong></span> <span class='ocrx_word' id='word_1_645' title='bbox 848 4758 1092 4826; x_wconf 70' lang='lat' dir='ltr'><strong>quzedam</strong></span> <span class='ocrx_word' id='word_1_646' title='bbox 1115 4755 1438 4812; x_wconf 80' lang='lat' dir='ltr'><strong>Christianis</strong></span> <span class='ocrx_word' id='word_1_647' title='bbox 1460 4760 1627 4813; x_wconf 77' lang='lat' dir='ltr'><strong>fuisse</strong></span> <span class='ocrx_word' id='word_1_648' title='bbox 1653 4759 1819 4814; x_wconf 86' lang='lat' dir='ltr'><strong>simu-</strong></span> 
     </span>
    </p>
   </div>
   <div class='ocr_carea' id='block_1_79' title="bbox 218 4851 1820 4923">
    <p class='ocr_par' dir='ltr' id='par_1_79' title="bbox 218 4851 1820 4923">
     <span class='ocr_line' id='line_1_79' title="bbox 218 4851 1820 4923; baseline 0.001 -16"><span class='ocrx_word' id='word_1_649' title='bbox 218 4851 365 4907; x_wconf 81' lang='lat' dir='ltr'><strong>lacra</strong></span> <span class='ocrx_word' id='word_1_650' title='bbox 397 4862 452 4907; x_wconf 91' lang='lat' dir='ltr'><strong>et</strong></span> <span class='ocrx_word' id='word_1_651' title='bbox 478 4851 688 4915; x_wconf 78' lang='lat' dir='ltr'><strong>altaria,</strong></span> <span class='ocrx_word' id='word_1_652' title='bbox 741 4851 837 4906; x_wconf 85' lang='lat' dir='ltr'><strong>sed</strong></span> <span class='ocrx_word' id='word_1_653' title='bbox 867 4852 1026 4923; x_wconf 80' lang='lat' dir='ltr'><strong>longe</strong></span> <span class='ocrx_word' id='word_1_654' title='bbox 1052 4851 1121 4906; x_wconf 89' lang='lat' dir='ltr'><strong>ab</strong></span> <span class='ocrx_word' id='word_1_655' title='bbox 1143 4852 1489 4907; x_wconf 84' lang='lat' dir='ltr'><strong>Ethnicnrum</strong></span> <span class='ocrx_word' id='word_1_656' title='bbox 1519 4853 1820 4909; x_wconf 89' lang='lat' dir='ltr'><strong>simulacris</strong></span> 
     </span>
    </p>
   </div>
   <div class='ocr_carea' id='block_1_80' title="bbox 220 4944 1819 5012">
    <p class='ocr_par' dir='ltr' id='par_1_80' title="bbox 220 4944 1819 5012">
     <span class='ocr_line' id='line_1_80' title="bbox 220 4944 1819 5012; baseline 0.001 -11"><span class='ocrx_word' id='word_1_657' title='bbox 220 4955 273 5001; x_wconf 87' lang='lat' dir='ltr'><strong>et</strong></span> <span class='ocrx_word' id='word_1_658' title='bbox 304 4945 565 5001; x_wconf 83' lang='lat' dir='ltr'><strong>altaribus</strong></span> <span class='ocrx_word' id='word_1_659' title='bbox 592 4944 826 5000; x_wconf 84' lang='lat' dir='ltr'><strong>diversa.</strong></span> <span class='ocrx_word' id='word_1_660' title='bbox 855 4944 1088 5000; x_wconf 83' lang='lat' dir='ltr'><strong>Tantum</strong></span> <span class='ocrx_word' id='word_1_661' title='bbox 1114 4952 1290 5000; x_wconf 90' lang='lat' dir='ltr'><strong>autem</strong></span> <span class='ocrx_word' id='word_1_662' title='bbox 1329 4946 1501 5012; x_wconf 88' lang='lat' dir='ltr'><strong>abest,</strong></span> <span class='ocrx_word' id='word_1_663' title='bbox 1535 4958 1592 5000; x_wconf 91' lang='lat' dir='ltr'><strong>ut</strong></span> <span class='ocrx_word' id='word_1_664' title='bbox 1637 4948 1705 5000; x_wconf 91' lang='lat' dir='ltr'><strong>ita</strong></span> <span class='ocrx_word' id='word_1_665' title='bbox 1732 4962 1819 5002; x_wconf 85' lang='lat' dir='ltr'><strong>re-</strong></span> 
     </span>
    </p>
   </div>
   <div class='ocr_carea' id='block_1_81' title="bbox 219 5038 1818 5109">
    <p class='ocr_par' dir='ltr' id='par_1_81' title="bbox 219 5038 1818 5109">
     <span class='ocr_line' id='line_1_81' title="bbox 219 5038 1818 5109; baseline 0 -14"><span class='ocrx_word' id='word_1_666' title='bbox 219 5039 524 5109; x_wconf 74' lang='lat' dir='ltr'><strong>Spondcrit,</strong></span> <span class='ocrx_word' id='word_1_667' title='bbox 554 5039 682 5108; x_wconf 86' lang='lat' dir='ltr'><strong>quin</strong></span> <span class='ocrx_word' id='word_1_668' title='bbox 709 5039 875 5093; x_wconf 89' lang='lat' dir='ltr'><strong>immo</strong></span> <span class='ocrx_word' id='word_1_669' title='bbox 894 5038 1038 5094; x_wconf 87' lang='lat' dir='ltr'><strong>dicat</strong></span> <span class='ocrx_word' id='word_1_670' title='bbox 1068 5038 1270 5093; x_wconf 90' lang='lat' dir='ltr'><strong>nullum</strong></span> <span class='ocrx_word' id='word_1_671' title='bbox 1301 5039 1684 5095; x_wconf 62' lang='lat' dir='ltr'><strong>exstruendnm</strong></span> <span class='ocrx_word' id='word_1_672' title='bbox 1710 5040 1818 5095; x_wconf 89' lang='lat' dir='ltr'><strong>Deo</strong></span> 
     </span>
    </p>
   </div>
   <div class='ocr_carea' id='block_1_82' title="bbox 220 5131 1816 5202">
    <p class='ocr_par' dir='ltr' id='par_1_82' title="bbox 220 5131 1816 5202">
     <span class='ocr_line' id='line_1_82' title="bbox 220 5131 1816 5202; baseline -0.001 -16"><span class='ocrx_word' id='word_1_673' title='bbox 220 5131 506 5202; x_wconf 82' lang='lat' dir='ltr'><strong>templum,</strong></span> <span class='ocrx_word' id='word_1_674' title='bbox 533 5146 692 5201; x_wconf 83' lang='lat' dir='ltr'><strong>quem</strong></span> <span class='ocrx_word' id='word_1_675' title='bbox 723 5146 829 5187; x_wconf 90' lang='lat' dir='ltr'><strong>non</strong></span> <span class='ocrx_word' id='word_1_676' title='bbox 861 5131 1279 5193; x_wconf 70' lang='lat' dir='ltr'><strong>totusmuudus.</strong></span> <span class='ocrx_word' id='word_1_677' title='bbox 1310 5134 1487 5185; x_wconf 84' lang='lat' dir='ltr'><strong>multo</strong></span> <span class='ocrx_word' id='word_1_678' title='bbox 1504 5132 1684 5187; x_wconf 87' lang='lat' dir='ltr'><strong>minus</strong></span> <span class='ocrx_word' id='word_1_679' title='bbox 1714 5147 1816 5186; x_wconf 91' lang='lat' dir='ltr'><strong>una</strong></span> 
     </span>
    </p>
   </div>
   <div class='ocr_carea' id='block_1_83' title="bbox 220 5225 1818 5297">
    <p class='ocr_par' dir='ltr' id='par_1_83' title="bbox 220 5225 1818 5297">
     <span class='ocr_line' id='line_1_83' title="bbox 220 5225 1818 5297; baseline -0.002 -16"><span class='ocrx_word' id='word_1_680' title='bbox 220 5225 449 5281; x_wconf 69' lang='lat' dir='ltr'><strong>aedicula</strong></span> <span class='ocrx_word' id='word_1_681' title='bbox 473 5225 747 5283; x_wconf 75' lang='lat' dir='ltr'><strong>includere</strong></span> <span class='ocrx_word' id='word_1_682' title='bbox 775 5235 952 5297; x_wconf 87' lang='lat' dir='ltr'><strong>potest</strong></span> <span class='ocrx_word' id='word_1_683' title='bbox 984 5242 997 5278; x_wconf 89' lang='lat'><strong>:</strong></span> <span class='ocrx_word' id='word_1_684' title='bbox 1021 5225 1116 5281; x_wconf 89' lang='lat' dir='ltr'><strong>sed</strong></span> <span class='ocrx_word' id='word_1_685' title='bbox 1144 5225 1338 5280; x_wconf 71' lang='lat' dir='ltr'><strong>bellum</strong></span> <span class='ocrx_word' id='word_1_686' title='bbox 1352 5225 1612 5292; x_wconf 86' lang='lat' dir='ltr'><strong>animum,</strong></span> <span class='ocrx_word' id='word_1_687' title='bbox 1631 5240 1818 5295; x_wconf 89' lang='lat' dir='ltr'><strong>puram</strong></span> 
     </span>
    </p>
   </div>
   <div class='ocr_carea' id='block_1_84' title="bbox 220 5317 1822 5387">
    <p class='ocr_par' dir='ltr' id='par_1_84' title="bbox 220 5317 1822 5387">
     <span class='ocr_line' id='line_1_84' title="bbox 220 5317 1822 5387; baseline 0.001 -14"><span class='ocrx_word' id='word_1_688' title='bbox 220 5328 482 5384; x_wconf 81' lang='lat' dir='ltr'><strong>mentem,</strong></span> <span class='ocrx_word' id='word_1_689' title='bbox 516 5318 782 5373; x_wconf 89' lang='lat' dir='ltr'><strong>sinceram</strong></span> <span class='ocrx_word' id='word_1_690' title='bbox 808 5317 1451 5387; x_wconf 87' lang='lat' dir='ltr'><strong>conscientiamoptimas</strong></span> <span class='ocrx_word' id='word_1_691' title='bbox 1474 5334 1596 5374; x_wconf 88' lang='lat' dir='ltr'><strong>esse</strong></span> <span class='ocrx_word' id='word_1_692' title='bbox 1623 5328 1678 5374; x_wconf 88' lang='lat' dir='ltr'><strong>et</strong></span> <span class='ocrx_word' id='word_1_693' title='bbox 1703 5319 1822 5375; x_wconf 83' lang='lat' dir='ltr'><strong>lita-</strong></span> 
     </span>
    </p>
   </div>
   <div class='ocr_carea' id='block_1_85' title="bbox 221 5408 1823 5482">
    <p class='ocr_par' dir='ltr' id='par_1_85' title="bbox 221 5408 1823 5482">
     <span class='ocr_line' id='line_1_85' title="bbox 221 5408 1823 5482; baseline 0.002 -17"><span class='ocrx_word' id='word_1_694' title='bbox 221 5408 365 5466; x_wconf 86' lang='lat' dir='ltr'><strong>biles</strong></span> <span class='ocrx_word' id='word_1_695' title='bbox 395 5411 504 5466; x_wconf 88' lang='lat' dir='ltr'><strong>Deo</strong></span> <span class='ocrx_word' id='word_1_696' title='bbox 526 5411 727 5466; x_wconf 75' lang='lat' dir='ltr'><strong>hostias</strong></span> <span class='ocrx_word' id='word_1_697' title='bbox 755 5426 819 5467; x_wconf 86' lang='lat' dir='ltr'><strong>ac</strong></span> <span class='ocrx_word' id='word_1_698' title='bbox 847 5412 1112 5477; x_wconf 81' lang='lat' dir='ltr'><strong>victimas,</strong></span> <span class='ocrx_word' id='word_1_699' title='bbox 1141 5411 1375 5482; x_wconf 82' lang='lat' dir='ltr'><strong>denique</strong></span> <span class='ocrx_word' id='word_1_700' title='bbox 1402 5412 1677 5468; x_wconf 87' lang='lat' dir='ltr'><strong>hominem</strong></span> <span class='ocrx_word' id='word_1_701' title='bbox 1697 5425 1823 5469; x_wconf 88' lang='lat' dir='ltr'><strong>esse</strong></span> 
     </span>
    </p>
   </div>
   <div class='ocr_carea' id='block_1_86' title="bbox 224 5504 717 5561">
    <p class='ocr_par' dir='ltr' id='par_1_86' title="bbox 224 5504 717 5561">
     <span class='ocr_line' id='line_1_86' title="bbox 224 5504 717 5561; baseline 0 -1"><span class='ocrx_word' id='word_1_702' title='bbox 224 5504 324 5561; x_wconf 90' lang='lat' dir='ltr'><strong>Dei</strong></span> <span class='ocrx_word' id='word_1_703' title='bbox 352 5505 717 5560; x_wconf 88' lang='lat' dir='ltr'><strong>simulacrum.</strong></span> 
     </span>
    </p>
   </div>
   <div class='ocr_carea' id='block_1_87' title="bbox 304 5598 1821 5674">
    <p class='ocr_par' dir='ltr' id='par_1_87' title="bbox 304 5598 1821 5674">
     <span class='ocr_line' id='line_1_87' title="bbox 304 5598 1821 5674; baseline 0.004 -22"><span class='ocrx_word' id='word_1_704' title='bbox 304 5598 499 5656; x_wconf 80' lang='lat' dir='ltr'><strong>Verum</strong></span> <span class='ocrx_word' id='word_1_705' title='bbox 533 5600 666 5655; x_wconf 88' lang='lat' dir='ltr'><strong>nihil</strong></span> <span class='ocrx_word' id='word_1_706' title='bbox 699 5602 854 5672; x_wconf 88' lang='lat' dir='ltr'><strong>plane</strong></span> <span class='ocrx_word' id='word_1_707' title='bbox 885 5603 987 5659; x_wconf 85' lang='lat' dir='ltr'><strong>hoc</strong></span> <span class='ocrx_word' id='word_1_708' title='bbox 1014 5617 1275 5674; x_wconf 87' lang='lat' dir='ltr'><strong>responso</strong></span> <span class='ocrx_word' id='word_1_709' title='bbox 1309 5602 1479 5658; x_wconf 89' lang='lat' dir='ltr'><strong>levius</strong></span> <span class='ocrx_word' id='word_1_710' title='bbox 1507 5618 1571 5659; x_wconf 91' lang='lat' dir='ltr'><strong>ac</strong></span> <span class='ocrx_word' id='word_1_711' title='bbox 1601 5603 1821 5658; x_wconf 79' lang='lat' dir='ltr'><strong>iutilius.</strong></span> 
     </span>
    </p>
   </div>
   <div class='ocr_carea' id='block_1_88' title="bbox 224 5692 1829 5768">
    <p class='ocr_par' dir='ltr' id='par_1_88' title="bbox 224 5692 1829 5768">
     <span class='ocr_line' id='line_1_88' title="bbox 224 5692 1829 5768; baseline 0.002 -18"><span class='ocrx_word' id='word_1_712' title='bbox 224 5692 365 5750; x_wconf 89' lang='lat' dir='ltr'><strong>Nam</strong></span> <span class='ocrx_word' id='word_1_713' title='bbox 389 5693 562 5750; x_wconf 65' lang='lat' dir='ltr'><strong>Judaei</strong></span> <span class='ocrx_word' id='word_1_714' title='bbox 589 5704 644 5751; x_wconf 82' lang='lat' dir='ltr'><strong>ct</strong></span> <span class='ocrx_word' id='word_1_715' title='bbox 666 5695 927 5762; x_wconf 80' lang='lat' dir='ltr'><strong>Gentiles,</strong></span> <span class='ocrx_word' id='word_1_716' title='bbox 956 5697 1095 5767; x_wconf 89' lang='lat' dir='ltr'><strong>apud</strong></span> <span class='ocrx_word' id='word_1_717' title='bbox 1126 5713 1262 5768; x_wconf 89' lang='lat' dir='ltr'><strong>quos</strong></span> <span class='ocrx_word' id='word_1_718' title='bbox 1289 5707 1369 5754; x_wconf 85' lang='lat' dir='ltr'><strong>tot</strong></span> <span class='ocrx_word' id='word_1_719' title='bbox 1392 5714 1515 5754; x_wconf 88' lang='lat' dir='ltr'><strong>aras</strong></span> <span class='ocrx_word' id='word_1_720' title='bbox 1535 5739 1550 5763; x_wconf 90' lang='lat'><strong>,</strong></span> <span class='ocrx_word' id='word_1_721' title='bbox 1580 5696 1829 5754; x_wconf 73' lang='lat' dir='ltr'><strong>victimas</strong></span> 
     </span>
    </p>
   </div>
   <div class='ocr_carea' id='block_1_89' title="bbox 225 5787 1828 5859">
    <p class='ocr_par' dir='ltr' id='par_1_89' title="bbox 225 5787 1828 5859">
     <span class='ocr_line' id='line_1_89' title="bbox 225 5787 1828 5859; baseline 0.002 -14"><span class='ocrx_word' id='word_1_722' title='bbox 225 5794 287 5845; x_wconf 85' lang='lat' dir='ltr'><strong>et</strong></span> <span class='ocrx_word' id='word_1_723' title='bbox 315 5788 576 5845; x_wconf 85' lang='lat' dir='ltr'><strong>sacriﬁcia</strong></span> <span class='ocrx_word' id='word_1_724' title='bbox 610 5787 749 5846; x_wconf 81' lang='lat' dir='ltr'><strong>facta</strong></span> <span class='ocrx_word' id='word_1_725' title='bbox 787 5788 953 5848; x_wconf 81' lang='lat' dir='ltr'><strong>fuisse</strong></span> <span class='ocrx_word' id='word_1_726' title='bbox 985 5804 1145 5847; x_wconf 89' lang='lat' dir='ltr'><strong>nemo</strong></span> <span class='ocrx_word' id='word_1_727' title='bbox 1182 5791 1376 5859; x_wconf 87' lang='lat' dir='ltr'><strong>nescit,</strong></span> <span class='ocrx_word' id='word_1_728' title='bbox 1408 5790 1600 5849; x_wconf 88' lang='lat' dir='ltr'><strong>eodem</strong></span> <span class='ocrx_word' id='word_1_729' title='bbox 1632 5805 1697 5849; x_wconf 90' lang='lat' dir='ltr'><strong>ac</strong></span> <span class='ocrx_word' id='word_1_730' title='bbox 1725 5790 1828 5848; x_wconf 82' lang='lat' dir='ltr'><strong>Mi-</strong></span> 
     </span>
    </p>
   </div>
   <div class='ocr_carea' id='block_1_90' title="bbox 1926 3257 3535 3331">
    <p class='ocr_par' dir='ltr' id='par_1_90' title="bbox 1926 3257 3535 3331">
     <span class='ocr_line' id='line_1_90' title="bbox 1926 3257 3535 3331; baseline 0.001 -18"><span class='ocrx_word' id='word_1_731' title='bbox 1926 3275 2051 3331; x_wconf 88' lang='lat' dir='ltr'><strong>pag.</strong></span> <span class='ocrx_word' id='word_1_732' title='bbox 2087 3258 2209 3329; x_wconf 74' lang='lat'><strong>96.)</strong></span> <span class='ocrx_word' id='word_1_733' title='bbox 2252 3258 2442 3314; x_wconf 85' lang='lat' dir='ltr'><strong>Nonne</strong></span> <span class='ocrx_word' id='word_1_734' title='bbox 2471 3258 2543 3313; x_wconf 87' lang='lat' dir='ltr'><strong>ibi</strong></span> <span class='ocrx_word' id='word_1_735' title='bbox 2576 3270 2682 3313; x_wconf 90' lang='lat' dir='ltr'><strong>tam</strong></span> <span class='ocrx_word' id='word_1_736' title='bbox 2710 3268 2919 3329; x_wconf 81' lang='lat' dir='ltr'><strong>aperte,</strong></span> <span class='ocrx_word' id='word_1_737' title='bbox 2938 3272 3099 3328; x_wconf 90' lang='lat' dir='ltr'><strong>quam</strong></span> <span class='ocrx_word' id='word_1_738' title='bbox 3129 3257 3390 3313; x_wconf 61' lang='lat' dir='ltr'><strong>Minucius</strong></span> <span class='ocrx_word' id='word_1_739' title='bbox 3421 3259 3535 3315; x_wconf 83' lang='lat' dir='ltr'><strong>ulla</strong></span> 
     </span>
    </p>
   </div>
   <div class='ocr_carea' id='block_1_91' title="bbox 1928 3350 3536 3423">
    <p class='ocr_par' dir='ltr' id='par_1_91' title="bbox 1928 3350 3536 3423">
     <span class='ocr_line' id='line_1_91' title="bbox 1928 3350 3536 3423; baseline 0.002 -17"><span class='ocrx_word' id='word_1_740' title='bbox 1928 3367 2148 3423; x_wconf 73' lang='lat' dir='ltr'><strong>prorsus</strong></span> <span class='ocrx_word' id='word_1_741' title='bbox 2175 3350 2498 3407; x_wconf 89' lang='lat' dir='ltr'><strong>Christianis</strong></span> <span class='ocrx_word' id='word_1_742' title='bbox 2539 3351 2739 3420; x_wconf 90' lang='lat' dir='ltr'><strong>templa</strong></span> <span class='ocrx_word' id='word_1_743' title='bbox 2760 3390 2775 3416; x_wconf 92' lang='lat'><strong>,</strong></span> <span class='ocrx_word' id='word_1_744' title='bbox 2804 3364 2927 3404; x_wconf 85' lang='lat' dir='ltr'><strong>aras</strong></span> <span class='ocrx_word' id='word_1_745' title='bbox 2955 3358 3012 3405; x_wconf 90' lang='lat' dir='ltr'><strong>et</strong></span> <span class='ocrx_word' id='word_1_746' title='bbox 3039 3351 3324 3406; x_wconf 86' lang='lat' dir='ltr'><strong>simulacra</strong></span> <span class='ocrx_word' id='word_1_747' title='bbox 3366 3350 3536 3410; x_wconf 81' lang='lat' dir='ltr'><strong>fuisse</strong></span> 
     </span>
    </p>
   </div>
   <div class='ocr_carea' id='block_1_92' title="bbox 1927 3441 3536 3515">
    <p class='ocr_par' dir='ltr' id='par_1_92' title="bbox 1927 3441 3536 3515">
     <span class='ocr_line' id='line_1_92' title="bbox 1927 3441 3536 3515; baseline 0 -15"><span class='ocrx_word' id='word_1_748' title='bbox 1927 3445 2154 3501; x_wconf 82' lang='lat' dir='ltr'><strong>abnuit?</strong></span> <span class='ocrx_word' id='word_1_749' title='bbox 2184 3445 2373 3500; x_wconf 90' lang='lat' dir='ltr'><strong>Nonne</strong></span> <span class='ocrx_word' id='word_1_750' title='bbox 2406 3444 2568 3499; x_wconf 86' lang='lat' dir='ltr'><strong>etiam</strong></span> <span class='ocrx_word' id='word_1_751' title='bbox 2610 3441 2735 3497; x_wconf 85' lang='lat' dir='ltr'><strong>alibi</strong></span> <span class='ocrx_word' id='word_1_752' title='bbox 2771 3441 2991 3497; x_wconf 83' lang='lat' dir='ltr'><strong>ethnico</strong></span> <span class='ocrx_word' id='word_1_753' title='bbox 3023 3441 3268 3514; x_wconf 71' lang='lat' dir='ltr'><strong>Scapulae</strong></span> <span class='ocrx_word' id='word_1_754' title='bbox 3309 3459 3536 3515; x_wconf 71' lang='lat' dir='ltr'><strong>rc~pon-</strong></span> 
     </span>
    </p>
   </div>
   <div class='ocr_carea' id='block_1_93' title="bbox 1926 3533 3536 3607">
    <p class='ocr_par' dir='ltr' id='par_1_93' title="bbox 1926 3533 3536 3607">
     <span class='ocr_line' id='line_1_93' title="bbox 1926 3533 3536 3607; baseline -0.001 -12"><span class='ocrx_word' id='word_1_755' title='bbox 1926 3540 2019 3596; x_wconf 91' lang='lat' dir='ltr'><strong>det</strong></span> <span class='ocrx_word' id='word_1_756' title='bbox 2050 3560 2064 3596; x_wconf 91' lang='lat'><strong>:</strong></span> <span class='ocrx_word' id='word_1_757' title='bbox 2103 3557 2124 3593; x_wconf 70' lang='grc' dir='ltr'><strong>ι</strong></span> <span class='ocrx_word' id='word_1_758' title='bbox 2164 3538 2547 3595; x_wconf 84' lang='lat' dir='ltr'><strong>Sacriﬁcamus</strong></span> <span class='ocrx_word' id='word_1_759' title='bbox 2574 3550 2670 3607; x_wconf 91' lang='lat' dir='ltr'><strong>pro</strong></span> <span class='ocrx_word' id='word_1_760' title='bbox 2697 3536 2872 3590; x_wconf 85' lang='lat' dir='ltr'><strong>salute</strong></span> <span class='ocrx_word' id='word_1_761' title='bbox 2895 3533 3261 3605; x_wconf 85' lang='lat' dir='ltr'><strong>Imperatoris,</strong></span> <span class='ocrx_word' id='word_1_762' title='bbox 3294 3536 3390 3590; x_wconf 86' lang='lat' dir='ltr'><strong>sed</strong></span> <span class='ocrx_word' id='word_1_763' title='bbox 3422 3538 3536 3593; x_wconf 88' lang='lat' dir='ltr'><strong>Deo</strong></span> 
     </span>
    </p>
   </div>
   <div class='ocr_carea' id='block_1_94' title="bbox 1927 3626 3534 3703">
    <p class='ocr_par' dir='ltr' id='par_1_94' title="bbox 1927 3626 3534 3703">
     <span class='ocr_line' id='line_1_94' title="bbox 1927 3626 3534 3703; baseline -0.003 -12"><span class='ocrx_word' id='word_1_764' title='bbox 1927 3646 2115 3693; x_wconf 86' lang='lat' dir='ltr'><strong>nostro</strong></span> <span class='ocrx_word' id='word_1_765' title='bbox 2145 3642 2203 3691; x_wconf 92' lang='lat' dir='ltr'><strong>et</strong></span> <span class='ocrx_word' id='word_1_766' title='bbox 2235 3632 2427 3703; x_wconf 88' lang='lat' dir='ltr'><strong>ipsius,</strong></span> <span class='ocrx_word' id='word_1_767' title='bbox 2458 3632 2555 3688; x_wconf 84' lang='lat' dir='ltr'><strong>sed</strong></span> <span class='ocrx_word' id='word_1_768' title='bbox 2591 3629 2865 3702; x_wconf 83' lang='lat' dir='ltr'><strong>quomodo</strong></span> <span class='ocrx_word' id='word_1_769' title='bbox 2900 3626 3161 3698; x_wconf 68' lang='lat' dir='ltr'><strong>praecepit</strong></span> <span class='ocrx_word' id='word_1_770' title='bbox 3203 3630 3364 3694; x_wconf 81' lang='lat' dir='ltr'><strong>Deus,</strong></span> <span class='ocrx_word' id='word_1_771' title='bbox 3395 3644 3534 3699; x_wconf 83' lang='lat' dir='ltr'><strong>pura</strong></span> 
     </span>
    </p>
   </div>
   <div class='ocr_carea' id='block_1_95' title="bbox 1926 3721 3534 3802">
    <p class='ocr_par' dir='ltr' id='par_1_95' title="bbox 1926 3721 3534 3802">
     <span class='ocr_line' id='line_1_95' title="bbox 1926 3721 3534 3802; baseline -0.004 -17"><span class='ocrx_word' id='word_1_772' title='bbox 1926 3732 2127 3802; x_wconf 90' lang='lat' dir='ltr'><strong>prece?</strong></span> <span class='ocrx_word' id='word_1_773' title='bbox 2163 3745 2182 3782; x_wconf 75' lang='grc' dir='ltr'><strong>ι</strong></span> <span class='ocrx_word' id='word_1_774' title='bbox 2231 3728 2419 3800; x_wconf 89' lang='lat' dir='ltr'><strong>(Idem</strong></span> <span class='ocrx_word' id='word_1_775' title='bbox 2445 3768 2460 3793; x_wconf 93' lang='lat'><strong>,</strong></span> <span class='ocrx_word' id='word_1_776' title='bbox 2492 3726 2585 3780; x_wconf 90' lang='lat' dir='ltr'><strong>lib.</strong></span> <span class='ocrx_word' id='word_1_777' title='bbox 2614 3725 2684 3779; x_wconf 84' lang='lat' dir='ltr'><strong>ad</strong></span> <span class='ocrx_word' id='word_1_778' title='bbox 2711 3723 2955 3794; x_wconf 82' lang='lat' dir='ltr'><strong>Scapul.,</strong></span> <span class='ocrx_word' id='word_1_779' title='bbox 2983 3737 3104 3791; x_wconf 88' lang='lat' dir='ltr'><strong>cap.</strong></span> <span class='ocrx_word' id='word_1_780' title='bbox 3133 3721 3168 3776; x_wconf 75' lang='grc'>2</span> <span class='ocrx_word' id='word_1_781' title='bbox 3191 3762 3205 3785; x_wconf 87' lang='grc'><em>,</em></span> <span class='ocrx_word' id='word_1_782' title='bbox 3232 3736 3351 3793; x_wconf 82' lang='lat' dir='ltr'><strong>pag.</strong></span> <span class='ocrx_word' id='word_1_783' title='bbox 3391 3723 3482 3779; x_wconf 89' lang='lat'><strong>86.</strong></span> <span class='ocrx_word' id='word_1_784' title='bbox 3510 3723 3534 3798; x_wconf 92' lang='lat'><strong>)</strong></span> 
     </span>
    </p>
   </div>
   <div class='ocr_carea' id='block_1_96' title="bbox 1925 3814 3533 3893">
    <p class='ocr_par' dir='ltr' id='par_1_96' title="bbox 1925 3814 3533 3893">
     <span class='ocr_line' id='line_1_96' title="bbox 1925 3814 3533 3893; baseline -0.006 -15"><span class='ocrx_word' id='word_1_785' title='bbox 1925 3822 2196 3893; x_wconf 88' lang='lat' dir='ltr'><strong>Numquid</strong></span> <span class='ocrx_word' id='word_1_786' title='bbox 2238 3820 2442 3876; x_wconf 84' lang='lat' dir='ltr'><strong>idcirco</strong></span> <span class='ocrx_word' id='word_1_787' title='bbox 2480 3818 2699 3889; x_wconf 85' lang='lat' dir='ltr'><strong>negavit</strong></span> <span class='ocrx_word' id='word_1_788' title='bbox 2741 3815 3076 3870; x_wconf 77' lang='lat' dir='ltr'><strong>Chrisﬁanos</strong></span> <span class='ocrx_word' id='word_1_789' title='bbox 3116 3814 3369 3868; x_wconf 91' lang='lat' dir='ltr'><strong>omnibus</strong></span> <span class='ocrx_word' id='word_1_790' title='bbox 3405 3829 3533 3870; x_wconf 87' lang='lat' dir='ltr'><strong>om-</strong></span> 
     </span>
    </p>
   </div>
   <div class='ocr_carea' id='block_1_97' title="bbox 1928 3903 3535 3981">
    <p class='ocr_par' dir='ltr' id='par_1_97' title="bbox 1928 3903 3535 3981">
     <span class='ocr_line' id='line_1_97' title="bbox 1928 3903 3535 3981; baseline -0.006 -10"><span class='ocrx_word' id='word_1_791' title='bbox 1928 3916 2056 3971; x_wconf 89' lang='lat' dir='ltr'><strong>nino</strong></span> <span class='ocrx_word' id='word_1_792' title='bbox 2100 3914 2342 3969; x_wconf 88' lang='lat' dir='ltr'><strong>caruisse</strong></span> <span class='ocrx_word' id='word_1_793' title='bbox 2389 3911 2638 3981; x_wconf 88' lang='lat' dir='ltr'><strong>templis,</strong></span> <span class='ocrx_word' id='word_1_794' title='bbox 2680 3908 2827 3976; x_wconf 88' lang='lat' dir='ltr'><strong>aris,</strong></span> <span class='ocrx_word' id='word_1_795' title='bbox 2868 3916 2923 3962; x_wconf 88' lang='lat' dir='ltr'><strong>et</strong></span> <span class='ocrx_word' id='word_1_796' title='bbox 2964 3903 3266 3961; x_wconf 83' lang='lat' dir='ltr'><strong>altaribus?</strong></span> <span class='ocrx_word' id='word_1_797' title='bbox 3310 3904 3535 3962; x_wconf 77' lang='lat' dir='ltr'><strong>Minime</strong></span> 
     </span>
    </p>
   </div>
   <div class='ocr_carea' id='block_1_98' title="bbox 1926 3996 3531 4075">
    <p class='ocr_par' dir='ltr' id='par_1_98' title="bbox 1926 3996 3531 4075">
     <span class='ocr_line' id='line_1_98' title="bbox 1926 3996 3531 4075; baseline -0.004 -14"><span class='ocrx_word' id='word_1_798' title='bbox 1926 4006 2173 4075; x_wconf 89' lang='lat' dir='ltr'><strong>quidem,</strong></span> <span class='ocrx_word' id='word_1_799' title='bbox 2207 4004 2367 4059; x_wconf 91' lang='lat' dir='ltr'><strong>sicuti</strong></span> <span class='ocrx_word' id='word_1_800' title='bbox 2397 4003 2517 4058; x_wconf 89' lang='lat' dir='ltr'><strong>aliis</strong></span> <span class='ocrx_word' id='word_1_801' title='bbox 2556 4001 2715 4070; x_wconf 88' lang='lat' dir='ltr'><strong>paulo</strong></span> <span class='ocrx_word' id='word_1_802' title='bbox 2742 4008 2872 4055; x_wconf 86' lang='lat' dir='ltr'><strong>ante</strong></span> <span class='ocrx_word' id='word_1_803' title='bbox 2909 3996 3087 4054; x_wconf 84' lang='lat' dir='ltr'><strong>citatis</strong></span> <span class='ocrx_word' id='word_1_804' title='bbox 3122 3996 3404 4067; x_wconf 85' lang='lat' dir='ltr'><strong>probatum</strong></span> <span class='ocrx_word' id='word_1_805' title='bbox 3441 4003 3531 4054; x_wconf 77' lang='lat' dir='ltr'><strong>est</strong></span> 
     </span>
    </p>
   </div>
   <div class='ocr_carea' id='block_1_99' title="bbox 1927 4093 3233 4164">
    <p class='ocr_par' dir='ltr' id='par_1_99' title="bbox 1927 4093 3233 4164">
     <span class='ocr_line' id='line_1_99' title="bbox 1927 4093 3233 4164; baseline -0.008 -9"><span class='ocrx_word' id='word_1_806' title='bbox 1927 4100 2068 4155; x_wconf 72' lang='lat' dir='ltr'><strong>illius</strong></span> <span class='ocrx_word' id='word_1_807' title='bbox 2100 4098 2301 4162; x_wconf 89' lang='lat' dir='ltr'><strong>verbis,</strong></span> <span class='ocrx_word' id='word_1_808' title='bbox 2336 4106 2390 4152; x_wconf 91' lang='lat' dir='ltr'><strong>et</strong></span> <span class='ocrx_word' id='word_1_809' title='bbox 2419 4095 2490 4150; x_wconf 90' lang='lat' dir='ltr'><strong>ab</strong></span> <span class='ocrx_word' id='word_1_810' title='bbox 2520 4097 2637 4164; x_wconf 88' lang='lat' dir='ltr'><strong>ipso</strong></span> <span class='ocrx_word' id='word_1_811' title='bbox 2669 4093 2867 4148; x_wconf 81' lang='lat' dir='ltr'><strong>Dalheo</strong></span> <span class='ocrx_word' id='word_1_812' title='bbox 2895 4105 3233 4147; x_wconf 87' lang='lat' dir='ltr'><strong>concessum.</strong></span> 
     </span>
    </p>
   </div>
   <div class='ocr_carea' id='block_1_100' title="bbox 1995 4184 3524 4259">
    <p class='ocr_par' dir='ltr' id='par_1_100' title="bbox 1995 4184 3524 4259">
     <span class='ocr_line' id='line_1_100' title="bbox 1995 4184 3524 4259; baseline -0.003 -10"><span class='ocrx_word' id='word_1_813' title='bbox 1995 4192 2226 4249; x_wconf 72' lang='lat' dir='ltr'><strong>Necesse</strong></span> <span class='ocrx_word' id='word_1_814' title='bbox 2255 4200 2336 4247; x_wconf 85' lang='lat' dir='ltr'><strong>est</strong></span> <span class='ocrx_word' id='word_1_815' title='bbox 2378 4190 2560 4259; x_wconf 79' lang='lat' dir='ltr'><strong>igitur,</strong></span> <span class='ocrx_word' id='word_1_816' title='bbox 2593 4197 2650 4242; x_wconf 90' lang='lat' dir='ltr'><strong>ut</strong></span> <span class='ocrx_word' id='word_1_817' title='bbox 2692 4186 2937 4242; x_wconf 89' lang='lat' dir='ltr'><strong>dicamus</strong></span> <span class='ocrx_word' id='word_1_818' title='bbox 2964 4202 2992 4237; x_wconf 88' lang='lat' dir='ltr'><strong>a</strong></span> <span class='ocrx_word' id='word_1_819' title='bbox 3023 4184 3255 4239; x_wconf 84' lang='lat' dir='ltr'><strong>Minucio</strong></span> <span class='ocrx_word' id='word_1_820' title='bbox 3294 4194 3524 4257; x_wconf 70' lang='lat' dir='ltr'><strong>nostro,</strong></span> 
     </span>
    </p>
   </div>
   <div class='ocr_carea' id='block_1_101' title="bbox 1926 4277 3522 4353">
    <p class='ocr_par' dir='ltr' id='par_1_101' title="bbox 1926 4277 3522 4353">
     <span class='ocr_line' id='line_1_101' title="bbox 1926 4277 3522 4353; baseline -0.003 -10"><span class='ocrx_word' id='word_1_821' title='bbox 1926 4286 2258 4343; x_wconf 86' lang='lat' dir='ltr'><strong>Tertulliano</strong></span> <span class='ocrx_word' id='word_1_822' title='bbox 2312 4283 2541 4353; x_wconf 87' lang='lat' dir='ltr'><strong>aliisque</strong></span> <span class='ocrx_word' id='word_1_823' title='bbox 2569 4281 2758 4338; x_wconf 84' lang='lat' dir='ltr'><strong>eodem</strong></span> <span class='ocrx_word' id='word_1_824' title='bbox 2798 4282 2961 4335; x_wconf 85' lang='lat' dir='ltr'><strong>modo</strong></span> <span class='ocrx_word' id='word_1_825' title='bbox 2991 4277 3360 4349; x_wconf 77' lang='lat' dir='ltr'><strong>loquentibus,</strong></span> <span class='ocrx_word' id='word_1_826' title='bbox 3389 4281 3522 4338; x_wconf 88' lang='lat' dir='ltr'><strong>illud</strong></span> 
     </span>
    </p>
   </div>
   <div class='ocr_carea' id='block_1_102' title="bbox 1924 4371 3522 4444">
    <p class='ocr_par' dir='ltr' id='par_1_102' title="bbox 1924 4371 3522 4444">
     <span class='ocr_line' id='line_1_102' title="bbox 1924 4371 3522 4444; baseline -0.011 -6"><span class='ocrx_word' id='word_1_827' title='bbox 1924 4397 2033 4438; x_wconf 91' lang='lat' dir='ltr'><strong>uno</strong></span> <span class='ocrx_word' id='word_1_828' title='bbox 2055 4379 2276 4436; x_wconf 91' lang='lat' dir='ltr'><strong>concedi</strong></span> <span class='ocrx_word' id='word_1_829' title='bbox 2310 4393 2493 4444; x_wconf 75' lang='lat' dir='ltr'><strong>sensu,</strong></span> <span class='ocrx_word' id='word_1_830' title='bbox 2525 4384 2582 4432; x_wconf 90' lang='lat' dir='ltr'><strong>et</strong></span> <span class='ocrx_word' id='word_1_831' title='bbox 2609 4375 2714 4430; x_wconf 89' lang='lat' dir='ltr'><strong>alio</strong></span> <span class='ocrx_word' id='word_1_832' title='bbox 2740 4371 2942 4444; x_wconf 87' lang='lat' dir='ltr'><strong>negari.</strong></span> <span class='ocrx_word' id='word_1_833' title='bbox 2990 4373 3063 4427; x_wconf 80' lang='lat' dir='ltr'><strong>At</strong></span> <span class='ocrx_word' id='word_1_834' title='bbox 3090 4386 3342 4441; x_wconf 89' lang='lat' dir='ltr'><strong>quomam</strong></span> <span class='ocrx_word' id='word_1_835' title='bbox 3383 4388 3522 4427; x_wconf 82' lang='lat' dir='ltr'><strong>con.</strong></span> 
     </span>
    </p>
   </div>
   <div class='ocr_carea' id='block_1_103' title="bbox 1925 4467 3520 4545">
    <p class='ocr_par' dir='ltr' id='par_1_103' title="bbox 1925 4467 3520 4545">
     <span class='ocr_line' id='line_1_103' title="bbox 1925 4467 3520 4545; baseline -0.007 -11"><span class='ocrx_word' id='word_1_836' title='bbox 1925 4488 2003 4534; x_wconf 81' lang='lat' dir='ltr'><strong>tra</strong></span> <span class='ocrx_word' id='word_1_837' title='bbox 2026 4477 2268 4534; x_wconf 79' lang='lat' dir='ltr'><strong>ethnicos</strong></span> <span class='ocrx_word' id='word_1_838' title='bbox 2289 4473 2655 4545; x_wconf 86' lang='lat' dir='ltr'><strong>disputabant,</strong></span> <span class='ocrx_word' id='word_1_839' title='bbox 2681 4472 2881 4526; x_wconf 89' lang='lat' dir='ltr'><strong>idcirco</strong></span> <span class='ocrx_word' id='word_1_840' title='bbox 2905 4478 3232 4540; x_wconf 82' lang='lat' dir='ltr'><strong>negaverunt</strong></span> <span class='ocrx_word' id='word_1_841' title='bbox 3252 4467 3520 4523; x_wconf 73' lang='lat' dir='ltr'><strong>Christia-</strong></span> 
     </span>
    </p>
   </div>
   <div class='ocr_carea' id='block_1_104' title="bbox 1842 4561 3519 4643">
    <p class='ocr_par' dir='ltr' id='par_1_104' title="bbox 1842 4561 3519 4643">
     <span class='ocr_line' id='line_1_104' title="bbox 1842 4561 3519 4643; baseline -0.008 -14"><span class='ocrx_word' id='word_1_842' title='bbox 1842 4576 1898 4637; x_wconf 86' lang='grc' dir='ltr'><strong>Ι)</strong></span> <span class='ocrx_word' id='word_1_843' title='bbox 1924 4587 2023 4628; x_wconf 88' lang='lat' dir='ltr'><strong>nos</strong></span> <span class='ocrx_word' id='word_1_844' title='bbox 2047 4570 2326 4643; x_wconf 86' lang='lat' dir='ltr'><strong>gentilium</strong></span> <span class='ocrx_word' id='word_1_845' title='bbox 2358 4582 2509 4623; x_wconf 89' lang='lat' dir='ltr'><strong>more</strong></span> <span class='ocrx_word' id='word_1_846' title='bbox 2538 4566 2789 4620; x_wconf 83' lang='lat' dir='ltr'><strong>habuisse</strong></span> <span class='ocrx_word' id='word_1_847' title='bbox 2818 4563 3037 4630; x_wconf 84' lang='lat' dir='ltr'><strong>templa,</strong></span> <span class='ocrx_word' id='word_1_848' title='bbox 3070 4563 3124 4617; x_wconf 92' lang='lat' dir='ltr'><strong>in</strong></span> <span class='ocrx_word' id='word_1_849' title='bbox 3154 4562 3349 4631; x_wconf 75' lang='lat' dir='ltr'><strong>quibus</strong></span> <span class='ocrx_word' id='word_1_850' title='bbox 3377 4561 3519 4617; x_wconf 85' lang='lat' dir='ltr'><strong>ﬁcti-</strong></span> 
     </span>
    </p>
   </div>
   <div class='ocr_carea' id='block_1_105' title="bbox 1920 4656 3516 4727">
    <p class='ocr_par' dir='ltr' id='par_1_105' title="bbox 1920 4656 3516 4727">
     <span class='ocr_line' id='line_1_105' title="bbox 1920 4656 3516 4727; baseline -0.007 -5"><span class='ocrx_word' id='word_1_851' title='bbox 1920 4669 2024 4723; x_wconf 85' lang='lat' dir='ltr'><strong>tius</strong></span> <span class='ocrx_word' id='word_1_852' title='bbox 2066 4666 2200 4720; x_wconf 90' lang='lat' dir='ltr'><strong>deos</strong></span> <span class='ocrx_word' id='word_1_853' title='bbox 2250 4661 2537 4727; x_wconf 86' lang='lat' dir='ltr'><strong>colebant,</strong></span> <span class='ocrx_word' id='word_1_854' title='bbox 2579 4669 2636 4716; x_wconf 89' lang='lat' dir='ltr'><strong>et</strong></span> <span class='ocrx_word' id='word_1_855' title='bbox 2680 4673 2775 4714; x_wconf 91' lang='lat' dir='ltr'><strong>eos</strong></span> <span class='ocrx_word' id='word_1_856' title='bbox 2816 4657 3059 4712; x_wconf 82' lang='lat' dir='ltr'><strong>habitare</strong></span> <span class='ocrx_word' id='word_1_857' title='bbox 3098 4656 3516 4724; x_wconf 87' lang='lat' dir='ltr'><strong>arbitrabantur,</strong></span> 
     </span>
    </p>
   </div>
   <div class='ocr_carea' id='block_1_106' title="bbox 1921 4748 3516 4820">
    <p class='ocr_par' dir='ltr' id='par_1_106' title="bbox 1921 4748 3516 4820">
     <span class='ocr_line' id='line_1_106' title="bbox 1921 4748 3516 4820; baseline -0.005 -7"><span class='ocrx_word' id='word_1_858' title='bbox 1921 4760 2004 4815; x_wconf 88' lang='lat' dir='ltr'><strong>vel</strong></span> <span class='ocrx_word' id='word_1_859' title='bbox 2043 4774 2165 4814; x_wconf 84' lang='lat' dir='ltr'><strong>aras</strong></span> <span class='ocrx_word' id='word_1_860' title='bbox 2202 4768 2256 4813; x_wconf 89' lang='lat' dir='ltr'><strong>et</strong></span> <span class='ocrx_word' id='word_1_861' title='bbox 2290 4754 2478 4811; x_wconf 87' lang='lat' dir='ltr'><strong>altaria</strong></span> <span class='ocrx_word' id='word_1_862' title='bbox 2504 4793 2520 4820; x_wconf 92' lang='lat'><strong>,</strong></span> <span class='ocrx_word' id='word_1_863' title='bbox 2567 4752 2632 4808; x_wconf 90' lang='lat' dir='ltr'><strong>ad</strong></span> <span class='ocrx_word' id='word_1_864' title='bbox 2672 4750 2958 4808; x_wconf 84' lang='lat' dir='ltr'><strong>caedendas</strong></span> <span class='ocrx_word' id='word_1_865' title='bbox 2986 4748 3396 4818; x_wconf 72' lang='lat' dir='ltr'><strong>ollerendasque</strong></span> <span class='ocrx_word' id='word_1_866' title='bbox 3433 4750 3516 4805; x_wconf 89' lang='lat' dir='ltr'><strong>eis</strong></span> 
     </span>
    </p>
   </div>
   <div class='ocr_carea' id='block_1_107' title="bbox 1919 4840 3516 4919">
    <p class='ocr_par' dir='ltr' id='par_1_107' title="bbox 1919 4840 3516 4919">
     <span class='ocr_line' id='line_1_107' title="bbox 1919 4840 3516 4919; baseline -0.008 -11"><span class='ocrx_word' id='word_1_867' title='bbox 1919 4854 2200 4919; x_wconf 87' lang='lat' dir='ltr'><strong>victimas,</strong></span> <span class='ocrx_word' id='word_1_868' title='bbox 2248 4849 2342 4904; x_wconf 90' lang='lat' dir='ltr'><strong>sed</strong></span> <span class='ocrx_word' id='word_1_869' title='bbox 2387 4848 2637 4903; x_wconf 89' lang='lat' dir='ltr'><strong>habuisse</strong></span> <span class='ocrx_word' id='word_1_870' title='bbox 2684 4858 2867 4901; x_wconf 80' lang='lat' dir='ltr'><strong>sacras</strong></span> <span class='ocrx_word' id='word_1_871' title='bbox 2904 4842 3047 4897; x_wconf 67' lang='lat' dir='ltr'><strong>aedes</strong></span> <span class='ocrx_word' id='word_1_872' title='bbox 3091 4851 3144 4895; x_wconf 89' lang='lat' dir='ltr'><strong>et</strong></span> <span class='ocrx_word' id='word_1_873' title='bbox 3185 4840 3409 4908; x_wconf 88' lang='lat' dir='ltr'><strong>altaria,</strong></span> <span class='ocrx_word' id='word_1_874' title='bbox 3459 4841 3516 4895; x_wconf 90' lang='lat' dir='ltr'><strong>in</strong></span> 
     </span>
    </p>
   </div>
   <div class='ocr_carea' id='block_1_108' title="bbox 1921 4933 3514 5017">
    <p class='ocr_par' dir='ltr' id='par_1_108' title="bbox 1921 4933 3514 5017">
     <span class='ocr_line' id='line_1_108' title="bbox 1921 4933 3514 5017; baseline -0.008 -17"><span class='ocrx_word' id='word_1_875' title='bbox 1921 4946 2112 5017; x_wconf 86' lang='lat' dir='ltr'><strong>quibus</strong></span> <span class='ocrx_word' id='word_1_876' title='bbox 2155 4941 2447 4998; x_wconf 78' lang='lat' dir='ltr'><strong>christiano</strong></span> <span class='ocrx_word' id='word_1_877' title='bbox 2492 4942 2596 4995; x_wconf 87' lang='lat' dir='ltr'><strong>ritu</strong></span> <span class='ocrx_word' id='word_1_878' title='bbox 2644 4953 2829 4994; x_wconf 88' lang='lat' dir='ltr'><strong>verum</strong></span> <span class='ocrx_word' id='word_1_879' title='bbox 2881 4936 3047 4989; x_wconf 82' lang='lat' dir='ltr'><strong>Deum</strong></span> <span class='ocrx_word' id='word_1_880' title='bbox 3094 4933 3381 5001; x_wconf 83' lang='lat' dir='ltr'><strong>colebant,</strong></span> <span class='ocrx_word' id='word_1_881' title='bbox 3428 4933 3514 4989; x_wconf 91' lang='lat' dir='ltr'><strong>in-</strong></span> 
     </span>
    </p>
   </div>
   <div class='ocr_carea' id='block_1_109' title="bbox 1919 5025 3514 5107">
    <p class='ocr_par' dir='ltr' id='par_1_109' title="bbox 1919 5025 3514 5107">
     <span class='ocr_line' id='line_1_109' title="bbox 1919 5025 3514 5107; baseline -0.007 -12"><span class='ocrx_word' id='word_1_882' title='bbox 1919 5047 2306 5107; x_wconf 88' lang='lat' dir='ltr'><strong>cruenttunque</strong></span> <span class='ocrx_word' id='word_1_883' title='bbox 2352 5032 2620 5089; x_wconf 61' lang='lat' dir='ltr'><strong>iaciebant</strong></span> <span class='ocrx_word' id='word_1_884' title='bbox 2646 5030 2993 5087; x_wconf 84' lang='lat' dir='ltr'><strong>sacriﬁcium.</strong></span> <span class='ocrx_word' id='word_1_885' title='bbox 3024 5025 3168 5082; x_wconf 88' lang='lat' dir='ltr'><strong>Nihil</strong></span> <span class='ocrx_word' id='word_1_886' title='bbox 3206 5041 3334 5096; x_wconf 86' lang='lat' dir='ltr'><strong>ergo</strong></span> <span class='ocrx_word' id='word_1_887' title='bbox 3362 5026 3514 5084; x_wconf 86' lang='lat' dir='ltr'><strong>dictu</strong></span> 
     </span>
    </p>
   </div>
   <div class='ocr_carea' id='block_1_110' title="bbox 1921 5122 3517 5201">
    <p class='ocr_par' dir='ltr' id='par_1_110' title="bbox 1921 5122 3517 5201">
     <span class='ocr_line' id='line_1_110' title="bbox 1921 5122 3517 5201; baseline -0.007 -12"><span class='ocrx_word' id='word_1_888' title='bbox 1921 5132 2238 5194; x_wconf 86' lang='lat' dir='ltr'><strong>absurdius,</strong></span> <span class='ocrx_word' id='word_1_889' title='bbox 2270 5145 2430 5201; x_wconf 89' lang='lat' dir='ltr'><strong>quam</strong></span> <span class='ocrx_word' id='word_1_890' title='bbox 2461 5128 2637 5182; x_wconf 88' lang='lat' dir='ltr'><strong>citatis</strong></span> <span class='ocrx_word' id='word_1_891' title='bbox 2667 5124 2880 5181; x_wconf 67' lang='lat' dir='ltr'><strong>Minui-ii</strong></span> <span class='ocrx_word' id='word_1_892' title='bbox 2912 5122 3112 5190; x_wconf 89' lang='lat' dir='ltr'><strong>verbis,</strong></span> <span class='ocrx_word' id='word_1_893' title='bbox 3143 5122 3216 5177; x_wconf 84' lang='grc' dir='ltr'>ιιιὶ</span> <span class='ocrx_word' id='word_1_894' title='bbox 3242 5123 3517 5192; x_wconf 81' lang='lat' dir='ltr'><strong>garriebat</strong></span> 
     </span>
    </p>
   </div>
   <div class='ocr_carea' id='block_1_111' title="bbox 1926 5215 3519 5289">
    <p class='ocr_par' dir='ltr' id='par_1_111' title="bbox 1926 5215 3519 5289">
     <span class='ocr_line' id='line_1_111' title="bbox 1926 5215 3519 5289; baseline -0.006 -8"><span class='ocrx_word' id='word_1_895' title='bbox 1926 5227 2185 5289; x_wconf 63' lang='lat' dir='ltr'><strong>Dalla-us,</strong></span> <span class='ocrx_word' id='word_1_896' title='bbox 2216 5223 2424 5279; x_wconf 82' lang='lat' dir='ltr'><strong>excludi</strong></span> <span class='ocrx_word' id='word_1_897' title='bbox 2463 5240 2482 5274; x_wconf 83' lang='grc'><strong><em>‹</em></strong></span> <span class='ocrx_word' id='word_1_898' title='bbox 2518 5222 2918 5283; x_wconf 79' lang='lat' dir='ltr'><strong>Romanorum,</strong></span> <span class='ocrx_word' id='word_1_899' title='bbox 2962 5235 2982 5270; x_wconf 74' lang='grc' dir='ltr'><strong>ι</strong></span> <span class='ocrx_word' id='word_1_900' title='bbox 3014 5215 3087 5271; x_wconf 89' lang='lat' dir='ltr'><strong>ita</strong></span> <span class='ocrx_word' id='word_1_901' title='bbox 3120 5216 3389 5271; x_wconf 83' lang='lat' dir='ltr'><strong>invidiose</strong></span> <span class='ocrx_word' id='word_1_902' title='bbox 3406 5216 3519 5271; x_wconf 78' lang='lat' dir='ltr'><strong>Ca-</strong></span> 
     </span>
    </p>
   </div>
   <div class='ocr_carea' id='block_1_112' title="bbox 1921 5311 3521 5383">
    <p class='ocr_par' dir='ltr' id='par_1_112' title="bbox 1921 5311 3521 5383">
     <span class='ocr_line' id='line_1_112' title="bbox 1921 5311 3521 5383; baseline -0.008 -5"><span class='ocrx_word' id='word_1_903' title='bbox 1921 5321 2157 5378; x_wconf 80' lang='lat' dir='ltr'><strong>tholicos</strong></span> <span class='ocrx_word' id='word_1_904' title='bbox 2181 5319 2468 5373; x_wconf 66' lang='lat' dir='ltr'><strong>haereticus</strong></span> <span class='ocrx_word' id='word_1_905' title='bbox 2495 5317 2656 5371; x_wconf 91' lang='lat' dir='ltr'><strong>homo</strong></span> <span class='ocrx_word' id='word_1_906' title='bbox 2681 5312 2936 5383; x_wconf 80' lang='lat' dir='ltr'><strong>appellat,</strong></span> <span class='ocrx_word' id='word_1_907' title='bbox 2968 5328 2987 5363; x_wconf 80' lang='lat' dir='ltr'><strong>r</strong></span> <span class='ocrx_word' id='word_1_908' title='bbox 3019 5311 3295 5365; x_wconf 87' lang='lat' dir='ltr'><strong>hominum</strong></span> <span class='ocrx_word' id='word_1_909' title='bbox 3330 5327 3353 5364; x_wconf 82' lang='grc'>›</span> <span class='ocrx_word' id='word_1_910' title='bbox 3383 5311 3521 5365; x_wconf 86' lang='lat' dir='ltr'><strong>alta-</strong></span> 
     </span>
    </p>
   </div>
   <div class='ocr_carea' id='block_1_113' title="bbox 1922 5400 3526 5483">
    <p class='ocr_par' dir='ltr' id='par_1_113' title="bbox 1922 5400 3526 5483">
     <span class='ocr_line' id='line_1_113' title="bbox 1922 5400 3526 5483; baseline -0.007 -14"><span class='ocrx_word' id='word_1_911' title='bbox 1922 5419 2034 5481; x_wconf 86' lang='lat' dir='ltr'><strong>ria,</strong></span> <span class='ocrx_word' id='word_1_912' title='bbox 2080 5411 2203 5483; x_wconf 87' lang='lat' dir='ltr'><strong>quia</strong></span> <span class='ocrx_word' id='word_1_913' title='bbox 2249 5410 2348 5482; x_wconf 84' lang='lat' dir='ltr'><strong>ipsi</strong></span> <span class='ocrx_word' id='word_1_914' title='bbox 2393 5409 2619 5481; x_wconf 79' lang='lat' dir='ltr'><strong>ejttSque</strong></span> <span class='ocrx_word' id='word_1_915' title='bbox 2655 5405 2929 5461; x_wconf 88' lang='lat' dir='ltr'><strong>sodalibus</strong></span> <span class='ocrx_word' id='word_1_916' title='bbox 2969 5400 3290 5459; x_wconf 75' lang='lat' dir='ltr'><strong>sacriﬁcium</strong></span> <span class='ocrx_word' id='word_1_917' title='bbox 3320 5403 3526 5458; x_wconf 89' lang='lat' dir='ltr'><strong>eucha-</strong></span> 
     </span>
    </p>
   </div>
   <div class='ocr_carea' id='block_1_114' title="bbox 1926 5494 3527 5572">
    <p class='ocr_par' dir='ltr' id='par_1_114' title="bbox 1926 5494 3527 5572">
     <span class='ocr_line' id='line_1_114' title="bbox 1926 5494 3527 5572; baseline -0.007 -9"><span class='ocrx_word' id='word_1_918' title='bbox 1926 5507 2168 5563; x_wconf 88' lang='lat' dir='ltr'><strong>risticum</strong></span> <span class='ocrx_word' id='word_1_919' title='bbox 2224 5504 2543 5561; x_wconf 83' lang='lat' dir='ltr'><strong>auctoritate</strong></span> <span class='ocrx_word' id='word_1_920' title='bbox 2601 5500 2816 5572; x_wconf 79' lang='lat' dir='ltr'><strong>propria</strong></span> <span class='ocrx_word' id='word_1_921' title='bbox 2864 5499 3091 5568; x_wconf 80' lang='lat' dir='ltr'><strong>rcjicere</strong></span> <span class='ocrx_word' id='word_1_922' title='bbox 3134 5498 3353 5569; x_wconf 90' lang='lat' dir='ltr'><strong>placuit.</strong></span> <span class='ocrx_word' id='word_1_923' title='bbox 3401 5494 3527 5552; x_wconf 84' lang='lat' dir='ltr'><strong>Jam</strong></span> 
     </span>
    </p>
   </div>
   <div class='ocr_carea' id='block_1_115' title="bbox 1927 5592 3531 5656">
    <p class='ocr_par' dir='ltr' id='par_1_115' title="bbox 1927 5592 3531 5656">
     <span class='ocr_line' id='line_1_115' title="bbox 1927 5592 3531 5656; baseline -0.009 0"><span class='ocrx_word' id='word_1_924' title='bbox 1927 5600 2072 5656; x_wconf 89' lang='lat' dir='ltr'><strong>enim</strong></span> <span class='ocrx_word' id='word_1_925' title='bbox 2109 5599 2417 5655; x_wconf 77' lang='lat' dir='ltr'><strong>certissimo</strong></span> <span class='ocrx_word' id='word_1_926' title='bbox 2454 5604 2698 5650; x_wconf 73' lang='lat' dir='ltr'><strong>Veterum</strong></span> <span class='ocrx_word' id='word_1_927' title='bbox 2739 5594 2957 5648; x_wconf 89' lang='lat' dir='ltr'><strong>Patrum</strong></span> <span class='ocrx_word' id='word_1_928' title='bbox 2996 5592 3304 5647; x_wconf 88' lang='lat' dir='ltr'><strong>testimonio</strong></span> <span class='ocrx_word' id='word_1_929' title='bbox 3338 5598 3531 5645; x_wconf 82' lang='lat' dir='ltr'><strong>osten-</strong></span> 
     </span>
    </p>
   </div>
   <div class='ocr_carea' id='block_1_116' title="bbox 1930 5676 3532 5761">
    <p class='ocr_par' dir='ltr' id='par_1_116' title="bbox 1930 5676 3532 5761">
     <span class='ocr_line' id='line_1_116' title="bbox 1930 5676 3532 5761; baseline -0.007 -10"><span class='ocrx_word' id='word_1_930' title='bbox 1930 5694 2108 5751; x_wconf 90' lang='lat' dir='ltr'><strong>dimus</strong></span> <span class='ocrx_word' id='word_1_931' title='bbox 2134 5692 2352 5750; x_wconf 78' lang='lat' dir='ltr'><strong>Minucii</strong></span> <span class='ocrx_word' id='word_1_932' title='bbox 2377 5700 2619 5761; x_wconf 90' lang='lat' dir='ltr'><strong>tempore</strong></span> <span class='ocrx_word' id='word_1_933' title='bbox 2638 5688 2694 5743; x_wconf 88' lang='lat' dir='ltr'><strong>in</strong></span> <span class='ocrx_word' id='word_1_934' title='bbox 2718 5676 3146 5744; x_wconf 73' lang='lat' dir='ltr'><strong>Christianorum</strong></span> <span class='ocrx_word' id='word_1_935' title='bbox 3171 5686 3384 5755; x_wconf 86' lang='lat' dir='ltr'><strong>templis</strong></span> <span class='ocrx_word' id='word_1_936' title='bbox 3411 5686 3532 5740; x_wconf 78' lang='lat' dir='ltr'><strong>sive</strong></span> 
     </span>
    </p>
   </div>
   <div class='ocr_carea' id='block_1_117' title="bbox 1930 5776 3540 5858">
    <p class='ocr_par' dir='ltr' id='par_1_117' title="bbox 1930 5776 3540 5858">
     <span class='ocr_line' id='line_1_117' title="bbox 1930 5776 3540 5858; baseline -0.006 -12"><span class='ocrx_word' id='word_1_937' title='bbox 1930 5788 2191 5846; x_wconf 85' lang='lat' dir='ltr'><strong>Ecclesiis</strong></span> <span class='ocrx_word' id='word_1_938' title='bbox 2221 5785 2395 5858; x_wconf 85' lang='lat' dir='ltr'><strong>posita</strong></span> <span class='ocrx_word' id='word_1_939' title='bbox 2428 5784 2591 5841; x_wconf 80' lang='lat' dir='ltr'><strong>fuisse</strong></span> <span class='ocrx_word' id='word_1_940' title='bbox 2621 5780 2808 5838; x_wconf 89' lang='lat' dir='ltr'><strong>altaria</strong></span> <span class='ocrx_word' id='word_1_941' title='bbox 2830 5822 2845 5852; x_wconf 89' lang='lat'><strong>,</strong></span> <span class='ocrx_word' id='word_1_942' title='bbox 2878 5779 3187 5852; x_wconf 81' lang='lat' dir='ltr'><strong>factumque</strong></span> <span class='ocrx_word' id='word_1_943' title='bbox 3214 5792 3383 5835; x_wconf 81' lang='lat' dir='ltr'><strong>sacrae</strong></span> <span class='ocrx_word' id='word_1_944' title='bbox 3418 5776 3540 5850; x_wconf 62' lang='lat' dir='ltr'><strong>M1</strong></span> 
     </span>
    </p>
   </div>
  </div>
