4034 6320
461 164 556 221 527

533 164 562 212 7
1715 155 1800 211 DE
1831 151 2082 212 MINUCII
2110 153 2409 212 OCTAVIO

3651 157 3758 216 5‘38

465 277 737 335 charistire
773 274 1116 333 sacriﬁcium.
1147 270 1300 344 Quod
1331 269 1544 344 quidem
1578 280 1762 341 postea
1803 271 2056 338 Augusn-
2089 273 2140 333 Α
2167 286 2411 336 crucem,
2446 268 2613 326 ferale
2640 266 2889 338 supplicii
2932 266 3076 324 illius
3119 268 3534 325 instrumentum
3557 309 3572 338 ,
3616 269 3763 326 cole-

471 391 572 430 nus
598 372 955 429 disertissime
976 379 1248 426 asseverat
1277 368 1528 441 (August.
1549 366 1640 422 lib.
1668 382 1786 430 vnt.
1805 365 1869 420 de
1887 365 2065 433 δόνει,

467 483 588 537 cap.
617 464 711 531 27,
741 480 862 536 pag.
894 463 1022 530 an;
1052 471 1108 518 et
1139 462 1232 517 lib.
1265 478 1322 524 x.
1351 476 1473 531 cap.
1499 459 1595 528 ‘20,
1629 475 1748 530 pag.
1778 458 1935 530 255).

543 558 743 615 Eadem
772 573 936 630 porro
961 571 1083 613 cum
1113 556 1224 612 sint
1278 553 1493 610 Minucii
1549 561 1605 609 et
1641 553 1959 609 Tertulliani
1999 550 2068 608 de

469 652 716 724 templis.
745 660 801 708 et
826 650 1105 712 altaribus.
1137 657 1300 720 atque
1327 648 1397 705 de
1425 645 1729 702 simulacris
1758 644 1942 711 verba,
1975 659 2068 700 co-

466 744 590 801 dem
619 758 750 800 sane
787 741 949 798 modo
983 739 1300 810 explicanda
1327 747 1476 796 sunt.
1514 738 1721 811 Negant
1747 739 1924 808 itaque
1960 736 2067 792 ulla

466 838 606 910 apud
644 835 982 892 Christianos
1017 833 1182 889 fuisse
1217 832 1501 888 simulacra
1527 873 1544 899 ,
1599 829 1773 902 qualia
1817 827 2070 884 videlicet

466 929 668 986 ethnici
693 927 917 984 deorum
939 942 1160 984 suorum
1180 934 1615 982 construxerant.
1644 926 1712 979 At
1734 922 1874 979 hanc
1901 921 2067 977 fuisse

467 1021 681 1078 Minucii
714 1029 947 1078 mentem
993 1037 1100 1077 non
1139 1018 1313 1075 solum
1350 1034 1419 1076 ex
1451 1017 1710 1074 hactenus
1739 1015 1927 1079 dictis,
1971 1013 2064 1068 sed

469 1125 580 1169 tota
608 1113 771 1169 etiam
806 1113 948 1169 inter
977 1114 1152 1186 ipsum
1174 1128 1238 1168 ae
1257 1109 1534 1168 Caecilium
1557 1109 1918 1179 disputatione
1941 1106 2054 1162 col-

465 1204 669 1279 ligitur.
699 1204 949 1262 Cmcilius
976 1206 1178 1278 quippe
1208 1204 1496 1274 objiciebat
1531 1203 1674 1258 nulla
1703 1201 2027 1258 Christianis
2048 1241 2062 1263 ,

463 1296 918 1371 quemadmodum
961 1297 1255 1369 gentilibus
1297 1296 1463 1354 fuisse
1503 1295 1760 1352 falsorum
1801 1293 2061 1358 deorum,

463 1394 603 1448 sicut
631 1393 864 1464 templa,
907 1392 979 1448 ita
1011 1407 1110 1449 nec
1139 1390 1451 1448 simulacra.
1495 1389 1716 1446 Fatetur
1755 1398 1935 1444 autem
1968 1386 2066 1442 Mi-

468 1487 658 1543 nucius
689 1501 800 1542 rem
834 1484 1078 1557 profecto
1104 1485 1184 1540 sic
1212 1500 1272 1540 se
1303 1483 1524 1538 habere.
1554 1484 1620 1536 At
1649 1481 1922 1551 quomodo
1951 1496 2056 1534 non

465 1588 630 1651 negat
655 1577 719 1634 iis
750 1577 916 1633 fuisse
936 1577 1040 1632 alia
1067 1593 1228 1648 quam
1258 1576 1565 1631 ﬁetitiornm
1592 1574 1815 1628 deorum
1841 1572 2062 1642 templa,

2171 373 2291 418 l't‘l'll
2315 377 2379 418 ac
2408 371 2813 418 vetterarentnr.

2245 459 2314 514 At
2340 458 2600 514 Minucius
2630 469 2910 530 utramque
2939 459 3083 514 illam
3109 459 3538 516 criminationem
3573 459 3763 516 falsam

2173 565 2295 607 esse
2325 550 2634 622 singulatim
2658 551 2911 606 ostendit.
2939 550 3018 606 Ad
3045 551 3276 622 priorem
3303 554 3448 608 enim
3470 553 3613 624 quod
3641 568 3766 624 spe-

2170 652 2300 704 ctat.
2333 643 2504 712 palam
2528 643 2618 699 ille
2653 653 3074 716 constanterque
3097 655 3369 701 asseverat
3394 644 3623 717 gentiles
3651 645 3765 703 falli

2169 737 2412 798 omnino.
2449 745 2665 808 totaque
2693 752 2876 794 errare
2911 742 3018 805 via,
3046 739 3138 811 qui
3176 741 3225 793 in
3253 755 3410 795 suum
3445 741 3768 796 induxerant

2170 829 2404 884 animum
2427 872 2442 896 .
2483 829 2756 886 hominem
2804 842 3076 888 terrenum
3102 875 3118 900 ,
3160 849 3223 890 ac
3249 834 3393 891 cruci
3422 850 3516 890 stta
3548 843 3770 907 propter

2169 923 2393 978 crimina
2421 923 2695 990 sufﬁxum.
2723 928 2988 984 meruisse
3012 939 3102 982 aut
3135 929 3373 998 potuisse
3392 944 3420 981 a
3447 927 3769 985 Christianis

2173 1015 2340 1071 Deutn
2370 1017 2538 1082 credi,
2571 1029 2731 1088 atque
2757 1037 2823 1075 eo
2855 1022 3006 1075 titulo
3037 1022 3275 1075 divinum
3305 1022 3405 1092 ipsi
3434 1022 3502 1076 ah
3531 1023 3636 1077 illis
3673 1023 3768 1077 tri-

2170 1108 2258 1164 bui
2309 1111 2592 1166 honorem.
2641 1111 3120 1170 Persuasissimum
3163 1113 3360 1186 quippe
3409 1115 3568 1170 iidem
3612 1115 3770 1172 Chri-

2170 1203 2328 1259 stiani
2375 1205 2644 1260 habebant
2692 1222 2786 1262 eos
2833 1223 3053 1276 prorsus
3095 1223 3217 1264 esse
3257 1208 3626 1270 miserabiles,
3679 1210 3771 1281 qui

2169 1313 2320 1366 Spem
2362 1298 2414 1353 in
2457 1299 2668 1354 mortali
2707 1311 2913 1370 ponunt
2949 1301 3189 1369 homine,
3219 1318 3326 1374 quo
3365 1315 3595 1371 mortuo,
3627 1305 3771 1376 quod

2169 1391 2358 1446 abillo
2389 1404 2710 1462 exspectare
2751 1404 3029 1461 poterant,
3067 1395 3320 1450 auxilium
3360 1411 3522 1452 omne
3564 1395 3770 1451 linitur.

2243 1485 2348 1540 Sed
2381 1485 2602 1555 ipsemet
2631 1487 2888 1543 Minucius
2917 1488 3216 1543 audiendus
3247 1499 3328 1544 est
3359 1507 3372 1542 :
3424 1511 3440 1539 ι
3494 1490 3648 1558 Quod
3685 1507 3773 1547 re-

2172 1577 2352 1648 ligioni
2385 1592 2582 1634 nos'tra:
2613 1581 2883 1637 hominem
2921 1585 3161 1646 noxium,
3208 1595 3261 1638 et
3286 1601 3504 1640 crucem
3534 1587 3653 1653 ejus
3681 1601 3773 1641 as-

463 1672 539 1728 ila
568 1671 733 1728 etiam
767 1685 866 1726 nec
896 1669 1000 1726 alia
1031 1684 1194 1743 quam
1225 1671 1462 1739 ipsorum
1493 1666 1560 1723 ab
1592 1666 1696 1720 illis
1725 1664 1864 1720 facta
1895 1666 2060 1718 simu-
2093 1667 2136 1729 Β
2165 1673 2399 1726 scribitis
2427 1714 2440 1736 ,
2471 1673 2630 1743 longe
2667 1676 2734 1728 de
2763 1675 2954 1732 vicinia
2985 1679 3181 1732 erratis
3201 1719 3215 1739 .
3246 1679 3334 1748 qui
3375 1681 3574 1748 putatis
3602 1679 3774 1736 Deum

459 1768 605 1824 lacra
635 1767 688 1822 in
698 1766 928 1822 liciatur.

535 1859 720 1932 Neque
757 1872 951 1931 urgeas
976 1859 1158 1914 omnia
1191 1873 1220 1913 a
1251 1857 1484 1914 Minucio
1521 1855 1743 1911 omnino
1773 1851 2059 1909 simulacra

465 1964 521 2013 et
573 1955 834 2023 imagines
886 1953 1100 2010 excludi
1133 1993 1150 2014 .
1204 1951 1640 2023 quanquuidem
1701 1948 1991 2019 respondet
2045 1961 2060 1997 :

466 2065 490 2100 ι
525 2045 679 2118 Quod
711 2045 1058 2102 simulacrum
1089 2045 1198 2100 Deo
1229 2045 1448 2116 ﬁngam,
1475 2059 1597 2098 eum
1629 2043 1672 2097 si
1699 2052 1846 2097 recte
1873 2041 2058 2096 existi-

464 2153 602 2200 mes,
619 2139 692 2195 sit
721 2139 813 2194 Dei
846 2137 1010 2193 homo
1051 2138 1167 2208 ipse
1194 2135 1576 2192 simulacrum?
1615 2154 1634 2187 ι
1672 2133 1803 2188 Nam
1831 2132 1900 2188 de
1929 2141 2063 2186 tem-

461 2235 565 2307 plis
591 2233 862 2296 similiter,
894 2231 969 2287 uti
999 2230 1401 2287 annotavimus.
1434 2229 1645 2285 dixerat
1673 2247 1684 2281 :
1725 2247 1742 2280 ι
1777 2225 2058 2297 Τνιιιριιιιιι

459 2328 605 2400 quod
634 2327 685 2384 ei
712 2336 1008 2388 exstrttam.
1034 2341 1158 2382 cum
1186 2333 1331 2381 totus
1357 2323 1445 2379 hic
1472 2322 1722 2388 mundus,
1754 2335 1871 2391 ejus
1896 2335 2061 2388 apere

459 2421 777 2489 fabricatus,
801 2436 924 2476 cmn
952 2435 1150 2492 capere
1179 2434 1285 2476 non
1315 2418 1533 2489 possit?
1568 2437 1587 2469 ι
1621 2417 1778 2486 Atqui
1810 2415 2058 2480 Dallaeus,

457 2517 661 2590 aliique
700 2513 944 2587 ejusdem
973 2523 1135 2570 sectae
1166 2513 1446 2577 homines,
1480 2510 1725 2567 conﬁteri
1759 2519 2059 2581 coguntur,

461 2609 546 2664 his
586 2606 978 2679 posterioribus
1016 2605 1197 2661 verbis
1225 2620 1351 2660 vera
1383 2601 1810 2660 Christianorum
1862 2601 2060 2672 templa

460 2719 566 2760 non
607 2700 844 2759 excludi.
888 2699 1034 2772 Ergo
1070 2698 1320 2756 similiter
1363 2697 1634 2754 fateantur
1673 2709 1898 2753 necesse
1940 2703 2059 2760 est,

457 2797 729 2868 prioribus
766 2793 1009 2867 ejusdem
1047 2792 1263 2848 Minucii
1304 2791 1485 2848 verbis
1527 2805 1632 2846 non
1673 2789 1776 2844 alia
1814 2786 2059 2852 excludi,

458 2907 620 2964 quam
653 2890 908 2947 falsorum
946 2888 1174 2944 deorum
1209 2885 1530 2950 simulacra.
1560 2892 1766 2940 statuas
1791 2889 1844 2938 et
1874 2879 2064 2950 imagi-

455 2997 576 3051 nes,
605 2998 727 3055 qtue
752 2998 784 3036 a
816 2979 1143 3037 Christianis
1169 2977 1289 3035 sine
1333 2976 1639 3034 idololatria
1671 2975 1800 3030 ferri
1831 2989 1936 3029 non
1966 2987 2056 3043 po-

2165 1765 2335 1827 credi.
2372 1775 2463 1820 aut
2493 1768 2759 1822 meruisse
2789 1782 3032 1832 nostum,
3071 1779 3165 1824 attt
3201 1771 3439 1839 potuisse
3471 1783 3769 1826 terrenum.

2167 1857 2258 1913 Na:
2305 1859 2396 1915 ille
2442 1861 2794 1925 miserabilis,
2828 1861 2982 1932 cujus
3029 1863 3079 1916 in
3121 1863 3339 1919 homine
3386 1865 3599 1919 mortali
3647 1881 3774 1935 spes

2166 1953 2344 2006 omnis
2374 1951 2425 2006 in
2470 1951 2658 2019 ititur;
2689 1961 2857 2007 totum
2899 1955 3040 2010 enim
3071 1954 3190 2026 ejus
3231 1957 3487 2010 auxilium
3521 1973 3644 2012 eum
3673 1973 3771 2013 cx-

2164 2044 2329 2098 tincto
2375 2045 2591 2101 homine
2639 2047 2840 2101 ﬁnitur.
2898 2067 2915 2100 ι
2968 2048 3256 2104 Przefracte
3300 2051 3462 2121 igitur
3511 2061 3674 2122 negat
3735 2068 3765 2106 a

2165 2135 2486 2192 Christianis
2513 2139 2640 2203 eoli.
2708 2140 2926 2195 noxium
2960 2141 3231 2198 hominem
3264 2158 3326 2198 ac
3371 2154 3546 2200 morte
3575 2145 3769 2200 merito

2169 2230 2506 2284 muletatnm.

2239 2321 2376 2389 Quid
2407 2337 2534 2393 ergo
2555 2322 2577 2377 ?
2603 2322 2866 2394 Numquid
2894 2325 3156 2382 Minucius
3179 2337 3286 2382 tam
3313 2338 3466 2384 certo
3488 2328 3764 2386 afﬁrmare

2167 2415 2340 2486 potuit
2391 2431 2608 2472 omnem
2665 2433 2886 2488 prorsus
2939 2420 3137 2475 ettltttm
3171 2463 3186 2489 ,
3241 2437 3305 2477 ac
3361 2423 3767 2478 venerationem

2165 2508 2382 2565 Christo
2425 2508 2698 2565 Servatori
2731 2528 2759 2564 a
2803 2511 3125 2569 Christianis
3150 2513 3492 2587 denegatum,
3539 2517 3771 2572 nullam-

2163 2619 2267 2674 que
2291 2620 2510 2674 prorsus
2537 2605 2589 2658 in
2617 2605 2707 2660 illo
2730 2620 2880 2675 spem
2911 2606 3204 2662 habuisse?
3230 2609 3399 2664 Nemo
3436 2625 3570 2664 sane
3604 2610 3770 2666 homo

2164 2699 2216 2753 id
2243 2714 2492 2768 umquam
2522 2699 2836 2754 crediderit.
2867 2701 2998 2755 Cum
3033 2711 3240 2757 certum
3275 2702 3455 2774 itaque
3491 2713 3548 2759 et
3575 2705 3772 2774 explo-
3805 2731 3812 2736 π

2164 2800 2338 2846 ratmn
2367 2792 2439 2846 sit
2461 2791 2801 2847 ChriStianos
2825 2804 2878 2848 et
2908 2794 3140 2851 coluisse
3169 2793 3466 2858 Christum.
3503 2807 3559 2853 et
3591 2800 3647 2854 in
3678 2815 3766 2867 eo,

2163 2886 2251 2957 qui
2287 2902 2382 2957 pro
2411 2887 2541 2955 ipsis
2568 2897 2810 2942 mortuus
2839 2887 3034 2954 fuerat.
3076 2905 3224 2959 spem
3253 2891 3554 2949 collocasse
3579 2934 3594 2960 ,
3637 2893 3768 2965 quid

2165 2977 2291 3034 inde
2329 2979 2570 3050 colligas.
2619 2979 2719 3034 nisi
2768 2997 2864 3051 pro
2910 2991 3026 3036 rato
3076 2982 3288 3054 ﬁxoqtte
3331 2984 3623 3042 Minucium
3673 3003 3769 3058 po-

455 3084 653 3134 terant.
700 3075 776 3130 De
826 3073 912 3130 his
951 3088 1116 3144 porro
1151 3070 1580 3129 Christianorum
1627 3068 1948 3140 imaginibus
1997 3067 2126 3131 etC
2161 3071 2356 3138 suisse,
2385 3071 2658 3127 Christum
2691 3088 2721 3127 a
2748 3074 3102 3129 sectatoribus
3136 3076 3248 3130 suis
3276 3092 3462 3132 revera
3497 3079 3626 3145 coli,
3659 3096 3765 3136 non

453 3167 800 3233 simulacris.
844 3181 1144 3236 eorumque
1191 3179 1291 3221 usu
1353 3163 1406 3219 in
1448 3163 1817 3234 superioribus
1857 3164 2058 3218 nomis

452 3260 928 3320 dissertationibus
968 3261 1211 3332 egimus,
1256 3273 1318 3314 ac
1348 3258 1498 3328 plura
1539 3275 1569 3312 a
1615 3258 1864 3324 Petavio,
1905 3257 2053 3312 'l‘ho-

452 3353 694 3413 massino
722 3364 772 3410 et
809 3352 932 3408 aliis
948 3352 1193 3426 pluribus
1210 3352 1406 3408 tradita
1425 3352 1603 3422 legere
1622 3350 1822 3422 poteris
1841 3349 1991 3422 (tom.
2015 3365 2054 3418 ι,

449 3448 728 3520 Apparet,
771 3461 894 3518 pag.
926 3445 1029 3502 747
1076 3454 1134 3502 et
1180 3461 1357 3515 seqq.;
1395 3444 1602 3508 Petav.,
1640 3452 1770 3498 tom.
1802 3459 1855 3506 v.
1885 3441 1930 3500 Τ
1936 3443 2057 3496 Iteo-

456 3542 564 3616 log.
596 3545 850 3615 dogmat.,
880 3539 973 3596 lib.
1010 3555 1100 3606 xv,
1134 3555 1255 3610 cap.
1283 3539 1374 3603 il.
1406 3548 1462 3595 et
1487 3537 1793 3602 'l‘lmmass.,
1828 3536 1918 3593 lib.
1949 3551 2054 3600 xu;

455 3637 500 3694 Τ
501 3637 618 3694 heof
667 3639 896 3710 dogmat.
927 3634 992 3689 de
1017 3633 1310 3698 Incarnat..
1349 3648 1470 3703 cap.
1517 3632 1570 3698 7,
1599 3641 1651 3687 et
1683 3629 1883 3702 seqq.).
1919 3628 2054 3698 Quid

454 3741 636 3790 autem
666 3742 856 3789 auctor
882 3739 1067 3786 noster
1105 3729 1173 3784 de
1208 3727 1452 3784 exhibito
1486 3742 1517 3782 a
1552 3724 1873 3783 Christianis
1908 3722 2056 3779 cruci

454 3825 658 3884 Christi
700 3825 848 3882 cultu
892 3832 949 3880 et
985 3823 1191 3878 honore
1232 3820 1516 3889 statuerit,
1555 3820 1604 3876 in
1644 3829 1836 3890 quarto
1872 3817 2060 3872 subse-

460 3917 650 3992 quenti
675 3916 908 3976 articulo
932 3914 1361 3989 investigandum
1395 3921 1498 3971 est.

1059 4085 1353 4128 ARTICULUS
1391 4083 1471 4126 ιιι.

455 4211 725 4283 Quomodo
783 4208 1029 4267 Octauius
1078 4207 1282 4280 refellat
1343 4205 1607 4262 chiiium
1659 4205 1980 4276 objicientem
2031 4219 2064 4258 α

524 4303 835 4364 Christianis
861 4303 964 4358 coli
991 4300 1246 4356 hominem
1270 4299 1408 4354 cruci
1440 4315 1532 4368 pro
1561 4299 1790 4372 facinore
1819 4297 2027 4368 aﬂixum
2045 4337 2062 4364 ,

530 4403 617 4459 ubi
645 4403 710 4457 de
749 4415 988 4470 suprema
1015 4396 1210 4455 Christi
1237 4394 1504 4450 divinitate
1543 4409 1564 4448 :
1600 4409 1754 4462 quam
1801 4393 2066 4464 perspicue

2160 3164 2376 3235 quidem
2403 3165 2541 3220 sicut
2570 3165 2840 3222 hominem
2868 3209 2882 3230 ,
2917 3181 2946 3220 a
2984 3182 3091 3237 quo
3126 3178 3338 3223 mortuo
3366 3170 3498 3225 nihil
3528 3173 3767 3230 an'tolius

2160 3256 2509 3325 sperandum,
2534 3257 2628 3314 sed
2661 3261 2803 3315 sicut
2832 3261 3020 3328 Deum,
3050 3261 3101 3315 in
3133 3277 3262 3333 quo,
3314 3275 3501 3335 utpote
3542 3281 3675 3320 vero
3717 3275 3773 3321 et

2165 3350 2458 3407 immortali
2498 3351 2640 3416 Deo.
2685 3369 2834 3425 spent
2876 3358 3164 3411 maximam
3204 3373 3416 3429 semper
3461 3358 3771 3416 habebant?

2163 3444 2350 3501 Nonne
2380 3456 2560 3502 autem
2607 3449 2768 3516 inde,
2815 3459 2870 3505 nt
2900 3451 2949 3505 id
2989 3452 3163 3507 obiter
3189 3452 3576 3521 observemus,
3621 3462 3772 3509 recte

2163 3538 2341 3610 colligi
2367 3549 2542 3608 potest
2570 3556 2880 3608 persuasum
2908 3543 3135 3598 Minucio
3163 3560 3389 3614 prorsus
3422 3545 3586 3600 fuisse
3609 3544 3774 3599 Citri-

2165 3640 2305 3688 stum
2335 3649 2454 3688 es>e
2487 3649 2678 3689 verum
2710 3652 3086 3706 summumque
3117 3638 3303 3704 Detun,
3327 3649 3488 3708 atque
3517 3638 3770 3708 ejusdem

2164 3742 2286 3782 cum
2316 3737 2516 3782 zelen-uo
2542 3725 2702 3783 Patre
2731 3744 2830 3785 suo
2862 3729 3219 3798 substantias?
3249 3730 3382 3787 Nam
3416 3732 3526 3796 ille.
3564 3732 3642 3788 uti
3671 3747 3768 3788 su-

2167 3837 2258 3893 pra
2282 3821 2617 3876 ostendimus
2638 3861 2654 3887 ,
2693 3823 3131 3880 constantissime
3158 3823 3341 3882 dvenit
3359 3868 3372 3888 .
3408 3843 3574 3881 tinum
3604 3826 3772 3882 dum-

2169 3922 2320 3970 taxat
2357 3929 2477 3970 esse
2507 3913 2695 3970 Deum.
2729 3914 2831 3972 Ubi
2859 3931 2986 3987 ergo
3010 3917 3280 3973 Christum
3316 3918 3479 3974 Deum
3509 3925 3768 3993 agnovit,

2168 4008 2237 4065 ibi
2273 4009 2445 4078 ipsum
2478 4008 2718 4078 proferto
2747 4025 2910 4065 unum
2943 4010 3299 4083 cumdemque
3327 4026 3447 4068 cum
3478 4015 3640 4074 Patre
3670 4033 3772 4078 suo

2170 4101 2336 4157 Deum
2364 4101 2641 4158 confessus
2671 4112 2775 4159 est.

2240 4195 2489 4253 Petavius
2527 4212 2656 4269 ergo
2696 4213 2760 4254 ex
2803 4198 2989 4255 iisdem
3030 4199 3244 4258 Minucii
3284 4204 3484 4267 verbis.
3525 4207 3622 4263 sed
3665 4209 3771 4268 alia

2169 4289 2375 4346 ratione
2411 4291 2638 4361 probare
2679 4301 2934 4361 conatur,
2975 4294 3208 4363 agnitam
3247 4297 3316 4353 ab
3348 4297 3438 4352 illo
3472 4298 3643 4359 fuisse
3673 4318 3773 4360 su-

2167 4397 2407 4453 premam
2447 4382 2647 4439 Christi
2675 4383 3014 4442 divinitatem
3047 4385 3294 4456 (Petav.,
3326 4399 3455 4445 tom.
3489 4407 3560 4457 tt.
3594 4391 3771 4451 Theo-

529 4496 664 4552 idem
699 4493 943 4550 Octavius
971 4489 1207 4546 ostendat
1230 4488 1295 4542 ab
1317 4485 1586 4559 ngyptiis
1604 4485 1869 4540 scelestum
1896 4485 2063 4540 homi-
2087 4474 2143 4536 Ι)
2172 4474 2275 4545 log.
2315 4476 2565 4544 dogmat.,
2616 4475 2793 4548 ιιι-πῖ..
2832 4492 2950 4549 cap.
2981 4479 3050 4545 5,
3082 4477 3110 4551 ἕ
3139 4479 3230 4549 5).
3273 4480 3468 4538 Censet
3497 4488 3647 4542 enim
3685 4488 3772 4545 vir

536 4605 674 4656 nem,
700 4597 744 4641 et
783 4603 816 4642 α
843 4584 1092 4642 Romanis
1122 4597 1265 4653 reges
1299 4589 1346 4635 et
1369 4580 1699 4650 imperatores
1726 4579 1899 4635 divino
1927 4579 2066 4635 cultu

533 4686 834 4741 honoratos.
877 4695 936 4733 ac
980 4694 1070 4748 per
1094 4677 1304 4731 illorum
1360 4674 1536 4746 genios
1576 4675 1846 4745 juratnm;
1894 4683 2064 4728 utrum

529 4796 645 4836 vero
668 4773 978 4834 Christianis
1007 4787 1098 4844 per
1126 4784 1300 4824 eorum
1329 4768 1544 4822 salutent
1570 4769 1755 4840 jttrare
1780 4771 1860 4840 fas
1888 4769 2060 4838 fuerit.

531 4937 867 4996 Christianos
907 4931 1138 5004 dUplicis
1179 4929 1356 4987 adhuc
1398 4929 1624 4987 sceleris
1672 4930 1922 4989 Caecilius
1971 4949 2060 4990 ar-

459 5030 576 5104 guit
607 5047 622 5085 :
665 5048 683 5083 ι
716 5029 818 5098 Qui
849 5027 1148 5090 hominem,
1181 5022 1374 5094 inquit.
1420 5039 1632 5078 sunnno
1669 5025 1932 5096 supplic-io
1965 5041 2061 5097 pro

460 5121 702 5180 facinore
731 5119 977 5188 punitum
999 5159 1016 5184 ,
1047 5127 1097 5173 et
1130 5116 1308 5171 crucis
1338 5115 1480 5186 ligna
1520 5115 1701 5171 feralia
1739 5134 1926 5174 eorum
1956 5135 2062 5175 ete-

457 5215 719 5272 rimonias
745 5213 1076 5280 fabulantur,
1111 5209 1192 5266 vel
1226 5209 1424 5280 potius,
1447 5209 1732 5280 fabulatur,
1756 5228 2058 5286 ceiigruen-

457 5308 534 5364 tia
580 5306 806 5380 perditis
847 5306 1238 5374 sceleratisque
1282 5303 1465 5360 tribuit
1508 5305 1735 5371 altaria;
1775 5317 1835 5364 ιιι
1871 5309 1921 5365 id
1965 5326 2057 5366 co-

456 5399 590 5462 lant.
620 5397 764 5470 qnod
789 5407 1084 5455 merentur.
1121 5416 1142 5451 ι
1172 5396 1341 5453 Audis
1369 5413 1500 5452 sane
1524 5399 1794 5467 quomodo
1823 5403 2057 5473 gentiles

456 5491 688 5562 duplicis
725 5489 903 5548 adhuc
937 5489 1151 5552 nefarii.
1183 5490 1257 5546 uti
1288 5488 1564 5561 putabant,
1593 5491 1769 5548 cultus
1795 5493 2057 5552 Christia-

454 5599 556 5642 nos
591 5581 1104 5648 condemnaverint;
1155 5581 1328 5654 primo
1367 5582 1510 5654 quod
1555 5581 1830 5642 hominem
1874 5591 2052 5648 crucis

447 5674 716 5754 supplicio
742 5689 838 5733 sua
869 5681 1090 5749 prOpter
1107 5673 1314 5737 scelera
1337 5674 1590 5734 affectum
1598 5693 1614 5746 ;
1641 5678 1884 5738 secundo
1907 5684 2048 5761 quod

2165 4568 2356 4624 doetus
2386 4569 2533 4624 illum
2569 4569 2725 4626 fateri
2758 4586 2940 4628 verum
2973 4570 3138 4627 Deum
3174 4588 3296 4630 esse
3321 4573 3595 4633 Christum
3617 4620 3635 4648 ,
3667 4597 3768 4638 eo-

2164 4677 2269 4732 que
2308 4663 2524 4719 nomine
2554 4662 2659 4719 coli
2698 4680 2727 4716 a
2762 4662 3118 4730 Christianis,
3153 4667 3604 4737 quemadmodum
3646 4672 3772 4728 eth-

2165 4753 2270 4811 nici
2293 4755 2424 4812 deos
2445 4772 2574 4812 suos
2600 4757 3017 4814 venerabantur.
3045 4757 3150 4813 Sed
3177 4759 3476 4818 doctissimi
3505 4767 3604 4822 viri
3635 4784 3770 4839 pare

2165 4849 2322 4904 nobis
2363 4848 2544 4906 dicere
2596 4849 2798 4917 liccat.
2846 4851 3003 4920 paulo
3048 4852 3332 4910 enodatius
3381 4859 3768 4929 explicandum

2163 4943 2434 5014 quomodo
2461 4944 2590 5000 illud
2618 4959 2684 5000 ex
2715 4945 2917 5016 paucis,
2945 4961 3065 5017 quze
3091 4947 3294 5019 integra
3324 4952 3628 5016 retulimus.
3662 4954 3766 5012 Mi-

2164 5037 2307 5094 nucii
2335 5037 2517 5094 verbis
2547 5038 2727 5107 colligi
2760 5048 2945 5106 possit.
2989 5043 3054 5095 At
3081 5039 3196 5098 h:ec
3222 5041 3435 5100 videtur
3459 5060 3580 5101 εει-»ις
3618 5048 3770 5106 illius

2163 5129 2822 5202 argutttetttatio.Erratis,
2854 5130 3078 5194 ethnici.
3108 5133 3196 5204 qui
3229 5137 3426 5205 putatis
3456 5136 3765 5208 hominem.

2163 5238 2313 5278 mere
2343 5232 2613 5278 terrenum
2641 5239 2704 5278 ac
2735 5225 2950 5280 noxium
2981 5241 3011 5280 a
3043 5226 3196 5282 nobis
3230 5218 3393 5284 Deum
3421 5231 3589 5287 credi.
3627 5233 3768 5294 Nam

2159 5315 2428 5372 credimus
2465 5315 2738 5374 Christum
2779 5335 2884 5374 non
2931 5320 3091 5374 ntodo
3134 5320 3403 5377 innoxium
3437 5323 3718 5384 hominem
3749 5371 3766 5397 ,

2160 5408 2252 5464 sed
2296 5425 2481 5464 verum
2530 5409 2689 5465 etiam
2734 5411 2898 5468 fuisse
2937 5412 3134 5480 Deum,
3182 5414 3231 5468 in
3274 5432 3382 5485 quo
3419 5430 3543 5488 Spes
3576 5433 3767 5481 nostra

2161 5501 2470 5559 ﬁrtnissime
2498 5503 2758 5558 innititur.

2227 5598 2516 5655 Christiani
2545 5599 2805 5671 siquidem
2845 5600 2914 5657 ab
2941 5600 3172 5658 ethnicis
3207 5603 3482 5674 judicilms
3523 5608 3765 5668 interro-

2153 5689 2288 5766 gati,
2326 5705 2424 5746 nec
2452 5689 2842 5748 imminentium
2874 5695 3252 5768 suppliciorum
3297 5707 3438 5756 metu
3470 5701 3763 5780 deterriti,
