3972 6310
266 320 373 386 3:19

1699 329 2168 389 IiISSERTATlO.

3457 327 3562 385 550

263 454 595 508 constanter.
636 445 774 502 sicut
808 446 1011 503 Plinius
1041 446 1105 502 ad
1142 446 1430 516 Trajanutu
1471 447 1852 518 Imperatorem
1881 453 1928 514 Α
1959 458 2301 504 consecratos
2329 448 2588 520 patribus.
2629 447 2739 504 Cur
2763 451 2930 519 ergo?
2955 447 3090 518 Quia
3129 467 3147 503 ι
3187 447 3386 516 tutius,
3417 467 3436 500 1
3481 447 3560 501 in-

260 544 514 613 scripsit,
566 543 956 612 respondebant
1004 563 1016 598 :
1067 561 1084 592 ι
1139 544 1366 598 Carmen
1409 541 1660 610 Christo,
1704 544 1856 612 quasi

264 639 397 704 Deo,
425 639 606 693 dicere
632 654 815 694 secum
842 639 1065 695 invicem
1085 681 1097 701 ,
1136 658 1153 690 ι
1189 639 1237 694 id
1267 649 1348 695 est
1369 681 1381 697 .
1411 638 1626 694 Christo
1647 679 1661 704 ,
1693 653 1852 707 quem

259 745 450 786 verum
492 731 656 786 Deum
686 746 808 788 esse
843 732 1190 799 asserebant,
1232 744 1281 786 et
1313 732 1499 803 quales
1525 775 1540 799 ,
1571 732 1644 787 uti
1684 733 1855 787 visum

264 823 511 888 Petavio,
542 823 743 879 ethnici
772 840 891 881 esse
921 825 1051 880 deos
1081 840 1209 882 suos
1233 825 1630 880 arlntrabantur
1658 825 1854 898 (Plin.,

259 917 440 988 Epist.
479 918 565 974 t0l
590 917 630 990 ).

336 1009 474 1066 Tun-
509 1009 705 1065 deinde
741 1008 999 1065 Minucius
1026 1011 1368 1066 ethniCorum
1401 1019 1771 1081 argumentum
1802 1009 1857 1064 in

258 1106 410 1176 ipsos
471 1112 744 1176 retorquet
781 1120 842 1160 ac
883 1103 1218 1160 detnouStrat
1246 1105 1314 1158 ab
1346 1105 1452 1160 illis
1488 1103 1630 1159 hunc
1660 1104 1855 1173 ipsum,

259 1214 427 1271 quem
452 1199 769 1255 Christianis
799 1197 934 1253 falso
958 1200 1375 1269 exprobrabant,
1406 1199 1710 1271 religiosum
1739 1198 1854 1253 cnl-

260 1302 377 1348 tum
409 1309 560 1349 mero
592 1293 792 1348 homini
824 1309 1008 1350 revera
1037 1293 1301 1348 exhiberi.
1335 1294 1462 1348 Nam
1489 1293 1741 1365 Aigyptii,
1778 1293 1858 1346 iu-

255 1389 377 1459 quit
417 1389 504 1443 ille
523 1431 537 1454 ,
574 1404 734 1443 unum
764 1387 1034 1443 hominem
1077 1389 1334 1444 selecttnn
1363 1390 1431 1446 de
1459 1389 1706 1443 omnibus
1731 1402 1858 1443 Cun-

254 1480 548 1539 sulebaut.
596 1501 614 1534 t
657 1481 802 1536 illum
843 1483 1234 1554 propitiabant,
1283 1501 1301 1535 1
1335 1495 1493 1551 atque
1525 1482 1657 1553 ipsi,
1699 1498 1856 1546 quem

254 1572 518 1629 dicebant
537 1589 657 1630 esse
681 1576 868 1641 Deuru,
895 1575 1169 1630 Ctt'dtebanl
1200 1577 1464 1631 victiu‘tas.
1488 1575 1656 1642 Quam
1679 1584 1856 1631 autem

253 1681 448 1722 verum
480 1666 529 1723 id
569 1668 660 1726 sit.
694 1667 908 1723 docebit
945 1679 994 1723 te
1034 1667 1395 1741 Porphyrius,
1429 1669 1516 1739 qui
1548 1669 1613 1723 ad
1646 1668 1859 1724 Ancbo-

251 1773 385 1815 nem
418 1761 531 1815 liter
554 1802 571 1829 ,
603 1762 741 1816 sicnt
769 1761 1033 1818 Eusebius
1061 1762 1258 1827 refert,
1289 1760 1506 1830 scripsit
1547 1761 1597 1815 in
1637 1760 1798 1815 verba
1842 1778 1854 1814 :

1961 543 2075 613 quit
2100 543 2384 606 Octavius,
2416 544 2496 599 eis
2527 553 2672 610 erat,
2704 561 2720 596 t
2753 558 2849 614 per
2876 541 3024 599 Iovis
3041 544 3255 616 genium
3278 543 3520 614 pejorare
3540 582 3556 606 ,

1961 651 2121 706 quam
2155 636 2314 706 regis.
2357 656 2375 689 ι
2415 636 2486 690 lbi
2517 646 2694 690 autem
2726 636 2816 690 ille
2847 645 3176 706 przeeuntem
3205 635 3558 707 proculdubio

1962 739 2177 784 secutus
2206 739 2286 783 est
2319 728 2746 796 'I‘crtullianum,
2786 729 2940 798 cujus
2977 729 3093 784 hmc
3123 733 3235 802 ipsa
3276 727 3441 785 verba
3481 729 3559 784 le-

1961 822 2104 894 gisse
2130 821 2343 877 videtur
2371 839 2384 875 :
2423 841 2442 873 ι
2476 820 2646 878 Citius
2679 821 2818 892 apud
2855 836 2988 886 vos,
3029 822 3287 892 gentiles,
3317 836 3414 893 per
3439 837 3556 876 om-

1965 934 2060 974 nes
2086 917 2216 973 deos
2242 932 2400 987 quam
2433 932 2527 988 per
2550 932 2712 972 unum
2739 916 2952 988 genium
2975 915 3203 972 Czesaris
3231 917 3499 988 peieratur
3531 935 3549 966 ι

1963 1010 2345 1080 (Tertulliau.,
2376 1010 2576 1084 Apolag
2606 1051 2622 1078 ,
2649 1026 2769 1079 cap.
2800 1008 2931 1082 28).

2035 1104 2195 1160 Certo
2225 1103 2440 1175 quidem
2469 1107 2668 1161 certius
2696 1116 2776 1160 est
2807 1105 2920 1174 jam
2958 1104 3027 1159 ah
3063 1104 3287 1176 Augusti
3327 1104 3562 1175 impera-

1966 1197 2097 1253 toris
2129 1207 2370 1264 tempore
2401 1212 2604 1252 morem
2635 1197 2940 1260 invaluissc,
2973 1206 3027 1252 ut
3050 1197 3085 1252 ii
3109 1212 3205 1267 per
3226 1210 3420 1251 nooneu
3443 1196 3557 1250 sive

1963 1290 2179 1362 genium
2208 1289 2554 1358 Imperatoris
2579 1291 2844 1360 jurarent.
2879 1291 3088 1346 Etenim
3121 1289 3375 1347 Horatius
3402 1303 3556 1346 eum-

1964 1386 2085 1441 dem
2108 1385 2406 1456 Augustum
2431 1385 2778 1457 alloquendo,
2802 1386 2880 1440 sic
2904 1386 3136 1442 canebat
3167 1403 3182 1440 :

2087 1499 2304 1550 Pzeseuti
2328 1501 2416 1551 tibi
2443 1507 2662 1551 maturos
2700 1499 2932 1562 largimur
2953 1500 3186 1561 honores,

2087 1562 2424 1626 Jlll'alldasqtle
2443 1572 2577 1613 tuutn
2603 1577 2692 1626 per
2716 1575 2896 1612 nomen
2921 1565 3146 1627 ponimus
3169 1577 3297 1615 aras.

2469 1647 2683 1710 (Horat.,
2705 1647 2740 1699 1.
2767 1663 2820 1710 ιι,
2848 1647 3000 1715 Epist.
3023 1663 3061 1714 t,
3089 1663 3135 1701 υ.
3161 1651 3219 1702 15
3236 1657 3290 1702 et
3310 1650 3410 1714 16.)

1965 1756 2131 1812 Audis
2169 1767 2318 1812 certe
2344 1764 2398 1811 ct
2425 1756 2625 1827 positas
2646 1796 2666 1823 ,
2693 1757 2828 1812 sicut
2868 1758 3110 1827 proxime
3136 1758 3400 1825 diximus,
3442 1759 3558 1812 Au-

261 1871 282 1904 ‹
322 1852 540 1908 Homini
571 1868 786 1924 queque
815 1853 955 1909 circa
990 1870 1203 1926 pagum,
1229 1869 1387 1924 quem
1411 1853 1620 1908 Anabin
1641 1863 1857 1920 vocant,
1889 1861 1936 1920 Β
1963 1860 2119 1920 gusto
2171 1849 2344 1904 adhuc
2372 1851 2573 1906 viventi
2606 1865 2750 1914 aras,
2780 1867 2842 1905 ac
2871 1866 2968 1921 per
2995 1866 3215 1916 n-tmen,
3248 1850 3300 1906 id
3328 1861 3430 1916 est,
3464 1866 3558 1922 ge-

251 1945 472 2002 divinos
502 1948 736 2005 honores
765 1949 1024 2014 tribuunt,
1056 1950 1214 2019 eique
1245 1938 1568 2004 sacri‘licium
1600 1950 1855 2015 otTcrunt,

250 2049 310 2095 et
364 2041 642 2110 impositas
692 2041 949 2096 altaribus
996 2042 1198 2097 hostias
1250 2041 1486 2098 adolent.
1550 2062 1569 2094 1
1613 2029 1861 2111 impun»

249 2144 476 2200 σέϐουσι,
514 2137 621 2194 κατ’
659 2121 831 2193 Ament
875 2145 1064 2205 κώμην,
1108 2145 1151 2192 ἰν
1248 2147 1330 2191 καὶ
1361 2142 1513 2207 causa}
1544 2141 1743 2200 οὗτται,
1777 2141 1857 2190 καὶ

253 2234 336 2284 ἰπὶ
365 2248 454 2286 τῶν
473 2241 650 2302 βωμῶν
675 2236 737 2286 τὰ
768 2237 868 2301 ἱερὰ
895 2237 1159 2285 demtum.
1201 2247 1219 2280 ί
1258 2228 1353 2285 Ille
1380 2245 1508 2284 vero
1537 2239 1718 2300 postea
1744 2239 1858 2283 tult-

252 2332 373 2378 tum
412 2323 680 2388 ctum-dit,
724 2339 844 2392 quze
880 2323 980 2378 sibi
1023 2339 1089 2379 ex
1134 2323 1340 2394 privato
1383 2339 1552 2393 penu,
1587 2333 1856 2393 tamquam

252 2418 469 2488 privato
505 2417 704 2472 homini
743 2425 926 2487 parata
955 2426 1006 2471 et
1032 2417 1273 2488 apposita
1303 2416 1498 2472 fuerint
1534 2435 1553 2470 ι
1590 2416 1856 2489 (Euseh.,

253 2509 352 2567 lib.
383 2525 460 2576 Ill,
489 2509 722 2582 Prwpar.
752 2509 973 2582 Evuug..
999 2525 1120 2580 cap.
1146 2513 1198 2576 5,
1224 2525 1342 2582 pag.
1368 2509 1438 2567 94
1457 2513 1496 2579 ).
1524 2510 1720 2565 Eadem
1747 2510 1856 2576 ille,

260 2603 418 2659 nullo
447 2619 666 2658 auctore
694 2604 880 2669 citato,
918 2604 1133 2674 repetit.
1162 2605 1295 2659 sicut
1328 2614 1511 2675 postea
1544 2601 1857 2660 Theodore-

258 2707 347 2752 tus
372 2739 384 2760 ,
417 2696 505 2766 qtti
536 2695 820 2770 Porphyrii
847 2695 1060 2766 quidem
1089 2697 1218 2750 citat
1253 2696 1541 2766 Epistulam
1563 2739 1577 2758 .
1611 2695 1859 2763 illiusque

257 2803 508 2854 Sensum,
534 2788 627 2844 sed
657 2804 760 2842 non
785 2791 945 2843 verba
973 2787 1192 2842 exhibet
1218 2787 1592 2859 (TheodoreL,
1621 2795 1750 2841 tom.
1779 2801 1855 2854 tv,

255 2881 438 2935 Serm.
472 2879 525 2942 5,
561 2880 624 2933 de
653 2880 837 2950 Auget.
870 2891 914 2933 et
946 2879 1192 2945 divinam,
1226 2895 1345 2948 pag.
1379 2879 1530 2952 516).

331 2977 456 3032 Alio
494 2975 666 3046 adhuc
701 2985 1019 3046 argumento
1052 2974 1318 3030 Minucius
1347 2974 1594 3029 ethnicos
1642 2989 1705 3029 ac
1763 2988 1859 3044 po-

258 3069 525 3123 tissimtun
560 3067 834 3123 Romanos
861 3069 1104 3136 ejusdem
1133 3067 1423 3138 impietatis
1450 3068 1710 3140 eoarguit.
1741 3066 1855 3122 Non

255 3163 372 3219 suis
413 3165 553 3218 enim
599 3173 801 3218 tantum
841 3163 1174 3234 principibus
1212 3172 1268 3217 et
1308 3163 1542 3233 regibus,
1586 3173 1854 3234 tamquam

1967 1945 2112 1999 nium
2142 1944 2260 2014 ejus
2296 1945 2544 2002 ethnicos
2575 1949 2803 2014 jurasse.
2847 1946 3134 2016 Postquam
3166 1960 3295 2001 vero
3333 1945 3423 2001 ille
3452 1945 3562 2000 fato

1966 2037 2176 2092 functus
2225 2038 2417 2093 fuisset
2444 2081 2459 2105 ,
2511 2038 2769 2094 Claudius
2815 2038 3018 2105 Ctesar,
3071 2049 3207 2096 teste
3253 2038 3512 2096 Suetonio
3542 2077 3559 2102 .

1973 2148 1990 2182 t
2027 2130 2402 2200 Jusjurandum
2445 2148 2618 2202 neque
2665 2134 2904 2188 sanctius
2943 2133 3068 2201 sibi,
3108 2147 3283 2205 neque
3316 2131 3561 2188 crebrius

1970 2224 2231 2286 instituit.
2273 2241 2430 2295 quam
2476 2241 2570 2294 per
2609 2227 2902 2296 Augustum
2950 2245 2968 2280 1
3013 2226 3301 2299 (Sueton..
3345 2225 3398 2280 in
3446 2221 3562 2284 Vita

1967 2317 2174 2379 Cluud.,
2209 2317 2236 2390 §
2269 2318 2395 2389 Il),
2441 2319 2490 2373 id
2537 2328 2650 2385 est,
2701 2333 2795 2389 per
2830 2318 2947 2388 ejus
2987 2319 3202 2389 genium
3241 2327 3298 2375 et
3339 2331 3562 2372 nomen.

1963 2409 2134 2477 Quam
2163 2425 2375 2465 sacrum
2406 2420 2586 2465 autem
2615 2425 2678 2465 ac
2705 2411 3012 2481 religiosum
3045 2410 3208 2465 fuerit
3245 2411 3345 2465 hoc
3380 2407 3559 2480 jusju-

1964 2505 2189 2559 randum
2216 2503 2262 2558 si
2289 2503 2384 2559 tibi
2415 2503 2591 2560 adhuc
2617 2503 2833 2576 probari
2857 2518 3039 2568 areas,
3069 2503 3248 2559 disces
3277 2503 3459 2573 utique
3489 2517 3560 2557 ex

1962 2599 2048 2654 his
2068 2599 2238 2655 Taciti
2267 2599 2446 2656 verbis
2475 2617 2487 2655 ε
2528 2620 2547 2653 t
2586 2599 2787 2655 Aubrio
2813 2599 3024 2655 crimini
3053 2598 3279 2655 dabatur
3299 2598 3556 2654 violatum

1963 2693 2200 2766 perjurio
2241 2709 2436 2750 nomen
2477 2694 2726 2765 Augusti.
2761 2693 2891 2762 Quae
2925 2693 3013 2749 ubi
3057 2692 3272 2749 Tiberio
3300 2703 3556 2754 notuere.

1961 2789 2176 2859 Scripsit
2206 2789 2730 2844 consulibus.........
2754 2786 3128 2858 jusjurandum
3161 2787 3385 2858 perinde
3411 2787 3560 2842 msti~

1962 2881 2240 2948 mandunt,
2273 2897 2433 2953 quam
2463 2884 2506 2937 si
2538 2881 2726 2937 Jovem
2758 2879 3036 2938 fefellisset
3070 2902 3088 2935 ι
3125 2881 3358 2950 (Tacit.,
3390 2880 3478 2937 lib.
3517 2898 3557 2944 t.

1962 2977 2153 3033 Annal.
2184 2989 2307 3033 ante
2336 2977 2427 3034 lin.
2450 2977 2490 3048 ).

2034 3069 2217 3142 Neque
2244 3088 2405 3142 porro
2427 3088 2523 3144 per
2549 3071 2720 3130 solius
2749 3071 2994 3144 Augusti,
3022 3070 3116 3128 sed
3141 3070 3369 3127 aliorum
3394 3069 3554 3125 etiam

1962 3165 2350 3235 Imperator-um
2391 3167 2608 3236 genium
2652 3165 2883 3238 gentiles
2922 3165 3106 3234 jurare
3140 3173 3550 3221 consueverant.

255 3252 363 3310 diis
385 3297 402 3321 ,
436 3254 660 3325 turpiter
693 3254 1072 3310 adulabantur:
1106 3255 1200 3311 sed
1231 3271 1419 3311 eorum
1457 3256 1618 3312 etiam
1660 3271 1856 3313 numen
1882 3257 1930 3322 C
1964 3258 2360 3314 Perversissitni
2400 3259 2666 3330 siquidem
2712 3259 2873 3330 Iutjus
2909 3260 3076 3315 moris
3105 3257 3558 3330 locupletissiuuts

259 3347 598 3406 invocabant.
630 3349 696 3404 ad
735 3365 920 3405 eorum
951 3350 1207 3422 imagines
1232 3350 1624 3422 supplicabant,
1658 3351 1855 3422 implo-

258 3440 448 3495 rabant
497 3441 734 3511 ipSttl‘IIllt
775 3440 1107 3505 dmmonem,
1145 3456 1209 3497 ac
1249 3447 1413 3498 tutius
1442 3443 1545 3498 illis
1574 3453 1717 3509 erat,
1762 3459 1858 3515 per

254 3533 425 3595 Iovis,
459 3550 616 3606 quun
647 3538 788 3603 regis
816 3537 896 3592 sui
925 3538 1140 3606 genium
1167 3540 1374 3607 jurare.

335 3624 409 3680 De
438 3626 699 3683 scelerata
741 3628 826 3682 illa
854 3627 1182 3694 adulatione,
1212 3643 1316 3700 qua
1345 3637 1587 3684 mortuos
1616 3629 1856 3701 Impera-

254 3727 406 3776 tores
426 3734 554 3777 suos
578 3722 799 3776 Romani
822 3722 1044 3778 deorum
1067 3738 1294 3779 numero
1316 3722 1716 3789 adscribebant,
1743 3724 1858 3782 haec

254 3813 398 3881 apud
426 3813 690 3871 Iustinum
718 3816 1006 3889 Martyrem
1032 3817 1254 3889 legimus
1281 3835 1294 3871 :
1324 3822 1426 3873 καὶ
1449 3831 1496 3876 τί
1509 3823 1855 3892 γᾶράτοθννζσ-

255 3933 424 3970 atare:
453 3911 566 3981 παρ’
587 3915 697 3975 ὑμῖν
727 3913 1080 3982 αὐτοκράτορας
1110 3916 1560 3979 ἀπαθανσιτίζοσθω
1587 3919 1852 3981 ἀξιοῦντες,

253 4005 341 4056 καὶ
376 4006 581 4070 ὀμνύντα.
607 4007 715 4058 τινὰ
744 4011 968 4075 «poi-[tre
992 4010 1250 4074 ἑωρακέναι
1282 4011 1334 4060 ἐκ
1361 4021 1446 4066 τίς
1474 4015 1624 4077 πυρᾶς
1659 4013 1857 4079 ἀνερχό-

250 4121 393 4166 μενον
413 4101 477 4160 ei;
501 4107 576 4154 τὸν
598 4102 790 4170 ιῦρανδν
813 4103 892 4155 τὶν
917 4107 1221 4156 κατακαέντα
1238 4098 1483 4171 Καίσαρα.
1521 4119 1540 4152 t
1570 4100 1856 4157 Morio-otes

253 4191 398 4259 apud
443 4205 538 4245 vos
582 4191 940 4256 Imperatores
980 4207 1196 4262 seraper
1240 4192 1624 4250 immortalitati
1664 4182 1856 4251 conse-

253 4296 415 4338 crare
441 4282 764 4351 diguamini,
809 4282 1166 4354 producentes
1195 4285 1498 4355 quempiam
1523 4326 1538 4349 ,
1580 4286 1671 4354 qui
1705 4286 1855 4357 jure-

250 4374 490 4447 juraudo
534 4375 816 4431 confirmet
857 4376 1055 4432 vidisse
1098 4391 1160 4433 se
1197 4391 1228 4433 e
1265 4392 1396 4447 rogo
1440 4378 1492 4433 in
1535 4381 1728 4436 ctelum
1770 4396 1856 4437 as-

254 4468 492 4523 cvndere
515 4467 791 4524 ardentem
817 4467 1111 4525 Ctesarem.
1145 4488 1164 4522 ι
1201 4469 1388 4525 1⁵08163
1419 4486 1586 4528 vero:
1621 4490 1640 4524 ι
1679 4473 1740 4528 Et
1763 4475 1854 4541 qui

252 4561 401 4632 apud
448 4576 541 4614 vos.
580 4563 916 4628 moriuntur,
955 4562 1343 4629 Imperatorum
1389 4564 1645 4636 imagines
1684 4565 1854 4625 forma

1963 3350 2116 3407 testis
2142 3352 2296 3408 nobis
2325 3360 2408 3408 est
2432 3353 2712 3423 Apuleius.
2743 3351 2878 3409 Cum
2908 3353 3053 3408 enim
3078 3351 3416 3424 Magistratus
3439 3350 3559 3406 hor-

1961 3445 2201 3501 tulanum
2228 3445 2514 3516 quemdam
2540 3456 2869 3517 qtuererent,
2896 3457 3059 3518 atque
3085 3447 3172 3502 ubi
3198 3458 3340 3504 esset
3365 3447 3520 3502 scisri
3537 3474 3557 3488 -

1962 3545 2204 3594 tareutur
2232 3554 2247 3593 :
2291 3556 2311 3590 ι
2347 3537 2636 3598 Militones.
2670 3541 2862 3610 inquit,
2892 3541 2963 3596 ibi
2996 3557 3094 3596 nec
3123 3542 3330 3614 uspiam
3359 3540 3555 3597 delite-

1959 3643 2112 3687 scere
2149 3631 2462 3702 adjurantes
2485 3673 2503 3700 ,
2543 3632 2758 3702 genium
2804 3634 3061 3705 principis
3097 3635 3494 3693 contendebant
3529 3656 3550 3688 ι

1959 3723 2194 3797 (Apulei.
2233 3725 2332 3780 lib.
2382 3741 2474 3792 ιι,
2509 3725 2851 3799 Metamorph.
2898 3725 2999 3782 sub
3031 3727 3169 3797 lim).
3203 3727 3439 3798 Caligula
3470 3729 3555 3783 in»

1959 3832 2122 3888 super
2141 3817 2363 3886 multos,
2391 3819 2655 3876 Suetonio
2682 3830 2838 3888 teste,
2859 3819 3116 3890 gravibus
3137 3821 3310 3890 pinnis
3333 3820 3504 3876 all'ecit
3533 3839 3548 3876 :

1965 3927 1984 3962 t
2027 3909 2171 3981 quod
2215 3927 2506 3984 numquam
2548 3927 2644 3983 per
2679 3913 2896 3985 genium
2941 3927 3097 3968 suum
3148 3910 3480 3982 dejerassent
3526 3931 3546 3963 ι

1959 4000 2158 4075 (Suet.,
2191 4001 2283 4057 lib.
2314 4019 2387 4062 tv.
2421 4002 2449 4074 §
2477 4003 2604 4076 27).
2643 4003 2904 4076 Denique,
2927 4012 2986 4060 ut
3023 4005 3172 4075 plura
3212 4002 3556 4066 omittamus,

1960 4106 2141 4176 narrat
2168 4094 2567 4165 Tertulliauus,
2608 4096 2945 4169 perduelles.
2989 4098 3139 4170 quia
3177 4094 3344 4152 Cassii
3381 4103 3436 4150 et
3463 4096 3556 4150 Al-

1958 4189 2067 4247 bini
2113 4190 2355 4262 partibus
2380 4190 2594 4246 stabant
2617 4233 2633 4257 ,
2668 4207 2764 4262 per
2799 4190 2984 4261 geniOs
3017 4190 3288 4262 pejerasse
3317 4187 3557 4260 lmpera-

1959 4291 2134 4339 torum
2180 4283 2562 4358 (Tertullian.,
2609 4285 2901 4356 Apologel.,
2942 4299 3062 4357 cap.
3103 4285 3213 4350 35,
3255 4294 3310 4340 et
3351 4283 3442 4340 lib.
3486 4284 3556 4337 ad

1961 4376 2202 4447 δωρεαί..
2234 4392 2355 4448 cap.
2387 4379 2444 4445 2,
2478 4393 2599 4450 pag.
2627 4377 2758 4453 85

2031 4468 2142 4526 Sed
2173 4470 2395 4541 impittm
2425 4470 2556 4526 illud
2583 4469 2959 4542 jusjurandum
2994 4469 3285 4528 Christiani
3321 4469 3562 4526 detesta-

1959 4562 2176 4620 bantur.
2200 4564 2566 4632 Quamobrem
2592 4565 2939 4639 Polyearpns,
2962 4564 3416 4638 quemadmodum
3440 4566 3561 4622 aie-

256 4652 358 4707 ista
388 4655 734 4712 consecratis.
774 4664 830 4710 et
866 4655 999 4710 deos
1029 4655 1463 4727 inscriptionibus
1506 4659 1792 4717 nominatis
1830 4679 1849 4714 1
1880 4664 1934 4725 D
1961 4661 2054 4715 bat
2077 4660 2363 4729 Eusebius,
2389 4677 2682 4733 numquam
2708 4675 2736 4714 a
2767 4672 2997 4734 tyranno
3018 4661 3136 4730 cogi
3166 4661 3356 4730 potuit.
3385 4670 3441 4715 ut
3463 4675 3560 4729 per

257 4743 518 4818 (Justio.,
562 4757 807 4818 martyr.,
842 4749 1059 4820 Apoloy.
1091 4764 1150 4815 t,
1184 4764 1305 4819 pag.
1337 4749 1564 4822 67-90).
1606 4751 1714 4807 Sed
1743 4753 1857 4809 haec

258 4838 426 4908 impia
467 4837 855 4910 Imperatorum
898 4840 1261 4897 Boiuauorttm
1305 4842 1616 4912 apotheosis
1657 4845 1857 4901 nemini

259 4933 440 5002 plane.
477 4933 568 5002 qui
600 4934 683 4987 vel
713 4933 1036 5003 primoribus
1066 4934 1230 4988 labris
1258 4935 1490 5004 aliquam
1523 4937 1733 4992 illorum
1777 4938 1858 4993 hi-

259 5027 485 5081 smriam
523 5027 783 5098 attigerit.
816 5027 1086 5098 ineoguita
1123 5043 1245 5084 esse
1275 5038 1467 5096 potest.
1513 5029 1629 5084 Non
1672 5031 1743 5086 ibi
1775 5041 1857 5087 ta-

260 5137 388 5176 men
415 5125 563 5177 stetit
602 5139 820 5193 prorsus
855 5123 1168 5179 detestanda
1206 5125 1544 5182 ethnicornm
1583 5125 1854 5191 adulatio,

260 5215 358 5271 sed
390 5214 575 5271 iisdem
608 5219 720 5270 suis
751 5216 1190 5286 lmperatoribus,
1217 5219 1393 5274 adhuc
1423 5219 1579 5274 vivis.
1613 5221 1685 5273 uti
1710 5218 1859 5275 Iulio

260 5307 503 5377 Caesari,
545 5309 838 5365 Octaviano
869 5312 1108 5381 Augusto
1130 5352 1147 5376 ,
1179 5312 1438 5381 aliistpte,
1479 5321 1860 5375 exstruxerunt

263 5387 465 5470 templa
487 5442 501 5464 ,
535 5412 590 5456 et
625 5416 746 5456 aras
765 5442 781 5468 ,
821 5411 980 5473 atque
1010 5404 1316 5460 stherdotes
1345 5415 1662 5460 creaVerttttt
1693 5404 1862 5478 (Sue-

262 5506 404 5564 ton.,
429 5497 484 5551 in
518 5497 630 5552 Vim
655 5496 788 5552 Julii
810 5498 965 5562 Cres,
992 5502 1020 5571 ᾗ
1044 5498 1134 5563 76;
1159 5509 1210 5553 et
1233 5499 1284 5552 in
1316 5497 1429 5553 Vita
1450 5500 1687 5572 August..
1716 5500 1856 5572 §52.

263 5589 484 5646 Coruel.
515 5591 712 5654 T.tcil.,
746 5592 836 5646 lib.
871 5608 948 5657 Ilt,
983 5593 1198 5658 Anual.,
1221 5591 1352 5648 circ.
1388 5592 1579 5664 tttcd.).

338 5686 478 5740 Suos
509 5696 688 5740 autem
717 5685 1076 5757 Imperatores
1106 5686 1283 5741 adhuc
1313 5687 1557 5742 viventes
1576 5730 1590 5752 ,
1623 5694 1715 5740 aut
1742 5695 1865 5756 post

268 5789 519 5844 mortem,
557 5779 687 5835 deus
727 5797 753 5833 a
799 5795 858 5836 se
903 5780 1270 5848 renuntiatos,
1316 5782 1482 5851 magis
1521 5780 1866 5846 verebantur,

269 5889 431 5945 quam
476 5874 841 5945 antiquiores,
883 5874 1150 5946 longoque
1186 5875 1297 5945 jam
1339 5892 1366 5929 a
1405 5883 1647 5944 tempore
1685 5888 1717 5930 a
1752 5875 1866 5931 suis

1961 4754 2190 4812 Caesaris
2215 4757 2430 4826 genium
2454 4757 2665 4827 juraret
2693 4755 2714 4831 (
2740 4756 2961 4816 Euseb.
2985 4755 3079 4812 lib.
3112 4772 3187 4821 tv,
3225 4754 3358 4810 Hist.
3384 4753 3562 4824 Eccl.,

1960 4864 2082 4917 cap.
2116 4851 2207 4916 15,
2233 4866 2355 4923 pag.
2390 4852 2483 4906 151
2517 4859 2572 4907 et
2599 4866 2751 4921 seqq.
2776 4849 2818 4923 ).
2843 4850 2948 4906 Alii
2977 4866 3103 4905 vero
3122 4850 3432 4916 Christiani,
3461 4849 3542 4904 sic

1962 4942 2036 4996 uti
2067 4941 2206 4997 idem
2231 4943 2595 4999 Tertulliauus
2633 4952 2884 5008 testatur,
2926 4942 3244 5010 irreligiosi,
3272 4957 3335 4996 ac
3375 4941 3558 5012 populi

1964 5033 2146 5088 hostes
2191 5047 2476 5106 proptetca
2523 5035 2841 5108 proclamati
2887 5043 3046 5100 sunt,
3094 5034 3234 5104 quod
3279 5031 3558 5091 (la-sarum

1962 5127 2222 5198 imagines
2253 5122 2616 5200 repropitiari.
2649 5143 2950 5198 eorumque
2977 5127 3164 5197 genios
3187 5127 3432 5200 dejerare
3461 5129 3558 5184 de-

1964 5224 2328 5278 trectaverint.
2371 5223 2478 5279 Sed
2523 5224 2590 5278 de
2627 5221 2958 5278 Tertulliano
2995 5219 3173 5277 adhuc
3209 5221 3410 5293 aliquid
3457 5236 3558 5278 suo

1964 5314 2086 5371 loco
2109 5316 2390 5371 dicendum
2415 5314 2781 5389 (Tertulliam,
2810 5316 3098 5388 Apologct.,
3122 5329 3241 5386 cap.
3268 5313 3358 5382 32,
3385 5330 3437 5385 p.
3463 5315 3555 5381 31,

1963 5419 2016 5463 et
2045 5408 2137 5462 lib.
2169 5424 2206 5472 t,
2233 5409 2301 5462 ad
2334 5406 2574 5472 Nauem,
2602 5421 2722 5477 cap.
2757 5408 2842 5473 I7,
2875 5424 2992 5478 pag.
3019 5408 3078 5463 6|
3112 5406 3153 5480 ).

2034 5499 2286 5555 Nonnulli
2338 5515 2500 5571 porro
2558 5516 2588 5554 a
2639 5499 2795 5555 nobis
2852 5499 3095 5556 tortas-is
3139 5500 3408 5572 inquirent
3465 5515 3563 5556 cur

1962 5591 2225 5648 Minucius
2253 5601 2356 5648 tam
2383 5591 2722 5648 conlidenter
2751 5594 3058 5664 pronuntiet
3083 5593 3361 5659 ethnicos,
3405 5611 3426 5647 ι
3465 5603 3556 5648 lu~

1967 5686 2105 5744 tius.
2147 5707 2165 5740 ι
2203 5687 2284 5742 vel
2314 5693 2450 5742 sicut
2489 5689 2564 5742 ait
2599 5687 2983 5752 Tertullianus,
3018 5705 3039 5740 ι
3071 5689 3252 5751 citius,
3295 5707 3314 5741 1
3345 5704 3440 5758 per
3464 5688 3562 5743 Jo-

1969 5781 2070 5846 vis,
2098 5777 2255 5852 quain
2285 5779 2630 5851 Imperatoris
2657 5781 2872 5852 genium
2897 5780 3110 5853 jurasse
3136 5781 3155 5855 (
3179 5781 3340 5849 idem,
3367 5782 3565 5854 Apolo-

1970 5884 2098 5944 σοι,
2130 5889 2251 5946 cap.
2280 5873 2412 5948 28).
2460 5876 2736 5948 Duplicem
2766 5876 2943 5947 itaque
2986 5875 3249 5935 rationem
3279 5874 3387 5940 illis
3414 5873 3572 5932 dabi-
