  <div class='ocr_page' id='page_1' title='image "/cluster/home/n/w/nwhite01/storage/ocr_20150623/3/hvd.32044015471212/315.png"; bbox 0 0 4034 6320; ppageno 0'>
   <div class='ocr_carea' id='block_1_1' title="bbox 360 323 463 382">
    <p class='ocr_par' dir='ltr' id='par_1_1' title="bbox 360 323 463 382">
     <span class='ocr_line' id='line_1_1' title="bbox 360 323 463 382; baseline -0.019 0"><span class='ocrx_word' id='word_1_1' title='bbox 360 323 463 382; x_wconf 72' lang='grc'><strong>551</strong></span> 
     </span>
    </p>
   </div>
   <div class='ocr_carea' id='block_1_2' title="bbox 1664 285 2392 380">
    <p class='ocr_par' dir='ltr' id='par_1_2' title="bbox 1664 285 2392 380">
     <span class='ocr_line' id='line_1_2' title="bbox 1664 285 2392 380; baseline 0.004 -4"><span class='ocrx_word' id='word_1_2' title='bbox 1664 319 1754 376; x_wconf 87' lang='lat' dir='ltr'><strong>DE</strong></span> <span class='ocrx_word' id='word_1_3' title='bbox 1791 285 2053 376; x_wconf 73' lang='lat' dir='ltr'><strong>ntnucu</strong></span> <span class='ocrx_word' id='word_1_4' title='bbox 2089 317 2392 380; x_wconf 77' lang='lat' dir='ltr'><strong>OCTAVIO</strong></span> 
     </span>
    </p>
   </div>
   <div class='ocr_carea' id='block_1_3' title="bbox 3566 327 3676 384">
    <p class='ocr_par' dir='ltr' id='par_1_3' title="bbox 3566 327 3676 384">
     <span class='ocr_line' id='line_1_3' title="bbox 3566 327 3676 384; baseline -0.018 0"><span class='ocrx_word' id='word_1_5' title='bbox 3566 327 3676 384; x_wconf 75' lang='lat'><strong>559..</strong></span> 
     </span>
    </p>
   </div>
   <div class='ocr_carea' id='block_1_4' title="bbox 357 409 3663 522">
    <p class='ocr_par' dir='ltr' id='par_1_4' title="bbox 357 409 3663 522">
     <span class='ocr_line' id='line_1_4' title="bbox 357 409 3663 522; baseline 0.001 -22"><span class='ocrx_word' id='word_1_6' title='bbox 357 455 503 500; x_wconf 88' lang='lat' dir='ltr'><strong>mus.</strong></span> <span class='ocrx_word' id='word_1_7' title='bbox 538 439 717 522; x_wconf 45' lang='lat' dir='ltr'><strong>lirium</strong></span> <span class='ocrx_word' id='word_1_8' title='bbox 747 447 856 507; x_wconf 90' lang='lat' dir='ltr'><strong>cst,</strong></span> <span class='ocrx_word' id='word_1_9' title='bbox 899 413 1060 509; x_wconf 84' lang='lat' dir='ltr'><strong>quam</strong></span> <span class='ocrx_word' id='word_1_10' title='bbox 1101 409 1464 493; x_wconf 84' lang='lat' dir='ltr'><strong>Tertullianus</strong></span> <span class='ocrx_word' id='word_1_11' title='bbox 1498 437 1654 492; x_wconf 87' lang='lat' dir='ltr'><strong>nobis</strong></span> <span class='ocrx_word' id='word_1_12' title='bbox 1683 437 1919 510; x_wconf 78' lang='lat' dir='ltr'><strong>suggerit</strong></span> <span class='ocrx_word' id='word_1_13' title='bbox 1939 479 1952 500; x_wconf 93' lang='lat'><strong>,</strong></span> <span class='ocrx_word' id='word_1_14' title='bbox 1984 434 2040 496; x_wconf 67' lang='grc' dir='ltr'><strong>Α</strong></span> <span class='ocrx_word' id='word_1_15' title='bbox 2064 441 2377 494; x_wconf 81' lang='lat' dir='ltr'><strong>memoriam</strong></span> <span class='ocrx_word' id='word_1_16' title='bbox 2415 441 2625 516; x_wconf 85' lang='lat' dir='ltr'><strong>(Cyrill.</strong></span> <span class='ocrx_word' id='word_1_17' title='bbox 2651 442 2975 510; x_wconf 76' lang='lat' dir='ltr'><strong>Alexandr.,</strong></span> <span class='ocrx_word' id='word_1_18' title='bbox 3003 444 3098 502; x_wconf 88' lang='lat' dir='ltr'><strong>lih.</strong></span> <span class='ocrx_word' id='word_1_19' title='bbox 3129 460 3218 522; x_wconf 86' lang='lat' dir='ltr'><strong>vr,_</strong></span> <span class='ocrx_word' id='word_1_20' title='bbox 3236 455 3403 502; x_wconf 85' lang='lat' dir='ltr'><strong>contr.</strong></span> <span class='ocrx_word' id='word_1_21' title='bbox 3429 445 3663 515; x_wconf 72' lang='lat' dir='ltr'><strong>Iuliam,</strong></span> 
     </span>
    </p>
   </div>
   <div class='ocr_carea' id='block_1_5' title="bbox 361 517 1963 606">
    <p class='ocr_par' dir='ltr' id='par_1_5' title="bbox 361 517 1963 606">
     <span class='ocr_line' id='line_1_5' title="bbox 361 517 1963 606; baseline -0.005 -15"><span class='ocrx_word' id='word_1_22' title='bbox 361 517 594 606; x_wconf 67' lang='lat' dir='ltr'><strong>gentiles</strong></span> <span class='ocrx_word' id='word_1_23' title='bbox 616 535 792 588; x_wconf 89' lang='lat' dir='ltr'><strong>minus</strong></span> <span class='ocrx_word' id='word_1_24' title='bbox 819 529 952 588; x_wconf 85' lang='lat' dir='ltr'><strong>deos</strong></span> <span class='ocrx_word' id='word_1_25' title='bbox 985 546 1112 586; x_wconf 88' lang='lat' dir='ltr'><strong>suos</strong></span> <span class='ocrx_word' id='word_1_26' title='bbox 1141 531 1382 586; x_wconf 86' lang='lat' dir='ltr'><strong>timuisse</strong></span> <span class='ocrx_word' id='word_1_27' title='bbox 1404 573 1419 597; x_wconf 95' lang='lat'><strong>,</strong></span> <span class='ocrx_word' id='word_1_28' title='bbox 1446 545 1606 600; x_wconf 89' lang='lat' dir='ltr'><strong>quam</strong></span> <span class='ocrx_word' id='word_1_29' title='bbox 1639 539 1963 600; x_wconf 71' lang='lat' dir='ltr'><strong>praesentem</strong></span> 
     </span>
    </p>
   </div>
   <div class='ocr_carea' id='block_1_6' title="bbox 363 611 1968 696">
    <p class='ocr_par' dir='ltr' id='par_1_6' title="bbox 363 611 1968 696">
     <span class='ocr_line' id='line_1_6' title="bbox 363 611 1968 696; baseline -0.008 -12"><span class='ocrx_word' id='word_1_30' title='bbox 363 627 758 696; x_wconf 80' lang='lat' dir='ltr'><strong>Imperatorem</strong></span> <span class='ocrx_word' id='word_1_31' title='bbox 794 611 1136 696; x_wconf 85' lang='lat' dir='ltr'><strong>potestatem.</strong></span> <span class='ocrx_word' id='word_1_32' title='bbox 1184 620 1433 677; x_wconf 87' lang='lat' dir='ltr'><strong>Secunda</strong></span> <span class='ocrx_word' id='word_1_33' title='bbox 1469 636 1637 688; x_wconf 88' lang='lat' dir='ltr'><strong>vero,</strong></span> <span class='ocrx_word' id='word_1_34' title='bbox 1669 621 1792 691; x_wconf 88' lang='lat' dir='ltr'><strong>quia</strong></span> <span class='ocrx_word' id='word_1_35' title='bbox 1819 619 1968 690; x_wconf 80' lang='lat' dir='ltr'><strong>juru-</strong></span> 
     </span>
    </p>
   </div>
   <div class='ocr_carea' id='block_1_7' title="bbox 363 714 1967 790">
    <p class='ocr_par' dir='ltr' id='par_1_7' title="bbox 363 714 1967 790">
     <span class='ocr_line' id='line_1_7' title="bbox 363 714 1967 790; baseline -0.006 -12"><span class='ocrx_word' id='word_1_36' title='bbox 363 722 536 778; x_wconf 84' lang='lat' dir='ltr'><strong>meuti</strong></span> <span class='ocrx_word' id='word_1_37' title='bbox 569 721 676 774; x_wconf 80' lang='lat' dir='ltr'><strong>Deo</strong></span> <span class='ocrx_word' id='word_1_38' title='bbox 701 714 948 790; x_wconf 76' lang='lat' dir='ltr'><strong>przrstiti,</strong></span> <span class='ocrx_word' id='word_1_39' title='bbox 978 717 1146 788; x_wconf 91' lang='lat' dir='ltr'><strong>inquit</strong></span> <span class='ocrx_word' id='word_1_40' title='bbox 1178 715 1450 777; x_wconf 81' lang='lat' dir='ltr'><strong>Zozimus,</strong></span> <span class='ocrx_word' id='word_1_41' title='bbox 1479 715 1800 772; x_wconf 90' lang='lat' dir='ltr'><strong>condonatio</strong></span> <span class='ocrx_word' id='word_1_42' title='bbox 1827 715 1967 770; x_wconf 90' lang='lat' dir='ltr'><strong>divi-</strong></span> 
     </span>
    </p>
   </div>
   <div class='ocr_carea' id='block_1_8' title="bbox 364 800 1960 884">
    <p class='ocr_par' dir='ltr' id='par_1_8' title="bbox 364 800 1960 884">
     <span class='ocr_line' id='line_1_8' title="bbox 364 800 1960 884; baseline -0.007 -13"><span class='ocrx_word' id='word_1_43' title='bbox 364 830 454 871; x_wconf 76' lang='lat' dir='ltr'><strong>nae</strong></span> <span class='ocrx_word' id='word_1_44' title='bbox 482 813 791 884; x_wconf 90' lang='lat' dir='ltr'><strong>benignitati</strong></span> <span class='ocrx_word' id='word_1_45' title='bbox 818 812 1076 879; x_wconf 90' lang='lat' dir='ltr'><strong>permissa</strong></span> <span class='ocrx_word' id='word_1_46' title='bbox 1105 821 1218 864; x_wconf 88' lang='lat' dir='ltr'><strong>erat</strong></span> <span class='ocrx_word' id='word_1_47' title='bbox 1246 806 1265 882; x_wconf 96' lang='lat'>(</span> <span class='ocrx_word' id='word_1_48' title='bbox 1289 807 1514 868; x_wconf 81' lang='lat' dir='ltr'><strong>Zozim..</strong></span> <span class='ocrx_word' id='word_1_49' title='bbox 1545 808 1638 862; x_wconf 90' lang='lat' dir='ltr'><strong>lib.</strong></span> <span class='ocrx_word' id='word_1_50' title='bbox 1669 824 1724 867; x_wconf 89' lang='lat' dir='ltr'><strong>v.</strong></span> <span class='ocrx_word' id='word_1_51' title='bbox 1764 800 1960 862; x_wconf 77' lang='lat' dir='ltr'><strong>Histor.</strong></span> 
     </span>
    </p>
   </div>
   <div class='ocr_carea' id='block_1_9' title="bbox 365 901 1971 979">
    <p class='ocr_par' dir='ltr' id='par_1_9' title="bbox 365 901 1971 979">
     <span class='ocr_line' id='line_1_9' title="bbox 365 901 1971 979; baseline -0.006 -14"><span class='ocrx_word' id='word_1_52' title='bbox 365 910 423 965; x_wconf 90' lang='lat' dir='ltr'><strong>in</strong></span> <span class='ocrx_word' id='word_1_53' title='bbox 455 907 544 962; x_wconf 83' lang='lat' dir='ltr'><strong>lin.</strong></span> <span class='ocrx_word' id='word_1_54' title='bbox 570 911 610 979; x_wconf 84' lang='lat'><strong>).</strong></span> <span class='ocrx_word' id='word_1_55' title='bbox 652 905 752 974; x_wconf 93' lang='lat' dir='ltr'><strong>Qui</strong></span> <span class='ocrx_word' id='word_1_56' title='bbox 795 921 924 960; x_wconf 90' lang='lat' dir='ltr'><strong>vero</strong></span> <span class='ocrx_word' id='word_1_57' title='bbox 971 919 1066 974; x_wconf 74' lang='lat' dir='ltr'><strong>per</strong></span> <span class='ocrx_word' id='word_1_58' title='bbox 1100 903 1313 974; x_wconf 85' lang='lat' dir='ltr'><strong>genium</strong></span> <span class='ocrx_word' id='word_1_59' title='bbox 1361 903 1655 974; x_wconf 75' lang='lat' dir='ltr'><strong>principis,</strong></span> <span class='ocrx_word' id='word_1_60' title='bbox 1697 901 1779 955; x_wconf 90' lang='lat' dir='ltr'><strong>vel</strong></span> <span class='ocrx_word' id='word_1_61' title='bbox 1824 905 1873 956; x_wconf 92' lang='lat' dir='ltr'><strong>in</strong></span> <span class='ocrx_word' id='word_1_62' title='bbox 1912 917 1971 957; x_wconf 85' lang='lat' dir='ltr'><strong>re</strong></span> 
     </span>
    </p>
   </div>
   <div class='ocr_carea' id='block_1_10' title="bbox 367 995 1972 1067">
    <p class='ocr_par' dir='ltr' id='par_1_10' title="bbox 367 995 1972 1067">
     <span class='ocr_line' id='line_1_10' title="bbox 367 995 1972 1067; baseline -0.005 -11"><span class='ocrx_word' id='word_1_63' title='bbox 367 1003 550 1067; x_wconf 84' lang='lat' dir='ltr'><strong>aliqua</strong></span> <span class='ocrx_word' id='word_1_64' title='bbox 585 999 807 1055; x_wconf 91' lang='lat' dir='ltr'><strong>minoris</strong></span> <span class='ocrx_word' id='word_1_65' title='bbox 835 997 1113 1060; x_wconf 70' lang='lat' dir='ltr'><strong>ll‘ltlmﬂltli,</strong></span> <span class='ocrx_word' id='word_1_66' title='bbox 1140 996 1288 1051; x_wconf 90' lang='lat' dir='ltr'><strong>verbi</strong></span> <span class='ocrx_word' id='word_1_67' title='bbox 1314 997 1480 1061; x_wconf 72' lang='lat' dir='ltr'><strong>gratia</strong></span> <span class='ocrx_word' id='word_1_68' title='bbox 1515 995 1842 1066; x_wconf 69' lang='lat' dir='ltr'><strong>pecuniaria.</strong></span> <span class='ocrx_word' id='word_1_69' title='bbox 1881 1008 1972 1065; x_wconf 87' lang='lat' dir='ltr'><strong>pe-</strong></span> 
     </span>
    </p>
   </div>
   <div class='ocr_carea' id='block_1_11' title="bbox 366 1087 1970 1164">
    <p class='ocr_par' dir='ltr' id='par_1_11' title="bbox 366 1087 1970 1164">
     <span class='ocr_line' id='line_1_11' title="bbox 366 1087 1970 1164; baseline -0.005 -16"><span class='ocrx_word' id='word_1_70' title='bbox 366 1093 600 1164; x_wconf 81' lang='lat' dir='ltr'><strong>jerabat,</strong></span> <span class='ocrx_word' id='word_1_71' title='bbox 639 1093 704 1156; x_wconf 87' lang='lat' dir='ltr'><strong>is,</strong></span> <span class='ocrx_word' id='word_1_72' title='bbox 737 1091 891 1146; x_wconf 82' lang='lat' dir='ltr'><strong>sicuti</strong></span> <span class='ocrx_word' id='word_1_73' title='bbox 924 1087 1183 1157; x_wconf 81' lang='lat' dir='ltr'><strong>Ulpianus</strong></span> <span class='ocrx_word' id='word_1_74' title='bbox 1211 1088 1521 1151; x_wconf 85' lang='lat' dir='ltr'><strong>annotavit,</strong></span> <span class='ocrx_word' id='word_1_75' title='bbox 1548 1087 1778 1142; x_wconf 77' lang='lat' dir='ltr'><strong>fustibus</strong></span> <span class='ocrx_word' id='word_1_76' title='bbox 1805 1087 1970 1142; x_wconf 76' lang='lat' dir='ltr'><strong>casti-</strong></span> 
     </span>
    </p>
   </div>
   <div class='ocr_carea' id='block_1_12' title="bbox 370 1176 1970 1254">
    <p class='ocr_par' dir='ltr' id='par_1_12' title="bbox 370 1176 1970 1254">
     <span class='ocr_line' id='line_1_12' title="bbox 370 1176 1970 1254; baseline -0.001 -17"><span class='ocrx_word' id='word_1_77' title='bbox 370 1185 484 1254; x_wconf 79' lang='lat' dir='ltr'><strong>gari</strong></span> <span class='ocrx_word' id='word_1_78' title='bbox 523 1183 813 1254; x_wconf 81' lang='lat' dir='ltr'><strong>jubebatur</strong></span> <span class='ocrx_word' id='word_1_79' title='bbox 852 1179 1126 1254; x_wconf 89' lang='lat' dir='ltr'><strong>(Ulpian.,</strong></span> <span class='ocrx_word' id='word_1_80' title='bbox 1171 1180 1262 1234; x_wconf 91' lang='lat' dir='ltr'><strong>lib.</strong></span> <span class='ocrx_word' id='word_1_81' title='bbox 1305 1195 1381 1245; x_wconf 88' lang='lat' dir='ltr'><strong>tt,</strong></span> <span class='ocrx_word' id='word_1_82' title='bbox 1423 1179 1562 1234; x_wconf 89' lang='lat' dir='ltr'><strong>titul.</strong></span> <span class='ocrx_word' id='word_1_83' title='bbox 1603 1176 1672 1244; x_wconf 71' lang='lat'><strong>2,</strong></span> <span class='ocrx_word' id='word_1_84' title='bbox 1719 1179 1822 1248; x_wconf 72' lang='lat' dir='ltr'><strong>leg.</strong></span> <span class='ocrx_word' id='word_1_85' title='bbox 1867 1181 1970 1245; x_wconf 75' lang='lat' dir='ltr'><strong>l3,</strong></span> 
     </span>
    </p>
   </div>
   <div class='ocr_carea' id='block_1_13' title="bbox 375 1271 1976 1352">
    <p class='ocr_par' dir='ltr' id='par_1_13' title="bbox 375 1271 1976 1352">
     <span class='ocr_line' id='line_1_13' title="bbox 375 1271 1976 1352; baseline -0.005 -18"><span class='ocrx_word' id='word_1_86' title='bbox 375 1277 406 1352; x_wconf 84' lang='lat'><strong>§</strong></span> <span class='ocrx_word' id='word_1_87' title='bbox 450 1277 512 1334; x_wconf 82' lang='lat' dir='ltr'><strong>Si</strong></span> <span class='ocrx_word' id='word_1_88' title='bbox 549 1279 722 1348; x_wconf 74' lang='lat' dir='ltr'><strong>quis).</strong></span> <span class='ocrx_word' id='word_1_89' title='bbox 775 1277 934 1332; x_wconf 88' lang='lat' dir='ltr'><strong>Plura</strong></span> <span class='ocrx_word' id='word_1_90' title='bbox 971 1276 1058 1347; x_wconf 92' lang='lat' dir='ltr'><strong>qui</strong></span> <span class='ocrx_word' id='word_1_91' title='bbox 1108 1275 1374 1341; x_wconf 84' lang='lat' dir='ltr'><strong>voluerit,</strong></span> <span class='ocrx_word' id='word_1_92' title='bbox 1428 1275 1520 1330; x_wconf 90' lang='lat' dir='ltr'><strong>ille</strong></span> <span class='ocrx_word' id='word_1_93' title='bbox 1567 1275 1722 1330; x_wconf 88' lang='lat' dir='ltr'><strong>adeat</strong></span> <span class='ocrx_word' id='word_1_94' title='bbox 1763 1271 1976 1330; x_wconf 82' lang='lat' dir='ltr'><strong>Brisso-</strong></span> 
     </span>
    </p>
   </div>
   <div class='ocr_carea' id='block_1_14' title="bbox 368 1367 1972 1440">
    <p class='ocr_par' dir='ltr' id='par_1_14' title="bbox 368 1367 1972 1440">
     <span class='ocr_line' id='line_1_14' title="bbox 368 1367 1972 1440; baseline -0.006 -9"><span class='ocrx_word' id='word_1_95' title='bbox 368 1377 546 1440; x_wconf 87' lang='lat' dir='ltr'><strong>nium,</strong></span> <span class='ocrx_word' id='word_1_96' title='bbox 576 1372 904 1428; x_wconf 85' lang='lat' dir='ltr'><strong>Hausenium</strong></span> <span class='ocrx_word' id='word_1_97' title='bbox 935 1371 1260 1435; x_wconf 87' lang='lat' dir='ltr'><strong>&#39;l‘relierum,</strong></span> <span class='ocrx_word' id='word_1_98' title='bbox 1279 1379 1334 1425; x_wconf 87' lang='lat' dir='ltr'><strong>et</strong></span> <span class='ocrx_word' id='word_1_99' title='bbox 1360 1370 1500 1423; x_wconf 88' lang='lat' dir='ltr'><strong>alios</strong></span> <span class='ocrx_word' id='word_1_100' title='bbox 1529 1368 1617 1439; x_wconf 90' lang='lat' dir='ltr'><strong>qui</strong></span> <span class='ocrx_word' id='word_1_101' title='bbox 1645 1367 1712 1424; x_wconf 88' lang='lat' dir='ltr'><strong>de</strong></span> <span class='ocrx_word' id='word_1_102' title='bbox 1733 1377 1972 1423; x_wconf 91' lang='lat' dir='ltr'><strong>veterum</strong></span> 
     </span>
    </p>
   </div>
   <div class='ocr_carea' id='block_1_15' title="bbox 370 1459 1977 1539">
    <p class='ocr_par' dir='ltr' id='par_1_15' title="bbox 370 1459 1977 1539">
     <span class='ocr_line' id='line_1_15' title="bbox 370 1459 1977 1539; baseline -0.005 -17"><span class='ocrx_word' id='word_1_103' title='bbox 370 1467 711 1539; x_wconf 86' lang='lat' dir='ltr'><strong>jurarnento,</strong></span> <span class='ocrx_word' id='word_1_104' title='bbox 757 1473 812 1520; x_wconf 90' lang='lat' dir='ltr'><strong>et</strong></span> <span class='ocrx_word' id='word_1_105' title='bbox 852 1463 1118 1518; x_wconf 83' lang='lat' dir='ltr'><strong>&#39;l‘alllnum</strong></span> <span class='ocrx_word' id='word_1_106' title='bbox 1149 1461 1242 1533; x_wconf 86' lang='lat' dir='ltr'><strong>qui</strong></span> <span class='ocrx_word' id='word_1_107' title='bbox 1282 1461 1350 1516; x_wconf 89' lang='lat' dir='ltr'><strong>de</strong></span> <span class='ocrx_word' id='word_1_108' title='bbox 1385 1461 1528 1529; x_wconf 80' lang='lat' dir='ltr'><strong>genii</strong></span> <span class='ocrx_word' id='word_1_109' title='bbox 1569 1459 1746 1520; x_wconf 91' lang='lat' dir='ltr'><strong>cultu.</strong></span> <span class='ocrx_word' id='word_1_110' title='bbox 1779 1474 1842 1514; x_wconf 92' lang='lat' dir='ltr'><strong>ac</strong></span> <span class='ocrx_word' id='word_1_111' title='bbox 1880 1475 1977 1530; x_wconf 89' lang='lat' dir='ltr'><strong>per</strong></span> 
     </span>
    </p>
   </div>
   <div class='ocr_carea' id='block_1_16' title="bbox 381 1553 1977 1634">
    <p class='ocr_par' dir='ltr' id='par_1_16' title="bbox 381 1553 1977 1634">
     <span class='ocr_line' id='line_1_16' title="bbox 381 1553 1977 1634; baseline -0.005 -18"><span class='ocrx_word' id='word_1_112' title='bbox 381 1576 505 1616; x_wconf 87' lang='lat' dir='ltr'><strong>eum</strong></span> <span class='ocrx_word' id='word_1_113' title='bbox 533 1557 748 1632; x_wconf 88' lang='lat' dir='ltr'><strong>jurandi</strong></span> <span class='ocrx_word' id='word_1_114' title='bbox 778 1572 928 1612; x_wconf 90' lang='lat' dir='ltr'><strong>more</strong></span> <span class='ocrx_word' id='word_1_115' title='bbox 955 1557 1291 1626; x_wconf 89' lang='lat' dir='ltr'><strong>scripserunt</strong></span> <span class='ocrx_word' id='word_1_116' title='bbox 1319 1555 1606 1634; x_wconf 77' lang='lat' dir='ltr'><strong>(B_risson.,</strong></span> <span class='ocrx_word' id='word_1_117' title='bbox 1641 1554 1734 1609; x_wconf 90' lang='lat' dir='ltr'><strong>lib.</strong></span> <span class='ocrx_word' id='word_1_118' title='bbox 1765 1570 1880 1617; x_wconf 89' lang='lat' dir='ltr'><strong>vtn.</strong></span> <span class='ocrx_word' id='word_1_119' title='bbox 1913 1553 1977 1608; x_wconf 85' lang='lat' dir='ltr'><strong>de</strong></span> 
     </span>
    </p>
   </div>
   <div class='ocr_carea' id='block_1_17' title="bbox 372 1643 1972 1724">
    <p class='ocr_par' dir='ltr' id='par_1_17' title="bbox 372 1643 1972 1724">
     <span class='ocr_line' id='line_1_17' title="bbox 372 1643 1972 1724; baseline -0.001 -16"><span class='ocrx_word' id='word_1_120' title='bbox 372 1652 774 1724; x_wconf 84' lang='lat' dir='ltr'><strong>Formut..pag.</strong></span> <span class='ocrx_word' id='word_1_121' title='bbox 799 1643 923 1716; x_wconf 70' lang='lat'><strong>909;</strong></span> <span class='ocrx_word' id='word_1_122' title='bbox 958 1650 1218 1716; x_wconf 76' lang='lat' dir='ltr'><strong>Hanscn.,</strong></span> <span class='ocrx_word' id='word_1_123' title='bbox 1249 1647 1312 1704; x_wconf 85' lang='lat' dir='ltr'><strong>de</strong></span> <span class='ocrx_word' id='word_1_124' title='bbox 1337 1649 1626 1703; x_wconf 67' lang='lat' dir='ltr'><strong>Jul-ament.</strong></span> <span class='ocrx_word' id='word_1_125' title='bbox 1657 1659 1833 1717; x_wconf 59' lang='lat' dir='ltr'><strong>vetera,</strong></span> <span class='ocrx_word' id='word_1_126' title='bbox 1855 1664 1972 1721; x_wconf 90' lang='lat' dir='ltr'><strong>cap.</strong></span> 
     </span>
    </p>
   </div>
   <div class='ocr_carea' id='block_1_18' title="bbox 373 1741 1687 1817">
    <p class='ocr_par' dir='ltr' id='par_1_18' title="bbox 373 1741 1687 1817">
     <span class='ocr_line' id='line_1_18' title="bbox 373 1741 1687 1817; baseline -0.006 -11"><span class='ocrx_word' id='word_1_127' title='bbox 373 1747 469 1817; x_wconf 66' lang='lat'><strong>16;</strong></span> <span class='ocrx_word' id='word_1_128' title='bbox 499 1745 717 1815; x_wconf 86' lang='lat' dir='ltr'><strong>Tallin.,</strong></span> <span class='ocrx_word' id='word_1_129' title='bbox 751 1747 814 1802; x_wconf 82' lang='lat' dir='ltr'><strong>de</strong></span> <span class='ocrx_word' id='word_1_130' title='bbox 839 1743 988 1800; x_wconf 81' lang='lat' dir='ltr'><strong>Auno</strong></span> <span class='ocrx_word' id='word_1_131' title='bbox 1017 1743 1220 1807; x_wconf 62' lang='grc' dir='ltr'><strong>δαῖσαι,</strong></span> <span class='ocrx_word' id='word_1_132' title='bbox 1251 1752 1380 1810; x_wconf 86' lang='lat' dir='ltr'><strong>etc.,</strong></span> <span class='ocrx_word' id='word_1_133' title='bbox 1411 1757 1530 1814; x_wconf 86' lang='lat' dir='ltr'><strong>cap.</strong></span> <span class='ocrx_word' id='word_1_134' title='bbox 1565 1741 1687 1816; x_wconf 78' lang='grc'><strong>15).</strong></span> 
     </span>
    </p>
   </div>
   <div class='ocr_carea' id='block_1_19' title="bbox 977 1875 1380 1916">
    <p class='ocr_par' dir='ltr' id='par_1_19' title="bbox 977 1875 1380 1916">
     <span class='ocr_line' id='line_1_19' title="bbox 977 1875 1380 1916; baseline -0.01 0"><span class='ocrx_word' id='word_1_135' title='bbox 977 1875 1269 1916; x_wconf 70' lang='grc' dir='ltr'>Αιιτιευιυε</span> <span class='ocrx_word' id='word_1_136' title='bbox 1309 1875 1380 1916; x_wconf 73' lang='lat' dir='ltr'><strong>IV.</strong></span> 
     </span>
    </p>
   </div>
   <div class='ocr_carea' id='block_1_20' title="bbox 453 1992 1908 2067">
    <p class='ocr_par' dir='ltr' id='par_1_20' title="bbox 453 1992 1908 2067">
     <span class='ocr_line' id='line_1_20' title="bbox 453 1992 1908 2067; baseline -0.002 -14"><span class='ocrx_word' id='word_1_137' title='bbox 453 1997 568 2067; x_wconf 84' lang='lat' dir='ltr'><strong>Qua</strong></span> <span class='ocrx_word' id='word_1_138' title='bbox 599 1996 798 2053; x_wconf 80' lang='lat' dir='ltr'><strong>ratione</strong></span> <span class='ocrx_word' id='word_1_139' title='bbox 824 1995 1090 2052; x_wconf 74' lang='lat' dir='ltr'><strong>Minucius</strong></span> <span class='ocrx_word' id='word_1_140' title='bbox 1125 1996 1319 2051; x_wconf 76' lang='lat' dir='ltr'><strong>dixerit</strong></span> <span class='ocrx_word' id='word_1_141' title='bbox 1345 2011 1523 2050; x_wconf 80' lang='lat' dir='ltr'><strong>cruces</strong></span> <span class='ocrx_word' id='word_1_142' title='bbox 1545 2010 1576 2050; x_wconf 91' lang='lat' dir='ltr'><strong>a</strong></span> <span class='ocrx_word' id='word_1_143' title='bbox 1601 1992 1908 2050; x_wconf 74' lang='lat' dir='ltr'><strong>Christiania</strong></span> 
     </span>
    </p>
   </div>
   <div class='ocr_carea' id='block_1_21' title="bbox 895 2089 1488 2161">
    <p class='ocr_par' dir='ltr' id='par_1_21' title="bbox 895 2089 1488 2161">
     <span class='ocr_line' id='line_1_21' title="bbox 895 2089 1488 2161; baseline -0.003 -15"><span class='ocrx_word' id='word_1_144' title='bbox 895 2107 991 2146; x_wconf 84' lang='lat' dir='ltr'><strong>nec</strong></span> <span class='ocrx_word' id='word_1_145' title='bbox 1021 2089 1141 2157; x_wconf 79' lang='lat' dir='ltr'><strong>coli,</strong></span> <span class='ocrx_word' id='word_1_146' title='bbox 1174 2107 1266 2144; x_wconf 83' lang='lat' dir='ltr'><strong>nec</strong></span> <span class='ocrx_word' id='word_1_147' title='bbox 1299 2090 1488 2161; x_wconf 77' lang='lat' dir='ltr'><strong>optari.</strong></span> 
     </span>
    </p>
   </div>
   <div class='ocr_carea' id='block_1_22' title="bbox 453 2197 1981 2260">
    <p class='ocr_par' dir='ltr' id='par_1_22' title="bbox 453 2197 1981 2260">
     <span class='ocr_line' id='line_1_22' title="bbox 453 2197 1981 2260; baseline -0.002 1"><span class='ocrx_word' id='word_1_148' title='bbox 453 2203 708 2260; x_wconf 82' lang='lat' dir='ltr'><strong>Octavius</strong></span> <span class='ocrx_word' id='word_1_149' title='bbox 739 2201 806 2259; x_wconf 91' lang='lat' dir='ltr'><strong>ad</strong></span> <span class='ocrx_word' id='word_1_150' title='bbox 837 2204 1127 2260; x_wconf 88' lang='lat' dir='ltr'><strong>secundam</strong></span> <span class='ocrx_word' id='word_1_151' title='bbox 1158 2197 1360 2260; x_wconf 72' lang='lat' dir='ltr'><strong>Creeilii</strong></span> <span class='ocrx_word' id='word_1_152' title='bbox 1395 2203 1461 2258; x_wconf 91' lang='lat' dir='ltr'><strong>de</strong></span> <span class='ocrx_word' id='word_1_153' title='bbox 1488 2203 1662 2258; x_wconf 88' lang='lat' dir='ltr'><strong>crucis</strong></span> <span class='ocrx_word' id='word_1_154' title='bbox 1699 2203 1846 2258; x_wconf 90' lang='lat' dir='ltr'><strong>cultu</strong></span> <span class='ocrx_word' id='word_1_155' title='bbox 1885 2203 1981 2258; x_wconf 93' lang='lat' dir='ltr'><strong>ob-</strong></span> 
     </span>
    </p>
   </div>
   <div class='ocr_carea' id='block_1_23' title="bbox 376 2295 1972 2371">
    <p class='ocr_par' dir='ltr' id='par_1_23' title="bbox 376 2295 1972 2371">
     <span class='ocr_line' id='line_1_23' title="bbox 376 2295 1972 2371; baseline -0.001 -20"><span class='ocrx_word' id='word_1_156' title='bbox 376 2299 741 2371; x_wconf 63' lang='lat' dir='ltr'><strong>iurgationem</strong></span> <span class='ocrx_word' id='word_1_157' title='bbox 771 2295 980 2352; x_wconf 89' lang='lat' dir='ltr'><strong>duobus</strong></span> <span class='ocrx_word' id='word_1_158' title='bbox 1010 2311 1222 2367; x_wconf 86' lang='lat' dir='ltr'><strong>quoque</strong></span> <span class='ocrx_word' id='word_1_159' title='bbox 1267 2295 1442 2351; x_wconf 90' lang='lat' dir='ltr'><strong>modis</strong></span> <span class='ocrx_word' id='word_1_160' title='bbox 1472 2295 1760 2366; x_wconf 87' lang='lat' dir='ltr'><strong>respondet</strong></span> <span class='ocrx_word' id='word_1_161' title='bbox 1814 2295 1972 2350; x_wconf 88' lang='lat' dir='ltr'><strong>Prius</strong></span> 
     </span>
    </p>
   </div>
   <div class='ocr_carea' id='block_1_24' title="bbox 388 2385 1982 2464">
    <p class='ocr_par' dir='ltr' id='par_1_24' title="bbox 388 2385 1982 2464">
     <span class='ocr_line' id='line_1_24' title="bbox 388 2385 1982 2464; baseline -0.003 -16"><span class='ocrx_word' id='word_1_162' title='bbox 388 2405 572 2448; x_wconf 84' lang='lat' dir='ltr'><strong>autem</strong></span> <span class='ocrx_word' id='word_1_163' title='bbox 601 2393 744 2447; x_wconf 90' lang='lat' dir='ltr'><strong>illius</strong></span> <span class='ocrx_word' id='word_1_164' title='bbox 769 2407 1087 2463; x_wconf 88' lang='lat' dir='ltr'><strong>responsum</strong></span> <span class='ocrx_word' id='word_1_165' title='bbox 1118 2389 1202 2446; x_wconf 91' lang='lat' dir='ltr'><strong>his</strong></span> <span class='ocrx_word' id='word_1_166' title='bbox 1232 2405 1334 2446; x_wconf 90' lang='lat' dir='ltr'><strong>nec</strong></span> <span class='ocrx_word' id='word_1_167' title='bbox 1367 2390 1608 2460; x_wconf 85' lang='lat' dir='ltr'><strong>pluribus</strong></span> <span class='ocrx_word' id='word_1_168' title='bbox 1631 2389 1808 2464; x_wconf 77' lang='lat' dir='ltr'><strong>verbis</strong></span> <span class='ocrx_word' id='word_1_169' title='bbox 1835 2385 1982 2444; x_wconf 78' lang='lat' dir='ltr'><strong>eom-</strong></span> 
     </span>
    </p>
   </div>
   <div class='ocr_carea' id='block_1_25' title="bbox 387 2477 1976 2562">
    <p class='ocr_par' dir='ltr' id='par_1_25' title="bbox 387 2477 1976 2562">
     <span class='ocr_line' id='line_1_25' title="bbox 387 2477 1976 2562; baseline -0.003 -24"><span class='ocrx_word' id='word_1_170' title='bbox 387 2484 742 2556; x_wconf 84' lang='lat' dir='ltr'><strong>prehenditur</strong></span> <span class='ocrx_word' id='word_1_171' title='bbox 777 2503 790 2540; x_wconf 92' lang='lat'><strong>:</strong></span> <span class='ocrx_word' id='word_1_172' title='bbox 829 2501 846 2536; x_wconf 76' lang='grc' dir='ltr'><strong>ι</strong></span> <span class='ocrx_word' id='word_1_173' title='bbox 884 2484 1084 2540; x_wconf 89' lang='lat' dir='ltr'><strong>Cruces</strong></span> <span class='ocrx_word' id='word_1_174' title='bbox 1114 2498 1218 2562; x_wconf 30' lang='lat' dir='ltr'><strong>nec.</strong></span> <span class='ocrx_word' id='word_1_175' title='bbox 1240 2480 1488 2548; x_wconf 88' lang='lat' dir='ltr'><strong>colimus,</strong></span> <span class='ocrx_word' id='word_1_176' title='bbox 1524 2498 1621 2537; x_wconf 87' lang='lat' dir='ltr'><strong>nec</strong></span> <span class='ocrx_word' id='word_1_177' title='bbox 1652 2477 1916 2562; x_wconf 78' lang='lat' dir='ltr'><strong>optamus.</strong></span> <span class='ocrx_word' id='word_1_178' title='bbox 1956 2501 1976 2534; x_wconf 73' lang='grc' dir='ltr'><strong>ι</strong></span> 
     </span>
    </p>
   </div>
   <div class='ocr_carea' id='block_1_26' title="bbox 387 2557 1980 2656">
    <p class='ocr_par' dir='ltr' id='par_1_26' title="bbox 387 2557 1980 2656">
     <span class='ocr_line' id='line_1_26' title="bbox 387 2557 1980 2656; baseline -0.003 -21"><span class='ocrx_word' id='word_1_179' title='bbox 387 2579 494 2636; x_wconf 87' lang='lat' dir='ltr'><strong>Sed</strong></span> <span class='ocrx_word' id='word_1_180' title='bbox 529 2579 578 2634; x_wconf 92' lang='lat' dir='ltr'><strong>id</strong></span> <span class='ocrx_word' id='word_1_181' title='bbox 617 2594 726 2650; x_wconf 88' lang='lat' dir='ltr'><strong>quo</strong></span> <span class='ocrx_word' id='word_1_182' title='bbox 757 2577 1008 2656; x_wconf 83' lang='lat' dir='ltr'><strong>brevius,</strong></span> <span class='ocrx_word' id='word_1_183' title='bbox 1059 2574 1125 2632; x_wconf 79' lang='lat' dir='ltr'><strong>co</strong></span> <span class='ocrx_word' id='word_1_184' title='bbox 1169 2557 1448 2632; x_wconf 84' lang='lat' dir='ltr'><strong>obscuritis</strong></span> <span class='ocrx_word' id='word_1_185' title='bbox 1477 2575 1662 2630; x_wconf 90' lang='lat' dir='ltr'><strong>multis</strong></span> <span class='ocrx_word' id='word_1_186' title='bbox 1691 2557 1980 2631; x_wconf 81' lang='lat' dir='ltr'><strong>videbitur.</strong></span> 
     </span>
    </p>
   </div>
   <div class='ocr_carea' id='block_1_27' title="bbox 389 2665 1986 2741">
    <p class='ocr_par' dir='ltr' id='par_1_27' title="bbox 389 2665 1986 2741">
     <span class='ocr_line' id='line_1_27' title="bbox 389 2665 1986 2741; baseline -0.004 -12"><span class='ocrx_word' id='word_1_187' title='bbox 389 2672 540 2729; x_wconf 82' lang='lat' dir='ltr'><strong>Itane</strong></span> <span class='ocrx_word' id='word_1_188' title='bbox 588 2686 716 2726; x_wconf 89' lang='lat' dir='ltr'><strong>vero</strong></span> <span class='ocrx_word' id='word_1_189' title='bbox 761 2669 1088 2732; x_wconf 74' lang='lat' dir='ltr'><strong>Christiani,</strong></span> <span class='ocrx_word' id='word_1_190' title='bbox 1132 2669 1374 2740; x_wconf 82' lang='lat' dir='ltr'><strong>inquies,</strong></span> <span class='ocrx_word' id='word_1_191' title='bbox 1419 2684 1520 2724; x_wconf 91' lang='lat' dir='ltr'><strong>nec</strong></span> <span class='ocrx_word' id='word_1_192' title='bbox 1563 2667 1730 2741; x_wconf 85' lang='lat' dir='ltr'><strong>ipsam</strong></span> <span class='ocrx_word' id='word_1_193' title='bbox 1769 2665 1986 2739; x_wconf 86' lang='lat' dir='ltr'><strong>quidem&#39;</strong></span> 
     </span>
    </p>
   </div>
   <div class='ocr_carea' id='block_1_28' title="bbox 385 2763 1986 2840">
    <p class='ocr_par' dir='ltr' id='par_1_28' title="bbox 385 2763 1986 2840">
     <span class='ocr_line' id='line_1_28' title="bbox 385 2763 1986 2840; baseline -0.003 -18"><span class='ocrx_word' id='word_1_194' title='bbox 385 2764 586 2822; x_wconf 87' lang='lat' dir='ltr'><strong>Christi</strong></span> <span class='ocrx_word' id='word_1_195' title='bbox 627 2779 885 2827; x_wconf 89' lang='lat' dir='ltr'><strong>crucem,</strong></span> <span class='ocrx_word' id='word_1_196' title='bbox 929 2763 1234 2840; x_wconf 78' lang='lat' dir='ltr'><strong>necullam</strong></span> <span class='ocrx_word' id='word_1_197' title='bbox 1274 2778 1498 2834; x_wconf 81' lang='lat' dir='ltr'><strong>prorsus</strong></span> <span class='ocrx_word' id='word_1_198' title='bbox 1535 2767 1654 2831; x_wconf 84' lang='lat' dir='ltr'><strong>ejus</strong></span> <span class='ocrx_word' id='word_1_199' title='bbox 1697 2763 1986 2832; x_wconf 78' lang='lat' dir='ltr'><strong>imaginem</strong></span> 
     </span>
    </p>
   </div>
   <div class='ocr_carea' id='block_1_29' title="bbox 389 2853 1987 2928">
    <p class='ocr_par' dir='ltr' id='par_1_29' title="bbox 389 2853 1987 2928">
     <span class='ocr_line' id='line_1_29' title="bbox 389 2853 1987 2928; baseline -0.004 -14"><span class='ocrx_word' id='word_1_200' title='bbox 389 2857 688 2914; x_wconf 86' lang='lat' dir='ltr'><strong>colebant?</strong></span> <span class='ocrx_word' id='word_1_201' title='bbox 717 2857 908 2912; x_wconf 83' lang='lat' dir='ltr'><strong>Nonne</strong></span> <span class='ocrx_word' id='word_1_202' title='bbox 945 2871 1075 2912; x_wconf 79' lang='lat' dir='ltr'><strong>crux</strong></span> <span class='ocrx_word' id='word_1_203' title='bbox 1119 2857 1317 2912; x_wconf 88' lang='lat' dir='ltr'><strong>Christi</strong></span> <span class='ocrx_word' id='word_1_204' title='bbox 1363 2871 1391 2910; x_wconf 88' lang='lat' dir='ltr'><strong>a</strong></span> <span class='ocrx_word' id='word_1_205' title='bbox 1431 2854 1632 2927; x_wconf 82' lang='lat' dir='ltr'><strong>Cyrillo</strong></span> <span class='ocrx_word' id='word_1_206' title='bbox 1674 2853 1987 2928; x_wconf 63' lang='lat' dir='ltr'><strong>Hierosoly-</strong></span> 
     </span>
    </p>
   </div>
   <div class='ocr_carea' id='block_1_30' title="bbox 385 2949 1985 3021">
    <p class='ocr_par' dir='ltr' id='par_1_30' title="bbox 385 2949 1985 3021">
     <span class='ocr_line' id='line_1_30' title="bbox 385 2949 1985 3021; baseline -0.003 -13"><span class='ocrx_word' id='word_1_207' title='bbox 385 2952 592 3008; x_wconf 77' lang='lat' dir='ltr'><strong>miltttto</strong></span> <span class='ocrx_word' id='word_1_208' title='bbox 622 2960 864 3014; x_wconf 84' lang='lat' dir='ltr'><strong>vocatur,</strong></span> <span class='ocrx_word' id='word_1_209' title='bbox 901 2969 920 3002; x_wconf 71' lang='grc' dir='ltr'><strong>ι</strong></span> <span class='ocrx_word' id='word_1_210' title='bbox 960 2960 1012 3006; x_wconf 74' lang='grc' dir='ltr'><strong>τὸ</strong></span> <span class='ocrx_word' id='word_1_211' title='bbox 1053 2973 1283 3021; x_wconf 71' lang='grc' dir='ltr'><strong>σωττριιν</strong></span> <span class='ocrx_word' id='word_1_212' title='bbox 1309 2956 1394 3004; x_wconf 76' lang='grc' dir='ltr'><strong>τοῦ</strong></span> <span class='ocrx_word' id='word_1_213' title='bbox 1423 2955 1626 3020; x_wconf 67' lang='grc' dir='ltr'><strong>σταυροῦ</strong></span> <span class='ocrx_word' id='word_1_214' title='bbox 1653 2953 1805 3014; x_wconf 57' lang='lat' dir='ltr'><strong>Eb)“.</strong></span> <span class='ocrx_word' id='word_1_215' title='bbox 1838 2949 1985 3004; x_wconf 83' lang='lat' dir='ltr'><strong>salu-</strong></span> 
     </span>
    </p>
   </div>
   <div class='ocr_carea' id='block_1_31' title="bbox 388 3023 1988 3113">
    <p class='ocr_par' dir='ltr' id='par_1_31' title="bbox 388 3023 1988 3113">
     <span class='ocr_line' id='line_1_31' title="bbox 388 3023 1988 3113; baseline -0.002 -17"><span class='ocrx_word' id='word_1_216' title='bbox 388 3051 509 3098; x_wconf 90' lang='lat' dir='ltr'><strong>tare</strong></span> <span class='ocrx_word' id='word_1_217' title='bbox 535 3043 712 3098; x_wconf 74' lang='lat' dir='ltr'><strong>Ct&#39;UCiS</strong></span> <span class='ocrx_word' id='word_1_218' title='bbox 741 3043 938 3113; x_wconf 86' lang='lat' dir='ltr'><strong>lignum</strong></span> <span class='ocrx_word' id='word_1_219' title='bbox 963 3059 976 3108; x_wconf 86' lang='grc'>;</span> <span class='ocrx_word' id='word_1_220' title='bbox 1006 3051 1060 3096; x_wconf 87' lang='lat' dir='ltr'><strong>et</strong></span> <span class='ocrx_word' id='word_1_221' title='bbox 1087 3028 1317 3096; x_wconf 75' lang='lat' dir='ltr'><strong>Eusebio</strong></span> <span class='ocrx_word' id='word_1_222' title='bbox 1338 3085 1351 3106; x_wconf 92' lang='lat'><strong>,</strong></span> <span class='ocrx_word' id='word_1_223' title='bbox 1383 3059 1611 3112; x_wconf 69' lang='grc' dir='ltr'><strong>σωττξριιν</strong></span> <span class='ocrx_word' id='word_1_224' title='bbox 1637 3044 1833 3110; x_wconf 75' lang='grc' dir='ltr'><strong>σημεῖον</strong></span> <span class='ocrx_word' id='word_1_225' title='bbox 1853 3081 1866 3104; x_wconf 89' lang='grc'>,</span> <span class='ocrx_word' id='word_1_226' title='bbox 1902 3023 1988 3094; x_wconf 71' lang='grc' dir='ltr'><strong>ἐει-</strong></span> 
     </span>
    </p>
   </div>
   <div class='ocr_carea' id='block_1_32' title="bbox 387 3133 1988 3207">
    <p class='ocr_par' dir='ltr' id='par_1_32' title="bbox 387 3133 1988 3207">
     <span class='ocr_line' id='line_1_32' title="bbox 387 3133 1988 3207; baseline -0.002 -18"><span class='ocrx_word' id='word_1_227' title='bbox 387 3135 564 3190; x_wconf 87' lang='lat' dir='ltr'><strong>lutare</strong></span> <span class='ocrx_word' id='word_1_228' title='bbox 585 3137 819 3206; x_wconf 85' lang='lat' dir='ltr'><strong>signum,</strong></span> <span class='ocrx_word' id='word_1_229' title='bbox 849 3159 1079 3207; x_wconf 55' lang='grc' dir='ltr'><strong>σωτηρίαν</strong></span> <span class='ocrx_word' id='word_1_230' title='bbox 1106 3139 1187 3190; x_wconf 62' lang='grc' dir='ltr'><strong>καὶ</strong></span> <span class='ocrx_word' id='word_1_231' title='bbox 1216 3138 1466 3202; x_wconf 56' lang='lat' dir='ltr'><strong>genaenerae,</strong></span> <span class='ocrx_word' id='word_1_232' title='bbox 1499 3135 1734 3189; x_wconf 85' lang='lat' dir='ltr'><strong>salutare</strong></span> <span class='ocrx_word' id='word_1_233' title='bbox 1765 3147 1826 3188; x_wconf 88' lang='lat' dir='ltr'><strong>ac</strong></span> <span class='ocrx_word' id='word_1_234' title='bbox 1855 3133 1988 3186; x_wconf 86' lang='lat' dir='ltr'><strong>vivi-</strong></span> 
     </span>
    </p>
   </div>
   <div class='ocr_carea' id='block_1_33' title="bbox 391 3226 1990 3300">
    <p class='ocr_par' dir='ltr' id='par_1_33' title="bbox 391 3226 1990 3300">
     <span class='ocr_line' id='line_1_33' title="bbox 391 3226 1990 3300; baseline 0 -20"><span class='ocrx_word' id='word_1_235' title='bbox 391 3228 552 3282; x_wconf 85' lang='lat' dir='ltr'><strong>ticum</strong></span> <span class='ocrx_word' id='word_1_236' title='bbox 579 3269 592 3292; x_wconf 95' lang='lat'><strong>,</strong></span> <span class='ocrx_word' id='word_1_237' title='bbox 631 3237 792 3298; x_wconf 88' lang='lat' dir='ltr'><strong>atque</strong></span> <span class='ocrx_word' id='word_1_238' title='bbox 828 3229 988 3282; x_wconf 88' lang='lat' dir='ltr'><strong>etiam</strong></span> <span class='ocrx_word' id='word_1_239' title='bbox 1013 3271 1027 3294; x_wconf 95' lang='lat'><strong>,</strong></span> <span class='ocrx_word' id='word_1_240' title='bbox 1070 3253 1300 3300; x_wconf 74' lang='grc' dir='ltr'><strong>σωτγριον</strong></span> <span class='ocrx_word' id='word_1_241' title='bbox 1328 3231 1556 3300; x_wconf 66' lang='grc' dir='ltr'><strong>τροπαῖον</strong></span> <span class='ocrx_word' id='word_1_242' title='bbox 1577 3269 1590 3291; x_wconf 89' lang='grc'><em>,</em></span> <span class='ocrx_word' id='word_1_243' title='bbox 1621 3226 1851 3280; x_wconf 89' lang='lat' dir='ltr'><strong>salutare</strong></span> <span class='ocrx_word' id='word_1_244' title='bbox 1881 3233 1990 3280; x_wconf 89' lang='lat' dir='ltr'><strong>tro-</strong></span> 
     </span>
    </p>
   </div>
   <div class='ocr_carea' id='block_1_34' title="bbox 390 3305 1990 3392">
    <p class='ocr_par' dir='ltr' id='par_1_34' title="bbox 390 3305 1990 3392">
     <span class='ocr_line' id='line_1_34' title="bbox 390 3305 1990 3392; baseline 0.001 -20"><span class='ocrx_word' id='word_1_245' title='bbox 390 3321 606 3392; x_wconf 85' lang='lat' dir='ltr'><strong>pba-um</strong></span> <span class='ocrx_word' id='word_1_246' title='bbox 628 3363 642 3388; x_wconf 94' lang='lat'><strong>,</strong></span> <span class='ocrx_word' id='word_1_247' title='bbox 679 3339 715 3375; x_wconf 78' lang='grc' dir='ltr'>-ι</span> <span class='ocrx_word' id='word_1_248' title='bbox 758 3309 1017 3376; x_wconf 72' lang='lat' dir='ltr'><strong>Ronmna:</strong></span> <span class='ocrx_word' id='word_1_249' title='bbox 1047 3323 1228 3386; x_wconf 86' lang='lat' dir='ltr'><strong>urbis,</strong></span> <span class='ocrx_word' id='word_1_250' title='bbox 1279 3323 1486 3392; x_wconf 79' lang='lat' dir='ltr'><strong>imperii</strong></span> <span class='ocrx_word' id='word_1_251' title='bbox 1508 3364 1523 3387; x_wconf 96' lang='lat'><strong>,</strong></span> <span class='ocrx_word' id='word_1_252' title='bbox 1557 3336 1620 3376; x_wconf 89' lang='lat' dir='ltr'><strong>ac</strong></span> <span class='ocrx_word' id='word_1_253' title='bbox 1651 3305 1812 3376; x_wconf 83' lang='lat' dir='ltr'><strong>totius</strong></span> <span class='ocrx_word' id='word_1_254' title='bbox 1841 3315 1990 3374; x_wconf 79' lang='lat' dir='ltr'><strong>orbis</strong></span> 
     </span>
    </p>
   </div>
   <div class='ocr_carea' id='block_1_35' title="bbox 397 3413 1992 3484">
    <p class='ocr_par' dir='ltr' id='par_1_35' title="bbox 397 3413 1992 3484">
     <span class='ocr_line' id='line_1_35' title="bbox 397 3413 1992 3484; baseline 0.001 -18"><span class='ocrx_word' id='word_1_255' title='bbox 397 3414 708 3482; x_wconf 71' lang='lat' dir='ltr'><strong>prmsidiuru</strong></span> <span class='ocrx_word' id='word_1_256' title='bbox 732 3455 746 3478; x_wconf 91' lang='lat'><strong>,</strong></span> <span class='ocrx_word' id='word_1_257' title='bbox 780 3415 932 3484; x_wconf 80' lang='lat' dir='ltr'><strong>cujus</strong></span> <span class='ocrx_word' id='word_1_258' title='bbox 961 3413 1197 3469; x_wconf 88' lang='lat' dir='ltr'><strong>divinam</strong></span> <span class='ocrx_word' id='word_1_259' title='bbox 1231 3415 1521 3484; x_wconf 84' lang='lat' dir='ltr'><strong>potentiam</strong></span> <span class='ocrx_word' id='word_1_260' title='bbox 1553 3413 1788 3469; x_wconf 76' lang='lat' dir='ltr'><strong>LiCit:i-IS</strong></span> <span class='ocrx_word' id='word_1_261' title='bbox 1819 3414 1992 3483; x_wconf 54' lang='lat' dir='ltr'><strong>lmpc‘</strong></span> 
     </span>
    </p>
   </div>
   <div class='ocr_carea' id='block_1_36' title="bbox 391 3507 1991 3583">
    <p class='ocr_par' dir='ltr' id='par_1_36' title="bbox 391 3507 1991 3583">
     <span class='ocr_line' id='line_1_36' title="bbox 391 3507 1991 3583; baseline -0.001 -22"><span class='ocrx_word' id='word_1_262' title='bbox 391 3517 543 3562; x_wconf 81' lang='lat' dir='ltr'><strong>rator</strong></span> <span class='ocrx_word' id='word_1_263' title='bbox 571 3509 817 3563; x_wconf 87' lang='lat' dir='ltr'><strong>ethnicus</strong></span> <span class='ocrx_word' id='word_1_264' title='bbox 848 3510 1106 3578; x_wconf 85' lang='lat' dir='ltr'><strong>agnovit?</strong></span> <span class='ocrx_word' id='word_1_265' title='bbox 1136 3510 1358 3583; x_wconf 80' lang='lat' dir='ltr'><strong>(Cyrill.</strong></span> <span class='ocrx_word' id='word_1_266' title='bbox 1391 3509 1680 3570; x_wconf 83' lang='lat' dir='ltr'><strong>llierosol.,</strong></span> <span class='ocrx_word' id='word_1_267' title='bbox 1713 3507 1887 3578; x_wconf 73' lang='lat' dir='ltr'><strong>Epist.</strong></span> <span class='ocrx_word' id='word_1_268' title='bbox 1922 3507 1991 3560; x_wconf 84' lang='lat' dir='ltr'><strong>ad</strong></span> 
     </span>
    </p>
   </div>
   <div class='ocr_carea' id='block_1_37' title="bbox 393 3599 1991 3673">
    <p class='ocr_par' dir='ltr' id='par_1_37' title="bbox 393 3599 1991 3673">
     <span class='ocr_line' id='line_1_37' title="bbox 393 3599 1991 3673; baseline -0.001 -19"><span class='ocrx_word' id='word_1_269' title='bbox 393 3601 641 3658; x_wconf 80' lang='lat' dir='ltr'><strong>Conslan.</strong></span> <span class='ocrx_word' id='word_1_270' title='bbox 690 3601 968 3672; x_wconf 81' lang='lat' dir='ltr'><strong>lmperat.,</strong></span> <span class='ocrx_word' id='word_1_271' title='bbox 1019 3617 1138 3673; x_wconf 86' lang='lat' dir='ltr'><strong>pag.</strong></span> <span class='ocrx_word' id='word_1_272' title='bbox 1183 3599 1355 3671; x_wconf 68' lang='grc' dir='ltr'><strong>ΞΗ.)</strong></span> <span class='ocrx_word' id='word_1_273' title='bbox 1397 3601 1526 3669; x_wconf 82' lang='lat' dir='ltr'><strong>Quis</strong></span> <span class='ocrx_word' id='word_1_274' title='bbox 1562 3612 1739 3656; x_wconf 85' lang='lat' dir='ltr'><strong>autem</strong></span> <span class='ocrx_word' id='word_1_275' title='bbox 1787 3599 1991 3654; x_wconf 83' lang='lat' dir='ltr'><strong>du‘bitat</strong></span> 
     </span>
    </p>
   </div>
   <div class='ocr_carea' id='block_1_38' title="bbox 391 3678 1990 3767">
    <p class='ocr_par' dir='ltr' id='par_1_38' title="bbox 391 3678 1990 3767">
     <span class='ocr_line' id='line_1_38' title="bbox 391 3678 1990 3767; baseline -0.003 -17"><span class='ocrx_word' id='word_1_276' title='bbox 391 3696 502 3750; x_wconf 89' lang='lat' dir='ltr'><strong>tale</strong></span> <span class='ocrx_word' id='word_1_277' title='bbox 531 3697 706 3751; x_wconf 87' lang='lat' dir='ltr'><strong>crucis</strong></span> <span class='ocrx_word' id='word_1_278' title='bbox 734 3697 944 3767; x_wconf 89' lang='lat' dir='ltr'><strong>signum</strong></span> <span class='ocrx_word' id='word_1_279' title='bbox 980 3712 1008 3749; x_wconf 89' lang='lat' dir='ltr'><strong>a</strong></span> <span class='ocrx_word' id='word_1_280' title='bbox 1041 3695 1351 3750; x_wconf 85' lang='lat' dir='ltr'><strong>christianis</strong></span> <span class='ocrx_word' id='word_1_281' title='bbox 1381 3696 1600 3750; x_wconf 88' lang='lat' dir='ltr'><strong>sincero</strong></span> <span class='ocrx_word' id='word_1_282' title='bbox 1629 3678 1783 3748; x_wconf 81' lang='lat' dir='ltr'><strong>cuitu</strong></span> <span class='ocrx_word' id='word_1_283' title='bbox 1817 3692 1990 3746; x_wconf 82' lang='lat' dir='ltr'><strong>hono-</strong></span> 
     </span>
    </p>
   </div>
   <div class='ocr_carea' id='block_1_39' title="bbox 391 3788 1994 3861">
    <p class='ocr_par' dir='ltr' id='par_1_39' title="bbox 391 3788 1994 3861">
     <span class='ocr_line' id='line_1_39' title="bbox 391 3788 1994 3861; baseline 0 -17"><span class='ocrx_word' id='word_1_284' title='bbox 391 3791 610 3844; x_wconf 86' lang='lat' dir='ltr'><strong>ratum?</strong></span> <span class='ocrx_word' id='word_1_285' title='bbox 653 3791 708 3844; x_wconf 74' lang='lat' dir='ltr'><strong>Si</strong></span> <span class='ocrx_word' id='word_1_286' title='bbox 751 3793 871 3861; x_wconf 83' lang='lat' dir='ltr'><strong>quis</strong></span> <span class='ocrx_word' id='word_1_287' title='bbox 914 3799 1090 3846; x_wconf 89' lang='lat' dir='ltr'><strong>tamen</strong></span> <span class='ocrx_word' id='word_1_288' title='bbox 1134 3790 1469 3858; x_wconf 82' lang='lat' dir='ltr'><strong>reluctelur,</strong></span> <span class='ocrx_word' id='word_1_289' title='bbox 1514 3791 1557 3844; x_wconf 92' lang='lat' dir='ltr'><strong>is</strong></span> <span class='ocrx_word' id='word_1_290' title='bbox 1601 3789 1782 3844; x_wconf 83' lang='lat' dir='ltr'><strong>audiat</strong></span> <span class='ocrx_word' id='word_1_291' title='bbox 1821 3788 1994 3844; x_wconf 86' lang='lat' dir='ltr'><strong>Euse-</strong></span> 
     </span>
    </p>
   </div>
   <div class='ocr_carea' id='block_1_40' title="bbox 392 3881 1996 3954">
    <p class='ocr_par' dir='ltr' id='par_1_40' title="bbox 392 3881 1996 3954">
     <span class='ocr_line' id='line_1_40' title="bbox 392 3881 1996 3954; baseline -0.001 -18"><span class='ocrx_word' id='word_1_292' title='bbox 392 3881 540 3936; x_wconf 85' lang='lat' dir='ltr'><strong>bium</strong></span> <span class='ocrx_word' id='word_1_293' title='bbox 570 3924 582 3947; x_wconf 93' lang='lat'><strong>,</strong></span> <span class='ocrx_word' id='word_1_294' title='bbox 626 3885 715 3953; x_wconf 89' lang='lat' dir='ltr'><strong>qui</strong></span> <span class='ocrx_word' id='word_1_295' title='bbox 746 3882 1159 3938; x_wconf 86' lang='lat' dir='ltr'><strong>Constantinum</strong></span> <span class='ocrx_word' id='word_1_296' title='bbox 1202 3883 1448 3954; x_wconf 80' lang='lat' dir='ltr'><strong>Magnum</strong></span> <span class='ocrx_word' id='word_1_297' title='bbox 1492 3883 1718 3937; x_wconf 83' lang='lat' dir='ltr'><strong>summis</strong></span> <span class='ocrx_word' id='word_1_298' title='bbox 1747 3883 1996 3938; x_wconf 80' lang='lat' dir='ltr'><strong>laudibus</strong></span> 
     </span>
    </p>
   </div>
   <div class='ocr_carea' id='block_1_41' title="bbox 389 3961 1994 4047">
    <p class='ocr_par' dir='ltr' id='par_1_41' title="bbox 389 3961 1994 4047">
     <span class='ocr_line' id='line_1_41' title="bbox 389 3961 1994 4047; baseline 0 -17"><span class='ocrx_word' id='word_1_299' title='bbox 389 3973 517 4031; x_wconf 87' lang='lat' dir='ltr'><strong>ideo</strong></span> <span class='ocrx_word' id='word_1_300' title='bbox 545 3975 790 4037; x_wconf 74' lang='lat' dir='ltr'><strong>extollit.</strong></span> <span class='ocrx_word' id='word_1_301' title='bbox 828 3976 954 4046; x_wconf 87' lang='lat' dir='ltr'><strong>quia</strong></span> <span class='ocrx_word' id='word_1_302' title='bbox 992 3976 1342 4047; x_wconf 85' lang='lat' dir='ltr'><strong>triumphale,</strong></span> <span class='ocrx_word' id='word_1_303' title='bbox 1385 3961 1462 4032; x_wconf 83' lang='lat' dir='ltr'><strong>uti</strong></span> <span class='ocrx_word' id='word_1_304' title='bbox 1494 3976 1587 4041; x_wconf 87' lang='lat' dir='ltr'><strong>ait,</strong></span> <span class='ocrx_word' id='word_1_305' title='bbox 1623 3974 1752 4031; x_wconf 87' lang='lat' dir='ltr'><strong>illud</strong></span> <span class='ocrx_word' id='word_1_306' title='bbox 1783 3978 1994 4046; x_wconf 88' lang='lat' dir='ltr'><strong>signtun</strong></span> 
     </span>
    </p>
   </div>
   <div class='ocr_carea' id='block_1_42' title="bbox 391 4057 1998 4140">
    <p class='ocr_par' dir='ltr' id='par_1_42' title="bbox 391 4057 1998 4140">
     <span class='ocr_line' id='line_1_42' title="bbox 391 4057 1998 4140; baseline 0 -16"><span class='ocrx_word' id='word_1_307' title='bbox 391 4066 561 4124; x_wconf 85' lang='lat' dir='ltr'><strong>coluit</strong></span> <span class='ocrx_word' id='word_1_308' title='bbox 585 4078 642 4126; x_wconf 79' lang='grc' dir='ltr'><strong><em>τὸ</em></strong></span> <span class='ocrx_word' id='word_1_309' title='bbox 667 4080 909 4124; x_wconf 77' lang='grc' dir='ltr'><strong>νικοποιὸν</strong></span> <span class='ocrx_word' id='word_1_310' title='bbox 940 4075 1085 4138; x_wconf 73' lang='grc' dir='ltr'><strong>ὶτιμα</strong></span> <span class='ocrx_word' id='word_1_311' title='bbox 1111 4057 1306 4140; x_wconf 44' lang='lat' dir='ltr'><strong>super...</strong></span> <span class='ocrx_word' id='word_1_312' title='bbox 1331 4110 1347 4135; x_wconf 91' lang='lat'><strong>,</strong></span> <span class='ocrx_word' id='word_1_313' title='bbox 1378 4069 1430 4124; x_wconf 91' lang='lat' dir='ltr'><strong>in</strong></span> <span class='ocrx_word' id='word_1_314' title='bbox 1473 4085 1578 4138; x_wconf 86' lang='lat' dir='ltr'><strong>quo</strong></span> <span class='ocrx_word' id='word_1_315' title='bbox 1606 4068 1712 4123; x_wconf 88' lang='lat' dir='ltr'><strong>vim</strong></span> <span class='ocrx_word' id='word_1_316' title='bbox 1751 4067 1998 4124; x_wconf 79' lang='lat' dir='ltr'><strong>divinita-</strong></span> 
     </span>
    </p>
   </div>
   <div class='ocr_carea' id='block_1_43' title="bbox 392 4163 1996 4222">
    <p class='ocr_par' dir='ltr' id='par_1_43' title="bbox 392 4163 1996 4222">
     <span class='ocr_line' id='line_1_43' title="bbox 392 4163 1996 4222; baseline 0.001 -4"><span class='ocrx_word' id='word_1_317' title='bbox 392 4165 468 4219; x_wconf 88' lang='lat' dir='ltr'><strong>tis</strong></span> <span class='ocrx_word' id='word_1_318' title='bbox 521 4173 578 4220; x_wconf 88' lang='lat' dir='ltr'><strong>et</strong></span> <span class='ocrx_word' id='word_1_319' title='bbox 629 4176 958 4221; x_wconf 88' lang='lat' dir='ltr'><strong>memoratos</strong></span> <span class='ocrx_word' id='word_1_320' title='bbox 1000 4167 1069 4222; x_wconf 91' lang='lat' dir='ltr'><strong>ibi</strong></span> <span class='ocrx_word' id='word_1_321' title='bbox 1118 4167 1186 4220; x_wconf 91' lang='lat' dir='ltr'><strong>ab</strong></span> <span class='ocrx_word' id='word_1_322' title='bbox 1213 4167 1404 4222; x_wconf 87' lang='lat' dir='ltr'><strong>eodem</strong></span> <span class='ocrx_word' id='word_1_323' title='bbox 1447 4163 1684 4220; x_wconf 86' lang='lat' dir='ltr'><strong>Eusebio</strong></span> <span class='ocrx_word' id='word_1_324' title='bbox 1725 4163 1996 4219; x_wconf 88' lang='lat' dir='ltr'><strong>mirabiles</strong></span> 
     </span>
    </p>
   </div>
   <div class='ocr_carea' id='block_1_44' title="bbox 395 4241 2000 4330">
    <p class='ocr_par' dir='ltr' id='par_1_44' title="bbox 395 4241 2000 4330">
     <span class='ocr_line' id='line_1_44' title="bbox 395 4241 2000 4330; baseline -0.001 -18"><span class='ocrx_word' id='word_1_325' title='bbox 395 4255 623 4312; x_wconf 81' lang='lat' dir='ltr'><strong>ell&#39;ectus</strong></span> <span class='ocrx_word' id='word_1_326' title='bbox 649 4299 663 4322; x_wconf 97' lang='lat'><strong>,</strong></span> <span class='ocrx_word' id='word_1_327' title='bbox 711 4247 908 4328; x_wconf 80' lang='lat' dir='ltr'><strong>saepius</strong></span> <span class='ocrx_word' id='word_1_328' title='bbox 953 4265 1206 4328; x_wconf 83' lang='lat' dir='ltr'><strong>expertus</strong></span> <span class='ocrx_word' id='word_1_329' title='bbox 1249 4260 1420 4312; x_wconf 80' lang='lat' dir='ltr'><strong>fuerat</strong></span> <span class='ocrx_word' id='word_1_330' title='bbox 1447 4241 1696 4330; x_wconf 58' lang='lat' dir='ltr'><strong>(Euseb,</strong></span> <span class='ocrx_word' id='word_1_331' title='bbox 1729 4256 1820 4312; x_wconf 91' lang='lat' dir='ltr'><strong>lib.</strong></span> <span class='ocrx_word' id='word_1_332' title='bbox 1860 4271 1898 4328; x_wconf 46' lang='grc' dir='ltr'><strong>ιο,</strong></span> <span class='ocrx_word' id='word_1_333' title='bbox 1936 4255 2000 4310; x_wconf 86' lang='lat' dir='ltr'><strong>de</strong></span> 
     </span>
    </p>
   </div>
   <div class='ocr_carea' id='block_1_45' title="bbox 403 4345 1995 4421">
    <p class='ocr_par' dir='ltr' id='par_1_45' title="bbox 403 4345 1995 4421">
     <span class='ocr_line' id='line_1_45' title="bbox 403 4345 1995 4421; baseline -0.001 -17"><span class='ocrx_word' id='word_1_334' title='bbox 403 4347 524 4404; x_wconf 78' lang='lat' dir='ltr'><strong>Vita</strong></span> <span class='ocrx_word' id='word_1_335' title='bbox 549 4345 839 4415; x_wconf 57' lang='lat' dir='ltr'><strong>Constant,</strong></span> <span class='ocrx_word' id='word_1_336' title='bbox 869 4365 989 4418; x_wconf 85' lang='lat' dir='ltr'><strong>cap.</strong></span> <span class='ocrx_word' id='word_1_337' title='bbox 1018 4351 1111 4416; x_wconf 75' lang='lat'><strong>3|,</strong></span> <span class='ocrx_word' id='word_1_338' title='bbox 1143 4361 1264 4421; x_wconf 80' lang='lat' dir='ltr'><strong>pag.</strong></span> <span class='ocrx_word' id='word_1_339' title='bbox 1298 4345 1426 4413; x_wconf 63' lang='lat'><strong>425;</strong></span> <span class='ocrx_word' id='word_1_340' title='bbox 1459 4350 1552 4404; x_wconf 93' lang='lat' dir='ltr'><strong>lib.</strong></span> <span class='ocrx_word' id='word_1_341' title='bbox 1585 4365 1643 4416; x_wconf 88' lang='grc' dir='ltr'>ιι,</span> <span class='ocrx_word' id='word_1_342' title='bbox 1673 4363 1792 4419; x_wconf 81' lang='lat' dir='ltr'><strong>Cap.</strong></span> <span class='ocrx_word' id='word_1_343' title='bbox 1823 4347 1912 4410; x_wconf 70' lang='grc'><strong>16.</strong></span> <span class='ocrx_word' id='word_1_344' title='bbox 1942 4363 1995 4418; x_wconf 86' lang='lat' dir='ltr'><strong>p.</strong></span> 
     </span>
    </p>
   </div>
   <div class='ocr_carea' id='block_1_46' title="bbox 389 4439 1996 4513">
    <p class='ocr_par' dir='ltr' id='par_1_46' title="bbox 389 4439 1996 4513">
     <span class='ocr_line' id='line_1_46' title="bbox 389 4439 1996 4513; baseline -0.001 -16"><span class='ocrx_word' id='word_1_345' title='bbox 389 4443 532 4507; x_wconf 79' lang='grc' dir='ltr'><strong>45ι;</strong></span> <span class='ocrx_word' id='word_1_346' title='bbox 563 4441 652 4496; x_wconf 92' lang='lat' dir='ltr'><strong>lib.</strong></span> <span class='ocrx_word' id='word_1_347' title='bbox 682 4457 755 4504; x_wconf 85' lang='lat' dir='ltr'><strong>tv,</strong></span> <span class='ocrx_word' id='word_1_348' title='bbox 786 4457 904 4512; x_wconf 90' lang='lat' dir='ltr'><strong>cap.</strong></span> <span class='ocrx_word' id='word_1_349' title='bbox 937 4443 1042 4510; x_wconf 74' lang='lat'><strong>2|,</strong></span> <span class='ocrx_word' id='word_1_350' title='bbox 1068 4458 1186 4513; x_wconf 88' lang='lat' dir='ltr'><strong>pag.</strong></span> <span class='ocrx_word' id='word_1_351' title='bbox 1225 4443 1367 4500; x_wconf 78' lang='lat'><strong>555:</strong></span> <span class='ocrx_word' id='word_1_352' title='bbox 1395 4452 1449 4496; x_wconf 91' lang='lat' dir='ltr'><strong>et</strong></span> <span class='ocrx_word' id='word_1_353' title='bbox 1489 4443 1638 4498; x_wconf 85' lang='lat' dir='ltr'><strong>Orat.</strong></span> <span class='ocrx_word' id='word_1_354' title='bbox 1685 4443 1748 4495; x_wconf 81' lang='lat' dir='ltr'><strong>de</strong></span> <span class='ocrx_word' id='word_1_355' title='bbox 1774 4439 1996 4496; x_wconf 71' lang='lat' dir='ltr'><strong>Laudib.</strong></span> 
     </span>
    </p>
   </div>
   <div class='ocr_carea' id='block_1_47' title="bbox 396 4514 1997 4608">
    <p class='ocr_par' dir='ltr' id='par_1_47' title="bbox 396 4514 1997 4608">
     <span class='ocr_line' id='line_1_47' title="bbox 396 4514 1997 4608; baseline 0 -17"><span class='ocrx_word' id='word_1_356' title='bbox 396 4534 690 4602; x_wconf 78' lang='lat' dir='ltr'><strong>Constant.,</strong></span> <span class='ocrx_word' id='word_1_357' title='bbox 723 4549 838 4605; x_wconf 83' lang='lat' dir='ltr'><strong>pag.</strong></span> <span class='ocrx_word' id='word_1_358' title='bbox 882 4533 984 4590; x_wconf 63' lang='lat'><strong>697</strong></span> <span class='ocrx_word' id='word_1_359' title='bbox 1026 4545 1084 4591; x_wconf 90' lang='lat' dir='ltr'><strong>et</strong></span> <span class='ocrx_word' id='word_1_360' title='bbox 1112 4535 1216 4592; x_wconf 71' lang='lat'><strong>628</strong></span> <span class='ocrx_word' id='word_1_361' title='bbox 1239 4534 1282 4608; x_wconf 92' lang='lat'><strong>).</strong></span> <span class='ocrx_word' id='word_1_362' title='bbox 1333 4536 1650 4591; x_wconf 82' lang='lat' dir='ltr'><strong>Ambrosius</strong></span> <span class='ocrx_word' id='word_1_363' title='bbox 1688 4551 1817 4590; x_wconf 84' lang='lat' dir='ltr'><strong>vero</strong></span> <span class='ocrx_word' id='word_1_364' title='bbox 1856 4514 1997 4590; x_wconf 77' lang='lat' dir='ltr'><strong>haud</strong></span> 
     </span>
    </p>
   </div>
   <div class='ocr_carea' id='block_1_48' title="bbox 2072 532 3677 614">
    <p class='ocr_par' dir='ltr' id='par_1_48' title="bbox 2072 532 3677 614">
     <span class='ocr_line' id='line_1_48' title="bbox 2072 532 3677 614; baseline 0.009 -31"><span class='ocrx_word' id='word_1_365' title='bbox 2072 546 2193 603; x_wconf 83' lang='lat' dir='ltr'><strong>pag.</strong></span> <span class='ocrx_word' id='word_1_366' title='bbox 2231 532 2332 590; x_wconf 70' lang='grc'><strong>194</strong></span> <span class='ocrx_word' id='word_1_367' title='bbox 2362 544 2418 589; x_wconf 85' lang='lat' dir='ltr'><strong>et</strong></span> <span class='ocrx_word' id='word_1_368' title='bbox 2444 535 2644 610; x_wconf 89' lang='lat' dir='ltr'><strong>seqq.).</strong></span> <span class='ocrx_word' id='word_1_369' title='bbox 2677 537 2812 606; x_wconf 86' lang='lat' dir='ltr'><strong>Quis</strong></span> <span class='ocrx_word' id='word_1_370' title='bbox 2839 547 3017 595; x_wconf 91' lang='lat' dir='ltr'><strong>autem</strong></span> <span class='ocrx_word' id='word_1_371' title='bbox 3043 538 3252 596; x_wconf 88' lang='lat' dir='ltr'><strong>dubitet</strong></span> <span class='ocrx_word' id='word_1_372' title='bbox 3283 541 3442 614; x_wconf 81' lang='lat' dir='ltr'><strong>longe</strong></span> <span class='ocrx_word' id='word_1_373' title='bbox 3468 542 3677 613; x_wconf 61' lang='lat' dir='ltr'><strong>aequius</strong></span> 
     </span>
    </p>
   </div>
   <div class='ocr_carea' id='block_1_49' title="bbox 2064 627 3678 708">
    <p class='ocr_par' dir='ltr' id='par_1_49' title="bbox 2064 627 3678 708">
     <span class='ocr_line' id='line_1_49' title="bbox 2064 627 3678 708; baseline 0.006 -28"><span class='ocrx_word' id='word_1_374' title='bbox 2064 627 2369 698; x_wconf 73' lang='lat' dir='ltr'><strong>justiusque</strong></span> <span class='ocrx_word' id='word_1_375' title='bbox 2406 645 2527 685; x_wconf 90' lang='lat' dir='ltr'><strong>esse</strong></span> <span class='ocrx_word' id='word_1_376' title='bbox 2563 629 2722 701; x_wconf 88' lang='lat' dir='ltr'><strong>hujus</strong></span> <span class='ocrx_word' id='word_1_377' title='bbox 2761 631 3012 708; x_wconf 85' lang='lat' dir='ltr'><strong>salutaris</strong></span> <span class='ocrx_word' id='word_1_378' title='bbox 3040 632 3220 706; x_wconf 84' lang='lat' dir='ltr'><strong>signi,</strong></span> <span class='ocrx_word' id='word_1_379' title='bbox 3259 650 3416 706; x_wconf 89' lang='lat' dir='ltr'><strong>quam</strong></span> <span class='ocrx_word' id='word_1_380' title='bbox 3451 627 3678 692; x_wconf 63' lang='lat' dir='ltr'><strong>horren-4</strong></span> 
     </span>
    </p>
   </div>
   <div class='ocr_carea' id='block_1_50' title="bbox 2071 719 3676 800">
    <p class='ocr_par' dir='ltr' id='par_1_50' title="bbox 2071 719 3676 800">
     <span class='ocr_line' id='line_1_50' title="bbox 2071 719 3676 800; baseline 0.006 -24"><span class='ocrx_word' id='word_1_381' title='bbox 2071 719 2264 776; x_wconf 87' lang='lat' dir='ltr'><strong>dorum</strong></span> <span class='ocrx_word' id='word_1_382' title='bbox 2308 738 2372 778; x_wconf 90' lang='lat' dir='ltr'><strong>ac</strong></span> <span class='ocrx_word' id='word_1_383' title='bbox 2402 725 2834 795; x_wconf 88' lang='lat' dir='ltr'><strong>turpissiutorum</strong></span> <span class='ocrx_word' id='word_1_384' title='bbox 2864 723 3184 800; x_wconf 70' lang='lat' dir='ltr'><strong>flagitiorum</strong></span> <span class='ocrx_word' id='word_1_385' title='bbox 3217 743 3246 781; x_wconf 87' lang='lat' dir='ltr'><strong>a</strong></span> <span class='ocrx_word' id='word_1_386' title='bbox 3277 727 3381 782; x_wconf 84' lang='lat' dir='ltr'><strong>diis</strong></span> <span class='ocrx_word' id='word_1_387' title='bbox 3406 723 3676 784; x_wconf 85' lang='lat' dir='ltr'><strong>admisso-</strong></span> 
     </span>
    </p>
   </div>
   <div class='ocr_carea' id='block_1_51' title="bbox 2073 812 3414 888">
    <p class='ocr_par' dir='ltr' id='par_1_51' title="bbox 2073 812 3414 888">
     <span class='ocr_line' id='line_1_51' title="bbox 2073 812 3414 888; baseline 0.003 -19"><span class='ocrx_word' id='word_1_388' title='bbox 2073 829 2193 869; x_wconf 89' lang='lat' dir='ltr'><strong>rum</strong></span> <span class='ocrx_word' id='word_1_389' title='bbox 2225 812 2468 884; x_wconf 88' lang='lat' dir='ltr'><strong>depictas</strong></span> <span class='ocrx_word' id='word_1_390' title='bbox 2504 817 2554 871; x_wconf 91' lang='lat' dir='ltr'><strong>in</strong></span> <span class='ocrx_word' id='word_1_391' title='bbox 2579 817 2870 888; x_wconf 87' lang='lat' dir='ltr'><strong>parietibus</strong></span> <span class='ocrx_word' id='word_1_392' title='bbox 2896 820 3078 874; x_wconf 89' lang='lat' dir='ltr'><strong>colere</strong></span> <span class='ocrx_word' id='word_1_393' title='bbox 3108 819 3414 885; x_wconf 81' lang='lat' dir='ltr'><strong>imagines?</strong></span> 
     </span>
    </p>
   </div>
   <div class='ocr_carea' id='block_1_52' title="bbox 2145 905 3678 984">
    <p class='ocr_par' dir='ltr' id='par_1_52' title="bbox 2145 905 3678 984">
     <span class='ocr_line' id='line_1_52' title="bbox 2145 905 3678 984; baseline 0.006 -22"><span class='ocrx_word' id='word_1_394' title='bbox 2145 905 2248 962; x_wconf 85' lang='lat' dir='ltr'><strong>Sed</strong></span> <span class='ocrx_word' id='word_1_395' title='bbox 2290 908 2334 962; x_wconf 89' lang='lat' dir='ltr'><strong>si</strong></span> <span class='ocrx_word' id='word_1_396' title='bbox 2375 923 2463 964; x_wconf 88' lang='lat' dir='ltr'><strong>res</strong></span> <span class='ocrx_word' id='word_1_397' title='bbox 2496 908 2566 963; x_wconf 88' lang='lat' dir='ltr'><strong>ita</strong></span> <span class='ocrx_word' id='word_1_398' title='bbox 2598 925 2658 964; x_wconf 92' lang='lat' dir='ltr'><strong>se</strong></span> <span class='ocrx_word' id='word_1_399' title='bbox 2690 909 2972 971; x_wconf 84' lang='lat' dir='ltr'><strong>habuerit,</strong></span> <span class='ocrx_word' id='word_1_400' title='bbox 3015 928 3118 984; x_wconf 88' lang='lat' dir='ltr'><strong>qua</strong></span> <span class='ocrx_word' id='word_1_401' title='bbox 3162 911 3422 968; x_wconf 83' lang='lat' dir='ltr'><strong>Minucius</strong></span> <span class='ocrx_word' id='word_1_402' title='bbox 3467 907 3678 971; x_wconf 79' lang='lat' dir='ltr'><strong>ratione</strong></span> 
     </span>
    </p>
   </div>
   <div class='ocr_carea' id='block_1_53' title="bbox 2079 997 3670 1076">
    <p class='ocr_par' dir='ltr' id='par_1_53' title="bbox 2079 997 3670 1076">
     <span class='ocr_line' id='line_1_53' title="bbox 2079 997 3670 1076; baseline 0.004 -23"><span class='ocrx_word' id='word_1_403' title='bbox 2079 997 2262 1055; x_wconf 79' lang='lat' dir='ltr'><strong>dicere</strong></span> <span class='ocrx_word' id='word_1_404' title='bbox 2293 1003 2462 1069; x_wconf 86' lang='lat' dir='ltr'><strong>potuit</strong></span> <span class='ocrx_word' id='word_1_405' title='bbox 2489 1019 2501 1056; x_wconf 91' lang='lat'>:</span> <span class='ocrx_word' id='word_1_406' title='bbox 2535 1019 2554 1053; x_wconf 84' lang='grc'><strong><em>‹</em></strong></span> <span class='ocrx_word' id='word_1_407' title='bbox 2585 1001 2785 1058; x_wconf 91' lang='lat' dir='ltr'><strong>Cruces</strong></span> <span class='ocrx_word' id='word_1_408' title='bbox 2815 1019 2913 1058; x_wconf 86' lang='lat' dir='ltr'><strong>nec</strong></span> <span class='ocrx_word' id='word_1_409' title='bbox 2934 1004 3186 1070; x_wconf 84' lang='lat' dir='ltr'><strong>colimus,</strong></span> <span class='ocrx_word' id='word_1_410' title='bbox 3221 1021 3320 1060; x_wconf 89' lang='lat' dir='ltr'><strong>nec</strong></span> <span class='ocrx_word' id='word_1_411' title='bbox 3347 1015 3613 1076; x_wconf 78' lang='lat' dir='ltr'><strong>optamus.</strong></span> <span class='ocrx_word' id='word_1_412' title='bbox 3650 1027 3670 1059; x_wconf 72' lang='grc' dir='ltr'><strong>ι</strong></span> 
     </span>
    </p>
   </div>
   <div class='ocr_carea' id='block_1_54' title="bbox 2075 1091 3677 1172">
    <p class='ocr_par' dir='ltr' id='par_1_54' title="bbox 2075 1091 3677 1172">
     <span class='ocr_line' id='line_1_54' title="bbox 2075 1091 3677 1172; baseline 0.008 -31"><span class='ocrx_word' id='word_1_413' title='bbox 2075 1091 2303 1159; x_wconf 85' lang='lat' dir='ltr'><strong>Quidam</strong></span> <span class='ocrx_word' id='word_1_414' title='bbox 2345 1101 2524 1147; x_wconf 89' lang='lat' dir='ltr'><strong>autem</strong></span> <span class='ocrx_word' id='word_1_415' title='bbox 2565 1093 2705 1148; x_wconf 84' lang='lat' dir='ltr'><strong>male</strong></span> <span class='ocrx_word' id='word_1_416' title='bbox 2747 1093 2820 1150; x_wconf 89' lang='lat' dir='ltr'><strong>ibi</strong></span> <span class='ocrx_word' id='word_1_417' title='bbox 2864 1095 3110 1166; x_wconf 69' lang='lat' dir='ltr'><strong>legerunt</strong></span> <span class='ocrx_word' id='word_1_418' title='bbox 3143 1115 3175 1172; x_wconf 32' lang='grc' dir='ltr'><strong>ἰ</strong></span> <span class='ocrx_word' id='word_1_419' title='bbox 3227 1114 3466 1172; x_wconf 76' lang='lat' dir='ltr'><strong>oramus.</strong></span> <span class='ocrx_word' id='word_1_420' title='bbox 3505 1119 3524 1152; x_wconf 74' lang='grc' dir='ltr'><strong>ι</strong></span> <span class='ocrx_word' id='word_1_421' title='bbox 3570 1099 3677 1154; x_wconf 72' lang='lat' dir='ltr'><strong>Alii</strong></span> 
     </span>
    </p>
   </div>
   <div class='ocr_carea' id='block_1_55' title="bbox 2077 1165 3678 1267">
    <p class='ocr_par' dir='ltr' id='par_1_55' title="bbox 2077 1165 3678 1267">
     <span class='ocr_line' id='line_1_55' title="bbox 2077 1165 3678 1267; baseline 0.004 -32"><span class='ocrx_word' id='word_1_422' title='bbox 2077 1182 2312 1237; x_wconf 83' lang='lat' dir='ltr'><strong>auctoris</strong></span> <span class='ocrx_word' id='word_1_423' title='bbox 2345 1183 2512 1239; x_wconf 87' lang='lat' dir='ltr'><strong>nostri</strong></span> <span class='ocrx_word' id='word_1_424' title='bbox 2542 1200 2762 1241; x_wconf 88' lang='lat' dir='ltr'><strong>sensum</strong></span> <span class='ocrx_word' id='word_1_425' title='bbox 2806 1197 3144 1267; x_wconf 70' lang='lat' dir='ltr'><strong>perspectum</strong></span> <span class='ocrx_word' id='word_1_426' title='bbox 3175 1165 3307 1242; x_wconf 68' lang='lat' dir='ltr'><strong>satis</strong></span> <span class='ocrx_word' id='word_1_427' title='bbox 3338 1204 3446 1267; x_wconf 33' lang='lat' dir='ltr'><strong>non.</strong></span> <span class='ocrx_word' id='word_1_428' title='bbox 3475 1190 3678 1267; x_wconf 81' lang='lat' dir='ltr'><strong>haben-</strong></span> 
     </span>
    </p>
   </div>
   <div class='ocr_carea' id='block_1_56' title="bbox 2081 1261 3681 1348">
    <p class='ocr_par' dir='ltr' id='par_1_56' title="bbox 2081 1261 3681 1348">
     <span class='ocr_line' id='line_1_56' title="bbox 2081 1261 3681 1348; baseline 0.003 -18"><span class='ocrx_word' id='word_1_429' title='bbox 2081 1285 2162 1330; x_wconf 89' lang='lat' dir='ltr'><strong>tcs</strong></span> <span class='ocrx_word' id='word_1_430' title='bbox 2188 1317 2202 1340; x_wconf 93' lang='lat'><strong>,</strong></span> <span class='ocrx_word' id='word_1_431' title='bbox 2247 1277 2628 1348; x_wconf 79' lang='lat' dir='ltr'><strong>enrrigeudum</strong></span> <span class='ocrx_word' id='word_1_432' title='bbox 2667 1289 3033 1343; x_wconf 82' lang='lat' dir='ltr'><strong>censuerunt,</strong></span> <span class='ocrx_word' id='word_1_433' title='bbox 3069 1261 3122 1335; x_wconf 68' lang='lat' dir='ltr'><strong>ei</strong></span> <span class='ocrx_word' id='word_1_434' title='bbox 3152 1297 3337 1336; x_wconf 87' lang='lat' dir='ltr'><strong>revera</strong></span> <span class='ocrx_word' id='word_1_435' title='bbox 3368 1261 3534 1336; x_wconf 81' lang='lat' dir='ltr'><strong>scribi</strong></span> <span class='ocrx_word' id='word_1_436' title='bbox 3569 1299 3681 1336; x_wconf 85' lang='lat' dir='ltr'><strong>vo—</strong></span> 
     </span>
    </p>
   </div>
   <div class='ocr_carea' id='block_1_57' title="bbox 2079 1357 3680 1434">
    <p class='ocr_par' dir='ltr' id='par_1_57' title="bbox 2079 1357 3680 1434">
     <span class='ocr_line' id='line_1_57' title="bbox 2079 1357 3680 1434; baseline 0.004 -9"><span class='ocrx_word' id='word_1_437' title='bbox 2079 1370 2336 1434; x_wconf 86' lang='lat' dir='ltr'><strong>luerunt,</strong></span> <span class='ocrx_word' id='word_1_438' title='bbox 2374 1389 2394 1423; x_wconf 74' lang='grc'><strong>(</strong></span> <span class='ocrx_word' id='word_1_439' title='bbox 2430 1371 2739 1428; x_wconf 79' lang='lat' dir='ltr'><strong>horremus.</strong></span> <span class='ocrx_word' id='word_1_440' title='bbox 2781 1392 2800 1426; x_wconf 79' lang='grc' dir='ltr'><strong>ι</strong></span> <span class='ocrx_word' id='word_1_441' title='bbox 2836 1357 2944 1428; x_wconf 87' lang='lat' dir='ltr'><strong>Sed</strong></span> <span class='ocrx_word' id='word_1_442' title='bbox 2983 1371 3098 1428; x_wconf 71' lang='lat' dir='ltr'><strong>hmc</strong></span> <span class='ocrx_word' id='word_1_443' title='bbox 3137 1357 3317 1429; x_wconf 73' lang='lat' dir='ltr'><strong>omnia</strong></span> <span class='ocrx_word' id='word_1_444' title='bbox 3361 1384 3548 1430; x_wconf 88' lang='lat' dir='ltr'><strong>contra</strong></span> <span class='ocrx_word' id='word_1_445' title='bbox 3587 1389 3680 1430; x_wconf 86' lang='lat' dir='ltr'><strong>co-</strong></span> 
     </span>
    </p>
   </div>
   <div class='ocr_carea' id='block_1_58' title="bbox 2079 1447 3388 1532">
    <p class='ocr_par' dir='ltr' id='par_1_58' title="bbox 2079 1447 3388 1532">
     <span class='ocr_line' id='line_1_58' title="bbox 2079 1447 3388 1532; baseline 0.002 -15"><span class='ocrx_word' id='word_1_446' title='bbox 2079 1461 2216 1517; x_wconf 77' lang='lat' dir='ltr'><strong>dicis</strong></span> <span class='ocrx_word' id='word_1_447' title='bbox 2245 1460 2596 1532; x_wconf 81' lang='lat' dir='ltr'><strong>manuscripli</strong></span> <span class='ocrx_word' id='word_1_448' title='bbox 2627 1462 2809 1529; x_wconf 87' lang='lat' dir='ltr'><strong>Iidem,</strong></span> <span class='ocrx_word' id='word_1_449' title='bbox 2837 1481 2935 1520; x_wconf 90' lang='lat' dir='ltr'><strong>nec</strong></span> <span class='ocrx_word' id='word_1_450' title='bbox 2966 1447 3173 1520; x_wconf 87' lang='lat' dir='ltr'><strong>meliori</strong></span> <span class='ocrx_word' id='word_1_451' title='bbox 3203 1449 3388 1521; x_wconf 72' lang='lat' dir='ltr'><strong>sensit.</strong></span> 
     </span>
    </p>
   </div>
   <div class='ocr_carea' id='block_1_59' title="bbox 2153 1543 3682 1630">
    <p class='ocr_par' dir='ltr' id='par_1_59' title="bbox 2153 1543 3682 1630">
     <span class='ocr_line' id='line_1_59' title="bbox 2153 1543 3682 1630; baseline 0.006 -21"><span class='ocrx_word' id='word_1_452' title='bbox 2153 1555 2288 1626; x_wconf 86' lang='lat' dir='ltr'><strong>Quid</strong></span> <span class='ocrx_word' id='word_1_453' title='bbox 2333 1551 2512 1628; x_wconf 82' lang='lat' dir='ltr'><strong>igitur,</strong></span> <span class='ocrx_word' id='word_1_454' title='bbox 2555 1559 2796 1630; x_wconf 86' lang='lat' dir='ltr'><strong>inquies,</strong></span> <span class='ocrx_word' id='word_1_455' title='bbox 2829 1543 3092 1614; x_wconf 84' lang='lat' dir='ltr'><strong>Minucius</strong></span> <span class='ocrx_word' id='word_1_456' title='bbox 3122 1543 3222 1616; x_wconf 85' lang='lat' dir='ltr'><strong>sibi</strong></span> <span class='ocrx_word' id='word_1_457' title='bbox 3255 1563 3417 1617; x_wconf 84' lang='lat' dir='ltr'><strong>voluit</strong></span> <span class='ocrx_word' id='word_1_458' title='bbox 3447 1561 3530 1618; x_wconf 88' lang='lat' dir='ltr'><strong>his</strong></span> <span class='ocrx_word' id='word_1_459' title='bbox 3562 1563 3682 1618; x_wconf 80' lang='lat' dir='ltr'><strong>ver-</strong></span> 
     </span>
    </p>
   </div>
   <div class='ocr_carea' id='block_1_60' title="bbox 2081 1635 3680 1724">
    <p class='ocr_par' dir='ltr' id='par_1_60' title="bbox 2081 1635 3680 1724">
     <span class='ocr_line' id='line_1_60' title="bbox 2081 1635 3680 1724; baseline 0.003 -19"><span class='ocrx_word' id='word_1_460' title='bbox 2081 1649 2164 1706; x_wconf 93' lang='lat' dir='ltr'><strong>bis</strong></span> <span class='ocrx_word' id='word_1_461' title='bbox 2197 1667 2210 1704; x_wconf 93' lang='lat'><strong>:</strong></span> <span class='ocrx_word' id='word_1_462' title='bbox 2241 1669 2259 1702; x_wconf 74' lang='grc' dir='ltr'><strong>ι</strong></span> <span class='ocrx_word' id='word_1_463' title='bbox 2291 1649 2496 1706; x_wconf 85' lang='lat' dir='ltr'><strong>Cruces</strong></span> <span class='ocrx_word' id='word_1_464' title='bbox 2523 1667 2624 1707; x_wconf 89' lang='lat' dir='ltr'><strong>nec</strong></span> <span class='ocrx_word' id='word_1_465' title='bbox 2653 1639 2900 1718; x_wconf 71' lang='lat' dir='ltr'><strong>colimus,</strong></span> <span class='ocrx_word' id='word_1_466' title='bbox 2927 1669 3026 1707; x_wconf 90' lang='lat' dir='ltr'><strong>nec</strong></span> <span class='ocrx_word' id='word_1_467' title='bbox 3055 1635 3325 1723; x_wconf 69' lang='lat' dir='ltr'><strong>optamus,</strong></span> <span class='ocrx_word' id='word_1_468' title='bbox 3368 1675 3387 1706; x_wconf 78' lang='grc' dir='ltr'><strong>ι</strong></span> <span class='ocrx_word' id='word_1_469' title='bbox 3420 1667 3510 1709; x_wconf 91' lang='lat' dir='ltr'><strong>aut</strong></span> <span class='ocrx_word' id='word_1_470' title='bbox 3538 1671 3680 1724; x_wconf 81' lang='lat' dir='ltr'><strong>quo-</strong></span> 
     </span>
    </p>
   </div>
   <div class='ocr_carea' id='block_1_61' title="bbox 2083 1725 3686 1832">
    <p class='ocr_par' dir='ltr' id='par_1_61' title="bbox 2083 1725 3686 1832">
     <span class='ocr_line' id='line_1_61' title="bbox 2083 1725 3686 1832; baseline 0.003 -37"><span class='ocrx_word' id='word_1_471' title='bbox 2083 1742 2247 1797; x_wconf 89' lang='lat' dir='ltr'><strong>modo</strong></span> <span class='ocrx_word' id='word_1_472' title='bbox 2275 1757 2336 1796; x_wconf 86' lang='lat' dir='ltr'><strong>ea</strong></span> <span class='ocrx_word' id='word_1_473' title='bbox 2380 1753 2606 1814; x_wconf 86' lang='lat' dir='ltr'><strong>possunt</strong></span> <span class='ocrx_word' id='word_1_474' title='bbox 2645 1743 2940 1814; x_wconf 75' lang='lat' dir='ltr'><strong>eXplicari?</strong></span> <span class='ocrx_word' id='word_1_475' title='bbox 2981 1728 3210 1830; x_wconf 76' lang='lat' dir='ltr'><strong>Certum</strong></span> <span class='ocrx_word' id='word_1_476' title='bbox 3244 1751 3422 1826; x_wconf 84' lang='lat' dir='ltr'><strong>autem</strong></span> <span class='ocrx_word' id='word_1_477' title='bbox 3453 1725 3686 1832; x_wconf 32' lang='lat' dir='ltr'><strong>ridetur:</strong></span> 
     </span>
    </p>
   </div>
   <div class='ocr_carea' id='block_1_62' title="bbox 1964 1817 3682 1923">
    <p class='ocr_par' dir='ltr' id='par_1_62' title="bbox 1964 1817 3682 1923">
     <span class='ocr_line' id='line_1_62' title="bbox 1964 1817 3682 1923; baseline 0.003 -33"><span class='ocrx_word' id='word_1_478' title='bbox 1964 1817 1972 1824; x_wconf 52' lang='grc'><em>”</em></span> <span class='ocrx_word' id='word_1_479' title='bbox 2008 1837 2058 1898; x_wconf 93' lang='grc' dir='ltr'><strong>Β</strong></span> <span class='ocrx_word' id='word_1_480' title='bbox 2087 1835 2176 1890; x_wconf 90' lang='lat' dir='ltr'><strong>illa</strong></span> <span class='ocrx_word' id='word_1_481' title='bbox 2203 1853 2308 1890; x_wconf 89' lang='lat' dir='ltr'><strong>non</strong></span> <span class='ocrx_word' id='word_1_482' title='bbox 2340 1836 2408 1892; x_wconf 90' lang='lat' dir='ltr'><strong>de</strong></span> <span class='ocrx_word' id='word_1_483' title='bbox 2438 1838 2556 1906; x_wconf 88' lang='lat' dir='ltr'><strong>ipso</strong></span> <span class='ocrx_word' id='word_1_484' title='bbox 2586 1852 2714 1893; x_wconf 88' lang='lat' dir='ltr'><strong>vero</strong></span> <span class='ocrx_word' id='word_1_485' title='bbox 2743 1839 2920 1894; x_wconf 89' lang='lat' dir='ltr'><strong>crucis</strong></span> <span class='ocrx_word' id='word_1_486' title='bbox 2946 1822 3158 1923; x_wconf 76' lang='lat' dir='ltr'><strong>Christi</strong></span> <span class='ocrx_word' id='word_1_487' title='bbox 3190 1821 3371 1910; x_wconf 80' lang='lat' dir='ltr'><strong>stipite</strong></span> <span class='ocrx_word' id='word_1_488' title='bbox 3409 1819 3464 1896; x_wconf 67' lang='lat' dir='ltr'><strong>ei</strong></span> <span class='ocrx_word' id='word_1_489' title='bbox 3507 1819 3682 1910; x_wconf 82' lang='lat' dir='ltr'><strong>ligno,</strong></span> 
     </span>
    </p>
   </div>
   <div class='ocr_carea' id='block_1_63' title="bbox 2085 1917 3687 2008">
    <p class='ocr_par' dir='ltr' id='par_1_63' title="bbox 2085 1917 3687 2008">
     <span class='ocr_line' id='line_1_63' title="bbox 2085 1917 3687 2008; baseline 0.004 -26"><span class='ocrx_word' id='word_1_490' title='bbox 2085 1927 2152 1982; x_wconf 90' lang='lat' dir='ltr'><strong>de</strong></span> <span class='ocrx_word' id='word_1_491' title='bbox 2177 1944 2284 2000; x_wconf 91' lang='lat' dir='ltr'><strong>quo</strong></span> <span class='ocrx_word' id='word_1_492' title='bbox 2307 1927 2418 1999; x_wconf 85' lang='lat' dir='ltr'><strong>jam</strong></span> <span class='ocrx_word' id='word_1_493' title='bbox 2446 1929 2592 1985; x_wconf 89' lang='lat' dir='ltr'><strong>citati</strong></span> <span class='ocrx_word' id='word_1_494' title='bbox 2625 1943 2654 1984; x_wconf 90' lang='lat' dir='ltr'><strong>a</strong></span> <span class='ocrx_word' id='word_1_495' title='bbox 2685 1931 2840 1986; x_wconf 87' lang='lat' dir='ltr'><strong>nobis</strong></span> <span class='ocrx_word' id='word_1_496' title='bbox 2869 1917 3188 1986; x_wconf 54' lang='lat' dir='ltr'><strong>Ambrosius</strong></span> <span class='ocrx_word' id='word_1_497' title='bbox 3217 1941 3272 1986; x_wconf 90' lang='lat' dir='ltr'><strong>et</strong></span> <span class='ocrx_word' id='word_1_498' title='bbox 3323 1931 3687 2008; x_wconf 82' lang='lat' dir='ltr'><strong>Hieronymus</strong></span> 
     </span>
    </p>
   </div>
   <div class='ocr_carea' id='block_1_64' title="bbox 2085 2013 3688 2098">
    <p class='ocr_par' dir='ltr' id='par_1_64' title="bbox 2085 2013 3688 2098">
     <span class='ocr_line' id='line_1_64' title="bbox 2085 2013 3688 2098; baseline 0.003 -21"><span class='ocrx_word' id='word_1_499' title='bbox 2085 2021 2380 2093; x_wconf 77' lang='lat' dir='ltr'><strong>loquuntur</strong></span> <span class='ocrx_word' id='word_1_500' title='bbox 2404 2065 2418 2088; x_wconf 95' lang='lat'><strong>,</strong></span> <span class='ocrx_word' id='word_1_501' title='bbox 2462 2038 2624 2094; x_wconf 76' lang='lat' dir='ltr'><strong>posse</strong></span> <span class='ocrx_word' id='word_1_502' title='bbox 2654 2023 2903 2098; x_wconf 80' lang='lat' dir='ltr'><strong>intelligi.</strong></span> <span class='ocrx_word' id='word_1_503' title='bbox 2936 2021 3086 2080; x_wconf 91' lang='lat' dir='ltr'><strong>lllius</strong></span> <span class='ocrx_word' id='word_1_504' title='bbox 3121 2023 3402 2081; x_wconf 81' lang='lat' dir='ltr'><strong>enimvero</strong></span> <span class='ocrx_word' id='word_1_505' title='bbox 3445 2013 3688 2098; x_wconf 76' lang='lat' dir='ltr'><strong>tempore</strong></span> 
     </span>
    </p>
   </div>
   <div class='ocr_carea' id='block_1_65' title="bbox 2083 2107 3689 2191">
    <p class='ocr_par' dir='ltr' id='par_1_65' title="bbox 2083 2107 3689 2191">
     <span class='ocr_line' id='line_1_65' title="bbox 2083 2107 3689 2191; baseline 0.003 -20"><span class='ocrx_word' id='word_1_506' title='bbox 2083 2132 2209 2171; x_wconf 88' lang='lat' dir='ltr'><strong>vera</strong></span> <span class='ocrx_word' id='word_1_507' title='bbox 2254 2116 2342 2171; x_wconf 89' lang='lat' dir='ltr'><strong>illa</strong></span> <span class='ocrx_word' id='word_1_508' title='bbox 2370 2131 2508 2171; x_wconf 78' lang='lat' dir='ltr'><strong>crux</strong></span> <span class='ocrx_word' id='word_1_509' title='bbox 2541 2113 2756 2172; x_wconf 88' lang='lat' dir='ltr'><strong>Domini</strong></span> <span class='ocrx_word' id='word_1_510' title='bbox 2785 2117 2853 2171; x_wconf 90' lang='lat' dir='ltr'><strong>ab</strong></span> <span class='ocrx_word' id='word_1_511' title='bbox 2878 2115 3080 2172; x_wconf 83' lang='lat' dir='ltr'><strong>Helena</strong></span> <span class='ocrx_word' id='word_1_512' title='bbox 3104 2158 3120 2184; x_wconf 90' lang='lat'><strong>,</strong></span> <span class='ocrx_word' id='word_1_513' title='bbox 3151 2109 3486 2175; x_wconf 82' lang='lat' dir='ltr'><strong>COnStantini</strong></span> <span class='ocrx_word' id='word_1_514' title='bbox 3510 2107 3689 2191; x_wconf 64' lang='lat' dir='ltr'><strong>Elagui</strong></span> 
     </span>
    </p>
   </div>
   <div class='ocr_carea' id='block_1_66' title="bbox 2084 2195 3012 2280">
    <p class='ocr_par' dir='ltr' id='par_1_66' title="bbox 2084 2195 3012 2280">
     <span class='ocr_line' id='line_1_66' title="bbox 2084 2195 3012 2280; baseline 0.002 -16"><span class='ocrx_word' id='word_1_515' title='bbox 2084 2218 2276 2277; x_wconf 87' lang='lat' dir='ltr'><strong>matre,</strong></span> <span class='ocrx_word' id='word_1_516' title='bbox 2310 2209 2544 2265; x_wconf 88' lang='lat' dir='ltr'><strong>nondum</strong></span> <span class='ocrx_word' id='word_1_517' title='bbox 2575 2221 2784 2280; x_wconf 90' lang='lat' dir='ltr'><strong>reperta</strong></span> <span class='ocrx_word' id='word_1_518' title='bbox 2814 2195 3012 2266; x_wconf 81' lang='lat' dir='ltr'><strong>fuerat.</strong></span> 
     </span>
    </p>
   </div>
   <div class='ocr_carea' id='block_1_67' title="bbox 2157 2289 3692 2376">
    <p class='ocr_par' dir='ltr' id='par_1_67' title="bbox 2157 2289 3692 2376">
     <span class='ocr_line' id='line_1_67' title="bbox 2157 2289 3692 2376; baseline 0.003 -22"><span class='ocrx_word' id='word_1_519' title='bbox 2157 2299 2499 2376; x_wconf 84' lang='lat' dir='ltr'><strong>Quapropter</strong></span> <span class='ocrx_word' id='word_1_520' title='bbox 2529 2303 2598 2359; x_wconf 92' lang='lat' dir='ltr'><strong>ibi</strong></span> <span class='ocrx_word' id='word_1_521' title='bbox 2642 2303 2727 2358; x_wconf 86' lang='lat' dir='ltr'><strong>vel</strong></span> <span class='ocrx_word' id='word_1_522' title='bbox 2757 2302 2826 2358; x_wconf 89' lang='lat' dir='ltr'><strong>de</strong></span> <span class='ocrx_word' id='word_1_523' title='bbox 2859 2302 3016 2374; x_wconf 84' lang='lat' dir='ltr'><strong>hujus</strong></span> <span class='ocrx_word' id='word_1_524' title='bbox 3045 2319 3212 2358; x_wconf 73' lang='lat' dir='ltr'><strong>sacrae</strong></span> <span class='ocrx_word' id='word_1_525' title='bbox 3242 2303 3419 2359; x_wconf 87' lang='lat' dir='ltr'><strong>crucis</strong></span> <span class='ocrx_word' id='word_1_526' title='bbox 3449 2289 3606 2372; x_wconf 77' lang='lat' dir='ltr'><strong>signo</strong></span> <span class='ocrx_word' id='word_1_527' title='bbox 3635 2299 3692 2359; x_wconf 86' lang='lat' dir='ltr'><strong>et</strong></span> 
     </span>
    </p>
   </div>
   <div class='ocr_carea' id='block_1_68' title="bbox 2085 2381 3693 2468">
    <p class='ocr_par' dir='ltr' id='par_1_68' title="bbox 2085 2381 3693 2468">
     <span class='ocr_line' id='line_1_68' title="bbox 2085 2381 3693 2468; baseline 0 -16"><span class='ocrx_word' id='word_1_528' title='bbox 2085 2397 2341 2468; x_wconf 86' lang='lat' dir='ltr'><strong>imagine,</strong></span> <span class='ocrx_word' id='word_1_529' title='bbox 2371 2397 2456 2452; x_wconf 89' lang='lat' dir='ltr'><strong>vel</strong></span> <span class='ocrx_word' id='word_1_530' title='bbox 2487 2395 2810 2468; x_wconf 79' lang='lat' dir='ltr'><strong>dealiorum</strong></span> <span class='ocrx_word' id='word_1_531' title='bbox 2843 2397 3232 2454; x_wconf 86' lang='lat' dir='ltr'><strong>sceleratorum</strong></span> <span class='ocrx_word' id='word_1_532' title='bbox 3263 2385 3539 2451; x_wconf 80' lang='lat' dir='ltr'><strong>hominum</strong></span> <span class='ocrx_word' id='word_1_533' title='bbox 3571 2381 3693 2454; x_wconf 28' lang='lat' dir='ltr'><strong>crus</strong></span> 
     </span>
    </p>
   </div>
   <div class='ocr_carea' id='block_1_69' title="bbox 2086 2473 3692 2566">
    <p class='ocr_par' dir='ltr' id='par_1_69' title="bbox 2086 2473 3692 2566">
     <span class='ocr_line' id='line_1_69' title="bbox 2086 2473 3692 2566; baseline 0.001 -20"><span class='ocrx_word' id='word_1_534' title='bbox 2086 2491 2239 2546; x_wconf 81' lang='lat' dir='ltr'><strong>cibus</strong></span> <span class='ocrx_word' id='word_1_535' title='bbox 2284 2475 2638 2566; x_wconf 76' lang='lat' dir='ltr'><strong>proculdubio</strong></span> <span class='ocrx_word' id='word_1_536' title='bbox 2686 2491 2944 2562; x_wconf 86' lang='lat' dir='ltr'><strong>loquitur.</strong></span> <span class='ocrx_word' id='word_1_537' title='bbox 2996 2495 3154 2560; x_wconf 75' lang='lat' dir='ltr'><strong>Atqui</strong></span> <span class='ocrx_word' id='word_1_538' title='bbox 3205 2491 3306 2546; x_wconf 92' lang='lat' dir='ltr'><strong>hoc</strong></span> <span class='ocrx_word' id='word_1_539' title='bbox 3350 2473 3588 2548; x_wconf 82' lang='lat' dir='ltr'><strong>secundo</strong></span> <span class='ocrx_word' id='word_1_540' title='bbox 3617 2494 3692 2548; x_wconf 81' lang='lat' dir='ltr'><strong>si—</strong></span> 
     </span>
    </p>
   </div>
   <div class='ocr_carea' id='block_1_70' title="bbox 2087 2581 3695 2664">
    <p class='ocr_par' dir='ltr' id='par_1_70' title="bbox 2087 2581 3695 2664">
     <span class='ocr_line' id='line_1_70' title="bbox 2087 2581 3695 2664; baseline 0.002 -27"><span class='ocrx_word' id='word_1_541' title='bbox 2087 2583 2342 2664; x_wconf 79' lang='lat' dir='ltr'><strong>gniﬁcatu</strong></span> <span class='ocrx_word' id='word_1_542' title='bbox 2375 2581 2532 2638; x_wconf 86' lang='lat' dir='ltr'><strong>verba</strong></span> <span class='ocrx_word' id='word_1_543' title='bbox 2566 2583 2684 2654; x_wconf 64' lang='lat' dir='ltr'><strong>ejus</strong></span> <span class='ocrx_word' id='word_1_544' title='bbox 2716 2599 2874 2654; x_wconf 90' lang='lat' dir='ltr'><strong>posse</strong></span> <span class='ocrx_word' id='word_1_545' title='bbox 2909 2585 3079 2654; x_wconf 83' lang='lat' dir='ltr'><strong>accipi</strong></span> <span class='ocrx_word' id='word_1_546' title='bbox 3118 2583 3244 2640; x_wconf 87' lang='lat' dir='ltr'><strong>inde</strong></span> <span class='ocrx_word' id='word_1_547' title='bbox 3275 2583 3418 2640; x_wconf 86' lang='lat' dir='ltr'><strong>haud</strong></span> <span class='ocrx_word' id='word_1_548' title='bbox 3458 2585 3695 2641; x_wconf 82' lang='lat' dir='ltr'><strong>absurde</strong></span> 
     </span>
    </p>
   </div>
   <div class='ocr_carea' id='block_1_71' title="bbox 2089 2665 3693 2748">
    <p class='ocr_par' dir='ltr' id='par_1_71' title="bbox 2089 2665 3693 2748">
     <span class='ocr_line' id='line_1_71' title="bbox 2089 2665 3693 2748; baseline 0.002 -20"><span class='ocrx_word' id='word_1_549' title='bbox 2089 2665 2207 2746; x_wconf 90' lang='lat' dir='ltr'><strong>quis</strong></span> <span class='ocrx_word' id='word_1_550' title='bbox 2235 2671 2489 2746; x_wconf 88' lang='lat' dir='ltr'><strong>colliget,</strong></span> <span class='ocrx_word' id='word_1_551' title='bbox 2532 2674 2672 2747; x_wconf 90' lang='lat' dir='ltr'><strong>quod</strong></span> <span class='ocrx_word' id='word_1_552' title='bbox 2705 2675 2842 2730; x_wconf 88' lang='lat' dir='ltr'><strong>sicut</strong></span> <span class='ocrx_word' id='word_1_553' title='bbox 2875 2695 2894 2727; x_wconf 77' lang='grc' dir='ltr'><strong>ι</strong></span> <span class='ocrx_word' id='word_1_554' title='bbox 2929 2675 3156 2742; x_wconf 88' lang='lat' dir='ltr'><strong>ethnici,</strong></span> <span class='ocrx_word' id='word_1_555' title='bbox 3211 2695 3231 2729; x_wconf 72' lang='grc' dir='ltr'><strong>ι</strong></span> <span class='ocrx_word' id='word_1_556' title='bbox 3265 2686 3399 2732; x_wconf 88' lang='lat' dir='ltr'><strong>teste</strong></span> <span class='ocrx_word' id='word_1_557' title='bbox 3429 2675 3693 2748; x_wconf 85' lang='lat' dir='ltr'><strong>Origene,</strong></span> 
     </span>
    </p>
   </div>
   <div class='ocr_carea' id='block_1_72' title="bbox 2096 2767 3696 2840">
    <p class='ocr_par' dir='ltr' id='par_1_72' title="bbox 2096 2767 3696 2840">
     <span class='ocr_line' id='line_1_72' title="bbox 2096 2767 3696 2840; baseline 0.001 -19"><span class='ocrx_word' id='word_1_558' title='bbox 2096 2781 2114 2821; x_wconf 84' lang='grc' dir='ltr'><strong>ι</strong></span> <span class='ocrx_word' id='word_1_559' title='bbox 2153 2770 2392 2840; x_wconf 82' lang='lat' dir='ltr'><strong>legentes</strong></span> <span class='ocrx_word' id='word_1_560' title='bbox 2428 2787 2447 2820; x_wconf 69' lang='grc' dir='ltr'><strong>ι</strong></span> <span class='ocrx_word' id='word_1_561' title='bbox 2483 2767 2684 2823; x_wconf 87' lang='lat' dir='ltr'><strong>Christi</strong></span> <span class='ocrx_word' id='word_1_562' title='bbox 2714 2767 3016 2836; x_wconf 87' lang='lat' dir='ltr'><strong>historiam,</strong></span> <span class='ocrx_word' id='word_1_563' title='bbox 3048 2769 3248 2839; x_wconf 88' lang='lat' dir='ltr'><strong>opinati</strong></span> <span class='ocrx_word' id='word_1_564' title='bbox 3280 2780 3398 2823; x_wconf 90' lang='lat' dir='ltr'><strong>sunt</strong></span> <span class='ocrx_word' id='word_1_565' title='bbox 3430 2769 3696 2824; x_wconf 66' lang='lat' dir='ltr'><strong>Christia-</strong></span> 
     </span>
    </p>
   </div>
   <div class='ocr_carea' id='block_1_73' title="bbox 2091 2852 3696 2928">
    <p class='ocr_par' dir='ltr' id='par_1_73' title="bbox 2091 2852 3696 2928">
     <span class='ocr_line' id='line_1_73' title="bbox 2091 2852 3696 2928; baseline 0.002 -13"><span class='ocrx_word' id='word_1_566' title='bbox 2091 2876 2190 2915; x_wconf 88' lang='lat' dir='ltr'><strong>nos</strong></span> <span class='ocrx_word' id='word_1_567' title='bbox 2227 2860 2476 2914; x_wconf 91' lang='lat' dir='ltr'><strong>omnibus</strong></span> <span class='ocrx_word' id='word_1_568' title='bbox 2510 2861 2560 2914; x_wconf 90' lang='lat' dir='ltr'><strong>in</strong></span> <span class='ocrx_word' id='word_1_569' title='bbox 2605 2871 2824 2914; x_wconf 82' lang='lat' dir='ltr'><strong>crucem</strong></span> <span class='ocrx_word' id='word_1_570' title='bbox 2867 2863 3001 2916; x_wconf 85' lang='lat' dir='ltr'><strong>actis</strong></span> <span class='ocrx_word' id='word_1_571' title='bbox 3041 2863 3272 2928; x_wconf 86' lang='lat' dir='ltr'><strong>aliquam</strong></span> <span class='ocrx_word' id='word_1_572' title='bbox 3313 2852 3571 2918; x_wconf 56' lang='lat' dir='ltr'><strong>exhibere</strong></span> <span class='ocrx_word' id='word_1_573' title='bbox 3603 2879 3696 2918; x_wconf 86' lang='lat' dir='ltr'><strong>ve-</strong></span> 
     </span>
    </p>
   </div>
   <div class='ocr_carea' id='block_1_74' title="bbox 2090 2948 3699 3022">
    <p class='ocr_par' dir='ltr' id='par_1_74' title="bbox 2090 2948 3699 3022">
     <span class='ocr_line' id='line_1_74' title="bbox 2090 2948 3699 3022; baseline 0 -15"><span class='ocrx_word' id='word_1_574' title='bbox 2090 2953 2460 3018; x_wconf 83' lang='lat' dir='ltr'><strong>nerationem;</strong></span> <span class='ocrx_word' id='word_1_575' title='bbox 2501 2953 2571 3007; x_wconf 89' lang='lat' dir='ltr'><strong>ita</strong></span> <span class='ocrx_word' id='word_1_576' title='bbox 2613 2951 2773 3007; x_wconf 88' lang='lat' dir='ltr'><strong>etiam</strong></span> <span class='ocrx_word' id='word_1_577' title='bbox 2808 2948 2943 3006; x_wconf 79' lang='lat' dir='ltr'><strong>falso</strong></span> <span class='ocrx_word' id='word_1_578' title='bbox 2973 2951 3346 3018; x_wconf 87' lang='lat' dir='ltr'><strong>crediderunt,</strong></span> <span class='ocrx_word' id='word_1_579' title='bbox 3384 2953 3504 3007; x_wconf 79' lang='lat' dir='ltr'><strong>illos</strong></span> <span class='ocrx_word' id='word_1_580' title='bbox 3535 2969 3699 3022; x_wconf 86' lang='lat' dir='ltr'><strong>quas-</strong></span> 
     </span>
    </p>
   </div>
   <div class='ocr_carea' id='block_1_75' title="bbox 2092 3041 3691 3114">
    <p class='ocr_par' dir='ltr' id='par_1_75' title="bbox 2092 3041 3691 3114">
     <span class='ocr_line' id='line_1_75' title="bbox 2092 3041 3691 3114; baseline 0.002 -15"><span class='ocrx_word' id='word_1_581' title='bbox 2092 3041 2218 3100; x_wconf 87' lang='lat' dir='ltr'><strong>libet</strong></span> <span class='ocrx_word' id='word_1_582' title='bbox 2259 3057 2449 3099; x_wconf 83' lang='lat' dir='ltr'><strong>cruces</strong></span> <span class='ocrx_word' id='word_1_583' title='bbox 2493 3043 2732 3098; x_wconf 87' lang='lat' dir='ltr'><strong>rcvereri</strong></span> <span class='ocrx_word' id='word_1_584' title='bbox 2778 3042 3056 3114; x_wconf 86' lang='lat' dir='ltr'><strong>(Origcn.,</strong></span> <span class='ocrx_word' id='word_1_585' title='bbox 3099 3043 3190 3097; x_wconf 93' lang='lat' dir='ltr'><strong>lib.</strong></span> <span class='ocrx_word' id='word_1_586' title='bbox 3228 3059 3294 3107; x_wconf 92' lang='lat' dir='ltr'><strong>Il,</strong></span> <span class='ocrx_word' id='word_1_587' title='bbox 3338 3053 3499 3098; x_wconf 81' lang='lat' dir='ltr'><strong>contr.</strong></span> <span class='ocrx_word' id='word_1_588' title='bbox 3533 3044 3691 3111; x_wconf 77' lang='lat' dir='ltr'><strong>(.‘els.,</strong></span> 
     </span>
    </p>
   </div>
   <div class='ocr_carea' id='block_1_76' title="bbox 2090 3133 3700 3210">
    <p class='ocr_par' dir='ltr' id='par_1_76' title="bbox 2090 3133 3700 3210">
     <span class='ocr_line' id='line_1_76' title="bbox 2090 3133 3700 3210; baseline 0.004 -21"><span class='ocrx_word' id='word_1_589' title='bbox 2090 3150 2214 3209; x_wconf 85' lang='lat' dir='ltr'><strong>pag.</strong></span> <span class='ocrx_word' id='word_1_590' title='bbox 2245 3136 2376 3210; x_wconf 84' lang='lat'><strong>87).</strong></span> <span class='ocrx_word' id='word_1_591' title='bbox 2412 3135 2546 3191; x_wconf 89' lang='lat' dir='ltr'><strong>Huic</strong></span> <span class='ocrx_word' id='word_1_592' title='bbox 2590 3147 2768 3191; x_wconf 85' lang='lat' dir='ltr'><strong>autem</strong></span> <span class='ocrx_word' id='word_1_593' title='bbox 2811 3133 3160 3204; x_wconf 81' lang='lat' dir='ltr'><strong>explicationi</strong></span> <span class='ocrx_word' id='word_1_594' title='bbox 3191 3135 3370 3192; x_wconf 78' lang='lat' dir='ltr'><strong>lavere</strong></span> <span class='ocrx_word' id='word_1_595' title='bbox 3401 3137 3613 3192; x_wconf 75' lang='lat' dir='ltr'><strong>videtur</strong></span> <span class='ocrx_word' id='word_1_596' title='bbox 3640 3149 3700 3195; x_wconf 88' lang='lat' dir='ltr'><strong>et</strong></span> 
     </span>
    </p>
   </div>
   <div class='ocr_carea' id='block_1_77' title="bbox 2015 3211 3696 3306">
    <p class='ocr_par' dir='ltr' id='par_1_77' title="bbox 2015 3211 3696 3306">
     <span class='ocr_line' id='line_1_77' title="bbox 2015 3211 3696 3306; baseline 0.001 -22"><span class='ocrx_word' id='word_1_597' title='bbox 2015 3211 2066 3298; x_wconf 48' lang='lat' dir='ltr'><strong>C‘</strong></span> <span class='ocrx_word' id='word_1_598' title='bbox 2093 3214 2292 3285; x_wconf 69' lang='grc' dir='ltr'><strong>Ωιι-εῖΙῆ</strong></span> <span class='ocrx_word' id='word_1_599' title='bbox 2333 3227 2675 3299; x_wconf 86' lang='lat' dir='ltr'><strong>redargutio,</strong></span> <span class='ocrx_word' id='word_1_600' title='bbox 2717 3237 2768 3283; x_wconf 91' lang='lat' dir='ltr'><strong>et</strong></span> <span class='ocrx_word' id='word_1_601' title='bbox 2812 3227 3022 3306; x_wconf 77' lang='lat' dir='ltr'><strong>Minucii</strong></span> <span class='ocrx_word' id='word_1_602' title='bbox 3072 3215 3410 3298; x_wconf 82' lang='lat' dir='ltr'><strong>responsum.</strong></span> <span class='ocrx_word' id='word_1_603' title='bbox 3459 3215 3696 3300; x_wconf 82' lang='lat' dir='ltr'><strong>Uterque</strong></span> 
     </span>
    </p>
   </div>
   <div class='ocr_carea' id='block_1_78' title="bbox 2094 3310 3698 3392">
    <p class='ocr_par' dir='ltr' id='par_1_78' title="bbox 2094 3310 3698 3392">
     <span class='ocr_line' id='line_1_78' title="bbox 2094 3310 3698 3392; baseline -0.002 -13"><span class='ocrx_word' id='word_1_604' title='bbox 2094 3326 2236 3379; x_wconf 88' lang='lat' dir='ltr'><strong>enim</strong></span> <span class='ocrx_word' id='word_1_605' title='bbox 2271 3337 2378 3376; x_wconf 90' lang='lat' dir='ltr'><strong>non</strong></span> <span class='ocrx_word' id='word_1_606' title='bbox 2418 3322 2484 3376; x_wconf 87' lang='lat' dir='ltr'><strong>de</strong></span> <span class='ocrx_word' id='word_1_607' title='bbox 2523 3335 2683 3376; x_wconf 80' lang='lat' dir='ltr'><strong>cruce</strong></span> <span class='ocrx_word' id='word_1_608' title='bbox 2717 3319 2891 3392; x_wconf 75' lang='lat' dir='ltr'><strong>aliqua</strong></span> <span class='ocrx_word' id='word_1_609' title='bbox 2929 3319 3295 3390; x_wconf 85' lang='lat' dir='ltr'><strong>singulariter,</strong></span> <span class='ocrx_word' id='word_1_610' title='bbox 3341 3313 3434 3376; x_wconf 83' lang='lat' dir='ltr'><strong>sed</strong></span> <span class='ocrx_word' id='word_1_611' title='bbox 3473 3310 3698 3392; x_wconf 84' lang='lat' dir='ltr'><strong>genera-</strong></span> 
     </span>
    </p>
   </div>
   <div class='ocr_carea' id='block_1_79' title="bbox 2094 3403 3698 3471">
    <p class='ocr_par' dir='ltr' id='par_1_79' title="bbox 2094 3403 3698 3471">
     <span class='ocr_line' id='line_1_79' title="bbox 2094 3403 3698 3471; baseline -0.002 0"><span class='ocrx_word' id='word_1_612' title='bbox 2094 3417 2188 3471; x_wconf 90' lang='lat' dir='ltr'><strong>tim</strong></span> <span class='ocrx_word' id='word_1_613' title='bbox 2212 3415 2281 3471; x_wconf 90' lang='lat' dir='ltr'><strong>de</strong></span> <span class='ocrx_word' id='word_1_614' title='bbox 2305 3414 2560 3470; x_wconf 82' lang='lat' dir='ltr'><strong>crucibus</strong></span> <span class='ocrx_word' id='word_1_615' title='bbox 2589 3411 2893 3469; x_wconf 82' lang='lat' dir='ltr'><strong>sermonem</strong></span> <span class='ocrx_word' id='word_1_616' title='bbox 2925 3411 3066 3468; x_wconf 82' lang='lat' dir='ltr'><strong>fecit.</strong></span> <span class='ocrx_word' id='word_1_617' title='bbox 3101 3413 3279 3468; x_wconf 86' lang='lat' dir='ltr'><strong>Potuit</strong></span> <span class='ocrx_word' id='word_1_618' title='bbox 3311 3403 3486 3469; x_wconf 76' lang='lat' dir='ltr'><strong>autem</strong></span> <span class='ocrx_word' id='word_1_619' title='bbox 3523 3415 3698 3469; x_wconf 83' lang='lat' dir='ltr'><strong>illinu-</strong></span> 
     </span>
    </p>
   </div>
   <div class='ocr_carea' id='block_1_80' title="bbox 2095 3499 3699 3574">
    <p class='ocr_par' dir='ltr' id='par_1_80' title="bbox 2095 3499 3699 3574">
     <span class='ocr_line' id='line_1_80' title="bbox 2095 3499 3699 3574; baseline -0.002 -8"><span class='ocrx_word' id='word_1_620' title='bbox 2095 3511 2212 3566; x_wconf 89' lang='lat' dir='ltr'><strong>cius</strong></span> <span class='ocrx_word' id='word_1_621' title='bbox 2255 3520 2402 3565; x_wconf 88' lang='lat' dir='ltr'><strong>recte</strong></span> <span class='ocrx_word' id='word_1_622' title='bbox 2432 3511 2654 3563; x_wconf 80' lang='lat' dir='ltr'><strong>mnuiuo</strong></span> <span class='ocrx_word' id='word_1_623' title='bbox 2683 3505 2865 3563; x_wconf 86' lang='lat' dir='ltr'><strong>dicere</strong></span> <span class='ocrx_word' id='word_1_624' title='bbox 2892 3502 3230 3562; x_wconf 80' lang='lat' dir='ltr'><strong>Christianos</strong></span> <span class='ocrx_word' id='word_1_625' title='bbox 3273 3499 3548 3563; x_wconf 72' lang='lat' dir='ltr'><strong>hominum</strong></span> <span class='ocrx_word' id='word_1_626' title='bbox 3572 3552 3586 3574; x_wconf 92' lang='lat'><strong>,</strong></span> <span class='ocrx_word' id='word_1_627' title='bbox 3627 3511 3699 3562; x_wconf 88' lang='lat' dir='ltr'><strong>ob</strong></span> 
     </span>
    </p>
   </div>
   <div class='ocr_carea' id='block_1_81' title="bbox 2097 3577 3700 3667">
    <p class='ocr_par' dir='ltr' id='par_1_81' title="bbox 2097 3577 3700 3667">
     <span class='ocr_line' id='line_1_81' title="bbox 2097 3577 3700 3667; baseline -0.001 -10"><span class='ocrx_word' id='word_1_628' title='bbox 2097 3604 2303 3657; x_wconf 87' lang='lat' dir='ltr'><strong>scelera</strong></span> <span class='ocrx_word' id='word_1_629' title='bbox 2336 3595 2512 3657; x_wconf 84' lang='lat' dir='ltr'><strong>morte</strong></span> <span class='ocrx_word' id='word_1_630' title='bbox 2542 3601 2914 3656; x_wconf 87' lang='lat' dir='ltr'><strong>damnatorum</strong></span> <span class='ocrx_word' id='word_1_631' title='bbox 2941 3639 2956 3666; x_wconf 94' lang='lat'><strong>,</strong></span> <span class='ocrx_word' id='word_1_632' title='bbox 2998 3577 3187 3655; x_wconf 66' lang='lat' dir='ltr'><strong>ciuces</strong></span> <span class='ocrx_word' id='word_1_633' title='bbox 3221 3615 3320 3656; x_wconf 71' lang='lat' dir='ltr'><strong>rec</strong></span> <span class='ocrx_word' id='word_1_634' title='bbox 3346 3603 3552 3667; x_wconf 73' lang='lat' dir='ltr'><strong>coiere,</strong></span> <span class='ocrx_word' id='word_1_635' title='bbox 3598 3615 3700 3656; x_wconf 87' lang='lat' dir='ltr'><strong>nec</strong></span> 
     </span>
    </p>
   </div>
   <div class='ocr_carea' id='block_1_82' title="bbox 2097 3707 3410 3770">
    <p class='ocr_par' dir='ltr' id='par_1_82' title="bbox 2097 3707 3410 3770">
     <span class='ocr_line' id='line_1_82' title="bbox 2097 3707 3410 3770; baseline -0.002 -19"><span class='ocrx_word' id='word_1_636' title='bbox 2097 3707 2304 3767; x_wconf 86' lang='lat' dir='ltr'><strong>optare.</strong></span> <span class='ocrx_word' id='word_1_637' title='bbox 3197 3765 3204 3770; x_wconf 91' lang='lat'><em>_</em></span> <span class='ocrx_word' id='word_1_638' title='bbox 3403 3763 3410 3770; x_wconf 35' lang='lat'>.</span> 
     </span>
    </p>
   </div>
   <div class='ocr_carea' id='block_1_83' title="bbox 2171 3765 3703 3860">
    <p class='ocr_par' dir='ltr' id='par_1_83' title="bbox 2171 3765 3703 3860">
     <span class='ocr_line' id='line_1_83' title="bbox 2171 3765 3703 3860; baseline -0.005 -15"><span class='ocrx_word' id='word_1_639' title='bbox 2171 3788 2226 3845; x_wconf 90' lang='lat' dir='ltr'><strong>Si</strong></span> <span class='ocrx_word' id='word_1_640' title='bbox 2250 3789 2372 3860; x_wconf 80' lang='lat' dir='ltr'><strong>q‘nis‘</strong></span> <span class='ocrx_word' id='word_1_641' title='bbox 2396 3803 2524 3844; x_wconf 86' lang='lat' dir='ltr'><strong>vero</strong></span> <span class='ocrx_word' id='word_1_642' title='bbox 2549 3787 2661 3842; x_wconf 70' lang='lat' dir='ltr'><strong>lucc</strong></span> <span class='ocrx_word' id='word_1_643' title='bbox 2686 3783 2854 3856; x_wconf 66' lang='lat' dir='ltr'><strong>ipsius</strong></span> <span class='ocrx_word' id='word_1_644' title='bbox 2883 3785 3046 3841; x_wconf 87' lang='lat' dir='ltr'><strong>verba</strong></span> <span class='ocrx_word' id='word_1_645' title='bbox 3079 3785 3147 3840; x_wconf 89' lang='lat' dir='ltr'><strong>de</strong></span> <span class='ocrx_word' id='word_1_646' title='bbox 3179 3765 3320 3838; x_wconf 67' lang='lat' dir='ltr'><strong>verte</strong></span> <span class='ocrx_word' id='word_1_647' title='bbox 3349 3765 3550 3838; x_wconf 82' lang='lat' dir='ltr'><strong>Christi</strong></span> <span class='ocrx_word' id='word_1_648' title='bbox 3578 3775 3703 3838; x_wconf 79' lang='lat' dir='ltr'><strong>cru-</strong></span> 
     </span>
    </p>
   </div>
   <div class='ocr_carea' id='block_1_84' title="bbox 2099 3868 3700 3951">
    <p class='ocr_par' dir='ltr' id='par_1_84' title="bbox 2099 3868 3700 3951">
     <span class='ocr_line' id='line_1_84' title="bbox 2099 3868 3700 3951; baseline -0.004 -13"><span class='ocrx_word' id='word_1_649' title='bbox 2099 3883 2177 3940; x_wconf 89' lang='lat' dir='ltr'><strong>cis</strong></span> <span class='ocrx_word' id='word_1_650' title='bbox 2209 3878 2530 3951; x_wconf 86' lang='lat' dir='ltr'><strong>imaginihus</strong></span> <span class='ocrx_word' id='word_1_651' title='bbox 2559 3868 2882 3948; x_wconf 81' lang='lat' dir='ltr'><strong>exponenda</strong></span> <span class='ocrx_word' id='word_1_652' title='bbox 2909 3891 3030 3934; x_wconf 88' lang='lat' dir='ltr'><strong>esse</strong></span> <span class='ocrx_word' id='word_1_653' title='bbox 3057 3877 3369 3944; x_wconf 88' lang='lat' dir='ltr'><strong>arbitretur,</strong></span> <span class='ocrx_word' id='word_1_654' title='bbox 3403 3877 3540 3932; x_wconf 84' lang='lat' dir='ltr'><strong>hanc</strong></span> <span class='ocrx_word' id='word_1_655' title='bbox 3567 3879 3700 3948; x_wconf 60' lang='lat' dir='ltr'><strong>pro:</strong></span> 
     </span>
    </p>
   </div>
   <div class='ocr_carea' id='block_1_85' title="bbox 2099 3961 3699 4040">
    <p class='ocr_par' dir='ltr' id='par_1_85' title="bbox 2099 3961 3699 4040">
     <span class='ocr_line' id='line_1_85' title="bbox 2099 3961 3699 4040; baseline -0.002 -9"><span class='ocrx_word' id='word_1_656' title='bbox 2099 3972 2355 4031; x_wconf 88' lang='lat' dir='ltr'><strong>culdubio</strong></span> <span class='ocrx_word' id='word_1_657' title='bbox 2397 3973 2734 4030; x_wconf 76' lang='lat' dir='ltr'><strong>existimabit</strong></span> <span class='ocrx_word' id='word_1_658' title='bbox 2775 3961 2896 4029; x_wconf 77' lang='lat' dir='ltr'><strong>esse</strong></span> <span class='ocrx_word' id='word_1_659' title='bbox 2925 3973 3045 4040; x_wconf 90' lang='lat' dir='ltr'><strong>ejus</strong></span> <span class='ocrx_word' id='word_1_660' title='bbox 3091 3976 3326 4029; x_wconf 84' lang='lat' dir='ltr'><strong>mentem</strong></span> <span class='ocrx_word' id='word_1_661' title='bbox 3359 3987 3422 4028; x_wconf 90' lang='lat' dir='ltr'><strong>ac</strong></span> <span class='ocrx_word' id='word_1_662' title='bbox 3456 3985 3699 4028; x_wconf 75' lang='lat' dir='ltr'><strong>sensum.</strong></span> 
     </span>
    </p>
   </div>
   <div class='ocr_carea' id='block_1_86' title="bbox 2099 4049 3699 4137">
    <p class='ocr_par' dir='ltr' id='par_1_86' title="bbox 2099 4049 3699 4137">
     <span class='ocr_line' id='line_1_86' title="bbox 2099 4049 3699 4137; baseline -0.002 -15"><span class='ocrx_word' id='word_1_663' title='bbox 2099 4065 2300 4122; x_wconf 89' lang='lat' dir='ltr'><strong>Cruces</strong></span> <span class='ocrx_word' id='word_1_664' title='bbox 2329 4077 2419 4121; x_wconf 90' lang='lat' dir='ltr'><strong>aut</strong></span> <span class='ocrx_word' id='word_1_665' title='bbox 2450 4067 2652 4137; x_wconf 81' lang='lat' dir='ltr'><strong>ligneas</strong></span> <span class='ocrx_word' id='word_1_666' title='bbox 2674 4107 2689 4131; x_wconf 92' lang='lat'><strong>,</strong></span> <span class='ocrx_word' id='word_1_667' title='bbox 2723 4073 2814 4120; x_wconf 83' lang='lat' dir='ltr'><strong>aut</strong></span> <span class='ocrx_word' id='word_1_668' title='bbox 2853 4057 3102 4134; x_wconf 79' lang='lat' dir='ltr'><strong>enjusvis</strong></span> <span class='ocrx_word' id='word_1_669' title='bbox 3127 4049 3367 4119; x_wconf 80' lang='lat' dir='ltr'><strong>materiei</strong></span> <span class='ocrx_word' id='word_1_670' title='bbox 3410 4053 3516 4119; x_wconf 75' lang='lat' dir='ltr'><strong>non</strong></span> <span class='ocrx_word' id='word_1_671' title='bbox 3559 4064 3699 4118; x_wconf 82' lang='lat' dir='ltr'><strong>Coli-</strong></span> 
     </span>
    </p>
   </div>
   <div class='ocr_carea' id='block_1_87' title="bbox 2100 4137 3701 4232">
    <p class='ocr_par' dir='ltr' id='par_1_87' title="bbox 2100 4137 3701 4232">
     <span class='ocr_line' id='line_1_87' title="bbox 2100 4137 3701 4232; baseline -0.002 -16"><span class='ocrx_word' id='word_1_672' title='bbox 2100 4175 2242 4226; x_wconf 92' lang='lat' dir='ltr'><strong>mus;</strong></span> <span class='ocrx_word' id='word_1_673' title='bbox 2265 4161 2386 4232; x_wconf 90' lang='lat' dir='ltr'><strong>quia</strong></span> <span class='ocrx_word' id='word_1_674' title='bbox 2413 4159 2583 4230; x_wconf 86' lang='lat' dir='ltr'><strong>ipsum</strong></span> <span class='ocrx_word' id='word_1_675' title='bbox 2609 4142 2832 4231; x_wconf 86' lang='lat' dir='ltr'><strong>lignum,</strong></span> <span class='ocrx_word' id='word_1_676' title='bbox 2857 4165 2950 4214; x_wconf 88' lang='lat' dir='ltr'><strong>aut</strong></span> <span class='ocrx_word' id='word_1_677' title='bbox 2969 4157 3132 4214; x_wconf 88' lang='lat' dir='ltr'><strong>aliam</strong></span> <span class='ocrx_word' id='word_1_678' title='bbox 3161 4137 3390 4213; x_wconf 65' lang='lat' dir='ltr'><strong>similem</strong></span> <span class='ocrx_word' id='word_1_679' title='bbox 3418 4157 3701 4214; x_wconf 87' lang='lat' dir='ltr'><strong>materiam</strong></span> 
     </span>
    </p>
   </div>
   <div class='ocr_carea' id='block_1_88' title="bbox 2101 4245 3703 4322">
    <p class='ocr_par' dir='ltr' id='par_1_88' title="bbox 2101 4245 3703 4322">
     <span class='ocr_line' id='line_1_88' title="bbox 2101 4245 3703 4322; baseline -0.002 -10"><span class='ocrx_word' id='word_1_680' title='bbox 2101 4269 2207 4312; x_wconf 88' lang='lat' dir='ltr'><strong>non</strong></span> <span class='ocrx_word' id='word_1_681' title='bbox 2239 4255 2586 4316; x_wconf 88' lang='lat' dir='ltr'><strong>honoramus.</strong></span> <span class='ocrx_word' id='word_1_682' title='bbox 2619 4253 2713 4310; x_wconf 89' lang='lat' dir='ltr'><strong>sed</strong></span> <span class='ocrx_word' id='word_1_683' title='bbox 2760 4269 2977 4309; x_wconf 90' lang='lat' dir='ltr'><strong>crucem</strong></span> <span class='ocrx_word' id='word_1_684' title='bbox 3013 4251 3268 4322; x_wconf 88' lang='lat' dir='ltr'><strong>videndo,</strong></span> <span class='ocrx_word' id='word_1_685' title='bbox 3313 4245 3529 4308; x_wconf 72' lang='lat' dir='ltr'><strong>omnem</strong></span> <span class='ocrx_word' id='word_1_686' title='bbox 3574 4269 3703 4309; x_wconf 89' lang='lat' dir='ltr'><strong>nos-</strong></span> 
     </span>
    </p>
   </div>
   <div class='ocr_carea' id='block_1_89' title="bbox 2103 4339 3703 4422">
    <p class='ocr_par' dir='ltr' id='par_1_89' title="bbox 2103 4339 3703 4422">
     <span class='ocr_line' id='line_1_89' title="bbox 2103 4339 3703 4422; baseline -0.002 -16"><span class='ocrx_word' id='word_1_687' title='bbox 2103 4352 2244 4407; x_wconf 81' lang='lat' dir='ltr'><strong>trum</strong></span> <span class='ocrx_word' id='word_1_688' title='bbox 2273 4345 2495 4416; x_wconf 88' lang='lat' dir='ltr'><strong>cultum,</strong></span> <span class='ocrx_word' id='word_1_689' title='bbox 2531 4349 2596 4406; x_wconf 92' lang='lat' dir='ltr'><strong>ad</strong></span> <span class='ocrx_word' id='word_1_690' title='bbox 2632 4341 2948 4422; x_wconf 79' lang='lat' dir='ltr'><strong>ipsummet,</strong></span> <span class='ocrx_word' id='word_1_691' title='bbox 2997 4351 3086 4420; x_wconf 93' lang='lat' dir='ltr'><strong>qui</strong></span> <span class='ocrx_word' id='word_1_692' title='bbox 3130 4349 3180 4404; x_wconf 92' lang='lat' dir='ltr'><strong>in</strong></span> <span class='ocrx_word' id='word_1_693' title='bbox 3223 4365 3383 4404; x_wconf 87' lang='lat' dir='ltr'><strong>cruce</strong></span> <span class='ocrx_word' id='word_1_694' title='bbox 3414 4339 3703 4420; x_wconf 85' lang='lat' dir='ltr'><strong>pependit,</strong></span> 
     </span>
    </p>
   </div>
   <div class='ocr_carea' id='block_1_90' title="bbox 2102 4429 3704 4518">
    <p class='ocr_par' dir='ltr' id='par_1_90' title="bbox 2102 4429 3704 4518">
     <span class='ocr_line' id='line_1_90' title="bbox 2102 4429 3704 4518; baseline -0.002 -17"><span class='ocrx_word' id='word_1_695' title='bbox 2102 4429 2370 4501; x_wconf 86' lang='lat' dir='ltr'><strong>Christum</strong></span> <span class='ocrx_word' id='word_1_696' title='bbox 2415 4437 2716 4501; x_wconf 73' lang='lat' dir='ltr'><strong>referimus.</strong></span> <span class='ocrx_word' id='word_1_697' title='bbox 2761 4444 2872 4500; x_wconf 84' lang='lat' dir='ltr'><strong>Nec</strong></span> <span class='ocrx_word' id='word_1_698' title='bbox 2916 4435 3206 4518; x_wconf 62' lang='lat' dir='ltr'><strong>eriplicatrO</strong></span> <span class='ocrx_word' id='word_1_699' title='bbox 3247 4443 3334 4498; x_wconf 86' lang='lat' dir='ltr'><strong>illa</strong></span> <span class='ocrx_word' id='word_1_700' title='bbox 3381 4431 3704 4511; x_wconf 73' lang='lat' dir='ltr'><strong>quibusdam</strong></span> 
     </span>
    </p>
   </div>
   <div class='ocr_carea' id='block_1_91' title="bbox 2105 4525 3706 4602">
    <p class='ocr_par' dir='ltr' id='par_1_91' title="bbox 2105 4525 3706 4602">
     <span class='ocr_line' id='line_1_91' title="bbox 2105 4525 3706 4602; baseline -0.001 -12"><span class='ocrx_word' id='word_1_701' title='bbox 2105 4537 2266 4592; x_wconf 89' lang='lat' dir='ltr'><strong>nimis</strong></span> <span class='ocrx_word' id='word_1_702' title='bbox 2303 4535 2536 4592; x_wconf 87' lang='lat' dir='ltr'><strong>violenta</strong></span> <span class='ocrx_word' id='word_1_703' title='bbox 2574 4532 2903 4591; x_wconf 83' lang='lat' dir='ltr'><strong>censebitur.</strong></span> <span class='ocrx_word' id='word_1_704' title='bbox 2935 4526 3250 4590; x_wconf 50' lang='lat' dir='ltr'><strong>Ambrosius</strong></span> <span class='ocrx_word' id='word_1_705' title='bbox 3277 4533 3574 4594; x_wconf 88' lang='lat' dir='ltr'><strong>enimvero.</strong></span> <span class='ocrx_word' id='word_1_706' title='bbox 3613 4525 3706 4602; x_wconf 82' lang='lat' dir='ltr'><strong>qui</strong></span> 
     </span>
    </p>
   </div>
   <div class='ocr_carea' id='block_1_92' title="bbox 395 4614 3706 4698">
    <p class='ocr_par' dir='ltr' id='par_1_92' title="bbox 395 4614 3706 4698">
     <span class='ocr_line' id='line_1_92' title="bbox 395 4614 3706 4698; baseline -0.001 -15"><span class='ocrx_word' id='word_1_707' title='bbox 395 4627 711 4683; x_wconf 88' lang='lat' dir='ltr'><strong>dubitanter</strong></span> <span class='ocrx_word' id='word_1_708' title='bbox 763 4632 1072 4698; x_wconf 82' lang='lat' dir='ltr'><strong>pronuntiat</strong></span> <span class='ocrx_word' id='word_1_709' title='bbox 1120 4627 1317 4684; x_wconf 86' lang='lat' dir='ltr'><strong>Christi</strong></span> <span class='ocrx_word' id='word_1_710' title='bbox 1371 4640 1590 4683; x_wconf 88' lang='lat' dir='ltr'><strong>crucem</strong></span> <span class='ocrx_word' id='word_1_711' title='bbox 1635 4629 1702 4684; x_wconf 91' lang='lat' dir='ltr'><strong>ab</strong></span> <span class='ocrx_word' id='word_1_712' title='bbox 1756 4629 1953 4684; x_wconf 89' lang='lat' dir='ltr'><strong>llclena</strong></span> <span class='ocrx_word' id='word_1_713' title='bbox 1980 4671 1995 4698; x_wconf 90' lang='lat'><strong>,</strong></span> <span class='ocrx_word' id='word_1_714' title='bbox 2103 4614 2286 4684; x_wconf 83' lang='lat' dir='ltr'><strong>veram</strong></span> <span class='ocrx_word' id='word_1_715' title='bbox 2313 4629 2527 4684; x_wconf 71' lang='lat' dir='ltr'><strong>crucem</strong></span> <span class='ocrx_word' id='word_1_716' title='bbox 2557 4626 2796 4695; x_wconf 90' lang='lat' dir='ltr'><strong>Christi,</strong></span> <span class='ocrx_word' id='word_1_717' title='bbox 2827 4627 2901 4681; x_wconf 90' lang='lat' dir='ltr'><strong>uti</strong></span> <span class='ocrx_word' id='word_1_718' title='bbox 2931 4627 3336 4682; x_wconf 76' lang='lat' dir='ltr'><strong>ohservnvimus</strong></span> <span class='ocrx_word' id='word_1_719' title='bbox 3357 4667 3374 4692; x_wconf 93' lang='lat'><strong>,</strong></span> <span class='ocrx_word' id='word_1_720' title='bbox 3403 4619 3454 4680; x_wconf 81' lang='lat' dir='ltr'><strong>iu</strong></span> <span class='ocrx_word' id='word_1_721' title='bbox 3485 4625 3706 4697; x_wconf 86' lang='lat' dir='ltr'><strong>regibus</strong></span> 
     </span>
    </p>
   </div>
   <div class='ocr_carea' id='block_1_93' title="bbox 395 4721 1994 4792">
    <p class='ocr_par' dir='ltr' id='par_1_93' title="bbox 395 4721 1994 4792">
     <span class='ocr_line' id='line_1_93' title="bbox 395 4721 1994 4792; baseline -0.001 -15"><span class='ocrx_word' id='word_1_722' title='bbox 395 4721 643 4792; x_wconf 79' lang='lat' dir='ltr'><strong>ejusdem</strong></span> <span class='ocrx_word' id='word_1_723' title='bbox 689 4722 1023 4776; x_wconf 80' lang='lat' dir='ltr'><strong>Constantini</strong></span> <span class='ocrx_word' id='word_1_724' title='bbox 1053 4731 1262 4788; x_wconf 87' lang='lat' dir='ltr'><strong>matre,</strong></span> <span class='ocrx_word' id='word_1_725' title='bbox 1308 4721 1362 4776; x_wconf 85' lang='lat' dir='ltr'><strong>in</strong></span> <span class='ocrx_word' id='word_1_726' title='bbox 1403 4725 1579 4792; x_wconf 84' lang='lat' dir='ltr'><strong>capite</strong></span> <span class='ocrx_word' id='word_1_727' title='bbox 1620 4737 1806 4792; x_wconf 85' lang='lat' dir='ltr'><strong>regum</strong></span> <span class='ocrx_word' id='word_1_728' title='bbox 1846 4722 1994 4776; x_wconf 86' lang='lat' dir='ltr'><strong>loea-</strong></span> 
     </span>
    </p>
   </div>
   <div class='ocr_carea' id='block_1_94' title="bbox 397 4813 1998 4886">
    <p class='ocr_par' dir='ltr' id='par_1_94' title="bbox 397 4813 1998 4886">
     <span class='ocr_line' id='line_1_94' title="bbox 397 4813 1998 4886; baseline 0.001 -18"><span class='ocrx_word' id='word_1_729' title='bbox 397 4824 508 4868; x_wconf 90' lang='lat' dir='ltr'><strong>tam</strong></span> <span class='ocrx_word' id='word_1_730' title='bbox 537 4854 550 4878; x_wconf 93' lang='lat'><strong>,</strong></span> <span class='ocrx_word' id='word_1_731' title='bbox 599 4831 621 4865; x_wconf 74' lang='grc' dir='ltr'><strong>ι</strong></span> <span class='ocrx_word' id='word_1_732' title='bbox 659 4822 716 4868; x_wconf 88' lang='lat' dir='ltr'><strong>ut</strong></span> <span class='ocrx_word' id='word_1_733' title='bbox 746 4814 798 4868; x_wconf 88' lang='lat' dir='ltr'><strong>in</strong></span> <span class='ocrx_word' id='word_1_734' title='bbox 829 4813 1044 4882; x_wconf 81' lang='lat' dir='ltr'><strong>regibus</strong></span> <span class='ocrx_word' id='word_1_735' title='bbox 1073 4813 1328 4868; x_wconf 85' lang='lat' dir='ltr'><strong>adoretur</strong></span> <span class='ocrx_word' id='word_1_736' title='bbox 1365 4833 1384 4866; x_wconf 79' lang='grc' dir='ltr'><strong>ι</strong></span> <span class='ocrx_word' id='word_1_737' title='bbox 1419 4813 1729 4886; x_wconf 62' lang='lat' dir='ltr'><strong>(Ambros,</strong></span> <span class='ocrx_word' id='word_1_738' title='bbox 1761 4825 1899 4870; x_wconf 89' lang='lat' dir='ltr'><strong>orat.</strong></span> <span class='ocrx_word' id='word_1_739' title='bbox 1933 4816 1998 4870; x_wconf 85' lang='lat' dir='ltr'><strong>de</strong></span> 
     </span>
    </p>
   </div>
   <div class='ocr_carea' id='block_1_95' title="bbox 403 4897 1996 4978">
    <p class='ocr_par' dir='ltr' id='par_1_95' title="bbox 403 4897 1996 4978">
     <span class='ocr_line' id='line_1_95' title="bbox 403 4897 1996 4978; baseline 0.001 -18"><span class='ocrx_word' id='word_1_740' title='bbox 403 4905 540 4960; x_wconf 84' lang='lat' dir='ltr'><strong>Obit.</strong></span> <span class='ocrx_word' id='word_1_741' title='bbox 579 4903 860 4968; x_wconf 80' lang='lat' dir='ltr'><strong>Tlteodos..</strong></span> <span class='ocrx_word' id='word_1_742' title='bbox 903 4901 1054 4978; x_wconf 63' lang='grc' dir='ltr'><strong>μδ,</strong></span> <span class='ocrx_word' id='word_1_743' title='bbox 1089 4919 1210 4976; x_wconf 87' lang='lat' dir='ltr'><strong>pag.</strong></span> <span class='ocrx_word' id='word_1_744' title='bbox 1243 4905 1376 4960; x_wconf 71' lang='grc' dir='ltr'>ηιι</span> <span class='ocrx_word' id='word_1_745' title='bbox 1403 4903 1444 4978; x_wconf 91' lang='grc'><strong>).</strong></span> <span class='ocrx_word' id='word_1_746' title='bbox 1479 4897 1839 4978; x_wconf 87' lang='lat' dir='ltr'><strong>llieronymus</strong></span> <span class='ocrx_word' id='word_1_747' title='bbox 1866 4921 1996 4962; x_wconf 88' lang='lat' dir='ltr'><strong>vero</strong></span> 
     </span>
    </p>
   </div>
   <div class='ocr_carea' id='block_1_96' title="bbox 398 4997 1994 5070">
    <p class='ocr_par' dir='ltr' id='par_1_96' title="bbox 398 4997 1994 5070">
     <span class='ocr_line' id='line_1_96' title="bbox 398 4997 1994 5070; baseline 0 -17"><span class='ocrx_word' id='word_1_748' title='bbox 398 4999 477 5053; x_wconf 84' lang='lat' dir='ltr'><strong>ait</strong></span> <span class='ocrx_word' id='word_1_749' title='bbox 500 4997 718 5052; x_wconf 84' lang='lat' dir='ltr'><strong>Paulam</strong></span> <span class='ocrx_word' id='word_1_750' title='bbox 753 5016 771 5050; x_wconf 80' lang='grc' dir='ltr'><strong>ι</strong></span> <span class='ocrx_word' id='word_1_751' title='bbox 809 5007 1132 5068; x_wconf 83' lang='lat' dir='ltr'><strong>prostratam</strong></span> <span class='ocrx_word' id='word_1_752' title='bbox 1163 5007 1290 5054; x_wconf 87' lang='lat' dir='ltr'><strong>ante</strong></span> <span class='ocrx_word' id='word_1_753' title='bbox 1310 5012 1548 5065; x_wconf 91' lang='lat' dir='ltr'><strong>crucem,</strong></span> <span class='ocrx_word' id='word_1_754' title='bbox 1577 4999 1727 5070; x_wconf 80' lang='lat' dir='ltr'><strong>quasi</strong></span> <span class='ocrx_word' id='word_1_755' title='bbox 1751 4997 1994 5070; x_wconf 81' lang='lat' dir='ltr'><strong>penden-</strong></span> 
     </span>
    </p>
   </div>
   <div class='ocr_carea' id='block_1_97' title="bbox 397 5089 1990 5164">
    <p class='ocr_par' dir='ltr' id='par_1_97' title="bbox 397 5089 1990 5164">
     <span class='ocr_line' id='line_1_97' title="bbox 397 5089 1990 5164; baseline 0 -18"><span class='ocrx_word' id='word_1_756' title='bbox 397 5099 511 5146; x_wconf 85' lang='lat' dir='ltr'><strong>tem</strong></span> <span class='ocrx_word' id='word_1_757' title='bbox 545 5089 826 5145; x_wconf 86' lang='lat' dir='ltr'><strong>Dominum</strong></span> <span class='ocrx_word' id='word_1_758' title='bbox 850 5102 1117 5156; x_wconf 84' lang='lat' dir='ltr'><strong>cerneret,</strong></span> <span class='ocrx_word' id='word_1_759' title='bbox 1149 5091 1406 5148; x_wconf 87' lang='lat' dir='ltr'><strong>adorasse</strong></span> <span class='ocrx_word' id='word_1_760' title='bbox 1443 5110 1464 5144; x_wconf 69' lang='grc' dir='ltr'><strong>ι</strong></span> <span class='ocrx_word' id='word_1_761' title='bbox 1496 5089 1517 5163; x_wconf 96' lang='grc'>(</span> <span class='ocrx_word' id='word_1_762' title='bbox 1545 5090 1792 5160; x_wconf 71' lang='lat' dir='ltr'><strong>nierum,</strong></span> <span class='ocrx_word' id='word_1_763' title='bbox 1818 5091 1990 5164; x_wconf 87' lang='lat' dir='ltr'><strong>Epist.</strong></span> 
     </span>
    </p>
   </div>
   <div class='ocr_carea' id='block_1_98' title="bbox 397 5184 1488 5258">
    <p class='ocr_par' dir='ltr' id='par_1_98' title="bbox 397 5184 1488 5258">
     <span class='ocr_line' id='line_1_98' title="bbox 397 5184 1488 5258; baseline -0.003 -16"><span class='ocrx_word' id='word_1_764' title='bbox 397 5184 490 5253; x_wconf 83' lang='lat'><strong>86,</strong></span> <span class='ocrx_word' id='word_1_765' title='bbox 526 5200 620 5242; x_wconf 88' lang='lat' dir='ltr'><strong>seu</strong></span> <span class='ocrx_word' id='word_1_766' title='bbox 651 5185 898 5256; x_wconf 82' lang='lat' dir='ltr'><strong>Epitaph.</strong></span> <span class='ocrx_word' id='word_1_767' title='bbox 933 5185 1135 5250; x_wconf 76' lang='lat' dir='ltr'><strong>Parthe,</strong></span> <span class='ocrx_word' id='word_1_768' title='bbox 1169 5201 1285 5258; x_wconf 81' lang='lat' dir='ltr'><strong>pag.</strong></span> <span class='ocrx_word' id='word_1_769' title='bbox 1320 5184 1488 5258; x_wconf 82' lang='lat'><strong>675).</strong></span> 
     </span>
    </p>
   </div>
   <div class='ocr_carea' id='block_1_99' title="bbox 471 5277 1995 5352">
    <p class='ocr_par' dir='ltr' id='par_1_99' title="bbox 471 5277 1995 5352">
     <span class='ocr_line' id='line_1_99' title="bbox 471 5277 1995 5352; baseline -0.002 -17"><span class='ocrx_word' id='word_1_770' title='bbox 471 5281 608 5348; x_wconf 85' lang='lat' dir='ltr'><strong>Quid</strong></span> <span class='ocrx_word' id='word_1_771' title='bbox 634 5279 810 5350; x_wconf 79' lang='lat' dir='ltr'><strong>plura?</strong></span> <span class='ocrx_word' id='word_1_772' title='bbox 825 5281 1068 5337; x_wconf 82' lang='lat' dir='ltr'><strong>Julianus</strong></span> <span class='ocrx_word' id='word_1_773' title='bbox 1088 5289 1342 5352; x_wconf 85' lang='lat' dir='ltr'><strong>Apostata</strong></span> <span class='ocrx_word' id='word_1_774' title='bbox 1361 5281 1720 5347; x_wconf 87' lang='lat' dir='ltr'><strong>Christianos,</strong></span> <span class='ocrx_word' id='word_1_775' title='bbox 1742 5277 1995 5350; x_wconf 85' lang='lat' dir='ltr'><strong>quemad-</strong></span> 
     </span>
    </p>
   </div>
   <div class='ocr_carea' id='block_1_100' title="bbox 397 5371 1991 5446">
    <p class='ocr_par' dir='ltr' id='par_1_100' title="bbox 397 5371 1991 5446">
     <span class='ocr_line' id='line_1_100' title="bbox 397 5371 1991 5446; baseline -0.003 -15"><span class='ocrx_word' id='word_1_776' title='bbox 397 5374 620 5431; x_wconf 87' lang='lat' dir='ltr'><strong>modum</strong></span> <span class='ocrx_word' id='word_1_777' title='bbox 650 5371 921 5440; x_wconf 77' lang='lat' dir='ltr'><strong>Ca-cilius,</strong></span> <span class='ocrx_word' id='word_1_778' title='bbox 952 5373 1273 5446; x_wconf 81' lang='lat' dir='ltr'><strong>objurgabat</strong></span> <span class='ocrx_word' id='word_1_779' title='bbox 1301 5373 1444 5444; x_wconf 88' lang='lat' dir='ltr'><strong>quod</strong></span> <span class='ocrx_word' id='word_1_780' title='bbox 1472 5375 1686 5430; x_wconf 65' lang='lat' dir='ltr'><strong>coalitus</strong></span> <span class='ocrx_word' id='word_1_781' title='bbox 1711 5373 1991 5442; x_wconf 87' lang='lat' dir='ltr'><strong>delapsum</strong></span> 
     </span>
    </p>
   </div>
   <div class='ocr_carea' id='block_1_101' title="bbox 391 5465 1985 5537">
    <p class='ocr_par' dir='ltr' id='par_1_101' title="bbox 391 5465 1985 5537">
     <span class='ocr_line' id='line_1_101' title="bbox 391 5465 1985 5537; baseline -0.003 -14"><span class='ocrx_word' id='word_1_782' title='bbox 391 5466 542 5524; x_wconf 87' lang='lat' dir='ltr'><strong>Jovis</strong></span> <span class='ocrx_word' id='word_1_783' title='bbox 571 5471 633 5520; x_wconf 83' lang='lat' dir='ltr'><strong>ac</strong></span> <span class='ocrx_word' id='word_1_784' title='bbox 657 5465 838 5520; x_wconf 76' lang='lat' dir='ltr'><strong>Martis</strong></span> <span class='ocrx_word' id='word_1_785' title='bbox 865 5467 1110 5537; x_wconf 82' lang='lat' dir='ltr'><strong>clypeum</strong></span> <span class='ocrx_word' id='word_1_786' title='bbox 1145 5467 1432 5523; x_wconf 69' lang='lat' dir='ltr'><strong>irridentes</strong></span> <span class='ocrx_word' id='word_1_787' title='bbox 1457 5473 1985 5528; x_wconf 70' lang='lat' dir='ltr'><strong>ac~coutemnentes,</strong></span> 
     </span>
    </p>
   </div>
   <div class='ocr_carea' id='block_1_102' title="bbox 390 5541 1991 5630">
    <p class='ocr_par' dir='ltr' id='par_1_102' title="bbox 390 5541 1991 5630">
     <span class='ocr_line' id='line_1_102' title="bbox 390 5541 1991 5630; baseline -0.004 -13"><span class='ocrx_word' id='word_1_788' title='bbox 390 5561 570 5617; x_wconf 88' lang='lat' dir='ltr'><strong>crucis</strong></span> <span class='ocrx_word' id='word_1_789' title='bbox 597 5560 806 5630; x_wconf 71' lang='lat' dir='ltr'><strong>~ignum</strong></span> <span class='ocrx_word' id='word_1_790' title='bbox 837 5561 1251 5615; x_wconf 86' lang='lat' dir='ltr'><strong>venerabantur.</strong></span> <span class='ocrx_word' id='word_1_791' title='bbox 1287 5560 1356 5616; x_wconf 83' lang='lat' dir='ltr'><strong>At</strong></span> <span class='ocrx_word' id='word_1_792' title='bbox 1390 5559 1465 5612; x_wconf 94' lang='lat' dir='ltr'><strong>illi</strong></span> <span class='ocrx_word' id='word_1_793' title='bbox 1501 5557 1788 5628; x_wconf 75' lang='lat' dir='ltr'><strong>respondet</strong></span> <span class='ocrx_word' id='word_1_794' title='bbox 1817 5541 1991 5629; x_wconf 81' lang='lat' dir='ltr'><strong>Cyril-</strong></span> 
     </span>
    </p>
   </div>
   <div class='ocr_carea' id='block_1_103' title="bbox 391 5651 1986 5726">
    <p class='ocr_par' dir='ltr' id='par_1_103' title="bbox 391 5651 1986 5726">
     <span class='ocr_line' id='line_1_103' title="bbox 391 5651 1986 5726; baseline -0.005 -15"><span class='ocrx_word' id='word_1_795' title='bbox 391 5657 474 5711; x_wconf 79' lang='lat' dir='ltr'><strong>lus</strong></span> <span class='ocrx_word' id='word_1_796' title='bbox 496 5653 908 5718; x_wconf 80' lang='lat' dir='ltr'><strong>Alexandrinus,</strong></span> <span class='ocrx_word' id='word_1_797' title='bbox 928 5665 983 5710; x_wconf 81' lang='grc' dir='ltr'><strong>τὸ</strong></span> <span class='ocrx_word' id='word_1_798' title='bbox 1011 5669 1240 5726; x_wconf 75' lang='grc' dir='ltr'><strong>σωτήριον</strong></span> <span class='ocrx_word' id='word_1_799' title='bbox 1267 5660 1421 5723; x_wconf 58' lang='lat' dir='ltr'><strong>estw,</strong></span> <span class='ocrx_word' id='word_1_800' title='bbox 1445 5671 1464 5705; x_wconf 75' lang='lat' dir='ltr'><strong>r</strong></span> <span class='ocrx_word' id='word_1_801' title='bbox 1485 5654 1722 5707; x_wconf 88' lang='lat' dir='ltr'><strong>salutare</strong></span> <span class='ocrx_word' id='word_1_802' title='bbox 1751 5651 1951 5722; x_wconf 85' lang='lat' dir='ltr'><strong>lignum</strong></span> <span class='ocrx_word' id='word_1_803' title='bbox 1971 5691 1986 5716; x_wconf 95' lang='lat'><strong>,</strong></span> 
     </span>
    </p>
   </div>
   <div class='ocr_carea' id='block_1_104' title="bbox 392 5744 1989 5820">
    <p class='ocr_par' dir='ltr' id='par_1_104' title="bbox 392 5744 1989 5820">
     <span class='ocr_line' id='line_1_104' title="bbox 392 5744 1989 5820; baseline -0.006 -12"><span class='ocrx_word' id='word_1_804' title='bbox 392 5759 480 5808; x_wconf 80' lang='grc' dir='ltr'><strong>τοῦ</strong></span> <span class='ocrx_word' id='word_1_805' title='bbox 507 5761 676 5820; x_wconf 77' lang='grc' dir='ltr'><strong>τιμίου</strong></span> <span class='ocrx_word' id='word_1_806' title='bbox 699 5756 926 5820; x_wconf 68' lang='grc' dir='ltr'><strong>σταυρρῦ,</strong></span> <span class='ocrx_word' id='word_1_807' title='bbox 961 5750 1288 5804; x_wconf 77' lang='lat' dir='ltr'><strong>h0noramlze</strong></span> <span class='ocrx_word' id='word_1_808' title='bbox 1315 5749 1516 5814; x_wconf 82' lang='lat' dir='ltr'><strong>cruris,</strong></span> <span class='ocrx_word' id='word_1_809' title='bbox 1557 5765 1575 5800; x_wconf 86' lang='grc' dir='ltr'><strong>ι</strong></span> <span class='ocrx_word' id='word_1_810' title='bbox 1610 5745 1864 5802; x_wconf 82' lang='lat' dir='ltr'><strong>rcfricarc</strong></span> <span class='ocrx_word' id='word_1_811' title='bbox 1895 5744 1989 5800; x_wconf 88' lang='lat' dir='ltr'><strong>be-</strong></span> 
     </span>
    </p>
   </div>
   <div class='ocr_carea' id='block_1_105' title="bbox 388 5833 1986 5906">
    <p class='ocr_par' dir='ltr' id='par_1_105' title="bbox 388 5833 1986 5906">
     <span class='ocr_line' id='line_1_105' title="bbox 388 5833 1986 5906; baseline -0.004 -2"><span class='ocrx_word' id='word_1_812' title='bbox 388 5843 706 5904; x_wconf 84' lang='lat' dir='ltr'><strong>nellciorum</strong></span> <span class='ocrx_word' id='word_1_813' title='bbox 737 5845 979 5904; x_wconf 86' lang='lat' dir='ltr'><strong>omnium</strong></span> <span class='ocrx_word' id='word_1_814' title='bbox 1011 5844 1065 5902; x_wconf 90' lang='lat' dir='ltr'><strong>in</strong></span> <span class='ocrx_word' id='word_1_815' title='bbox 1095 5859 1194 5905; x_wconf 91' lang='lat' dir='ltr'><strong>nos</strong></span> <span class='ocrx_word' id='word_1_816' title='bbox 1217 5843 1421 5906; x_wconf 74' lang='lat' dir='ltr'><strong>Christi</strong></span> <span class='ocrx_word' id='word_1_817' title='bbox 1451 5833 1627 5904; x_wconf 80' lang='lat' dir='ltr'><strong>morte</strong></span> <span class='ocrx_word' id='word_1_818' title='bbox 1663 5842 1986 5902; x_wconf 73' lang='lat' dir='ltr'><strong>collaturum</strong></span> 
     </span>
    </p>
   </div>
   <div class='ocr_carea' id='block_1_106' title="bbox 2098 4700 3704 4794">
    <p class='ocr_par' dir='ltr' id='par_1_106' title="bbox 2098 4700 3704 4794">
     <span class='ocr_line' id='line_1_106' title="bbox 2098 4700 3704 4794; baseline -0.002 -16"><span class='ocrx_word' id='word_1_819' title='bbox 2098 4723 2233 4778; x_wconf 81' lang='lat' dir='ltr'><strong>dixit</strong></span> <span class='ocrx_word' id='word_1_820' title='bbox 2259 4721 2473 4777; x_wconf 89' lang='lat' dir='ltr'><strong>adorari</strong></span> <span class='ocrx_word' id='word_1_821' title='bbox 2498 4740 2510 4782; x_wconf 88' lang='lat'>:</span> <span class='ocrx_word' id='word_1_822' title='bbox 2541 4721 2703 4794; x_wconf 90' lang='lat' dir='ltr'><strong>paulo</strong></span> <span class='ocrx_word' id='word_1_823' title='bbox 2731 4731 2858 4776; x_wconf 89' lang='lat' dir='ltr'><strong>ante</strong></span> <span class='ocrx_word' id='word_1_824' title='bbox 2887 4719 2956 4775; x_wconf 90' lang='lat' dir='ltr'><strong>de</strong></span> <span class='ocrx_word' id='word_1_825' title='bbox 2986 4700 3076 4774; x_wconf 89' lang='lat' dir='ltr'><strong>illa</strong></span> <span class='ocrx_word' id='word_1_826' title='bbox 3117 4721 3228 4791; x_wconf 85' lang='lat' dir='ltr'><strong>ipsa</strong></span> <span class='ocrx_word' id='word_1_827' title='bbox 3260 4717 3338 4773; x_wconf 87' lang='lat' dir='ltr'><strong>sic.</strong></span> <span class='ocrx_word' id='word_1_828' title='bbox 3369 4719 3658 4790; x_wconf 72' lang='lat' dir='ltr'><strong>scripserat</strong></span> <span class='ocrx_word' id='word_1_829' title='bbox 3687 4735 3704 4774; x_wconf 90' lang='lat'><strong>:</strong></span> 
     </span>
    </p>
   </div>
   <div class='ocr_carea' id='block_1_107' title="bbox 2100 4797 3702 4882">
    <p class='ocr_par' dir='ltr' id='par_1_107' title="bbox 2100 4797 3702 4882">
     <span class='ocr_line' id='line_1_107' title="bbox 2100 4797 3702 4882; baseline -0.004 -10"><span class='ocrx_word' id='word_1_830' title='bbox 2100 4797 2299 4872; x_wconf 72' lang='lat' dir='ltr'><strong>Helena</strong></span> <span class='ocrx_word' id='word_1_831' title='bbox 2331 4834 2350 4868; x_wconf 70' lang='grc' dir='ltr'><em>ς</em></span> <span class='ocrx_word' id='word_1_832' title='bbox 2391 4815 2592 4870; x_wconf 89' lang='lat' dir='ltr'><strong>invenit</strong></span> <span class='ocrx_word' id='word_1_833' title='bbox 2619 4811 2832 4870; x_wconf 89' lang='lat' dir='ltr'><strong>titulum</strong></span> <span class='ocrx_word' id='word_1_834' title='bbox 2867 4831 2888 4866; x_wconf 76' lang='grc' dir='ltr'><strong>ι</strong></span> <span class='ocrx_word' id='word_1_835' title='bbox 2917 4813 3117 4879; x_wconf 82' lang='lat' dir='ltr'><strong>crucis,</strong></span> <span class='ocrx_word' id='word_1_836' title='bbox 3153 4807 3172 4864; x_wconf 72' lang='grc' dir='ltr'><em>ἀ</em></span> <span class='ocrx_word' id='word_1_837' title='bbox 3209 4801 3407 4882; x_wconf 75' lang='lat' dir='ltr'><strong>Regem</strong></span> <span class='ocrx_word' id='word_1_838' title='bbox 3435 4803 3702 4876; x_wconf 73' lang='lat' dir='ltr'><strong>adoravit,</strong></span> 
     </span>
    </p>
   </div>
   <div class='ocr_carea' id='block_1_108' title="bbox 2100 4890 3705 4978">
    <p class='ocr_par' dir='ltr' id='par_1_108' title="bbox 2100 4890 3705 4978">
     <span class='ocr_line' id='line_1_108' title="bbox 2100 4890 3705 4978; baseline -0.002 -15"><span class='ocrx_word' id='word_1_839' title='bbox 2100 4922 2206 4963; x_wconf 88' lang='lat' dir='ltr'><strong>non</strong></span> <span class='ocrx_word' id='word_1_840' title='bbox 2234 4907 2432 4978; x_wconf 85' lang='lat' dir='ltr'><strong>lignum</strong></span> <span class='ocrx_word' id='word_1_841' title='bbox 2467 4905 2672 4978; x_wconf 87' lang='lat' dir='ltr'><strong>ntiqnc,</strong></span> <span class='ocrx_word' id='word_1_842' title='bbox 2703 4903 2826 4974; x_wconf 86' lang='lat' dir='ltr'><strong>quia</strong></span> <span class='ocrx_word' id='word_1_843' title='bbox 2855 4903 2940 4960; x_wconf 87' lang='lat' dir='ltr'><strong>hic</strong></span> <span class='ocrx_word' id='word_1_844' title='bbox 2971 4904 3186 4973; x_wconf 73' lang='lat' dir='ltr'><strong>gentilis</strong></span> <span class='ocrx_word' id='word_1_845' title='bbox 3212 4890 3292 4959; x_wconf 82' lang='lat' dir='ltr'><strong>est</strong></span> <span class='ocrx_word' id='word_1_846' title='bbox 3317 4917 3490 4970; x_wconf 86' lang='lat' dir='ltr'><strong>error,</strong></span> <span class='ocrx_word' id='word_1_847' title='bbox 3522 4895 3577 4956; x_wconf 83' lang='lat' dir='ltr'><strong>et</strong></span> <span class='ocrx_word' id='word_1_848' title='bbox 3609 4919 3705 4960; x_wconf 84' lang='lat' dir='ltr'><strong>va.-</strong></span> 
     </span>
    </p>
   </div>
   <div class='ocr_carea' id='block_1_109' title="bbox 2101 4984 3707 5068">
    <p class='ocr_par' dir='ltr' id='par_1_109' title="bbox 2101 4984 3707 5068">
     <span class='ocr_line' id='line_1_109' title="bbox 2101 4984 3707 5068; baseline -0.003 -14"><span class='ocrx_word' id='word_1_849' title='bbox 2101 5000 2240 5055; x_wconf 83' lang='lat' dir='ltr'><strong>nitas</strong></span> <span class='ocrx_word' id='word_1_850' title='bbox 2271 4999 2557 5068; x_wconf 83' lang='lat' dir='ltr'><strong>impiorum</strong></span> <span class='ocrx_word' id='word_1_851' title='bbox 2593 5015 2606 5053; x_wconf 87' lang='lat'>:</span> <span class='ocrx_word' id='word_1_852' title='bbox 2638 4996 2730 5051; x_wconf 85' lang='lat' dir='ltr'><strong>sed</strong></span> <span class='ocrx_word' id='word_1_853' title='bbox 2763 4991 3006 5051; x_wconf 85' lang='lat' dir='ltr'><strong>adoravit</strong></span> <span class='ocrx_word' id='word_1_854' title='bbox 3034 4991 3204 5062; x_wconf 85' lang='lat' dir='ltr'><strong>illum,</strong></span> <span class='ocrx_word' id='word_1_855' title='bbox 3235 4994 3323 5066; x_wconf 89' lang='lat' dir='ltr'><strong>qtti</strong></span> <span class='ocrx_word' id='word_1_856' title='bbox 3357 4987 3616 5065; x_wconf 75' lang='lat' dir='ltr'><strong>pependit</strong></span> <span class='ocrx_word' id='word_1_857' title='bbox 3649 4984 3707 5049; x_wconf 82' lang='lat' dir='ltr'><strong>iri</strong></span> 
     </span>
    </p>
   </div>
   <div class='ocr_carea' id='block_1_110' title="bbox 2101 5071 3707 5164">
    <p class='ocr_par' dir='ltr' id='par_1_110' title="bbox 2101 5071 3707 5164">
     <span class='ocr_line' id='line_1_110' title="bbox 2101 5071 3707 5164; baseline -0.001 -16"><span class='ocrx_word' id='word_1_858' title='bbox 2101 5092 2263 5163; x_wconf 88' lang='lat' dir='ltr'><strong>ligno,</strong></span> <span class='ocrx_word' id='word_1_859' title='bbox 2311 5091 2542 5162; x_wconf 86' lang='lat' dir='ltr'><strong>scriptus</strong></span> <span class='ocrx_word' id='word_1_860' title='bbox 2585 5092 2636 5146; x_wconf 89' lang='lat' dir='ltr'><strong>in</strong></span> <span class='ocrx_word' id='word_1_861' title='bbox 2681 5091 2834 5146; x_wconf 90' lang='lat' dir='ltr'><strong>titulo</strong></span> <span class='ocrx_word' id='word_1_862' title='bbox 2873 5109 2891 5143; x_wconf 77' lang='grc' dir='ltr'><strong>ι</strong></span> <span class='ocrx_word' id='word_1_863' title='bbox 2929 5071 3239 5164; x_wconf 58' lang='lat' dir='ltr'><strong>(Ambros,</strong></span> <span class='ocrx_word' id='word_1_864' title='bbox 3269 5086 3408 5146; x_wconf 86' lang='lat' dir='ltr'><strong>orat.</strong></span> <span class='ocrx_word' id='word_1_865' title='bbox 3457 5089 3520 5144; x_wconf 85' lang='lat' dir='ltr'><strong>de</strong></span> <span class='ocrx_word' id='word_1_866' title='bbox 3561 5086 3707 5146; x_wconf 82' lang='lat' dir='ltr'><strong>Obit.</strong></span> 
     </span>
    </p>
   </div>
   <div class='ocr_carea' id='block_1_111' title="bbox 2099 5183 2933 5257">
    <p class='ocr_par' dir='ltr' id='par_1_111' title="bbox 2099 5183 2933 5257">
     <span class='ocr_line' id='line_1_111' title="bbox 2099 5183 2933 5257; baseline -0.004 -15"><span class='ocrx_word' id='word_1_867' title='bbox 2099 5185 2380 5252; x_wconf 78' lang='lat' dir='ltr'><strong>Tlteodos.,</strong></span> <span class='ocrx_word' id='word_1_868' title='bbox 2411 5184 2553 5257; x_wconf 61' lang='lat' dir='ltr'><strong>§L6,</strong></span> <span class='ocrx_word' id='word_1_869' title='bbox 2584 5201 2702 5256; x_wconf 87' lang='lat' dir='ltr'><strong>pag.</strong></span> <span class='ocrx_word' id='word_1_870' title='bbox 2735 5183 2865 5240; x_wconf 64' lang='lat' dir='ltr'><strong>till</strong></span> 
     </span>
    </p>
   </div>
   <div class='ocr_carea' id='block_1_112' title="bbox 2172 5277 3709 5349">
    <p class='ocr_par' dir='ltr' id='par_1_112' title="bbox 2172 5277 3709 5349">
     <span class='ocr_line' id='line_1_112' title="bbox 2172 5277 3709 5349; baseline -0.005 -10"><span class='ocrx_word' id='word_1_871' title='bbox 2172 5281 2372 5338; x_wconf 76' lang='lat' dir='ltr'><strong>Verum</strong></span> <span class='ocrx_word' id='word_1_872' title='bbox 2405 5280 2449 5335; x_wconf 83' lang='lat' dir='ltr'><strong>si</strong></span> <span class='ocrx_word' id='word_1_873' title='bbox 2478 5297 2542 5336; x_wconf 90' lang='lat' dir='ltr'><strong>ea</strong></span> <span class='ocrx_word' id='word_1_874' title='bbox 2572 5281 2641 5336; x_wconf 86' lang='lat' dir='ltr'><strong>sit</strong></span> <span class='ocrx_word' id='word_1_875' title='bbox 2668 5280 2904 5334; x_wconf 87' lang='lat' dir='ltr'><strong>auctoris</strong></span> <span class='ocrx_word' id='word_1_876' title='bbox 2933 5279 3100 5334; x_wconf 86' lang='lat' dir='ltr'><strong>nostri</strong></span> <span class='ocrx_word' id='word_1_877' title='bbox 3129 5293 3304 5345; x_wconf 90' lang='lat' dir='ltr'><strong>meus,</strong></span> <span class='ocrx_word' id='word_1_878' title='bbox 3335 5293 3440 5349; x_wconf 91' lang='lat' dir='ltr'><strong>quo</strong></span> <span class='ocrx_word' id='word_1_879' title='bbox 3465 5277 3587 5346; x_wconf 82' lang='lat' dir='ltr'><strong>jure</strong></span> <span class='ocrx_word' id='word_1_880' title='bbox 3609 5277 3709 5332; x_wconf 83' lang='lat' dir='ltr'><strong>ad-</strong></span> 
     </span>
    </p>
   </div>
   <div class='ocr_carea' id='block_1_113' title="bbox 2094 5365 3708 5448">
    <p class='ocr_par' dir='ltr' id='par_1_113' title="bbox 2094 5365 3708 5448">
     <span class='ocr_line' id='line_1_113' title="bbox 2094 5365 3708 5448; baseline -0.004 -16"><span class='ocrx_word' id='word_1_881' title='bbox 2094 5375 2247 5448; x_wconf 84' lang='lat' dir='ltr'><strong>jecit,</strong></span> <span class='ocrx_word' id='word_1_882' title='bbox 2293 5395 2312 5429; x_wconf 79' lang='lat' dir='ltr'><strong>r</strong></span> <span class='ocrx_word' id='word_1_883' title='bbox 2349 5391 2448 5430; x_wconf 90' lang='lat' dir='ltr'><strong>nec</strong></span> <span class='ocrx_word' id='word_1_884' title='bbox 2481 5375 2770 5444; x_wconf 84' lang='lat' dir='ltr'><strong>optamus?</strong></span> <span class='ocrx_word' id='word_1_885' title='bbox 2809 5392 2825 5426; x_wconf 80' lang='grc' dir='ltr'><strong>ι</strong></span> <span class='ocrx_word' id='word_1_886' title='bbox 2857 5371 2994 5440; x_wconf 88' lang='lat' dir='ltr'><strong>Quid</strong></span> <span class='ocrx_word' id='word_1_887' title='bbox 3025 5373 3168 5428; x_wconf 87' lang='lat' dir='ltr'><strong>enim</strong></span> <span class='ocrx_word' id='word_1_888' title='bbox 3195 5365 3518 5448; x_wconf 79' lang='lat' dir='ltr'><strong>Christianis</strong></span> <span class='ocrx_word' id='word_1_889' title='bbox 3545 5381 3708 5442; x_wconf 84' lang='lat' dir='ltr'><strong>opta-</strong></span> 
     </span>
    </p>
   </div>
   <div class='ocr_carea' id='block_1_114' title="bbox 2091 5445 3704 5541">
    <p class='ocr_par' dir='ltr' id='par_1_114' title="bbox 2091 5445 3704 5541">
     <span class='ocr_line' id='line_1_114' title="bbox 2091 5445 3704 5541; baseline -0.004 -15"><span class='ocrx_word' id='word_1_890' title='bbox 2091 5445 2284 5533; x_wconf 86' lang='lat' dir='ltr'><strong>bilius,</strong></span> <span class='ocrx_word' id='word_1_891' title='bbox 2313 5483 2472 5541; x_wconf 87' lang='lat' dir='ltr'><strong>qttam</strong></span> <span class='ocrx_word' id='word_1_892' title='bbox 2499 5467 2674 5524; x_wconf 85' lang='lat' dir='ltr'><strong>cruris</strong></span> <span class='ocrx_word' id='word_1_893' title='bbox 2707 5466 2908 5522; x_wconf 83' lang='lat' dir='ltr'><strong>Christi</strong></span> <span class='ocrx_word' id='word_1_894' title='bbox 2957 5465 3145 5520; x_wconf 86' lang='lat' dir='ltr'><strong>videre</strong></span> <span class='ocrx_word' id='word_1_895' title='bbox 3179 5445 3406 5530; x_wconf 71' lang='lat' dir='ltr'><strong>eiligicrn</strong></span> <span class='ocrx_word' id='word_1_896' title='bbox 3432 5507 3446 5529; x_wconf 95' lang='lat'><strong>,</strong></span> <span class='ocrx_word' id='word_1_897' title='bbox 3479 5475 3569 5518; x_wconf 89' lang='lat' dir='ltr'><strong>aut</strong></span> <span class='ocrx_word' id='word_1_898' title='bbox 3601 5479 3704 5533; x_wconf 88' lang='lat' dir='ltr'><strong>pro</strong></span> 
     </span>
    </p>
   </div>
   <div class='ocr_carea' id='block_1_115' title="bbox 2090 5555 3704 5629">
    <p class='ocr_par' dir='ltr' id='par_1_115' title="bbox 2090 5555 3704 5629">
     <span class='ocr_line' id='line_1_115' title="bbox 2090 5555 3704 5629; baseline -0.006 -10"><span class='ocrx_word' id='word_1_899' title='bbox 2090 5563 2308 5619; x_wconf 86' lang='lat' dir='ltr'><strong>Christo</strong></span> <span class='ocrx_word' id='word_1_900' title='bbox 2333 5561 2513 5616; x_wconf 86' lang='lat' dir='ltr'><strong>subire</strong></span> <span class='ocrx_word' id='word_1_901' title='bbox 2554 5559 2730 5615; x_wconf 88' lang='lat' dir='ltr'><strong>crucis</strong></span> <span class='ocrx_word' id='word_1_902' title='bbox 2765 5555 3062 5629; x_wconf 84' lang='lat' dir='ltr'><strong>supplicia?</strong></span> <span class='ocrx_word' id='word_1_903' title='bbox 3111 5555 3446 5627; x_wconf 67' lang='lat' dir='ltr'><strong>Responderi</strong></span> <span class='ocrx_word' id='word_1_904' title='bbox 3503 5567 3704 5626; x_wconf 85' lang='lat' dir='ltr'><strong>potest,</strong></span> 
     </span>
    </p>
   </div>
   <div class='ocr_carea' id='block_1_116' title="bbox 2089 5644 3706 5719">
    <p class='ocr_par' dir='ltr' id='par_1_116' title="bbox 2089 5644 3706 5719">
     <span class='ocr_line' id='line_1_116' title="bbox 2089 5644 3706 5719; baseline -0.007 -7"><span class='ocrx_word' id='word_1_905' title='bbox 2089 5653 2306 5712; x_wconf 79' lang='lat' dir='ltr'><strong>Minucii</strong></span> <span class='ocrx_word' id='word_1_906' title='bbox 2334 5653 2554 5708; x_wconf 87' lang='lat' dir='ltr'><strong>verbum</strong></span> <span class='ocrx_word' id='word_1_907' title='bbox 2591 5669 2610 5703; x_wconf 75' lang='grc' dir='ltr'><strong>ι</strong></span> <span class='ocrx_word' id='word_1_908' title='bbox 2649 5651 2894 5714; x_wconf 83' lang='lat' dir='ltr'><strong>colimus,</strong></span> <span class='ocrx_word' id='word_1_909' title='bbox 2934 5667 2952 5702; x_wconf 68' lang='grc' dir='ltr'><strong>ι</strong></span> <span class='ocrx_word' id='word_1_910' title='bbox 2985 5649 3050 5702; x_wconf 87' lang='lat' dir='ltr'><strong>ad</strong></span> <span class='ocrx_word' id='word_1_911' title='bbox 3083 5647 3232 5719; x_wconf 91' lang='lat' dir='ltr'><strong>prius</strong></span> <span class='ocrx_word' id='word_1_912' title='bbox 3257 5647 3481 5716; x_wconf 65' lang='lat' dir='ltr'><strong>Ctecilii,</strong></span> <span class='ocrx_word' id='word_1_913' title='bbox 3519 5667 3537 5700; x_wconf 77' lang='grc' dir='ltr'><strong>ι</strong></span> <span class='ocrx_word' id='word_1_914' title='bbox 3565 5644 3706 5700; x_wconf 84' lang='lat' dir='ltr'><strong>ado-</strong></span> 
     </span>
    </p>
   </div>
   <div class='ocr_carea' id='block_1_117' title="bbox 2090 5738 3698 5814">
    <p class='ocr_par' dir='ltr' id='par_1_117' title="bbox 2090 5738 3698 5814">
     <span class='ocr_line' id='line_1_117' title="bbox 2090 5738 3698 5814; baseline -0.007 -13"><span class='ocrx_word' id='word_1_915' title='bbox 2090 5745 2296 5810; x_wconf 66' lang='lat' dir='ltr'><strong>randae;</strong></span> <span class='ocrx_word' id='word_1_916' title='bbox 2335 5763 2352 5798; x_wconf 79' lang='grc' dir='ltr'><strong>ι</strong></span> <span class='ocrx_word' id='word_1_917' title='bbox 2385 5753 2546 5814; x_wconf 80' lang='lat' dir='ltr'><strong>atque</strong></span> <span class='ocrx_word' id='word_1_918' title='bbox 2573 5761 2594 5794; x_wconf 86' lang='grc'><em>‹</em></span> <span class='ocrx_word' id='word_1_919' title='bbox 2623 5754 2890 5812; x_wconf 86' lang='lat' dir='ltr'><strong>optamus.</strong></span> <span class='ocrx_word' id='word_1_920' title='bbox 2927 5761 2946 5794; x_wconf 73' lang='grc' dir='ltr'><strong>ι</strong></span> <span class='ocrx_word' id='word_1_921' title='bbox 2974 5741 3039 5796; x_wconf 84' lang='lat' dir='ltr'><strong>ad</strong></span> <span class='ocrx_word' id='word_1_922' title='bbox 3070 5759 3090 5792; x_wconf 77' lang='grc' dir='ltr'><strong>ι</strong></span> <span class='ocrx_word' id='word_1_923' title='bbox 3123 5738 3415 5794; x_wconf 70' lang='lat' dir='ltr'><strong>subeunda!</strong></span> <span class='ocrx_word' id='word_1_924' title='bbox 3446 5753 3638 5793; x_wconf 73' lang='lat' dir='ltr'><strong>cruces</strong></span> <span class='ocrx_word' id='word_1_925' title='bbox 3681 5757 3698 5790; x_wconf 73' lang='grc' dir='ltr'><strong>ι</strong></span> 
     </span>
    </p>
   </div>
   <div class='ocr_carea' id='block_1_118' title="bbox 2093 5831 3700 5908">
    <p class='ocr_par' dir='ltr' id='par_1_118' title="bbox 2093 5831 3700 5908">
     <span class='ocr_line' id='line_1_118' title="bbox 2093 5831 3700 5908; baseline -0.011 -8"><span class='ocrx_word' id='word_1_926' title='bbox 2093 5837 2320 5908; x_wconf 80' lang='lat' dir='ltr'><strong>referri,</strong></span> <span class='ocrx_word' id='word_1_927' title='bbox 2351 5837 2422 5894; x_wconf 86' lang='lat' dir='ltr'><strong>ita</strong></span> <span class='ocrx_word' id='word_1_928' title='bbox 2455 5845 2509 5892; x_wconf 88' lang='lat' dir='ltr'><strong>ut</strong></span> <span class='ocrx_word' id='word_1_929' title='bbox 2543 5835 2626 5891; x_wconf 91' lang='lat' dir='ltr'><strong>hic</strong></span> <span class='ocrx_word' id='word_1_930' title='bbox 2656 5835 2722 5890; x_wconf 90' lang='lat' dir='ltr'><strong>sit</strong></span> <span class='ocrx_word' id='word_1_931' title='bbox 2751 5847 2942 5892; x_wconf 81' lang='lat' dir='ltr'><strong>sensus</strong></span> <span class='ocrx_word' id='word_1_932' title='bbox 2974 5853 2984 5887; x_wconf 94' lang='lat'>:</span> <span class='ocrx_word' id='word_1_933' title='bbox 3015 5831 3218 5888; x_wconf 82' lang='lat' dir='ltr'><strong>Cruces</strong></span> <span class='ocrx_word' id='word_1_934' title='bbox 3256 5849 3359 5888; x_wconf 88' lang='lat' dir='ltr'><strong>non</strong></span> <span class='ocrx_word' id='word_1_935' title='bbox 3402 5837 3653 5901; x_wconf 71' lang='lat' dir='ltr'><strong>nptnnus</strong></span> <span class='ocrx_word' id='word_1_936' title='bbox 3685 5873 3700 5898; x_wconf 92' lang='lat'><strong>,</strong></span> 
     </span>
    </p>
   </div>
  </div>
