4034 6320
341 287 468 354 535

1763 269 2237 354 nisssti'rarto.

3555 291 3660 350 554

344 424 451 470 aut
475 411 806 486 querimus;
847 412 943 471 sed
980 413 1028 470 si
1078 427 1107 469 a
1139 411 1382 486 tyrannis
1417 413 1593 484 capti,
1633 425 1727 468 eas
1765 410 1948 468 subire
1974 397 2030 472 Α
2057 409 2240 465 volunt
2288 405 2502 483 tabam)
2549 425 2568 462 ι
2607 415 2661 464 et
2690 406 2890 465 vexilla
2934 415 3264 477 castrorum,
3301 403 3428 480 quid
3471 405 3614 484 aliud
3641 395 3674 478 ,’

348 507 626 579 Cogimur,
662 505 867 564 lubenti
897 507 1078 563 animo
1108 507 1364 576 patimur,
1393 515 1448 562 et
1489 515 1736 578 optamus
1779 503 1956 560 crucis

352 599 627 673 supplicio
655 602 818 656 vitam
853 602 1026 658 finire.
1073 601 1280 658 Eodem
1323 609 1506 656 autem
1549 613 1709 656 sensu
1737 597 1954 654 Tertul-

353 694 540 750 liauus
567 711 582 750 :
616 713 636 750 ι
669 693 835 751 Plane
870 694 1116 750 volumus
1141 695 1290 765 pati,
1321 709 1507 749 verum
1543 709 1610 750 eo
1638 707 1821 759 more,
1851 707 1957 762 quo

355 797 417 844 et
443 787 641 843 bellum
672 801 834 844 nemo
857 787 976 856 quis
1009 787 1202 843 lubens
1226 788 1442 857 patitur,
1465 802 1586 842 cum
1609 794 1664 841 et
1688 784 1960 856 trepidare

355 892 418 938 et
445 883 736 954 periclitari
771 897 994 938 necesse
1032 885 1135 949 sit;
1183 882 1359 938 tanien
1405 883 1678 952 prazliatur
1705 879 1960 936 omnibus

354 977 571 1032 viribus
595 1017 610 1042 ,
640 987 694 1030 et
723 976 946 1032 vincens
976 976 1026 1030 in
1062 977 1244 1046 prndio
1271 974 1500 1045 gaudet,
1541 975 1629 1046 qui
1667 973 1734 1030 de
1776 974 1959 1044 praelio

357 1068 691 1140 querebatur
731 1067 754 1144 (
777 1068 1118 1132 Tertullian.,
1163 1069 1451 1137 Apologel.,
1491 1081 1610 1138 cap.
1653 1066 1786 1140 50).
1823 1087 1842 1120 ιι
1892 1073 1963 1122 At

360 1161 712 1218 dissimulare
757 1177 864 1216 non
913 1171 1232 1234 possitinus,
1266 1161 1364 1216 hac
1381 1161 1614 1217 set-unda
1642 1165 1962 1226 interpreta-

365 1255 516 1310 tione
542 1257 646 1310 vim
678 1256 910 1326 aliquam
939 1255 1154 1312 Minucii
1189 1255 1368 1311 Verbis
1396 1253 1594 1310 ali'crri.
1626 1254 1834 1310 Etenim
1860 1271 1962 1312 una

361 1348 664 1420 eademque
701 1345 804 1407 vox
859 1353 1020 1407 simul
1078 1352 1290 1424 signum
1330 1352 1608 1405 dumtaxat
1652 1351 1852 1416 crucis,
1909 1359 1964 1407 et

361 1457 549 1498 rerum
593 1455 814 1500 crucem
863 1444 1206 1515 significabit.
1235 1443 1371 1500 Vide
1403 1445 1567 1515 igitur
1593 1460 1696 1516 qua
1753 1444 1964 1500 ratione

359 1537 494 1594 huic
520 1539 840 1610 expositioni
867 1539 1035 1595 altera
1071 1539 1402 1610 praeferenda
1427 1541 1516 1595 sit.

439 1630 708 1688 Carternm
751 1626 1012 1704 quidquid
1061 1634 1129 1689 de
1173 1632 1368 1688 horum
1421 1631 1636 1688 Minucii
1678 1632 1966 1688 verborum

363 1739 534 1781 sensu
560 1725 956 1795 pronuntietur,
989 1726 1171 1796 negari
1198 1737 1345 1782 certe
1371 1741 1477 1780 non
1509 1733 1676 1788 potes:
1701 1724 1966 1782 Christia-

2062 518 2221 574 quam
2251 503 2509 558 inaurata:
2536 517 2728 558 cruces
2758 510 2882 556 sunt
2911 509 2968 557 et
2995 502 3238 558 ornatae?
3275 487 3503 573 Tropaea
3541 516 3664 557 ves-

2060 604 2141 650 tra
2172 595 2408 650 victricia
2439 610 2544 650 non
2581 604 2786 649 tantum
2815 587 3079 665 simplicis
3109 595 3286 650 crucis
3318 594 3529 657 faciem,
3561 608 3656 651 ve-

2061 703 2178 742 rum
2207 696 2261 741 et
2285 685 2430 741 afﬁxi
2463 679 2694 741 hominis
2724 686 3022 742 imitantur.
3054 705 3074 740 ι
3106 685 3334 742 Videtur
3353 697 3534 742 autem
3564 701 3662 740 au-

2061 789 2180 835 Ciur
2210 787 2396 834 noster
2427 777 2544 834 haec
2572 777 2841 834 delibasse
2871 793 2937 834 ex
2962 778 3316 846 Tertulliano,
3349 779 3436 850 qui
3469 779 3661 835 eodem

2064 885 2284 943 prorsus
2327 873 2488 927 modo
2537 871 2679 926 illam
2726 868 3064 928 ethnicorum
3107 871 3175 928 de
3217 864 3365 929 cultu
3405 874 3550 929 ciuei
3577 916 3593 941 ,
3633 871 3664 928 ti

2063 964 2384 1021 Christianis
2402 964 2662 1024 exhibito.
2685 981 2876 1020 vanam
2893 966 3406 1037 argumentationem
3430 947 3626 1022 refellit
3648 947 3674 1021 τ’

2072 1080 2090 1115 ι
2125 1062 2224 1131 Qui
2259 1066 2454 1125 crucis,
2494 1079 2514 1113 ι
2547 1061 2743 1132 inquit,
2775 1076 2874 1116 nos
2903 1077 2922 1112 ι
2961 1059 3240 1129 religio~os
3271 1067 3443 1130 putat,
3472 1057 3668 1114 conse-

2065 1169 2297 1210 craneus
2325 1155 2426 1208 erit
2458 1163 2664 1220 noster,
2695 1168 2816 1208 cum
2847 1154 3044 1224 lignum
3071 1153 3286 1224 aliquod
3320 1149 3664 1224 pronitiatur.

2068 1245 2275 1302 Viderit
2325 1245 2539 1302 habitus
2563 1289 2578 1313 ,
2632 1246 2760 1301 dum
2801 1247 3040 1301 materia:
3078 1245 3308 1318 qualitas
3346 1239 3535 1301 eadem
3575 1227 3666 1300 sif.

2068 1339 2277 1396 Viderit
2305 1339 2510 1406 forma,
2541 1340 2668 1396 dum
2714 1340 2767 1395 id
2806 1341 2979 1410 ipsum
3015 1337 3108 1395 Dei
3144 1351 3343 1410 corpus
3368 1339 3454 1416 sit,
3491 1322 3554 1394 Et
3589 1347 3669 1394 ta-

2067 1447 2191 1489 men
2228 1443 2427 1504 quanto
2461 1431 2805 1505 distinguitur
2842 1449 2872 1489 a
2917 1419 3093 1488 crucis
3131 1433 3312 1504 stipite
3352 1423 3532 1488 Pallas
3569 1431 3668 1487 At-

2069 1527 2194 1588 tica.
2223 1536 2278 1580 et
2315 1527 2478 1582 Ceres
2512 1525 2724 1590 Pharia,
2757 1540 2878 1596 qua:
2907 1525 3024 1581 sine
3057 1509 3238 1596 effigie
3279 1523 3397 1581 rudi
3439 1517 3580 1595 palo,
3615 1532 3672 1580 et

2069 1615 2285 1672 informi
2324 1618 2468 1688 ligno
2504 1617 2756 1688 prostat?
2791 1615 2924 1673 Pars
2960 1615 3140 1673 crucis
3179 1609 3262 1672 est
3290 1604 3450 1672 orline
3477 1599 3666 1684 robur,

2071 1710 2214 1782 quod
2246 1721 2425 1766 erecta
2455 1712 2686 1766 statione
2712 1707 2965 1782 deligitur
2994 1727 3008 1765 :
3041 1725 3138 1764 nos
3165 1708 3208 1764 si
3238 1705 3375 1764 forte
3405 1707 3671 1780 integrum

364 1833 470 1874 nos
498 1818 614 1887 ejus
643 1827 885 1889 tempore
923 1817 1124 1873 cultum
1163 1819 1396 1890 aliquem
1439 1819 1740 1874 reddidisse
1780 1817 1964 1874 Domi-

2087 1814 2126 1859 ξι
2166 1811 2334 1858 totum
2378 1803 2544 1859 Deum
2575 1803 2825 1858 colimus.
2873 1799 3114 1858 Diximus
3143 1787 3405 1872 origiriem
3447 1787 3672 1856 deorum

365 1912 506 1968 nica:
547 1912 722 1967 crucis
763 1905 938 1982 signo.
986 1911 1276 1968 FrOntihus
1315 1915 1512 1984 quippe
1551 1913 1662 1968 suis
1707 1909 1834 1968 illud
1865 1927 1967 1967 sa:—

365 2006 593 2079 pissime
631 2007 1015 2078 imponehant,
1051 2009 1419 2079 virginernqne
1451 2007 1798 2064 Eustochium
1841 2007 1968 2063 Ilie-

365 2114 628 2168 rony'mus
658 2088 908 2156 hortatur
941 2117 956 2154 :
989 2101 1010 2153 ἕ
1046 2099 1126 2156 Ad
1154 2117 1368 2158 tnnnem
1399 2109 1574 2156 actum
1601 2143 1617 2169 ,
1651 2100 1717 2156 ad
1749 2115 1964 2155 omnem

366 2192 638 2249 incessum
663 2205 854 2248 manus
877 2196 1055 2266 pingat
1083 2195 1289 2251 Domini
1313 2211 1548 2256 crucem;
1583 2214 1602 2248 ι
1627 2205 1786 2266 atque
1805 2195 1968 2250 aliam

366 2302 585 2358 quoque
613 2288 876 2356 virginem
909 2306 922 2343 :
959 2304 978 2341 ι
1011 2274 1212 2344 Crebro
1247 2289 1522 2360 signaculo
1556 2288 1732 2344 crucis
1759 2289 1968 2346 inunias

368 2377 602 2435 frontem
641 2391 785 2435 tuam
809 2423 824 2446 ,
853 2397 920 2437 ne
955 2383 1344 2438 exterminatur
1371 2380 1590 2451 Egypti
1621 2383 1672 2436 in
1703 2365 1754 2436 te
1792 2376 1969 2438 locum

370 2473 650 2544 reperiat,
693 2474 790 2531 sed
824 2476 1176 2548 primogenita
1201 2517 1217 2542 ,
1249 2493 1368 2549 quae
1397 2479 1538 2550 apud
1567 2475 1848 2550 .IEgyptios
1880 2492 1971 2547 pc-

369 2579 553 2631 reunt,
587 2568 639 2623 in
669 2579 755 2622 tua
801 2580 982 2625 mente
1015 2573 1292 2627 salventur
1328 2591 1347 2626 ι
1381 2570 1764 2646 (llieronym.,
1795 2565 1968 2642 Epist.

373 2661 446 2716 i8
473 2663 541 2716 ad
568 2659 838 2731 Eustoch,
873 2665 990 2736 pag.
1021 2667 1112 2732 £6;
1147 2675 1198 2720 et
1231 2665 1396 2736 Epist.
1433 2665 1502 2722 97
1530 2665 1596 2719 ad
1623 2663 1872 2730 Demetr.,
1917 2675 1970 2736 p.

374 2753 524 2828 790)
575 2754 757 2825 Longe
785 2773 916 2812 vero
943 2757 1302 2829 antiquiorem
1336 2758 1500 2813 fuiSs-e
1541 2757 1681 2813 [tunc
1711 2755 1972 2814 Christia-

376 2862 572 2901 normn
603 2863 806 2903 morem
829 2849 884 2906 in
907 2851 1257 2920 sequentibus
1285 2853 1485 2905 nostris
1506 2849 1975 2904 dissertationibus

375 2935 870 2995 demonstrabimus
887 2983 912 3012 ,_
941 2955 1003 2996 ac
1030 2938 1219 2996 eodem
1251 2941 1412 2998 etiam
1441 2941 1617 2998 crucis
1649 2943 1802 3010 signo
1831 2957 1978 3012 smpe

375 3031 578 3101 smpius
605 3033 814 3104 fugatos
838 3051 866 3089 a
895 3009 1224 3116 Christianis
1257 3018 1536 3110 daemones
1557 3077 1573 3101 ,
1607 3009 1748 3090 sicut
1787 3009 1974 3089 aliain

376 3126 760 3182 dissertatione
781 3141 966 3198 postea
983 3127 1361 3184 annotabimus
1387 3128 1635 3199 (Dissert.
1658 3129 1710 3182 in
1732 3129 1821 3184 lib.
1849 3126 1974 3181 Luc.
2017 3189 2027 3196 η

2070 1910 2372 1954 νθειιιυτυιη
2405 1913 2436 1952 a
2467 1897 2657 1970 plastis
2683 1898 2752 1952 de
2777 1911 2940 1952 cruce
2971 1893 3170 1951 in‘duci.
3205 1893 3310 1952 Sed
3339 1903 3392 1950 et
3419 1886 3673 1950 victorias

2071 1991 2343 2058 adoratis,
2384 2007 2507 2045 eum
2537 1991 2588 2046 in
2633 1982 2848 2061 tropzeis
2887 1981 3082 2044 cruees
3124 1988 3376 2044 intestina
3407 1985 3534 2042 sunt
3559 1982 3672 2040 ιὰ)-

2073 2099 2336 2156 ρωοτιιιιι.
2371 2084 2581 2156 Religio
2613 2094 2720 2139 tota
2751 2083 3052 2140 castrensis
3075 2081 3227 2154 signa
3257 2064 3576 2146 veneratur;
3601 2080 3674 2136 si-

2072 2191 2176 2249 gua
2221 2179 2384 2248 jurat,
2417 2181 2568 2248 signa
2610 2177 2862 2232 omnibus
2893 2176 3009 2231 deis
3055 2175 3337 2246 pra'ponit.
3367 2164 3675 2230 Omnes'ill'i

2075 2273 2368 2343 imaginum
2398 2275 2682 2344 suggestus
2709 2269 2983 2342 insignes,
3014 2268 3236 2324 monilia
3257 2267 3476 2323 crucum
3507 2261 3637 2321 sunt
3657 2307 3674 2334 ,

2075 2367 2289 2437 siphara
2334 2364 2421 2420 illa
2465 2364 2820 2427 vexillorum,
2866 2361 2920 2418 et
2955 2361 3338 2417 ca‘iita‘b’rb'rum'
3375 2357 3528 2414 stola:
3556 2354 3680 2414 crd-

2077 2475 2199 2516 cum
2230 2469 2374 2514 sunt.
2405 2450 2591 2514 Laudo
2625 2454 2964 2529 diligentiam
2989 2474 3003 2510 :
3037 2445 3287 2511 doluistis
3313 2450 3486 2510 nudas
3511 2457 3566 2510 εἰ
3595 2445 3678 2508 in-

2076 2553 2248 2606 cultas
2287 2561 2476 2605 cruces
2524 2563 2846 2606 consecrare
2875 2548 2943 2622 ι(
2969 2547 3310 2614 'l'ei'ttﬂlian.,
3359 2539 3634 2624 Apamea.
3658 2585 3674 2611 ,

2078 2661 2198 2714 cap.
2228 2645 2330 2712 16,
2362 2659 2482 2716 pag.
2515 2643 2638 2717 17).
2681 2644 2804 2700 Alio
2842 2640 3021 2700 autem
3069 2643 3122 2698 in
3157 2639 3295 2698 libro
3333 2637 3558 2706 eadem,
3583 2631 3682 2694 seu

2077 2738 2198 2794 aliis
2227 2738 2406 2793 verbis
2434 2737 2660 2808 repetita
2691 2737 2791 2809 legi
2821 2736 2889 2792 ab
2927 2735 3180 2792 erunibus
3210 2731 3435 2808 possunt
3459 2729 3639 2806 (idem
3661 2771 3679 2803 ,

2079 2830 2174 2886 lib.
2207 2847 2245 2894 ι,
2280 2830 2348 2885 ad
2380 2829 2620 2904 Milium,
2653 2845 2770 2898 cap.
2804 2829 2890 2894 12,
2927 2843 3046 2900 pag.
3079 2827 3208 2902 58).

2153 2923 2261 2980 Cur
2289 2935 2468 2980 autem
2514 2923 2775 2979 Minuciu‘s
2810 2921 3009 2978 dixerit
3034 2921 3103 2977 ab
3130 2920 3365 2978 ethnicis
3399 2927 3586 2976 cruces
3613 2915 3683 2972 li-

2081 3031 2266 3088 gneas,
2301 3027 2359 3070 ut
2385 3015 2610 3079 deorum
2640 3016 2861 3070 suo'rum
2894 3023 3076 3086 partes
3103 3013 3346 3080 adorari,
3379 3011 3462 3068 his’
3491 3009 3686 3066 intelli-

2083 3123 2178 3180 ges
2208 3108 2448 3178 ejusdem
2476 3107 2793 3164 Tertulliani
2825 3108 3022 3163 verbis.
3051 3105 3304 3178 Cuju'svi‘s
3330 3103 3425 3162 Dei
3459 3112 3480 3158 ἀ
3513 3105 3685 3160 simu-

378 3219 558 3278 chil.
599 3221 664 3279 de
705 3197 841 3279 Mor!
879 3233 1151 3295 persecut.,
1192 3240 1291 3296 cap
1343 3197 1403 3283 ὅ,
1438 3237 1543 3280 art.
1570 3223 1606 3279 2
1643 3215 1696 3279 et
1725 3225 1817 3295 5).
1850 3224 1979 3292 Quis

2087 3203 2312 3264 lacrum,
2347 3202 2538 3272 inquit,
2572 3203 2722 3272 prius
2751 3201 2938 3273 argilla
2965 3199 3235 3256 deformat
3262 3199 3408 3256 cruci
3437 3206 3495 3256 et
3519 3197 3687 3270 stipiti

379 3319 562 3388 itaque
612 3333 758 3374 sanae
811 3320 1007 3375 mentis
1058 3312 1218 3374 hoino
1273 3312 1589 3374 diffitebitur
1639 3317 1898 3372 tributum
1950 3333 1982 3374 a

379 3407 704 3466 Christianis
734 3403 996 3466 [tortorem
1021 3401 1196 3466 ciuci§
1224 3405 1423 3466 Chri.~ti
1449 3411 1624 3481 signo,
1650 3425 1758 3479 quo
1779 3425 1838 3464 se
1859 3424 1982 3466 cre-

378 3503 621 3560 berrime
661 3519 724 3560 ac
751 3507 974 3577 singulis
1003 3504 1116 3561 fere
1163 3506 1310 3560 horis
1359 3504 1682 3572 signabant,
1726 3495 1782 3560 et
1829 3504 1983 3572 cujus

379 3595 584 3652 virtute
611 3605 688 3652 tot
714 3595 966 3667 tantaque
991 3591 1246 3652 miracula
1277 3597 1390 3652 fieri
1419 3597 1769 3652 mirabantur.
1798 3596 1984 3668 Apage

381 3703 514 3762 ergo
545 3692 780 3761 ineptam
808 3690 1070 3748 Grunovii
1118 3692 1168 3746 iu
1212 3683 1352 3747 hunc
1384 3691 1598 3747 Mlﬂllt‘ii
1647 3692 1822 3746 locum
1865 3692 1983 3747 aui-

381 3786 820 3845 madversionem'
853 3829 868 3854 ,
923 3783 1028 3860 qua'
1084 3777 1286 3844 insulse
1333 3779 1529 3844 asserit
1579 3788 1783 3842 nullmn
1835 3786 1986 3842 cruci

385 3880 590 3937 Christi
619 3881 960 3938 tribuendum
1004 3882 1292 3944 honorem.
1343 3883 1417 3938 De
1459 3883 1551 3938 illo
1591 3892 1768 3936 autem
1808 3881 1986 3938 adhuc

383 3985 574 4047 postea
605 3978 907 4048 agen‘dum,
947 3977 1017 4034 de
1057 3995 1164 4050 quo
1208 3979 1420 4033 interim
1463 3979 1744 4032 consulere
1785 3979 1987 4048 poteris

387 4059 690 4134 Patavium.
725 4057 1158 4136 Thoniassiniim,
1197 4066 1533 4134 Gt'etset'utti,
1565 4070 1805 4142 aliosque
1837 4069 1988 4128 lincu-

384 4161 544 4233 logos
575 4163 688 4217 sive
717 4152 1074 4220 scholasticos
1093 4206 1108 4230 ,
1149 4165 1262 4220 sive
1289 4155 1781 4220 controversiarum
1811 4165 1988 4235 scrip-

389 4266 538 4313 tores
567 4257 815 4330 (Petav.,
843 4267 977 4316 tom.
1010 4277 1064 4326 ν,
1091 4257 1274 4316 Theol.
1305 4259 1504 4331 dogm.,
1535 4259 1628 4314 lib.
1659 4274 1747 4323 xv,
1779 4274 1898 4328 cap.
1929 4259 1984 4315 8.

387 4351 707 4434 Thomass.,
737 4353 833 4434 lib.
865 4369 968 4413 xu.
1000 4351 1184 4409 Theol.
1229 4353 1348 4424 dog.
1391 4354 1454 4434 de
1491 4350 1728 4417 Incarn.,
1773 4368 1892 4421 cap.
1921 4352 1985 4419 8;

389 4452 448 4500 et
477 4427 722 4518 Tlteolog.
751 4427 804 4526 in
833 4440 1048 4526 Magisl.
1083 4434 1340 4526 Seium,
1373 4427 1468 4503 lib.
1496 4462 1575 4516 ιιι,
1607 4445 1738 4502 diss.
1767 4445 1822 4516 9;
1854 4457 1909 4503 et
1935 4446 1989 4502 in

392 4537 459 4595 Ι).
483 4535 704 4608 ΤΙιοιιι.,
731 4524 808 4609 lli,
841 4521 978 4612 part.
1011 4541 1204 4613 qumst.
1327 4541 1373 4613 ).

1009 4673 1311 4715 ABTICULUS
1339 4673 1392 4715 V.

400 4772 669 4841 Quomodo
702 4773 962 4830 Minucius
1005 4776 1161 4831 telum
1196 4775 1530 4842 etlmicormn,
1555 4773 1861 4831 Christianis
1881 4777 1995 4832 cul-

471 4880 578 4925 tum
605 4870 771 4926 crucis
791 4869 1156 4936 obiicienliu'm,
1183 4871 1234 4925 iu
1261 4869 1380 4924 illos
1405 4850 1663 4936 retuudat,
1703 4873 1790 4940 qui
1825 4887 1997 4927 cruces

471 4965 526 5022 in
552 4965 760 5023 deorum
787 4965 1094 5034 siiirulacrls,
1129 4965 1403 5028 bantabris,
1426 4965 1644 5029 vexillis,
1679 4971 1882 5038 lropwis
1901 4969 1999 5024 ho-

474 5059 746 5126 norabant,
777 5077 836 5115 ac
854 5053 1068 5132 qua'runt
1100 5061 1304 5130 signum
1353 5059 1408 5114 in
1443 5058 1747 5114 (uolentibus
1794 5063 2000 5116 navium

476 5156 597 5210 velis
619 5198 634 5224 ,
670 5153 722 5209 in
765 5151 920 5226 iugo,
958 5147 1005 5210 ἐι
1047 5147 1253 5210 Iroinirie
1291 5151 1532 5225 expansis
1569 5153 1790 5210 brachiis
1827 5165 2002 5211 orante

476 5247 787 5324 repraasenta
813 5269 890 5308 ur.

477 5356 622 5422 Satis
675 5365 906 5422 Minucio
957 5347 1064 5420 non
1117 5361 1216 5420 fuit
1271 5361 1528 5448 Ethnicos
1574 5346 1750 5421 crucis
1797 5367 2002 5424 cultum

407 5457 729 5515 ChriSIiauis
753 5461 1140 5530 exprobrantes
1180 5458 1482 5514 confutasso
1505 5503 1518 5526 ,
1563 5460 1656 5514 sed
1690 5460 1740 5526 id
1781 5463 1955 5531 ipsum
1981 5505 1995 5526 ,

411 5554 553 5624 quod
587 5549 712 5608 inde
747 5531 1106 5621 eonjiciebant
1146 5552 1348 5616 telum,
1381 5553 1430 5606 in
1461 5553 1578 5606 illos
1608 5548 1684 5606 sic
1720 5536 1955 5608 retundit
1991 5571 2004 5610 :

417 5666 438 5701 ι
475 5647 584 5702 Vos
609 5648 764 5714 plane
794 5647 998 5718 ligneos
1025 5627 1159 5702 deos
1187 5639 1534 5706 consecratis.
1565 5663 1752 5703 cruces
1781 5649 2006 5720 ligneas,

413 5751 470 5794 ιιι
509 5739 732 5795 deorum
775 5752 1072 5794 vcsu‘ortun
1117 5747 1294 5807 partes
1337 5739 1554 5793 forsitan
1587 5740 1844 5796 adoratis.
1875 5741 2006 5796 Nam

415 5841 470 5890 ct
505 5833 654 5907 signa
685 5831 798 5908 ipsa
820 5877 836 5906 ,
876 5843 928 5890 ct
963 5833 1238 5902 cantabra,
1279 5852 1298 5886 ι
1343 5829 1524 5904 (male
1553 5833 1720 5906 aliqui
1747 5833 2008 5908 scriptum

2087 3307 2476 3369 superstructa.
2503 3299 2560 3353 lu
2600 3297 2862 3368 patibulo,
2895 3315 2917 3350 ι
2959 3296 3012 3352 id
3049 3306 3164 3363 εει,
3207 3306 3389 3363 cruce,
3423 3311 3443 3346 ι
3489 3296 3688 3363 corpus

2089 3393 2182 3448 Dei
2230 3392 2397 3448 vestri
2439 3383 2718 3448 dedicatur
2772 3387 2791 3444 ἰ
2841 3385 3052 3474 (idem,
3096 3369 3392 3462 A‘potogét”
3433 3403 3554 3458 cap.
3585 3385 3686 3451 12,

2089 3503 2210 3560 pag.
2240 3490 2324 3545 H.
2361 3489 2504 3544 idem
2526 3531 2542 3557 ,
2574 3488 2670 3544 lib.
2701 3503 2752 3556 ι,
2781 3481 2852 3542 ad
2880 3479 3123 3556 Nation.,
3165 3503 3283 3558 cap.
3321 3485 3422 3554 12,
3467 3500 3586 3557 pag.
3617 3483 3689 3542 58

2088 3592 2143 3639 et
2167 3597 2318 3654 seqq.
2337 3583 2380 3650 ).
2407 3581 2561 3653 Quod
2593 3581 2808 3653 quidem
2837 3581 2944 3636 alio
2974 3573 3028 3636 in
3055 3579 3192 3636 libro
3222 3575 3432 3652 planius
3461 3578 3691 3634 clarius-

2089 3693 2192 3748 que
2213 3677 2445 3748 explicat
2475 3693 2488 3731 :
2523 3676 2618 3732 sed
2651 3676 2770 3748 quia
2801 3674 3014 3746 longior
3041 3675 3110 3730 ibi
3141 3675 3241 3738 est,
3267 3675 3333 3729 ad
3357 3674 3474 3743 ejus
3494 3673 3690 3729 librum

2088 3779 2142 3825 te
2180 3768 2496 3824 mittendum
2527 3770 2696 3824 satius
2722 3760 2994 3824 duximus.
3025 3762 3213 3838 Neque
3241 3765 3420 3823 [timeo
3451 3767 3569 3822 sine
3593 3765 3692 3821 ali—

2089 3879 2193 3928 qua
2222 3863 2597 3917 observatione
2631 3860 3149 3931 praetermittendum
3191 3867 3312 3925 est,
3351 3857 3618 3929 adjectum
3658 3873 3691 3914 a

2091 3937 2323 4012 Minucio
2353 3955 2665 4010 adverbium
2713 3971 2734 4006 ι
2773 3952 2995 4008 forsitan
3054 3973 3073 4008 ι
3120 3961 3245 4008 ante
3289 3971 3308 4004 ι
3355 3951 3612 4007 adoratis.
3666 3970 3686 4005 ι

2091 4045 2358 4120 Numquid
2383 4034 2526 4104 enim
2559 4047 2686 4104 illud
2717 4037 2938 4102 omnino
2961 4039 3280 4104 asseverare
3308 4046 3480 4103 noluit
3503 4089 3518 4114 ,
3553 4060 3692 4118 quo-

2092 4147 2234 4200 niam
2265 4143 2464 4200 ethnici
2511 4141 2738 4198 dcorum
2779 4138 3000 4198 suorum
3041 4125 3324 4197 simulacra
3363 4141 3650 4197 adorantes
3676 4180 3694 4208 ,

2093 4240 2160 4295 ad
2191 4239 2498 4309 suppositas
2524 4239 2604 4295 eis
2633 4251 2824 4294 cruces
2865 4237 3102 4292 animum
3147 4236 3258 4293 non’
3295 4235 3696 4293 advertebant?

2093 4333 2229 4402 Quid
2261 4347 2410 4401 vero,
2443 4333 2487 4388 si
2517 4331 2647 4388 illud
2691 4331 2933 4394 ironice,
2977 4340 3138 4400 atque
3179 4331 3380 4388 idcirco
3423 4331 3698 4388 allirman-

2093 4439 2198 4496 ter,
2227 4428 2680 4502 quemadmodum
2697 4427 3084 4494 Tertullianus,
3105 4425 3340 4482 dixerit?

2167 4500 2305 4581 Ante
2342 4536 2627 4594 utrumque
2668 4538 2798 4578 vero
2824 4517 3066 4576 Justinus
3115 4509 3314 4592 Martyr
3356 4500 3599 4598 Ethnieis
3627 4515 3702 4574 si-

2017 4620 2074 4680 1)
2102 4617 2300 4674 militer
2327 4617 2598 4685 objcccrat
2629 4633 2650 4668 ‹
2685 4625 2982 4671 caSIrorum
3005 4601 3221 4694 vexilla,
3261 4607 3316 4666 et
3341 4597 3556 4686 tropica
3587 4610 3701 4666 vic-

2098 4709 2248 4767 trit-ia
2280 4730 2298 4762 ι
2325 4725 2446 4766 esse
2470 4722 2692 4775 cruces,
2736 4715 2794 4762 ut
2819 4706 2894 4762 ait
2937 4704 3222 4770 Minucius;
3262 4703 3346 4759 vel
3387 4703 3525 4758 sicut
3567 4701 3702 4758 Ter-

2101 4803 2354 4858 tulliauus
2379 4803 2520 4858 dixit
2553 4821 2573 4854 ι
2605 4815 2826 4858 crucum
2853 4801 3018 4856 stolas
3053 4798 3076 4852 ιῖ
3101 4797 3321 4869 (Justin.
3343 4797 3496 4870 Apol.
3517 4813 3555 4860 ι,
3576 4810 3699 4868 pag.

2101 4896 2226 4970 90).
2278 4895 2540 4952 Omnibus
2586 4905 2764 4951 autem
2812 4909 2936 4950 cum
2975 4892 3027 4948 id
3075 4891 3208 4950 satis
3253 4899 3583 4962 compertum
3610 4890 3704 4958 sit,

2103 4992 2236 5048 nihil
2260 4991 2487 5062 amplius
2517 4991 2797 5058 addemus,
2831 4987 2936 5044 nisi
2959 4987 3048 5042 illa
3074 4985 3384 5058 Hieronymi
3409 4985 3475 5040 ad
3505 4984 3709 5040 laetam

2103 5086 2298 5143 verba:
2329 5105 2347 5138 ι
2387 5085 2590 5141 Vexilla
2629 5085 2855 5140 militum
2885 5083 3061 5139 crucis
3087 5080 3313 5152 inSignia
3340 5079 3512 5136 sonti
3543 5078 3710 5154 (Hic-

2105 5196 2316 5242 ronvm.
2342 5180 2498 5250 epist.
2531 5178 2620 5242 57,
2646 5175 2714 5231 ad
2740 5173 2868 5232 Luat.
2900 5186 3020 5246 pag.
3047 5171 3196 5245 591).

2118 5304 2126 5313 -
2179 5273 2472 5330 Memorata
2499 5287 2629 5326 vero
2655 5270 2723 5326 ab
2767 5276 2986 5323 auctore
3027 5275 3232 5333 nostro,
3274 5275 3329 5322 et
3381 5264 3714 5323 Tertulliano

2115 5387 2134 5421 ι
2165 5367 2415 5423 cantabra
2454 5385 2474 5418 ι
2521 5372 2674 5419 erant
2719 5362 2890 5433 signa,
2918 5375 3039 5434 quae
3085 5375 3342 5432 purpura,
3369 5369 3424 5416 et
3465 5373 3600 5415 auro
3625 5373 3714 5414 or-

2111 5468 2256 5525 nata,
2297 5458 2349 5514 in
2377 5456 2586 5530 pompis
2612 5463 2666 5512 et
2701 5448 3128 5509 solemnitatibus
3159 5467 3279 5506 cmn
3309 5449 3534 5508 deorum
3575 5449 3714 5522 ligu-

2112 5555 2187 5610 ris
2210 5569 2301 5624 per
2325 5551 2508 5606 urbem
2537 5549 2866 5604 ferebantur.
2897 5546 3082 5616 Neque
3110 5546 3250 5601 aliud
3281 5544 3420 5600 inter
3461 5543 3717 5600 cantabra

2115 5659 2162 5703 et
2225 5646 2422 5701 vexilla
2477 5641 2848 5698 intercedebat
2889 5639 3204 5704 discrimen,
3261 5639 3364 5696 nisi
3413 5641 3540 5710 quia
3601 5637 3719 5692 haec

2116 5739 2237 5795 vela
2272 5745 2476 5793 tantum
2504 5744 2680 5803 erant,
2729 5735 2912 5790 colore
2935 5748 3034 5789 suo
3079 5731 3361 5789 notissima
3397 5749 3411 5789 ;
3457 5731 3715 5788 cantabra

2117 5850 2246 5893 vero
2272 5832 2338 5891 ab
2365 5830 2470 5890 illis
2499 5829 2938 5890 discernebantur
2958 5839 3012 5888 et
3037 5828 3221 5889 colore
3245 5841 3364 5899 suo,
3393 5837 3451 5890 et
3479 5825 3721 5890 carmine
