4034 6320
335 247 438 303 57.7

1802 237 2275 296 lllSSEllTA'l'lll.
3528 240 3633 298 538

335 366 627 422 abstinent.
658 365 702 420 Ο
747 365 949 437 grande
977 364 1179 421 scelus!
1217 362 1348 433 Quid
1400 370 1597 426 autem,
1632 360 1823 415 amabo
1847 368 1932 427 te,
1966 361 2010 422 Α
2040 360 2309 417 censibus.
2344 360 2398 416 lu
2430 376 2493 418 ea
2520 360 2712 418 delecti
2760 360 2860 415 viri
2905 360 3094 417 ordine
3131 360 3356 431 quisque
3411 376 3528 423 suo,
3572 374 3635 415 ac

332 459 552 521 mirum.
586 460 629 514 si
654 457 1010 527 Christianus,
1044 459 1132 529 qtti
1166 456 1479 513 erucil‘txuui
1510 455 1791 509 hominum
1842 467 1931 506 se—

331 551 551 626 quendo
578 567 793 609 crucem
846 567 998 607 suam
1034 550 1273 622 quotidie
1305 549 1446 605 ferre
1487 547 1666 612 debet,
1717 559 1930 599 onmem

334 644 498 717 lugiat
532 645 905 716 voluptatem?
948 643 1135 699 Nonne
1180 658 1211 698 a
1247 641 1526 698 Clemente
1566 637 1931 695 Alexandrino

331 738 622 794 didicimus
669 739 1020 807 voluptatem,
1052 741 1222 798 ἡδονὴν
1243 778 1258 795 .
1291 736 1360 790 ab
1382 735 1623 805 ipsismet
1644 731 1930 804 gentilibus

332 830 672 902 philosophis
699 830 931 896 deliniri,
1003 839 1198 903 ἔπαρσιν
1211 842 1362 900 ψυχῆς
1394 834 1566 889 ἀπαιθῆ
1613 829 1747 898 λὸγῳ,
1774 844 1792 877 ι
1821 824 1933 879 ela-

332 927 536 982 tionem
584 924 797 992 animae,
843 941 963 997 qua!
1011 939 1116 979 non
1152 935 1301 995 paret
1354 922 1546 978 rationi
1585 941 1602 972 ι
1635 921 1928 989 (Clemens

330 1019 622 1083 Alexand.,
676 1019 768 1075 lib.
832 1035 867 1073 ι.
927 1017 1163 1090 Pirdag.,
1230 1032 1350 1086 cap.
1410 1016 1499 1080 15,
1561 1028 1677 1084 pag.
1737 1012 1839 1067 155
1876 1011 1933 1083 )?

327 1109 748 1167 Obsvrvavimus
774 1125 900 1166 vero
946 1110 1117 1181 ipsum
1149 1109 1321 1163 adhuc
1360 1107 1607 1161 docuisse
1647 1104 1935 1173 voluptatis

328 1203 510 1258 omnis
568 1203 888 1273 principium
953 1218 1073 1258 esse
1136 1200 1506 1271 cupiditatem,
1565 1212 1629 1254 ac
1697 1194 1931 1251 vicissim

326 1295 679 1367 cupiditatem
714 1296 990 1366 voluptate
1038 1296 1284 1365 generari
1325 1291 1523 1365 (Tom.
1560 1306 1597 1346 ι.
1642 1289 1926 1359 Apparat.,

323 1387 427 1444 lib.
451 1387 819 1455 ttt,di.~sertat.
838 1385 893 1455 τὶ,
918 1403 1039 1457 cap.
1064 1386 1157 1450 21,
1182 1394 1266 1440 art
1291 1384 1347 1451 2,
1374 1400 1492 1456 pag.
1525 1382 1706 1454 1021).
1735 1382 1930 1451 Quam-

325 1479 517 1536 obrem
546 1480 614 1535 ab
667 1480 813 1536 omni
868 1478 1197 1544 Christiano,
1244 1486 1502 1548 quantum
1548 1485 1724 1545 potest
1775 1475 1929 1540 lieri,

323 1588 546 1646 semper
591 1571 839 1645 fugienda
881 1581 983 1629 est.
1024 1571 1161 1639 Quid
1202 1586 1351 1634 vero,
1399 1569 1540 1641 quod
1576 1571 1784 1635 Cicero,
1831 1568 1930 1623 etsi

323 1667 595 1733 ethnicus,
630 1665 815 1732 libros,
840 1665 1031 1735 quibus
1055 1664 1219 1718 lilium
1252 1677 1405 1717 suum
1457 1661 1700 1716 colendis
1741 1659 1933 1715 officiis

325 1758 601 1827 informat,
659 1760 737 1816 sic
787 1759 1053 1815 absolvit?
1101 1778 1119 1810 ι
1152 1757 1377 1814 Omnem
1428 1756 1752 1826 voluptatein
1793 1755 1927 1810 dici-

323 1868 449 1925 mus
478 1854 740 1910 honestati
769 1870 891 1911 esse
914 1854 1330 1911 contrariam...
1364 1851 1495 1907 Nam
1532 1861 1589 1906 ut
1634 1852 1931 1906 tribuamus

321 1946 526 2009 aliquid
549 1947 830 2015 voluptati,
881 1945 1209 2003 condimenti
1265 1945 1496 2001 fortasse
1537 1945 1801 2010 nonnihil,
1831 1945 1933 2000 titi-

322 2034 495 2095 litatis
523 2049 670 2095 certe
699 2039 833 2095 nihil
863 2038 1078 2095 habebit
1110 2059 1130 2092 ι
1162 2039 1339 2111 (Cic.,
1370 2038 1463 2094 lib.
1500 2055 1582 2105 nt,
1612 2039 1769 2094 (illic.
1805 2055 1925 2111 pag.

322 2130 454 2199 404,
490 2140 545 2188 et.
572 2134 770 2205 seqq.).

396 2225 665 2282 Cmterum
722 2226 982 2283 Minucius
1031 2235 1233 2293 noster,
1291 2241 1360 2282 ne
1420 2225 1625 2293 Caecilii
1691 2225 1927 2281 animum

322 2325 489 2381 nimis
536 2326 791 2396 irritaret,
841 2327 1083 2383 modeste
1132 2327 1205 2383 illi
1234 2325 1551 2397 respondit:
1596 2322 1931 2380 Christianos

330 2438 351 2472 ι
391 2420 547 2476 malis
583 2421 855 2478 abstinere
903 2421 1285 2492 voluptatibus,
1322 2440 1341 2473 ι
1397 2419 1591 2492 quibus
1658 2427 1929 2489 tamquam

326 2511 568 2569 tinuesds
595 2529 657 2570 ac
686 2514 844 2569 licitis
869 2513 1081 2570 Ethnici
1110 2514 1474 2585 indulgebant.

400 2604 497 2661 Dic
524 2620 652 2677 ergo
679 2607 852 2669 nobis,
885 2624 918 2659 o
959 2606 1162 2671 Cmcili,
1194 2622 1313 2678 qum
1365 2614 1489 2661 sunt
1536 2604 1640 2659 ill.e
1690 2602 1931 2657 honestae

323 2699 650 2770 voluptates,
704 2701 898 2771 quibus
947 2700 1220 2756 abstinere
1255 2700 1576 2757 Christianis
1618 2697 1765 2753 nefas
1808 2712 1929 2752 esse

320 2791 611 2848 contendis
635 2809 650 2846 :
677 2812 694 2845 ι
722 2793 835 2847 Non
858 2795 1161 2864 spectacula
1187 2792 1375 2860 visitis,
1405 2811 1423 2844 ι
1462 2793 1530 2847 ita
1556 2791 1677 2846 illos
1703 2787 1930 2861 alloqui-

323 2893 431 2952 tur,
466 2903 486 2936 ι
520 2901 627 2940 non
660 2886 867 2957 pompis
898 2885 1186 2951 interestis,
1213 2886 1456 2939 convivia
1483 2884 1695 2954 publica
1723 2882 1928 2949 absque

319 2978 495 3045 vobis,
538 2995 688 3035 sacra
713 2980 1030 3042 certamina,
1057 2988 1384 3049 praecerptos
1412 2978 1584 3042 cibos,
1631 2988 1685 3033 ct
1713 2976 1921 3032 deliba-

2036 455 2301 523 tiliiciucs,
2351 456 2548 527 aliique
2589 455 2970 527 procedebant,
3004 465 3058 511 et
3094 454 3161 509 ab
3186 453 3386 509 ultimis
3408 453 3633 510 deorum

2036 553 2313 607 simulacra
2347 552 2745 608 defvrebautnr.
2786 551 2939 608 Unde
2966 550 3265 606 Macrobius
3299 567 3312 604 :
3361 567 3379 601 ι
3408 547 3635 604 Ferculo

2034 650 2305 701 vehuntur
2335 646 2385 700 in
2415 662 2604 715 pompa
2652 646 2897 701 ludorum
2928 645 3249 700 circensium
3294 641 3518 696 deorum
3562 640 3636 696 si-

2035 741 2268 796 tnulacra
2300 741 2557 814 (Macrob.
2583 741 2876 797 Saturnal..
2920 741 3010 795 lib.
3056 755 3094 806 t,
3120 754 3237 807 cap.
3271 735 3366 809 ‘15)
3415 735 3633 792 Tertul-

2038 832 2211 887 liauus
2232 849 2444 905 quoque
2469 853 2480 887 :
2506 833 2838 888 Circensium
2884 833 3041 903 paulo
3079 831 3376 903 pompatior
3409 842 3633 901 sugges-

2038 935 2141 992 tus,
2183 927 2375 996 quibus
2409 927 2620 997 proprie
2658 926 2760 982 hoc
2800 941 3017 990 numen,
3069 940 3260 995 pmnpa
3301 923 3630 994 prmcedeus,

2037 1033 2261 1089 quorum
2291 1020 2359 1074 sit
2386 1020 2436 1074 in
2466 1021 2781 1089 semetipsa,
2801 1019 2992 1090 probat
3016 1018 3084 1074 de
3108 1017 3518 1073 simulacrorum
3548 1028 3635 1069 se-

2036 1110 2133 1170 rie.
2168 1112 2235 1168 tle
2266 1112 2552 1183 imaginum
2583 1113 2815 1178 agmine,
2843 1111 2911 1167 de
2940 1108 3287 1175 cnrrihus,de
3310 1107 3533 1167 thensis.
3564 1104 3634 1161 de

2036 1204 2382 1268 armamaxis,
2433 1205 2502 1261 de
2554 1204 2797 1271 sedibus,
2866 1205 2934 1260 de
2975 1204 3211 1270 coronis,
3269 1200 3338 1256 de
3403 1199 3630 1256 exuviis.

2033 1295 2239 1364 Quanta
2271 1306 2526 1363 pra-terea
2560 1313 2732 1353 sacra.
2764 1304 2960 1368 quanta
2989 1294 3250 1349 sacrificia
3300 1291 3630 1364 pra-cedant,

2032 1390 2387 1457 intercedant,
2436 1391 2742 1458 sui-cedant,
2801 1400 2932 1461 quot
2986 1388 3231 1458 collegia,
3273 1397 3404 1456 quot
3455 1399 3633 1438 sacer-

2034 1486 2218 1552 dotia,
2275 1495 2406 1555 quot
2444 1485 2619 1541 officia
2696 1492 3045 1545 moveantur,
3129 1480 3308 1535 sciunt
3388 1477 3633 1533 homines

2035 1578 2178 1634 illius
2227 1578 2409 1646 urbis,
2465 1578 2516 1633 iii
2595 1592 2697 1649 qua
2722 1575 3111 1631 dmmooiorum
3152 1579 3450 1629 conventus
3497 1584 3632 1624 cou-

2036 1671 2173 1727 sodit
2206 1691 2225 1725 ι
2264 1670 2640 1741 (Tettullian.,
2676 1670 2768 1724 lib.
2819 1671 2885 1724 de
2929 1656 3195 1738 Spectac.,
3231 1681 3349 1733 cap.
3391 1664 3445 1729 7,
3509 1677 3629 1733 pag.

2037 1764 2164 1835 95).
2238 1764 2494 1834 Qttaidatn
2544 1763 2720 1818 adhuc
2774 1762 2877 1817 alia
2933 1760 3059 1816 alibi
3120 1758 3320 1814 retulit.
3372 1755 3477 1813 Sed
3518 1754 3634 1811 lucc

2034 1860 2215 1914 Omnia
2244 1859 2551 1927 singillatim
2574 1868 2623 1911 et
2646 1857 2901 1927 graphice
2935 1874 2963 1910 a
3014 1852 3267 1925 Dionysio
3299 1851 3636 1906 Halicarnas-

2034 1968 2127 2008 seo
2144 1950 2406 2023 descripta
2438 1953 2676 2007 invenies
2710 1951 2875 2024 (Idem
2901 1950 2990 2006 lib.
3013 1950 3076 2003 de
3106 1948 3374 2011 loololat.,
3397 1960 3497 2015 Cap
3544 1944 3630 2007 ll,

2035 2061 2154 2117 pag.
2188 2047 2314 2102 110.
2370 2046 2587 2118 Dionys.
2630 2044 2885 2111 Halicar.,
2937 2044 3029 2098 lib.
3060 2058 3155 2109 vtl,
3198 2041 3370 2110 Antiq.
3408 2038 3631 2094 Roman.

2034 2154 2155 2211 pag.
2186 2139 2290 2195 475
2316 2148 2366 2195 et
2384 2154 2443 2195 se
2464 2136 2561 2210 ιιι).
2605 2138 2680 2194 De
2707 2138 2788 2193 his
2819 2153 2944 2192 vero
2976 2151 3073 2191 nos
3104 2134 3344 2190 nonnihil
3375 2135 3634 2188 subnota-

2033 2231 2208 2287 vimus
2246 2232 2297 2285 in
2341 2231 2602 2302 quosdam
2653 2230 2928 2286 Ambrosii
2972 2228 3139 2283 libros
3170 2226 3390 2300 (Amhr.
3431 2223 3632 2291 Expos.

2034 2324 2166 2397 psal.
2200 2324 2320 2392 118,
2361 2339 2525 2379 serm.
2560 2339 2612 2392 v,
2652 2333 2708 2378 et
2749 2322 2822 2378 lib
2865 2321 2978 2378 tde
3005 2320 3183 2387 0ftic.,
3228 2335 3346 2392 cap.
3384 2318 3452 2375 18
3481 2317 3508 2391 §
3540 2317 3631 2383 75,

2033 2432 2154 2489 pag.
2183 2416 2296 2492 21).

2106 2510 2362 2579 Quamvis
2413 2519 2592 2567 autem
2643 2510 2788 2579 inde,
2818 2525 2882 2565 ac
2930 2508 3266 2581 potissimum
3312 2522 3376 2562 ex
3410 2503 3633 2561 Tertul-

2036 2606 2245 2663 tnlliani
2274 2606 2452 2662 verbis
2484 2604 2638 2661 facile
2665 2606 3011 2676 intelligatur,
3038 2619 3136 2660 cur
3165 2602 3254 2657 illa
3280 2601 3631 2659 Ethnicorum

2033 2701 2340 2772 spectacula
2365 2700 2684 2757 Christianis
2731 2699 2996 2768 prohibita
3045 2699 3185 2761 sint;
3221 2696 3522 2767 peculiares
3549 2703 3629 2749 ta-

2034 2812 2154 2851 men
2185 2796 2442 2865 quasdam
2476 2794 2632 2864 huius
2660 2792 2925 2848 interdicti
2956 2791 3194 2846 rationes
3229 2801 3415 2845 auctor
3446 2796 3630 2842 noster

2034 2887 2264 2943 reddidit
2287 2904 2299 2940 :
2327 2905 2346 2939 ί
2375 2886 2505 2942 Nam
2530 2887 2581 2941 in
2603 2886 2739 2941 ludis
2754 2884 3049 2946 curulibus,
3075 2902 3093 2936 ι
3118 2883 3306 2953 inquit,
3329 2901 3347 2933 ι
3372 2881 3491 2953 quis
3520 2894 3626 2935 non

2035 2980 2255 3036 horreat
2282 2981 2456 3051 populi
2487 2980 2539 3036 in
2565 2995 2624 3036 se
2649 2981 2877 3035 rixantis
2904 2979 3189 3039 insaniam.
3216 2978 3267 3032 in
3296 2975 3629 3047 gladiatoriis

318 3080 406 3129 tos
430 3072 692 3129 altaribus
724 3085 881 3146 potus
907 3073 1231 3129 abhorretis.
1265 3093 1285 3126 ι
1316 3073 1424 3131 Sed
1458 3087 1652 3127 novum
1685 3070 1924 3141 profecto
1949 3070 1995 3133 C
2029 3073 2299 3129 homicidii
2346 3074 2708 3143 disciplinam,
2762 3076 2814 3127 in
2857 3072 3087 3128 scenicis
3119 3075 3282 3126 etiam
3320 3087 3424 3124 non
3454 3068 3629 3123 minor

320 3164 452 3222 illiti]
482 3182 546 3224 ac
563 3168 833 3238 singulare
873 3167 1116 3224 criminis
1171 3182 1342 3240 genus
1380 3166 1665 3222 Minucium
1706 3165 1926 3221 minime

318 3261 570 3334 perculit,
622 3270 716 3316 aut
765 3261 1098 3326 perturbavit
1160 3258 1311 3316 Ultro
1352 3260 1495 3315 enim
1543 3258 1828 3314 enuntietur
1860 3274 1923 3313 ea

319 3353 504 3408 omnia
537 3352 1260 3425 lamqnamnoxia,nefaria,
1302 3366 1365 3406 ac
1421 3352 1605 3419 pudori
1653 3350 1924 3421 castisque

316 3445 561 3501 moribus
588 3448 834 3518 opposita
857 3446 1192 3502 Christianos
1212 3445 1394 3516 fugere
1421 3454 1477 3500 et
1504 3445 1762 3500 aversari.

388 3539 472 3594 Ad
504 3540 808 3610 spectacula
857 3541 1135 3596 enimvero
1185 3550 1240 3595 et
1267 3554 1487 3612 pompas
1513 3538 1654 3610 quod
1696 3538 1919 3594 attinet:

325 3648 343 3682 ι
378 3630 511 3695 Nos,
542 3631 730 3705 inquit,
757 3632 848 3704 qui
880 3632 1083 3700 pudore
1106 3645 1158 3689 et
1188 3632 1429 3690 moribus
1465 3649 1769 3693 censentur.
1812 3648 1924 3687 ma-

318 3725 384 3782 lis
410 3725 794 3798 voluptatibus,
821 3735 876 3784 et
900 3727 1115 3798 pompis
1148 3726 1365 3791 vestris,
1399 3736 1454 3782 et
1480 3726 1802 3796 spectaculis
1827 3725 1925 3781 ab-

317 3822 598 3890 stinemus,
627 3836 855 3893 quorum
882 3832 937 3878 et
980 3824 1048 3877 de
1073 3824 1241 3877 sacris
1265 3822 1527 3892 originem
1566 3823 1833 3885 novimus,
1865 3829 1920 3876 et

316 3913 474 3968 noxia
518 3913 875 3971 blandimenta
898 3913 1236 3970 damnamus.
1280 3932 1298 3966 ι
1333 3918 1503 3971 Antea
1529 3929 1659 3970 vero
1705 3912 1917 3970 Tertul-

319 4004 493 4062 lianus
519 4007 681 4063 simili
713 4009 869 4078 plane
925 4009 1085 4064 modo
1106 4008 1317 4064 dixerat
1347 4026 1361 4062 :
1423 4026 1442 4061 ι
1482 4007 1660 4079 (Eque
1712 4018 1923 4076 speeta-

316 4102 453 4157 eulis
508 4104 705 4158 vestris
744 4104 798 4158 in
851 4113 1056 4159 tantum
1104 4106 1496 4173 renuntiamus,
1557 4105 1608 4159 in
1660 4115 1919 4175 quantum

316 4196 616 4268 originibus
642 4213 852 4264 eorum,
883 4213 1019 4269 quas
1043 4197 1242 4252 scimus
1269 4198 1338 4253 de
1376 4199 1757 4269 superstitione
1791 4215 1921 4254 cou-

313 4297 523 4358 θερίας.
548 4287 686 4356 Quin
717 4299 772 4344 et
799 4289 929 4359 ipsis
977 4288 1159 4350 rebus.
1194 4288 1261 4344 de
1295 4290 1489 4361 quibus
1533 4290 1917 4360 transiguntur,

309 4389 698 4451 praetersumus
748 4381 1106 4451 ('l‘ertultian.
1155 4381 1448 4455 Apologet.,
1493 4398 1612 4454 cap.
1669 4383 1760 4446 58.
1796 4399 1915 4455 pag.

311 4477 428 4546 54).
458 4497 479 4531 ι
513 4477 644 4547 Quae
673 4487 852 4535 autem
883 4479 1101 4535 fuerunt
1133 4479 1237 4535 illa:
1281 4482 1710 4550 spectaculorum
1752 4482 1909 4552 origi-

310 4584 429 4637 nes,
476 4584 542 4625 ac
584 4571 856 4641 qumnodo
895 4588 958 4627 ex
1000 4572 1296 4628 idololatria
1344 4583 1401 4629 et
1442 4574 1605 4644 impio
1660 4575 1916 4630 laISorum

307 4660 532 4717 deorum
558 4663 702 4718 cultu
730 4672 862 4718 orta:
887 4664 1014 4732 sint,
1054 4664 1255 4736 liquido
1294 4665 1579 4721 edisseruit
1632 4664 1685 4720 in
1725 4681 1825 4721 suo
1846 4666 1916 4722 de

306 4753 643 4826 Spectaculis
681 4755 822 4811 libro
861 4757 1136 4827 (Tertull.,
1194 4758 1286 4813 lib.
1317 4760 1380 4813 de
1408 4757 1677 4826 Speciem,
1723 4773 1844 4829 cap.
1879 4759 1915 4815 ὅ

306 4857 558 4920 ctseqq.,
586 4865 705 4923 pag.
738 4850 800 4906 91
838 4860 893 4907 et
921 4851 1119 4923 seqq.),
1151 4852 1240 4907 tibi
1273 4853 1421 4921 plura
1447 4853 1515 4908 de
1537 4853 1724 4908 iisdem
1755 4868 1911 4922 Spec-

305 4942 500 4998 taculis
522 4956 819 5015 eorumque
849 4944 1132 5000 interdicto
1163 4945 1344 5015 legere
1385 4947 1605 5016 poteris,
1653 4946 1912 5017 quemad-

306 5025 523 5090 modum
558 5037 610 5091 in
635 5037 755 5093 aliis
788 5038 989 5108 paSsim
1030 5037 1124 5095 SS.
1156 5038 1375 5094 Patrum
1405 5040 1681 5110 operibus.

376 5127 525 5184 Bene
563 5128 779 5200 quidem
816 5130 963 5187 dicet
1008 5131 1221 5203 aliquis.
1263 5131 1370 5188 Sed
1407 5132 1534 5204 quid
1568 5142 1735 5188 sunti
1758 5149 1908 5204 pom-

305 5237 409 5292 pae,
446 5243 467 5278 ι
500 5240 530 5279 a
562 5222 792 5281 Minucio
830 5233 1014 5297 postea
1067 5236 1399 5293 memorattr,
1431 5244 1565 5300 quas
1614 5228 1908 5285 Christiani

305 5329 413 5369 non
490 5315 682 5382 minus,
739 5333 900 5389 quam
965 5320 1266 5387 spectacula
1326 5319 1637 5391 fugiebant?
1703 5321 1904 5392 Pompa

302 5422 478 5478 graece
501 5407 695 5465 dicitur
714 5424 905 5480 πομπὴ,
938 5426 968 5467 a
1014 5412 1182 5467 verbo
1203 5421 1399 5483 πέμπω,
1437 5415 1578 5485 quod
1630 5415 1792 5469 latine
1836 5416 1910 5471 si-

299 5504 519 5575 gniﬁcat
562 5504 733 5571 mitto,
785 5506 1013 5571 deduco,
1058 5513 1365 5564 transvetio.
1415 5508 1685 5566 Solemnis
1728 5518 1906 5566 autem

299 5607 419 5655 erat
455 5608 513 5655 et
576 5599 786 5670 publica
841 5615 937 5670 per
984 5601 1260 5657 civitatum
1314 5603 1465 5659 vicos
1512 5602 1786 5664 deductio.
1851 5613 1903 5659 et

299 5692 648 5751 transvectio.
693 5707 812 5765 qua:
849 5692 961 5749 fieri
992 5694 1200 5749 Solebat
1241 5695 1292 5751 in
1342 5694 1646 5765 triumphis,
1698 5697 1904 5768 suppli-

299 5785 602 5843 cationibus
630 5785 856 5859 aliisque
891 5786 1342 5854 solemnitatibus,
1379 5802 1440 5844 ac
1471 5789 1741 5860 praecipue
1791 5789 1898 5845 cir-

2030 3166 2198 3235 fnror,
2252 3168 2525 3238 turpitudo
2562 3168 2840 3236 prolixior.
2878 3186 2897 3219 ι
2932 3166 2989 3221 lu
3037 3166 3400 3234 manuscriptu
3442 3162 3628 3218 codice

2028 3261 2176 3329 regio
2200 3260 2412 3331 legitur,
2449 3278 2467 3311 ι
2505 3275 2611 3314 non
2639 3260 2814 3314 minur
2846 3257 3043 3323 furore,
3084 3276 3102 3310 ι
3148 3273 3246 3313 nec
3280 3257 3500 3311 munitio
3527 3255 3627 3311 ab-

2026 3353 2192 3408 surdo
2243 3368 2424 3408 sensu.
2458 3352 2586 3410 Utut
2636 3354 2725 3420 sit,
2775 3350 3137 3408 Tertullianns
3188 3350 3391 3405 auctori
3442 3358 3628 3405 nostro

2028 3448 2311 3519 pra-iverat
2333 3446 2387 3501 in
2416 3464 2515 3501 suo
2556 3446 2926 3518 Apologetico,
2959 3446 3046 3500 tibi
3082 3445 3330 3501 similiter
3367 3445 3624 3515 scriptum

2027 3540 2294 3611 legimus:
2336 3560 2356 3595 ι
2401 3541 2539 3597 Nihil
2582 3550 2666 3596 est
2708 3539 2863 3594 nobis
2887 3554 3010 3594 cum
3052 3534 3453 3603 insania'circi,
3503 3552 3625 3594 cum

2026 3632 2352 3702 impudicitia
2386 3635 2600 3699 theatri,
2633 3648 2755 3686 cum
2787 3631 3067 3685 atrocitate
3100 3645 3301 3697 arenae,
3331 3645 3452 3684 cum
3485 3629 3625 3702 xysti

2021 3726 2276 3782 vanitate.
2316 3747 2334 3779 ι
2353 3726 2558 3781 Rursus
2579 3742 2706 3781 vero
2728 3726 2853 3780 alibi
2880 3743 2893 3780 :
2927 3743 2944 3776 ι
2967 3724 3091 3794 quid
3117 3740 3221 3778 non
3246 3726 3573 3794 frequentas,
3602 3742 3620 3776 ι

2022 3819 2224 3885 aiebat,
2261 3840 2281 3872 ι
2316 3828 2422 3873 tam
2455 3820 2726 3874 solemnes
2757 3818 3058 3887 Voluptates
3104 3815 3233 3870 circi
3283 3813 3528 3881 furentis,
3572 3821 3626 3869 ct

2021 3926 2199 3967 cavete
2256 3910 2546 3975 savientis,
2598 3918 2654 3965 et
2691 3925 2865 3964 scenm
2927 3907 3288 3962 lascivientis?
3322 3926 3340 3959 ι
3402 3906 3622 3961 Demttm

2027 4006 2136 4061 alio
2170 4005 2347 4061 adhuc
2387 4006 2439 4060 in
2483 4004 2660 4059 libro:
2720 4022 2738 4056 ι
2774 4002 2919 4058 Perit
2964 4010 3019 4056 et
3071 4000 3262 4062 fidelis,
3306 4001 3523 4071 elapsus
3573 4001 3622 4055 iu

2027 4098 2394 4169 Spectaculnm
2408 4096 2736 4168 quadrigarii
2763 4094 2979 4163 furoris,
3002 4105 3055 4149 et
3075 4092 3377 4165 gladiatorii
3394 4093 3621 4160 cruoris,

2025 4200 2081 4245 ct
2109 4192 2337 4246 scenica:
2389 4189 2663 4256 foeditatis,
2707 4198 2759 4244 et
2802 4186 3026 4259 xystica:
3075 4185 3347 4249 vanitatis.
3380 4184 3433 4240 in
3477 4184 3624 4240 lusus

2027 4294 2083 4340 et
2123 4283 2364 4340 convivia
2413 4281 2691 4338 saacularis
2738 4279 3120 4346 solemnitatis,
3166 4280 3217 4334 in
3257 4278 3493 4334 ofﬁcium
3519 4319 3534 4342 ,
3571 4280 3622 4331 in

2026 4380 2378 4435 ministerium
2402 4378 2595 4434 aliena:
2616 4377 2935 4432 idololatrias
2967 4393 2986 4428 ι
3011 4373 3355 4448 (Tertulliau.
3377 4372 3622 4445 Apolog.,

2023 4488 2146 4544 cap.
2175 4474 2265 4541 58,
2298 4488 2420 4545 pag.
2453 4473 2542 4527 54.
2583 4470 2727 4527 Idem
2771 4469 2866 4525 lib.
2900 4485 2940 4534 ι,
2963 4469 3136 4523 adver.
3171 4465 3453 4533 Marciam,
3499 4480 3617 4536 cap.

2021 4569 2111 4635 27,
2148 4585 2266 4640 pag.
2301 4568 2424 4624 45L
2457 4566 2573 4621 Lib.
2629 4565 2692 4618 de
2736 4562 2944 4628 Pedia,
2997 4577 3116 4632 cap.
3173 4560 3228 4621 7.
3273 4575 3393 4630 pag.
3441 4556 3546 4613 722
3576 4560 3619 4628 ).

2019 4665 2359 4735 Quapropter
2412 4662 2770 4732 Hieronymus
2796 4659 2862 4713 ad
2900 4657 3205 4713 Marcellam
3233 4656 3348 4710 bare
3395 4653 3619 4709 scribit:

2025 4776 2043 4811 ι
2081 4756 2283 4812 Habeat
2330 4754 2430 4809 sibi
2474 4754 2643 4809 Roma
2696 4766 2824 4807 suos
2872 4751 3149 4815 tumultus,
3199 4764 3360 4804 arena
3408 4745 3619 4810 steviat,

2017 4853 2195 4908 circus
2239 4849 2486 4914 insaniat,
2532 4849 2736 4904 theatra
2770 4847 3060 4902 luxurient.
3099 4864 3118 4898 ι
3152 4845 3361 4900 Etenim
3398 4861 3411 4899 :
3450 4862 3468 4894 ι
3497 4858 3620 4899 cre-

2013 4949 2148 5004 dens
2181 4949 2233 5002 in
2261 4946 2561 5011 dominum,
2595 4943 2800 5007 Jesum,
2841 4964 2859 4997 ι
2884 4931 2978 4997 ’τιιί
3028 4942 3114 4997 ille
3148 4940 3274 4995 alibi
3326 4939 3393 4994 de
3432 4948 3618 4994 sancto

2013 5042 2288 5097 Hilariuue
2332 5040 2485 5103 dixit,
2536 5058 2555 5091 ‹
2594 5054 2700 5093 non
2744 5037 2872 5092 circi
2922 5034 3212 5098 furoribus,
3271 5048 3377 5087 nou
3428 5048 3610 5087 arena:

2012 5149 2293 5204 sanguine,
2341 5150 2444 5187 non
2477 5131 2667 5187 theatri
2702 5131 2904 5187 luxuria
2927 5127 3228 5183 delectatur
3248 5124 3612 5199 (Hieronym.,

2013 5227 2173 5295 epist.
2207 5226 2299 5289 45.
2328 5228 2395 5280 ad
2434 5222 2676 5291 Marcel.,
2710 5238 2828 5295 pag.
2872 5222 3001 5290 55t,
3026 5229 3083 5277 et
3109 5220 3164 5275 in
3192 5224 3294 5274 vita
3324 5218 3609 5287 Hilariott.,

2016 5335 2137 5392 pag.
2166 5320 2277 5394 75).

2002 5420 2009 5421 ’
2088 5417 2257 5469 Porro
2283 5423 2460 5469 autem
2489 5410 2848 5467 Tertullianus
2885 5408 2939 5464 in
2967 5408 3078 5481 jam
3104 5408 3269 5465 citato
3306 5419 3337 5461 a
3361 5406 3516 5461 nobis
3544 5405 3611 5461 de

2010 5506 2342 5576 Spectaculis
2370 5507 2526 5572 libro,
2559 5517 2836 5577 postquam
2868 5503 3213 5561 manifestum
3246 5502 3500 5560 omnibus
3533 5500 3611 5557 fc-

2008 5604 2104 5667 cit.
2131 5604 2256 5674 quid
2288 5604 2575 5671 sitcircus,
2620 5618 2719 5659 cur
2761 5604 2838 5659 sic
2863 5617 3220 5675 nuncupatus,
3276 5611 3333 5660 et
3375 5602 3502 5671 quid
3553 5601 3607 5656 in

2006 5713 2073 5754 eo
2100 5706 2368 5769 ageretur,
2403 5708 2511 5752 tmn
2554 5709 2758 5769 puswa,
2812 5696 2938 5769 quid
2989 5699 3103 5752 hac
3148 5697 3384 5753 aucturis
3435 5694 3606 5751 nostri

2002 5790 2162 5843 verba
2199 5810 2211 5847 :
2246 5808 2267 5842 ι
2301 5790 2487 5861 Populi
2527 5790 2579 5845 in
2633 5805 2694 5847 se
2740 5789 2964 5845 rixmitis
3016 5790 3298 5857 insaniam,
3336 5808 3357 5843 ι
3402 5788 3606 5859 signiti-
