3972 6310
294 349 399 411 5M

1768 353 2247 414 DISSERTATIO.

3504 356 3610 417 542

295 486 360 527 ea
406 470 650 527 convivia
694 484 904 527 summo
944 485 1064 527 cum
1112 469 1376 528 dedecore
1410 470 1680 528 celebrata
1729 470 1895 528 fuisse
1922 477 1975 535 Α
2001 471 2139 528 l'ccto
2181 474 2231 528 in
2273 487 2387 529 rem
2430 471 2598 530 citare
2644 489 2750 530 non
2794 452 3054 553 dubitavit
3081 488 3094 529 :
3126 490 3143 527 ι
3175 471 3281 531 Sed
3304 489 3498 549 neque,
3526 477 3609 532 in-

299 565 637 620 solcmnibus
666 563 1079 637 imperatorum,
1112 563 1489 636 Cmsarumque
1517 565 1725 634 diebus,
1749 566 1909 620 nimi-

294 675 417 715 rum
464 642 754 725 natalibns,
802 659 943 713 sicut
983 658 1071 712 ille
1110 658 1234 713 alibi
1284 670 1485 723 narrat,
1527 658 1652 712 item
1696 658 1904 712 illorum

297 750 809 821 quinquennalibus,
858 736 925 805 de
962 751 1154 820 quibus
1197 750 1395 821 aliquid
1453 752 1907 820 prmstrinxnnus,’

296 842 708 908 decennalibus,
753 845 1122 899 vicennalibus
1161 860 1223 917 ac
1260 844 1541 915 cujuslibet
1580 847 1702 900 anni
1732 846 1902 914 initio,

293 945 356 991 ut
389 952 487 992 suo
514 937 632 991 loco
653 937 1031 1005 explicabitur,
1063 948 1225 1008 alque
1250 938 1480 992 maxima
1513 940 1902 1008 triumphorum

291 1030 639 1085 solemnitate
663 1028 904 1097 (Tertull.
938 1022 1030 1084 hb.
1060 1046 1117 1093 tt,
1151 1030 1219 1083 ad
1261 1029 1447 1093 Uttan,
1471 1047 1586 1100 cap.
1615 1030 1680 1096 6;
1713 1031 1803 1086 lih.
1835 1030 1904 1086 de

291 1110 646 1194 Spectaculis,
701 1139 821 1193 cap.
851 1123 918 1191 6;
977 1124 1200 1180 Dissert.
1229 1125 1284 1179 in
1326 1122 1461 1180 Luc.
1492 1124 1687 1189 σωθείη
1720 1138 1838 1195 cap.
1866 1123 1902 1179 8

291 1224 352 1272 et
383 1217 474 1283 15,
508 1230 612 1271 art.
643 1217 676 1271 7
704 1224 758 1271 et
787 1215 869 1289 3.)

368 1310 481 1366 Nec
512 1310 705 1365 minori
746 1310 986 1381 proiecto
1027 1326 1234 1365 morum
1267 1310 1670 1379 depravatione,
1700 1310 1902 1368 ethnici

290 1407 400 1463 alia
432 1405 609 1460 adhuc
639 1408 801 1461 eertis
830 1404 1147 1476 quibusdam
1192 1408 1413 1462 deorum
1462 1407 1610 1461 festis
1654 1406 1900 1461 convivia

291 1500 547 1571 agebant.
581 1480 725 1553 Talia
758 1500 1034 1554 enimvero
1064 1498 1152 1554 illa
1193 1508 1368 1567 erant,
1414 1498 1483 1553 de
1519 1498 1713 1569 quibus
1758 1498 1897 1553 idem

292 1594 664 1650 Tertulliauus
710 1611 724 1649 :
760 1612 778 1646 ε
812 1592 925 1648 Non
967 1594 1019 1647 in
1063 1593 1294 1662 publico,
1344 1594 1533 1663 inquit,
1564 1591 1901 1649 Liberalibus

290 1688 620 1755 discumbo,
679 1686 819 1758 quod
880 1686 1148 1741 besuariis
1202 1682 1508 1757 Supremam
1564 1687 1902 1742 coenantibus

289 1795 415 1836 mos
458 1791 540 1834 est
575 1800 593 1834 ι
634 1778 960 1847 (Tertullian.
1004 1779 1295 1851 Apologet.,
1339 1793 1459 1849 cap.
1500 1777 1589 1845 42,
1630 1794 1751 1850 pag.
1779 1777 1892 1851 58).

289 1868 657 1940 Quamobrem
696 1871 990 1927 Christiani
1017 1886 1081 1927 ea
1126 1871 1307 1941 impia,
1342 1880 1394 1926 et
1432 1872 1746 1926 idololatrizn
1771 1873 1899 1927 vitio

290 1966 644 2037 coinquinata
678 1968 889 2037 penitus
918 1965 1343 2021 detestabantur.
1386 1964 1455 2019 Et
1478 1975 1624 2019 certe
1646 1963 1901 2018 Martialis

287 2048 600 2130 episcopus,
655 2066 789 2113 teste
812 2056 1104 2131 Cypriane,
1133 2059 1411 2111 convictus
1451 2065 1534 2112 est
1565 2055 1898 2122 idololatriae,

289 2151 548 2224 quoniam
580 2152 859 2223 gentilium
902 2153 1072 2221 turpia
1105 2160 1160 2206 et
1201 2151 1460 2205 lutulenta
1507 2148 1751 2204 convivia
1795 2147 1901 2204 fre-

290 2255 647 2319 quentaverat
680 2245 957 2319 (Cyprian.
991 2247 1137 2317 epist.
1170 2246 1260 2310 67,
1293 2259 1411 2314 pag.
1437 2242 1585 2315 175).

366 2341 632 2396 Minucius
678 2339 859 2409 itaque
897 2354 1015 2393 cmn
1064 2324 1179 2392 haec
1217 2355 1244 2391 a
1291 2339 1506 2392 nemine
1551 2336 1638 2405 pio
1680 2336 1895 2394 homine

287 2432 529 2505 ignorari
564 2426 718 2503 posse
747 2433 910 2503 probe
947 2433 1128 2497 sciret,
1172 2432 1367 2503 iniqua:
1401 2429 1602 2487 Caecilii
1645 2416 1896 2503 objurga—

293 2528 429 2581 tioni
475 2516 607 2613 nihil
636 2522 776 2580 aliud
806 2523 1239 2596 respOndendum
1276 2539 1397 2579 esse
1436 2523 1606 2589 duxit,
1636 2540 1793 2595 quam
1818 2524 1896 2579 illi
1924 2553 1932 2559 -

287 2620 656 2691 omnibusque
707 2620 824 2674 aliis
869 2617 1098 2674 etlmicis
1147 2618 1590 2684 demonstrando,
1638 2628 1892 2685 quantum

287 2714 363 2768 ab
400 2714 612 2767 illorum
648 2711 909 2767 conviviis
940 2721 1116 2765 nostra
1162 2709 1482 2765 dissidvreut
1515 2729 1525 2764 :
1564 2730 1582 2762 ι
1616 2708 1890 2778 Convivia,

291 2805 493 2873 inquit,
544 2819 649 2858 nun
694 2815 897 2859 tantum
949 2805 1136 2872 pudica
1168 2804 1414 2862 colimus.
1461 2802 1555 2858 sed
1598 2813 1650 2858 et
1688 2803 1890 2858 sobria.

290 2896 411 2952 Nec
439 2897 582 2953 enim
612 2896 949 2967 indulgemus
968 2897 1160 2967 epulis,
1187 2906 1275 2950 aut
1296 2896 1598 2950 convivium
1622 2912 1771 2951 mero
1800 2896 1899 2950 du-

288 2992 490 3057 cimus,
520 2990 613 3045 setl
633 2992 895 3060 gravitate
924 2989 1245 3043 hilaritatem
1276 2997 1651 3058 temperamus.
1692 3007 1711 3041 ι
1740 2992 1807 3043 At
1831 2988 1900 3044 de

290 3083 378 3137 his
412 3084 520 3152 jam
563 3076 762 3152 aliquid
794 3082 1170 3145 delibavitnus,
1205 3090 1257 3136 et
1298 3083 1446 3151 plura
1482 3083 1532 3135 iii
1563 3081 1806 3149 sequenti
1833 3081 1901 3136 tle

2008 567 2143 637 quit,
2200 565 2269 621 de
2298 561 2600 622 sacrificam
2644 576 2699 623 et
2741 558 3018 638 parentato
3058 562 3287 633 edimus,
3334 570 3456 639 quia
3503 560 3613 625 non

2012 673 2226 727 possum
2278 674 2487 714 ctenam
2531 661 2732 714 domini
2764 662 2944 726 edere,
2980 670 3032 717 et
3064 673 3272 715 cmnam
3316 648 3613 715 daemonio-

2009 767 2126 806 rum
2160 749 2409 825 (Tertull.
2431 751 2522 807 lib.
2553 752 2616 807 de
2648 750 2909 821 Spemne,
2940 769 3057 823 cap.
3095 732 3203 824 i5).
3234 751 3471 823 Denique
3492 749 3613 809 Cle-

2010 859 2163 899 meus
2192 830 2589 899 Alexandrinus
2621 831 2771 915 plura
2812 846 2913 913 his,
2946 861 3066 917 quae
3095 856 3283 902 auctor
3310 856 3492 919 noster
3530 846 3611 900 di-

2012 939 2112 1003 xit,
2168 939 2321 1008 plane
2365 949 2749 1007 consentanea,
2804 945 2948 1011 prius
3007 940 3297 995 tradiderat
3340 930 3610 1013 (Clemens

2006 1030 2297 1086 Aleitandt‘.
2329 1031 2421 1087 lib.
2451 1047 2506 1086 ll.
2533 1030 2774 1103 Ptrdttg..
2799 1047 2917 1101 cap.
2947 1033 3035 1095 10,
3058 1020 3175 1103 pag.
3202 1032 3353 1101 225).

2078 1122 2276 1179 Contra
2309 1137 2484 1180 tamen
2516 1126 2705 1180 Celsus
2733 1122 2871 1195 apud
2903 1127 3186 1196 Origenem
3217 1126 3395 1180 aerius
3421 1112 3606 1182 Cirris:

2006 1220 2179 1273 lianos
2218 1218 2341 1284 hoc,
2384 1220 2458 1273 uti
2495 1220 2665 1284 aiunt,
2710 1214 3028 1291 argumento
3056 1218 3121 1272 ad
3153 1213 3420 1274 hominem
3456 1212 3610 1289 urge-

2006 1314 2097 1368 bat
2128 1331 2140 1368 :
2175 1320 2193 1365 ε
2229 1312 2285 1368 Si
2317 1296 2457 1366 idola
2493 1312 2621 1366 nihil
2652 1321 2796 1375 sunt,
2838 1330 2857 1364 ι
2893 1313 2964 1366 uti
2995 1308 3284 1366 Christiani
3318 1294 3583 1366 etiiiieiide

2007 1406 2156 1467 bant.
2192 1424 2210 1456 ‹
2247 1406 2373 1475 quid
2406 1405 2615 1460 moleSIi
2648 1414 2730 1458 est
2777 1404 2876 1458 frui
2917 1404 3123 1473 epulis?
3179 1425 3195 1453 ι
3248 1402 3353 1457 sed
3398 1398 3609 1457 futilem'

2007 1500 2152 1554 illam
2184 1486 2704 1568 argumentationem
2735 1480 3017 1565 Origenes,
3047 1495 3155 1565 jam
3190 1496 3364 1550 citata:
3394 1490 3425 1549 a
3457 1490 3608 1551 nobis

2006 1594 2152 1649 Pauli
2179 1593 2245 1647 ad
2275 1592 2585 1647 Corinthios
2617 1591 2875 1660 Epistula:
2898 1593 3077 1645 verbis
3124 1586 3359 1645 funditus
3391 1592 3603 1656 evertit,

2004 1686 2260 1755 additque
2293 1703 2306 1740 :
2343 1704 2362 1736 ‹
2398 1684 2617 1739 Etiamsi
2665 1692 2791 1738 sunt
2833 1682 3127 1749 dannones,
3170 1682 3361 1754 quibus
3402 1666 3605 1736 sact'ilié

2004 1786 2196 1833 cantur
2241 1777 2493 1842 victimae,
2548 1784 2653 1831 nun
2699 1776 2960 1831 debemus
2991 1792 3175 1830 eorum
3225 1769 3609 1830 saerilieinrum'

2005 1873 2117 1928 ﬁeri
2149 1873 2453 1942 participes,
2484 1879 2822 1939 ἐπισταμένους
2857 1875 3083 1941 διαφορὰν
3117 1880 3355 1941 τραπέζης
3397 1866 3602 1951 μυρίον,

2004 1975 2085 2026 κεί
2124 1978 2362 2038 τρκπέςης
2386 1970 2657 2035 δαιμονίων
2687 1978 2770 2021 καὶ
2798 1972 2879 2019 διὰ
2913 1976 2966 2021 τὸ
2997 1970 3305 2030 ἐπίστασθαι,
3337 1970 3498 2018 πάντ-κ
3525 1974 3608 2032 μὲν

1998 2070 2319 2135 πράττοντας,
2350 2068 2428 2116 ivx
2474 2069 2716 2131 τραπέζης
2771 2060 2950 2131 Κυρίου
2998 2062 3076 2113 ἀεὶ
3122 2068 3412 2129 μετέχωμεν⁸
3466 2068 3607 2113 παντὶ

2002 2162 2050 2210 δὲ
2095 2160 2249 2228 τρόπῳ
2279 2161 2702 2228 pullat-rapinam,
2731 2160 2806 2208 ἵνα
2833 2157 2955 2222 μηδέ
2985 2148 3098 2208 ποθι
3132 2157 3343 2206 κοινωνοὶ
3371 2156 3611 2222 ’γινώμεθα

2002 2254 2244 2321 τραπέζης
2285 2252 2556 2316 δαιμονίων,
2601 2261 2722 2301 cum
2781 2246 3015 2301 sciamus
3058 2243 3414 2299 differentiam
3473 2246 3608 2301 inter

1999 2358 2241 2399 mensam
2283 2338 2516 2407 Domini,
2558 2330 2613 2395 et
2651 2328 2890 2394 thensam
2935 2324 3357 2401 daemoniorum:
3406 2346 3461 2393 et
3505 2335 3609 2392 hoc

1997 2438 2249 2497 sitientes,
2284 2434 2414 2490 nihil
2447 2450 2550 2489 non
2579 2433 2859 2494 faciamus,
2889 2441 2948 2488 ut
2977 2448 3190 2498 semper
3234 2420 3610 2502 participantcs'

2000 2544 2201 2585 mensae
2232 2529 2477 2593 Domini,
2520 2518 2691 2582 modis
2721 2527 2968 2581 omnilms
2995 2539 3279 2580 caveamus
3309 2545 3337 2579 a
3367 2540 3609 2579 cummun

2001 2618 2276 2680 nicatioue
2314 2628 2511 2677 mensa}
2553 2622 2858 2676 daemonum
2896 2639 2914 2673 ι
2961 2618 3254 2693 (Urig.,lih.
3296 2605 3411 2685 viti,
3438 2628 3600 2673 contr.

2000 2718 2160 2785 Cels,
2204 2734 2321 2789 pag.
2365 2712 2469 2773 594
2503 2719 2542 2787 ).
2604 2715 2815 2769 Videsis
2853 2713 3114 2786 Cyrillum
3160 2704 3604 2778 Alexandrinum,

1999 2812 2160 2867 simili
2213 2809 2656 2879 argnmentationi
2702 2798 2730 2860 ἐι
2775 2806 2988 2862 Juliauo
3033 2813 3272 2874 apostata
3323 2792 3610 2871 propositai

2002 2903 2442 2973 respondentem,
2472 2912 2523 2956 et
2547 2894 2809 2972 Cyrillum
2834 2888 3404 2969 Hierosolymitanum,
3434 2893 3612 2950 OEcu-

1953 3000 1963 3010 '
2004 2999 2263 3059 monium,
2320 2988 2521 3048 Estium
2571 2988 2815 3059 aliusque
2853 2988 3146 3059 Scriptura:
3182 2988 3509 3057 interpretes
3557 2976 3609 3042 in

2001 3090 2162 3143 t‘italzt
2194 3086 2433 3157 Apostuli
2464 3086 2618 3140 verba
2643 3082 2880 3156 p(Cyrill.
2911 3078 3174 3137 Alexaud.
3200 3080 3293 3135 lib.
3320 3094 3415 3144 vn,
3444 3088 3604 3134 contr.

288 3178 611 3233 Tertulliani
641 3172 976 3247 apologetico
1016 3191 1266 3233 sermone
1298 3177 1687 3244 disputabimus
1713 3176 1894 3250 (Tum.
1923 3181 1968 3245 C
2001 3180 2227 3250 Jntinn.,
2264 3195 2381 3252 pag.
2412 3178 2536 3237 25').
2572 3178 2761 3253 Cyrill.
2808 3174 3072 3232 llicrusol.
3107 3174 3365 3230 Cotecltes.
3401 3176 3451 3241 .l,
3490 3183 3607 3245 pag.

289 3273 345 3325 1.
376 3272 754 3340 Λμραναιηιὶιι.
776 3272 1057 3335 tt,dissert.
1091 3271 1278 3339 πων.
1304 3270 1355 3337 6,
1382 3268 1577 3335 art.,4.
1603 3286 1700 3340 pag
1740 3271 1893 3339 715).

369 3366 442 3420 lie
469 3365 639 3419 Sacris
677 3374 878 3431 autem,
921 3354 1369 3432 quemadmodum
1400 3362 1488 3415 illa
1516 3360 1763 3417 chilius
1802 3378 1899 3431 ap-

288 3458 478 3529 pellat,
520 3455 907 3513 certaminibus
932 3454 1303 3517 disseruimus,
1349 3464 1495 3509 tomo
1527 3453 1699 3524 primo
1729 3456 1899 3510 nostri

290 3556 620 3621 Apparatus,
651 3559 704 3603 et
736 3549 997 3620 superiori
1026 3547 1273 3611 articulo,
1302 3548 1389 3601 ubi
1422 3549 1489 3602 de
1516 3547 1899 3617 gladiatoribus

286 3656 341 3697 et
371 3643 695 3708 Spectaculis
727 3642 933 3712 egimus
970 3638 1149 3713 (Tom.
1186 3657 1223 3695 t.
1271 3643 1520 3711 Aponrat.
1551 3654 1672 3711 pag.
1705 3641 1808 3696 774
1844 3651 1900 3696 et

287 3735 442 3807 800).
490 3722 752 3789 Minucius
782 3750 944 3806 porro
988 3733 1109 3788 huic
1151 3733 1529 3787 obtrectatiOni
1577 3733 1707 3788 nihil
1751 3735 1897 3788 aliud

291 3827 492 3890 adhuc,
521 3840 678 3897 quam
705 3840 825 3898 quae
865 3841 894 3880 a
938 3826 1093 3881 nobis
1132 3826 1297 3879 citato
1325 3826 1565 3895 ejusdem
1597 3832 1898 3896 Apparatus

295 3922 467 3977 nostri
497 3922 616 3976 loco
642 3922 921 3977 observata
946 3928 1095 3986 sunt,
1126 3919 1336 3974 videtur
1369 3920 1730 3988 respondisse.
1756 3920 1897 3976 Satis

286 4027 467 4071 autem
500 4031 566 4070 ex
593 4014 753 4071 dictis
787 4022 936 4085 patet
990 4029 1149 4085 quam
1197 4011 1466 4068 horrenda
1507 4011 1668 4069 fuerit
1706 4028 1893 4069 eorum

288 4109 605 4165 crudelitas.

363 4203 604 4260 Tertium
629 4201 929 4259 Caecilianae
956 4203 1388 4274 reprehensionis
1429 4210 1592 4275 caput
1619 4210 1721 4271 est,
1755 4202 1897 4272 quod

287 4296 579 4352 Christiani
610 4296 874 4353 delibatos
916 4296 1020 4352 diis
1063 4297 1211 4351 cibos
1240 4307 1457 4367 gustare
1484 4307 1798 4353 renuerent.
1826 4295 1901 4353 At

288 4389 555 4445 Minucius
607 4390 655 4444 id
691 4390 919 4446 libenter
958 4388 1174 4457 fatetur,
1217 4389 1486 4460 simulque
1527 4389 1686 4459 hujus
1730 4388 1898 4443 absti-

290 4486 491 4541 nentia:
537 4484 713 4541 reddit
760 4485 1022 4539 rationem
1056 4503 1070 4539 :
1108 4502 1127 4536 ι
1162 4482 1313 4551 Quod
1340 4500 1469 4539 vero
1511 4486 1894 4540 sacriﬁciorum

294 4576 593 4648 reliquias,
612 4596 631 4628 ι
658 4577 731 4630 ita
764 4576 853 4630 ille
882 4575 1136 4646 loquitur,
1168 4593 1186 4627 ί
1218 4583 1273 4630 et
1297 4576 1485 4645 pocula
1511 4575 1741 4631 delibata
1766 4592 1898 4631 con-

297 4654 608 4733 temnimus,
635 4684 742 4724 non
770 4668 1043 4724 confessio
1072 4669 1277 4722 timoris
1315 4678 1417 4730 est.
1446 4668 1540 4725 sed
1567 4684 1708 4724 verae
1737 4668 1897 4724 liber-

296 4766 421 4820 tatis
448 4765 695 4820 assertin.
722 4764 855 4820 Nam
877 4765 977 4819 etsi
1005 4779 1166 4819 omne
1192 4763 1333 4835 quod
1364 4764 1621 4831 nascitur,
1647 4774 1702 4819 ut
1728 4764 1899 4820 invio-

286 4857 451 4913 labile
481 4857 573 4913 Dei
606 4872 822 4926 munus,
867 4858 1014 4913 nullo
1053 4872 1218 4927 opere
1252 4858 1635 4927 corrumpitur,
1660 4858 1898 4913 abstine-

286 4967 407 5007 mus
444 4962 619 5006 tamen
642 4992 658 5019 ,
688 4967 756 5007 ne
782 4952 902 5021 quis
933 4951 1225 5019 existimet,
1254 4962 1340 5006 aut
1371 4952 1672 5017 daemoniis,
1701 4953 1897 5023 quibus

285 5045 508 5101 libatum
537 5054 638 5112 est,
665 5044 881 5111 cedere,
913 5053 1005 5098 aut
1043 5053 1243 5099 nostra
1272 5046 1547 5115 religionis
1585 5044 1804 5115 pudere.
1866 5064 1886 5098 ι

359 5139 617 5207 Quamvis
641 5147 818 5193 autem
844 5136 1105 5193 Minucius
1146 5151 1430 5208 nusquam,
1462 5139 1535 5192 uti
1571 5138 1681 5208 jam
1723 5155 1895 5195 anno-

289 5234 542 5299 tavimus,
580 5247 837 5301 expressa
878 5248 1046 5288 sacrae
1088 5241 1287 5287 nostrae
1327 5230 1617 5303 Scriptura:
1659 5234 1895 5289 auctori-

287 5334 418 5392 tate,
474 5335 660 5380 contra
690 5325 934 5380 ethnicos
976 5340 1095 5379 eam
1135 5336 1504 5394 aspernantes.
1554 5328 1887 5397 pugnaverit,

283 5428 447 5487 atque
495 5418 700 5474 idcirco
750 5418 921 5489 legem
954 5420 1022 5473 ab
1053 5417 1327 5488 Apostolis
1368 5418 1435 5474 de
1474 5417 1892 5491 iduletythnrum

284 5512 612 5566 absunentia
645 5512 805 5567 latam
840 5512 1048 5581 penitus
1073 5519 1266 5577 taceat,
1292 5511 1500 5566 videtur
1532 5522 1710 5568 tamen
1734 5512 1799 5568 ad
1828 5529 1893 5570 ea

283 5603 552 5667 alludere,
602 5621 719 5672 quae
766 5603 965 5658 Paulus
1011 5604 1079 5659 de
1108 5604 1216 5671 illa,
1266 5616 1317 5658 et
1352 5604 1509 5674 hujus
1556 5606 1894 5663 abstinentia}

282 5697 496 5753 ratione
520 5698 568 5749 in
598 5699 768 5766 prima
795 5696 859 5750 ad
882 5694 1192 5751 Corinthios
1211 5696 1449 5765 Epistula
1481 5698 1692 5753 tradidit
1729 5701 1770 5768 (l
1794 5702 1894 5755 Co-

284 5793 583 5861 rint..eap.
632 5805 745 5856 vin,
799 5793 823 5846 1
872 5800 926 5846 et
956 5805 1105 5862 seqq.
1159 5802 1212 5846 et
1239 5806 1357 5859 cap.
1390 5807 1447 5848 χ.
1506 5793 1572 5849 19
1612 5804 1666 5849 et
1690 5796 1889 5867 seqq.).

282 5884 644 5945 Tertullianus
668 5899 800 5945 vero
820 5885 1046 5959 ipsumet
1067 5884 1218 5945 Pauli
1256 5886 1421 5946 verba
1473 5887 1718 5947 eamdem
1767 5903 1898 5963 pro-

1998 3278 2111 3348 at).

2598 3404 2894 3444 ADTICULUS
2930 3376 3010 3443 in.

2001 3505 2379 3561 Exnminantur
2416 3502 2733 3579 nlia’quilii
2764 3486 3200 3571 reprehensiones,
3222 3501 3402 3573 quibus
3439 3498 3615 3575 Ciuis-

2073 3606 2239 3655 tt'unos
2264 3580 2455 3654 idcirco
2504 3596 2776 3668 vituperat,
2825 3594 2959 3667 quod
2988 3580 3198 3666 ﬂoribus
3234 3606 3404 3664 caput,
3439 3582 3612 3648 odori-

1999 3702 2009 3765 ξ
2071 3692 2160 3749 btts
2196 3676 2385 3764 {orpus
2428 3709 2528 3745 non
2569 3670 2911 3752 honestarent,
2940 3699 3208 3769 unguenta
3236 3686 3496 3759 funeribus
3528 3704 3611 3739 re-

2076 3796 2357 3851 servarem,
2390 3802 2604 3838 coronas
2636 3792 2874 3855 negarent
2898 3780 3128 3841 mortuis.
3159 3797 3372 3850 quorum
3398 3795 3615 3861 corpora

2070 3900 2171 3936 non
2212 3880 2525 3941 cremabant,
2573 3879 2661 3933 sed
2700 3858 3040 3951 sepeliebant;
3081 3877 3164 3930 nbi
3204 3875 3266 3929 dc
3292 3891 3428 3929 more
3476 3891 3615 3945 sepe-

2069 3976 2226 4032 liendi
2253 3991 2469 4046 corpora
2498 3976 2706 4045 ejusque
2734 3972 3052 4042 antiquitate.

2076 4113 2196 4169 Alia
2218 4110 2465 4168 Caecilius
2487 4110 2541 4165 in
2569 4109 2886 4166 Christianis
2906 4108 3273 4180 reprehendit,
3307 4125 3427 4182 qua:
3454 4108 3613 4166 laude

2008 4209 2166 4279 longe
2196 4206 2387 4277 magls,
2418 4219 2577 4273 quam
2606 4205 2996 4275 vituperatione
3022 4205 3178 4274 digna
3209 4215 3362 4260 erant
3390 4224 3405 4260 :
3439 4223 3458 4256 ι
3495 4203 3613 4261 Non

2003 4300 2245 4360 ﬂoribus.
2296 4299 2488 4369 inquit,
2529 4308 2691 4367 caput
2734 4298 2967 4365 nectitis,
3001 4313 3106 4352 non
3130 4300 3327 4369 corpus
3356 4298 3612 4354 odoribus

2005 4394 2322 4459 honestatis,
2373 4390 2664 4448 reservatis
2709 4400 2976 4462 unguenta
3026 4386 3323 4454 funeribus,
3380 4390 3611 4446 ceronas

2001 4482 2160 4545 etiam
2197 4486 2499 4559 sepulchris
2537 4486 2831 4556 denegatis.
2855 4505 2873 4538 ι
2919 4484 3136 4556 Triplex
3181 4494 3264 4540 est
3303 4485 3390 4539 illa
3433 4484 3612 4538 crilt'ti-

2003 4576 2170 4643 natio.
2201 4579 2278 4635 uti
2300 4579 2448 4634 vides
2502 4577 2761 4632 Minucius
2783 4587 2960 4633 autem
2996 4577 3157 4645 priori
3187 4576 3477 4647 respondet
3499 4589 3606 4637 non

1999 4675 2294 4745 legitimum
2340 4671 2533 4727 ﬂorum
2580 4685 2757 4739 usum,
2805 4670 2899 4725 sed
2947 4670 3172 4726 aliosum
3219 4684 3537 4725 coronarum
3576 4684 3607 4725 a

1999 4767 2323 4823 Christianis
2354 4768 2478 4832 jure
2509 4767 2704 4820 merito
2734 4765 3031 4836 reprobari.
3063 4765 3223 4832 Audi,
3257 4763 3462 4834 dttzrso,
3493 4764 3611 4834 ejus

1999 4860 2161 4915 verba
2200 4878 2214 4916 :
2253 4876 2272 4913 ι
2308 4862 2440 4928 Quis
2472 4860 2582 4923 ille;
2611 4860 2703 4930 qui
2744 4854 2956 4915 dubitat
2985 4860 3163 4914 vernis
3195 4852 3472 4927 indulgere
3511 4872 3609 4913 nos

2000 4953 2241 5019 ﬂoribus,
2277 4968 2396 5009 cum
2428 4953 2706 5024 rapiamus
2732 4963 2782 5007 et
2833 4968 3007 5008 rosam
3049 4951 3193 5006 veris
3223 4959 3278 5006 et
3316 4946 3504 5016 lilium,
3554 4960 3610 5008 et

2005 5047 2263 5118 quidquid
2293 5045 2434 5101 aliud
2470 5047 2519 5100 iit
2563 5047 2787 5101 llorilms
2834 5044 3015 5100 blandi
3061 5044 3282 5108 coloris,
3329 5053 3384 5100 et
3424 5040 3609 5099 odoris

1996 5149 2098 5196 est.
2124 5139 2218 5194 llis
2246 5140 2387 5193 enim
2415 5148 2470 5194 et
2498 5139 2703 5209 Sparsis
2730 5140 2928 5193 utimur
2968 5132 3242 5205 mollibus,
3285 5153 3347 5193 ac
3386 5138 3603 5205 solutis,

1994 5242 2043 5288 et
2074 5233 2231 5288 sertis
2254 5232 2389 5288 colla
2409 5230 2834 5300 complectimur.
2861 5228 3003 5284 Sane
3024 5229 3163 5299 quod
3186 5239 3342 5301 caput
3372 5244 3477 5284 non
3503 5244 3605 5285 co-

1996 5340 2275 5390 ronamus,
2320 5326 2599 5397 ignoscite.
2650 5326 2849 5379 Auram
2889 5324 3013 5379 boni
3054 5323 3203 5378 ﬂoris
3244 5323 3461 5379 uarilms
3499 5324 3603 5396 (lu-7

1997 5436 2146 5488 cere,
2179 5436 2285 5475 non
2318 5419 2589 5489 occipitio,
2621 5418 2896 5488 capillisve
2926 5418 3162 5473 solemus
3196 5418 3433 5474 haurire.
3469 5439 3489 5471 ι

2072 5508 2336 5571 Prmvittm
2360 5529 2490 5569 vero
2518 5514 2587 5569 ibi
2627 5511 2779 5579 sequi
2805 5512 3016 5568 videtur
3054 5512 3467 5581 Tertullianum,
3511 5513 3603 5585 qui

1999 5606 2289 5663 absurdam
2352 5608 2554 5662 hancce
2622 5604 2896 5677 gentiliqu
2953 5602 3381 5661 criminationem
3442 5605 3602 5660 simili

2002 5704 2158 5774 plane
2202 5714 2460 5771 responso
2492 5701 2767 5756 diluerat:
2807 5718 2824 5750 ε
2871 5698 2987 5755 Non
3014 5714 3158 5764 amo,
3204 5698 3396 5770 inquit,
3439 5696 3598 5757 cablti

2000 5812 2275 5861 coronam;
2294 5795 2416 5866 quid
2436 5807 2520 5849 tua
2547 5794 2809 5849 interest?
2840 5792 3050 5864 Emptis
3073 5788 3422 5848 nihilominus
3449 5790 3599 5845 ﬂori-

1998 5889 2102 5950 bus
2129 5886 2400 5963 quomodo
2428 5887 2583 5945 utar?
2613 5886 2750 5945 Puto
2787 5886 2991 5958 gratius
3017 5884 3200 5943 liberis
3228 5893 3283 5941 et
3303 5881 3514 5952 solutis,
3542 5890 3600 5939 ct
