4034 6320
416 305 521 365 5-ίὸ

1729 316 1815 371 ί)ἰῦ
1847 318 2104 375 MthCtl
2132 322 2216 375 Ut}
2236 322 2306 374 ι’.)
2322 323 2344 372 κ
2362 319 2428 376 10

3601 325 3705 381 εῑιι

420 425 652 497 undique
676 420 841 497 vagis,
871 428 964 486 sed
992 430 1109 485 etsi
1137 431 1189 485 in
1212 444 1463 486 coronam
1488 431 1706 499 coactis,
1734 447 1831 488 nos
1854 448 2007 489 coro-
2034 438 2085 498 Λ
2112 444 2280 502 satur,
2312 446 2575 508 augetque
2604 437 2778 509 petitis
2807 453 2964 509 quam
3000 436 3137 493 tollit
3165 437 3557 496 difficultatem.
3605 437 3707 495 Mi-

418 534 543 577 nam
585 522 802 579 naribus
823 525 1086 580 novimus.
1118 523 1363 581 Viderint
1385 526 1475 596 qtti
1504 544 1595 597 per
1619 528 1866 598 capillum
1889 529 2015 584 odo-

418 621 606 668 rantur
636 635 655 669 ι
686 614 1025 688 (Tertullian.
1050 618 1343 690 Apologet.,
1370 635 1488 687 cap.
1506 619 1596 687 42,
1623 636 1739 692 pag.
1760 620 1875 692 58).
1908 621 2014 677 Sed

424 704 542 760 lucc
582 705 751 763 fusius
780 709 865 764 ille
890 710 997 765 alio
1024 709 1076 766 in
1099 710 1236 766 libro
1267 722 1603 782 prosecutus,
1643 716 1874 769 ostendit
1904 715 2014 771 lici-

423 807 537 855 tum
564 815 685 857 esse
710 801 902 859 ﬂorum
941 819 1116 871 usum,
1161 806 1322 860 modo
1359 805 1567 861 illurttut
1608 807 1756 862 color
1792 816 1846 863 et
1884 792 2019 864 Odor

424 905 535 948 non
586 893 727 960 aliis,
761 910 920 963 quam
947 897 1091 952 visas
1113 906 1166 952 et
1188 897 1441 953 odoratus
1468 900 1730 965 sensibus,
1771 901 1836 954 ad
1880 901 2019 956 hunc

421 982 583 1040 ﬁnem
634 986 811 1041 divina
867 987 1207 1046 Providentia
1256 991 1573 1058 destinatis,
1634 995 1952 1063 percipiatur
2003 1013 2015 1049 :

432 1095 451 1129 ι
484 1077 669 1142 Utere.
696 1080 887 1150 inquit,
914 1080 1133 1138 ﬂoribus
1157 1099 1270 1139 vtsu
1296 1095 1349 1141 et
1372 1086 1616 1154 odoratu,
1648 1104 1874 1158 quorum
1898 1104 2018 1143 scn-

421 1185 578 1227 suum
631 1173 834 1230 fructus
880 1186 1030 1233 est...
1080 1178 1346 1236 Caeterum
1393 1181 1445 1236 in
1494 1183 1666 1253 capite
1702 1183 1822 1254 quis
1860 1199 2019 1254 sapor

422 1264 608 1321 floris?
646 1267 747 1337 Qui
791 1283 1006 1327 corona:
1034 1286 1246 1340 sensus,
1294 1276 1394 1329 nisi
1426 1275 1620 1333 vinculi
1654 1290 1880 1345 tantum,
1912 1296 2017 1350 quo

421 1372 596 1430 neque
628 1361 778 1418 color
803 1365 1060 1431 eeruitur,
1089 1383 1260 1438 neque
1289 1368 1424 1424 odor
1451 1370 1680 1436 ducitur,
1712 1388 1807 1428 nec.
1845 1384 2015 1430 teme-

420 1451 554 1508 ritas
592 1456 1036 1514 conuuendatur?
1066 1459 1198 1514 Tam
1238 1473 1422 1518 contra
1455 1475 1695 1519 naturam
1722 1474 1804 1520 est
1830 1466 2013 1522 florem

422 1544 599 1615 capite
625 1549 839 1615 sectari,
873 1565 1030 1619 quam
1059 1551 1236 1606 cibum
1264 1568 1415 1621 aure,
1448 1571 1604 1626 quain
1644 1572 1832 1612 sonmn
1865 1575 2016 1615 nare.

421 1634 593 1694 Omne
619 1651 798 1695 autem
846 1642 987 1713 quod
1019 1655 1203 1700 contra
1244 1658 1485 1702 naturam
1517 1658 1620 1714 est,
1655 1652 1875 1705 mon~tri
1909 1668 2018 1705 me-

422 1743 573 1788 retur
602 1743 781 1790 notam
814 1752 979 1807 penes
999 1754 1208 1807 omnes,
1237 1756 1406 1812 penes
1436 1758 1534 1798 nos
1564 1759 1691 1799 vero
1716 1748 1875 1799 etiam
1901 1746 2015 1800 elo-

2118 531 2256 585 Itucii
2287 547 2481 601 quippe
2513 534 2674 585 tuenti
2706 532 2973 587 Contraria
2998 542 3238 605 apparet.
3296 533 3411 589 Non
3438 533 3581 590 enim
3610 534 3710 589 Ini-

2119 638 2237 677 rum
2267 641 2284 675 ι
2315 624 2562 678 settlicttli
2597 644 2612 676 ι
2649 625 2813 679 facem
2849 626 3030 688 tribui,
3063 624 3157 681 sed
3200 636 3431 691 mortuo.
3460 625 3548 697 qui
3580 626 3714 683 nihil

2122 714 2305 771 videre
2333 727 2524 788 potest.
2556 718 2773 772 Servata
2795 730 2973 775 autem
3004 721 3203 776 codicis
3228 721 3478 787 lectione,
3500 719 3545 775 is
3566 720 3715 777 vide-

2121 817 2207 863 tur
2234 826 2353 864 esse
2383 812 2616 867 auctoris
2643 814 2807 867 nostri
2835 828 3027 868 sensus
3055 831 3070 870 :
3103 834 3122 866 ι
3159 813 3324 869 Miror
3343 813 3590 884 equidem
3617 828 3717 870 cur

2123 916 2227 954 tton
2260 904 2506 958 sentienti
2540 916 2587 958 ct
2622 918 2832 959 mortuo
2872 905 3073 960 homini
3119 922 3346 962 coronas
3385 906 3648 963 tribuatis.
3689 925 3709 959 ι

2122 993 2236 1048 Non
2279 997 2453 1052 minus
2506 999 2766 1070 siquidem
2816 1000 2941 1055 illtnl
2987 1000 3275 1055 absurdum
3317 1012 3420 1067 est,
3465 1016 3624 1073 quam
3669 1000 3718 1057 si

2128 1107 2147 1140 ι
2183 1092 2439 1157 exanimi,
2472 1112 2491 1145 ι
2536 1102 2695 1165 atque
2719 1093 2919 1149 idcirco
2948 1110 3052 1150 non
3083 1096 3353 1162 sentienti,
3386 1094 3721 1151 admoveatis

2121 1178 2314 1237 facem.
2353 1183 2590 1237 Mortuus
2622 1203 2848 1252 namque
2879 1185 3038 1239 ltouto
3068 1196 3160 1240 aut
3186 1205 3204 1238 ι
3243 1186 3427 1243 beatus
3461 1203 3481 1237 ι
3515 1196 3599 1241 est
3624 1194 3721 1241 aut

2128 1295 2145 1326 ι
2185 1278 2391 1332 miser:
2427 1298 2444 1330 ι
2490 1280 2533 1334 si
2576 1280 2762 1334 beatus
2807 1296 2869 1333 ac
2926 1280 3178 1336 felicitate
3224 1291 3457 1363 aeterna.
3489 1280 3717 1344 fruatur,

2120 1385 2226 1424 non
2251 1381 2371 1441 eget
2401 1372 2650 1437 floribus;
2687 1374 2729 1427 si
2762 1375 2925 1428 tni.~er
2954 1373 3230 1445 poenisque
3260 1376 3531 1428 crucietur
3556 1385 3719 1428 auer-

2123 1465 2228 1528 nis,
2276 1466 2510 1535 gaudere
2561 1483 2665 1521 nou
2715 1476 2891 1538 potest
2926 1466 3169 1534 floribus,
3211 1466 3298 1538 qui
3348 1467 3497 1522 nullo
3539 1465 3720 1538 gaudii

2122 1570 2283 1610 sensu
2314 1557 2452 1613 affici
2481 1569 2674 1629 potest.

2194 1648 2275 1703 Eo
2327 1662 2502 1706 autem
2550 1661 2867 1723 argumento
2895 1653 3123 1724 gentiles
3172 1652 3427 1724 exagitat,
3484 1651 3573 1724 qui
3606 1667 3716 1708 non

2122 1744 2294 1798 solum
2327 1745 2524 1800 usitato
2557 1763 2705 1804 more
2732 1748 3062 1803 coronabant
3090 1755 3364 1812 mortuos,
3396 1745 3491 1801 scd
3522 1746 3722 1817 quibus

421 1825 567 1898 ginm
594 1828 858 1900 sacrilegii
899 1833 951 1887 in
984 1831 1174 1894 Deum.
1205 1846 1409 1890 natura:
1438 1835 1710 1891 dominum
1747 1848 1799 1892 et
1838 1848 2021 1893 :tttclo-
2050 1866 2096 1926 Β
2125 1839 2284 1893 etiam
2319 1840 2444 1894 illttd
2476 1840 2845 1913 antiquissima
2875 1841 2992 1912 lege
3021 1850 3348 1912 przeceptum
3379 1840 3568 1896 fuerat.
3595 1839 3725 1895 Tes-

421 1932 539 1974 rent
576 1938 596 1973 ι
623 1919 789 1995 (Idem
833 1925 922 1979 lib.
955 1926 1018 1981 de
1042 1926 1289 1997 Corvum,
1321 1945 1440 2000 cap.
1468 1931 1522 1997 5,
1557 1947 1672 2002 pag.
1704 1931 1854 2004 I23).
1880 1934 2017 2001 Quin

423 2015 584 2070 etiam
610 2017 749 2089 apud
780 2018 1093 2090 Luciannm,
1126 2026 1336 2080 tametsi
1361 2026 1636 2096 getuilem,
1678 2026 1710 2081 ii
1754 2028 2019 2095 Castigan-

423 2117 533 2176 tur,
584 2112 677 2179 qui
706 2116 983 2184 gestabant
1017 2132 1264 2179 coronas.
1295 2128 1371 2176 ὃτι
1400 2131 1472 2188 μή
1504 2131 1635 2176 ῖσιςι
1673 2130 1757 2177 τοῦ
1798 2131 2020 2195 στεφάνου

420 2213 502 2260 τὸν
526 2209 689 2271 τόσον,
724 2227 743 2262 ι
777 2211 897 2281 quia
925 2226 1139 2267 corome
1175 2213 1371 2280 loeuttt,
1409 2234 1428 2266 ι
1466 2214 1551 2270 ubi
1592 2216 1907 2286 imponenda
1935 2235 2020 2274 cs-

421 2308 524 2366 set,
554 2318 573 2351 ι
597 2302 905 2360 nesciebant
930 2324 949 2359 ι
974 2304 1217 2378 (Lucian.
1242 2306 1384 2363 Dial.
1405 2308 1468 2363 de
1490 2307 1674 2364 Morib.
1696 2310 2015 2382 pltilusoplt.,

422 2407 541 2464 pag.
568 2394 687 2466 24).

496 2486 670 2544 Aliam
718 2499 899 2548 tamen
945 2493 1225 2565 improbati
1268 2512 1296 2552 a
1341 2496 1659 2553 Christianis
1697 2515 2016 2557 coronarmn

420 2596 549 2637 usus
582 2584 843 2642 rationem
866 2585 1108 2643 Justinus
1136 2590 1333 2664 Martyr
1359 2592 1621 2659 reddidit;
1645 2596 1768 2663 quia
1794 2594 2017 2651 deorum

420 2675 730 2732 simulacris
768 2679 944 2734 anima
992 2684 1299 2738 carentibus
1339 2684 1494 2739 tribui
1535 2685 1601 2739 ah
1625 2685 1852 2741 ethnicis
1880 2689 2021 2743 sole-

418 2765 512 2823 bat
545 2767 763 2839 (Justin.
795 2772 1012 2844 Apolog.
1040 2773 1095 2836 ἓ,
1126 2790 1246 2847 pag.
1272 2774 1383 2849 57).
1413 2777 1551 2845 Qttitt
1574 2777 1738 2833 immo
1762 2794 1882 2834 mox
1909 2781 2018 2834 latt—

420 2863 579 2919 dattts
608 2880 638 2920 a
666 2866 822 2923 nobis
860 2867 1223 2926 Tertullianus
1263 2873 1423 2928 variis
1450 2876 1775 2939 argumentis
1807 2877 2014 2945 probat,

423 2954 565 3011 illius
604 2958 771 3013 moris
816 2960 1077 3030 originem
1127 2963 1194 3018 ab
1244 2965 1407 3035 impio
1456 2966 1545 3021 illo
1584 2966 1807 3022 deorum
1871 2969 2015 3023 cultu

423 3046 677 3107 derivari.
708 3050 898 3109 Postea
928 3071 1059 3111 vero
1090 3055 1206 3114 hsce
1245 3058 1442 3128 adiecit
1473 3080 1486 3116 :
1519 3081 1537 3113 ι
1576 3062 1692 3131 Quo
1737 3065 1866 3119 satis
1913 3064 2019 3118 ins-

429 3150 688 3202 truamur.
720 3161 878 3217 quam
915 3149 1143 3205 alienam
1176 3151 1417 3223 judicare
1454 3155 1746 3213 debeamus
1780 3160 2017 3214 coronati

2128 1941 2255 1997 tem,
2299 1935 2342 1988 si
2375 1934 2523 1998 velis,
2581 1934 2801 1990 habebis
2827 1933 3164 2000 Ciceronem,
3213 1933 3301 1988 ttbi
3346 1931 3416 1989 de
3438 1947 3510 1988 xu
3538 1931 3721 1987 Tabu-

2124 2023 2291 2081 larunt
2325 2027 2527 2099 legibus
2561 2029 2776 2084 disserit
2806 2048 2818 2086 :
2854 2049 2870 2082 t
2895 2028 3010 2085 Ilia.
3044 2031 3233 2101 inquit,
3259 2029 3371 2098 jam
3399 2027 3720 2099 significatio

2123 2129 2206 2171 est
2238 2117 2426 2186 laudis,
2468 2130 2779 2175 ornamenta
2823 2120 2890 2175 ad
2942 2128 3184 2175 mortuos
3232 2118 3526 2190 pertinere,
3572 2117 3720 2189 quod

2123 2225 2376 2265 coronam
2409 2212 2604 2267 virtute
2637 2223 2861 2281 partam,
2889 2223 2937 2268 et
2967 2214 3014 2267 ei
3045 2213 3130 2283 qtti
3169 2228 3274 2267 non
3304 2210 3639 2281 peperisset,
3663 2219 3722 2266 et

2123 2305 2239 2370 ejus
2256 2305 2456 2373 parenti
2479 2305 2595 2360 sine
2617 2304 2803 2359 fraude
2824 2305 3043 2360 esselex
3065 2304 3529 2375 impositamjubet
3551 2303 3720 2369 t((1ic.

2126 2395 2219 2450 lib.
2251 2411 2283 2450 tt
2314 2398 2375 2451 (Ie
2402 2396 2598 2469 Legib.,
2636 2413 2755 2467 pag.
2789 2398 2917 2465 5H,
2951 2398 3046 2452 litt.
3077 2398 3190 2469 59).
3232 2398 3401 2452 Docet
3439 2411 3567 2451 vero
3615 2395 3726 2450 Plio

2103 2489 2245 2546 .nius
2273 2489 2488 2559 quando
2515 2490 2837 2559 imponenda
2877 2500 2994 2544 erat
3021 2506 3034 2543 :
3067 2509 3084 2541 t
3109 2488 3238 2558 Quis
3264 2504 3395 2561 ergo
3422 2488 3616 2555 honos,
3646 2487 3723 2542 in-

2122 2581 2256 2651 quit,
2302 2590 2359 2635 ιιι
2389 2582 2485 2652 ipsi
2517 2590 2725 2637 mortuo
2758 2583 3179 2653 parentibusque
3218 2582 3357 2652 ejus,
3403 2581 3531 2638 dum
3577 2582 3723 2637 intus

2124 2675 2326 2743 positus
2356 2686 2499 2733 esset
2538 2676 2732 2731 forisvc
2765 2676 3017 2740 ferretur,
3050 2678 3166 2734 sine
3208 2676 3391 2733 fraude
3417 2687 3564 2734 esset
3612 2677 3720 2731 iut-

2125 2770 2533 2840 posita?i(l’liu.
2554 2772 2643 2826 lib.
2675 2788 2771 2827 xxx
2791 2770 2980 2826 Natur.
3009 2771 3308 2844 Hist.,cap.
3336 2775 3391 2829 ὅ.
3419 2788 3543 2846 pag.
3572 2771 3721 2844 107.)

2128 2865 2228 2919 hoe
2255 2874 2358 2930 est,
2392 2878 2511 2919 cum
2546 2868 2739 2921 mortui
2787 2881 2983 2934 corpus
3028 2866 3345 2922 servabatur
3369 2867 3538 2931 domi,
3569 2866 3725 2923 iude-

2124 2976 2229 3030 que
2278 2960 2601 3015 efferebatur
2624 2976 2687 3015 ac
2720 2959 2955 3015 funebris
2986 2976 3174 3031 pompa
3211 2960 3391 3016 fiebat.
3434 2959 3514 3016 De
3543 2961 3718 3014 omn?-

2126 3053 2223 3108 hus
2251 3055 2409 3108 etiam
2452 3054 2679 3108 mortuis
2715 3055 2928 3123 scrip~it
2975 3053 3241 3109 Lueianus
3287 3070 3301 3107 :
3344 3060 3720 3126 Στεφινώσαντεε

2125 3156 2313 3221 ὡραίοις
2340 3156 2496 3204 ἄνθεσι
2516 3156 2818 3220 πρτίοενται
2837 3157 3065 3219 λαμπρῶς
3082 3152 3390 3219 ἀμφιέσαντες
3416 3165 3430 3204 :
3452 3166 3471 3199 ι
3491 3148 3725 3202 Corona-

424 3236 617 3307 capitis
648 3238 1035 3297 institutionem
1065 3244 1135 3299 ab
1180 3246 1258 3300 eis
1309 3249 1608 3315 probatam,
1652 3262 1705 3306 et
1742 3252 1792 3306 itt
1831 3267 2016 3307 eorum

2129 3252 2210 3296 los
2250 3242 2621 3312 pulcherrimi»
2664 3242 2887 3298 floribus
2913 3242 3195 3314 splendide
3241 3244 3463 3298 vestitos
3518 3257 3721 3314 propo-

423 3329 679 3400 deiuccps
705 3332 962 3391 honorem
995 3337 1378 3409 dispensatam,
1413 3360 1432 3393 ι
1466 3344 1598 3399 sicut
1627 3344 1802 3400 adhuc
1829 3344 1933 3400 alio
1966 3346 2018 3399 in

424 3422 564 3480 libro
603 3428 860 3492 ostendit,
910 3449 927 3481 ι
978 3447 1112 3501 quos
1154 3434 1409 3489 sa-culutn
1440 3435 1571 3492 deos
1599 3437 1824 3493 credidit
1862 3420 2019 3512 (Ter-

428 3522 635 3577 tullian.
659 3523 750 3577 lib.
779 3525 841 3579 de
864 3523 1215 3596 Caron..cap.
1238 3530 1269 3584 7
1296 3540 1350 3585 et
1376 3546 1518 3601 seq.,
1550 3549 1669 3601 pag.
1702 3533 1804 3589 I25
1829 3545 1883 3589 et
1904 3550 2018 3604 seq.

426 3614 496 3671 Et
524 3616 617 3673 lib.
643 3618 707 3674 de
735 3618 934 3689 δρα-1.,
965 3637 1085 3693 cap.
1113 3624 1167 3688 7,
1200 3624 1262 3678 II
1302 3635 1355 3678 et
1384 3625 1470 3689 I2,
1508 3641 1622 3695 pag.
1662 3626 1732 3682 93
1756 3637 1807 3681 et
1847 3626 1961 3699 95).
1999 3649 2016 3681 ι

427 3708 789 3777 Quamobrem
832 3724 1111 3784 sequester
1140 3716 1256 3785 ejus
1293 3716 1588 3787 Cyprianus
1627 3721 2024 3774 confessio-ilius

428 3799 626 3858 Christi
658 3805 1026 3873 gratulabatur
1055 3806 1203 3864 hisce
1228 3809 1406 3863 Verbis
1439 3829 1451 3864 :
1488 3830 1507 3864 ι
1555 3812 1635 3865 ΑΙ)
1665 3811 1828 3880 impio
1855 3812 2022 3869 scele-

426 3907 651 3967 rateque
677 3899 964 3967 velamine,
995 3918 1101 3971 quo
1128 3902 1237 3957 illic
1265 3903 1582 3958 velabantur
1607 3904 2019 3961 sacrificantium

426 3989 600 4058 capita
630 3992 859 4061 captiva,
888 4003 1048 4063 caput
1076 4005 1311 4049 vestrum
1357 3996 1579 4051 liberum
1613 3999 1825 4054 mansit.
1854 3997 2023 4053 Frons

426 4098 551 4138 cum
597 4084 751 4153 signo
802 4085 893 4140 Dei
942 4102 1068 4157 pura
1111 4086 1307 4143 diaboli
1338 4104 1590 4145 Corouatn
1626 4090 1765 4146 ferre
1793 4106 1896 4146 non
1931 4108 2025 4160 po-

427 4175 557 4240 tuit,
580 4190 795 4232 coronae
829 4193 889 4232 se
922 4179 1127 4234 Domini
1160 4181 1456 4238 reservavit
1491 4200 1510 4234 ι
1541 4180 1742 4255 (Cypr.
1764 4226 1776 4240 .
1801 4184 1865 4237 de
1886 4183 2027 4254 Lap-

425 4271 515 4339 sis,
548 4287 601 4341 ρ.
636 4270 784 4339 122).
815 4271 1049 4329 Consule
1073 4274 1281 4341 adhuc,
1317 4276 1360 4329 si
1390 4275 1555 4342 lubet,
1578 4276 1903 4346 singularem
1929 4277 2029 4331 Ma-

429 4365 545 4422 deri
565 4366 631 4421 de
652 4363 878 4422 Coronis
894 4366 1107 4429 librum,
1131 4376 1187 4424 et
1208 4384 1294 4432 ea,
1324 4368 1368 4423 si
1393 4369 1547 4432 velis,
1577 4384 1696 4439 quae
1720 4368 1790 4423 de
1814 4370 1916 4424 illis
1938 4384 2030 4425 su-

438 4460 651 4531 periore
672 4462 975 4531 Apparatus
995 4466 1160 4517 no~tri
1182 4472 1329 4517 touto
1349 4463 1584 4517 diximus
1602 4503 1618 4529 ,
1638 4472 1691 4519 et
1710 4479 1831 4533 quae
1851 4462 2028 4519 adhuc

433 4564 619 4625 postea
668 4553 894 4611 dicenda
918 4567 1038 4610 sunt
1090 4555 1269 4628 ('l‘om.
1299 4558 1347 4613 l.
1384 4558 1661 4629 Apparat.,
1693 4573 1814 4629 pag.
1841 4557 1939 4614 80]
1975 4567 2031 4614 et.

425 4660 541 4718 seq.
564 4656 618 4703 et
642 4648 787 4714 iufr.,
817 4664 935 4718 cap.
970 4649 1053 4710 I9.
1085 4660 1186 4705 art.
1213 4649 1297 4719 2.)

498 4738 699 4796 Verum
739 4741 1008 4807 Caecilius,
1036 4743 1235 4806 aliique
1268 4744 1516 4813 gentiles,
1562 4760 1667 4799 non
1712 4760 1779 4801 eo
1822 4755 2024 4801 tantum

428 4833 647 4897 nomine
667 4833 1005 4891 Christianos
1028 4834 1336 4906 culpabant,
1359 4838 1481 4905 quia
1511 4852 1741 4893 coronas
1761 4839 1896 4894 vivis
1929 4839 2027 4895 ho-

430 4924 666 4980 minibus
693 4926 1051 4999 denegabant,
1080 4929 1172 4985 sed
1211 4930 1371 4984 etiam
1402 4932 1626 4987 mortuis
1657 4950 1669 4986 :
1705 4953 1724 4985 ‹
1762 4932 2017 5003 (ἴοι-ωηεν,

432 5016 722 5089 inquiebat,
755 5019 916 5075 etiam
949 5021 1211 5092 sepulcris
1239 5022 1532 5093 denegatis.
1575 5043 1594 5078 ι
1625 5024 1761 5093 Quid
1793 5041 1925 5082 vero
1954 5027 2021 5081 ad

430 5108 545 5165 haec
567 5108 854 5166 Octavius?
881 5112 1077 5169 Verum
1106 5113 1264 5184 plane
1284 5113 1336 5169 id
1362 5129 1482 5170 esse
1503 5115 1731 5172 libenter
1752 5117 2021 5186 concedit,

429 5202 759 5275 miraturque
780 5215 1018 5262 mortuos
1042 5209 1110 5263 ab
1139 5206 1375 5264 Ethnicis
1400 5211 1644 5264 coronari
1678 5231 1691 5267 :
1727 5228 1745 5261 ι
1770 5209 1880 5280 Ego
1905 5225 2019 5280 vos,

429 5300 525 5375 ait,
573 5300 626 5356 iu
681 5301 781 5357 hoc
826 5305 994 5375 magis
1045 5305 1233 5369 miror,
1280 5304 1729 5377 quemadmodum
1785 5306 2028 5360 tribuatis

430 5394 663 5452 exanimi
691 5404 781 5450 aut
816 5411 921 5451 non
951 5395 1143 5461 farem,
1173 5408 1264 5452 aut
1313 5413 1421 5453 non
1467 5398 1718 5454 sentienti
1746 5411 2023 5464 coronam,

429 5502 552 5544 cum
597 5497 652 5543 et
694 5487 882 5544 beatus
922 5504 1029 5545 non
1058 5502 1230 5559 egeat,
1261 5501 1317 5546 et
1344 5492 1510 5547 miser
1536 5506 1639 5546 non
1667 5492 1894 5561 gaudeat
1931 5490 2030 5546 ﬂo-

428 5579 579 5635 ribus
615 5596 635 5630 t
686 5577 842 5652 (Ibid.
888 5595 1010 5650 pag.
1056 5582 1211 5650 541).
1236 5583 1436 5639 Verum
1476 5595 1758 5653 corruptus
1787 5584 2029 5653 plurimis

430 5672 646 5728 videtur
690 5672 777 5727 hic
820 5674 1054 5729 auctoris
1099 5678 1266 5731 nostri
1314 5687 1506 5745 textus,
1536 5678 1672 5734 etin
1711 5677 2029 5748 quibusdam

430 5766 754 5823 cditionibus
796 5766 1055 5835 particula
1085 5784 1185 5824 non
1225 5780 1280 5826 et
1325 5787 1520 5828 nomen
1563 5771 1788 5827 exanimi
1834 5773 2030 5828 omissa

431 5870 576 5919 sunt.
623 5861 728 5919 Sed
775 5861 890 5918 lucc
929 5863 1197 5919 correctio
1239 5865 1408 5922 codici
1442 5867 1801 5937 manuscripto
1841 5865 2031 5925 adver—

2052 4611 2107 4672 D

2128 3348 2257 3393 nunt
2307 3358 2324 3390 ι
2358 3339 2603 3409 (Lueian.
2644 3339 2705 3392 de
2747 3337 2934 3404 Luem,
2969 3354 3086 3409 pag.
3127 3336 3277 3408 8l0).
3320 3336 3424 3393 Sed
3444 3336 3583 3392 hunc
3635 3336 3725 3392 ille

2130 3447 2333 3487 morem
2376 3432 2618 3503 aliosque
2664 3432 2892 3502 gentiles
2935 3431 3225 3502 sepultura:
3272 3431 3406 3486 ritus
3448 3428 3578 3485 irrid
3615 3436 3725 3485 tet

2129 3525 2366 3594 explodit
2417 3526 2609 3594 Quidni
2639 3541 2768 3594 ergo
2796 3525 3086 3580 Christiani
3122 3524 3267 3579 illum
3297 3522 3611 3593 reiecissent
3632 3536 3724 3576 co-

2131 3635 2381 3674 rmtarutn
2409 3617 2670 3683 usutu,de
2698 3634 2805 3686 quo
2828 3632 2925 3671 nos
2940 3617 3063 3671 alibi
3087 3615 3517 3685 distiutavimus?
3543 3613 3722 3684 (Tum.

2131 3729 2144 3767 I
2178 3715 2419 3783 dppnrat.
2453 3713 2543 3789 lib.
2568 3728 2648 3780 ιιι,
2676 3712 2894 3767 Disscrt.
2929 3727 2965 3775 t,
2995 3726 3109 3780 cap.
3139 3710 3229 3776 19,
3255 3718 3355 3764 art.
3387 3706 3442 3774 6,
3476 3723 3597 3777 pag.
3616 3706 3724 3764 802

2125 3818 2177 3863 et
2208 3824 2358 3877 Seqq.
2393 3805 2411 3877 )
2452 3804 2562 3860 Cut-
2586 3816 2763 3859 autem
2795 3821 2914 3859 eum
2948 3804 3272 3873 reSptterint,
3301 3803 3438 3858 hanc
3463 3801 3725 3857 Minucius

2128 3900 2355 3955 reddidit
2376 3899 2637 3953 rationem
2662 3916 2674 3952 :
2696 3917 2713 3949 ι
2735 3898 2799 3955 At
2835 3898 2978 3951 enim
3009 3914 3107 3952 nos
3124 3899 3380 3967 cvequias
3396 3894 3726 3950 adornamus

2126 3996 2311 4050 eadem
2343 3995 2725 4064 tranquillitate
2742 4009 2843 4061 qua
2869 3993 3126 4057 vivimus;
3148 4008 3246 4049 nec
3261 3993 3597 4049 annectimus
3612 4005 3727 4045 are-

2125 4098 2364 4144 scentem
2397 4104 2675 4149 coronam.
2706 4086 2799 4143 sed
2830 4104 2858 4141 a
2891 4088 2998 4142 Deo
3028 4087 3243 4143 a-ternis
3257 4084 3723 4143 floribusvividam

2131 4183 2458 4237 Sustincntus
2490 4201 2507 4234 ι
2532 4182 2748 4252 (Minue.
2778 4197 2892 4252 pag.
2924 4180 3074 4253 δή),
3107 4182 3207 4236 hoc
3224 4192 3307 4237 est
3326 4190 3722 4251 “Spectamus.

2203 4274 2463 4342 Quamvis
2491 4285 2668 4331 autent
2710 4274 3002 4330 Christiani
3035 4287 3368 4330 mortuorum
3394 4281 3555 4343 caput
3579 4270 3723 4327 nulla

2135 4369 2445 4425 redimirent
2476 4385 2696 4426 corona.
2732 4370 3018 4440 unguentis
3048 4379 3223 4425 tamen
3256 4368 3468 4424 illormn
3496 4381 3724 4438 corpora

2134 4481 2335 4537 ungere
2384 4465 2632 4521 solebant
2679 4465 2835 4537 (Ibid.
2872 4480 2989 4535 pag.
3020 4463 3132 4531 98).
3161 4460 3302 4532 Quid
3341 4463 3484 4519 enim
3520 4461 3726 4532 mquius

2134 4575 2293 4632 quam
2342 4572 2398 4614 ιιι
2426 4560 2756 4629 propositum
2789 4559 2886 4614 sibi
2936 4558 3005 4613 ab
3048 4558 3382 4629 Evangelista
3422 4555 3570 4613 uncti
3606 4569 3728 4610 cor-

2137 4653 2283 4722 poris
2307 4652 2503 4708 ChriSIi
2532 4651 2744 4722 (.Iohan.
2780 4668 2890 4717 XIX,
2922 4652 2991 4706 59
3014 4660 3068 4706 et
3095 4651 3240 4722 seq.)
3269 4649 3572 4720 exemplum
3603 4648 3725 4703 inti-

2133 4745 2407 4802 tarentur?
2445 4745 2628 4817 Neque
2655 4745 2904 4801 Caecilius
2936 4744 3077 4800 hunc
3107 4757 3312 4800 morem
3361 4742 3725 4798 condemnare

2130 4854 2294 4893 ausus
2324 4849 2426 4895 est.
2457 4838 2588 4894 Cum
2621 4837 2763 4891 enim
2803 4847 3198 4907 unguentorum
3238 4850 3368 4890 usus
3401 4834 3541 4890 Darii
3591 4844 3730 4890 lem-

2127 4948 2280 5003 pore,
2314 4930 2483 4994 inquit
2528 4929 2749 4988 Plinius.
2782 4929 2847 4983 ad
2876 4943 2971 4984 eos
3000 4928 3341 4999 pervasisset.
3371 4945 3390 4979 ι
3418 4937 3527 4982 ιιιιιι
3559 4926 3729 4982 honos

2128 5035 2181 5082 et
2205 5026 2270 5081 ad
2297 5024 2580 5080 defunctos
2608 5025 2876 5093 pertinere
2900 5023 3061 5092 t‘pril
3096 5042 3115 5076 ι
3146 5020 3306 5097 (Plin.
3338 5020 3430 5076 lib.
3472 5036 3590 5086 χιιι,
3619 5017 3729 5075 Να-

2127 5128 2230 5173 tur.
2278 5117 2438 5177 Iliu..
2470 5134 2590 5188 cap.
2626 5118 2675 5182 I,
2709 5131 2825 5187 pag.
2859 5115 2930 5173 56
2964 5121 3000 5185 ).
3030 5115 3165 5183 Quid
3198 5116 3359 5187 igitur
3403 5115 3517 5181 ipse
3559 5113 3731 5168 (Izeci-

2133 5212 2237 5269 lius
2297 5213 2350 5268 in
2394 5210 2734 5267 'Christiaois
2783 5209 3097 5278 redarguat,
3153 5208 3435 5264 audiamus
3476 5224 3488 5261 :
3550 5225 3570 5259 ι
3610 5204 3725 5261 Non

2131 5320 2327 5376 corpus
2353 5304 2607 5359 odoribus
2632 5302 2948 5363 honestatis,
2971 5301 3260 5356 reservatis
3286 5307 3553 5367 unguenta
3578 5296 3730 5352 fune-

2130 5400 2280 5456 ribus
2308 5397 2551 5459 »(Μίιιιιο.
2576 5412 2695 5467 pag.
2725 5395 2843 5468 97).
2867 5394 2974 5450 Eos
3001 5395 3179 5463 itaque
3205 5393 3449 5463 corripit,
3471 5407 3577 5447 non
3604 5391 3728 5462 quia

2133 5502 2377 5549 mortuos
2411 5491 2696 5558 unguentis
2725 5489 3130 5561 perfunderent,
3177 5488 3271 5545 sed
3330 5502 3437 5544 non
3469 5494 3732 5556 ungerent

2137 5587 2262 5644 dum
2294 5585 2472 5643 adhuc
2499 5585 2769 5640 vivebant.
2801 5585 3053 5641 Octavius
3090 5599 3221 5639 vero
3261 5582 3402 5639 hanc
3431 5590 3727 5653 pra‘postc-

2137 5696 2253 5737 ram
2285 5681 2505 5736 omnino
2542 5683 2937 5735 accusatlottem
2968 5688 3308 5741 astternatus.
3353 5676 3484 5732 nihil
3520 5674 3730 5732 videtur

2136 5773 2202 5831 ad
2233 5788 2351 5830 eam
2386 5772 2754 5845 τρειιοιιόὶεεε.
2790 5771 2893 5827 nisi
2935 5770 3072 5827 forte
3098 5770 3238 5843 quod
3273 5768 3469 5825 ibidem
3493 5767 3727 5832 dixerat,

2135 5866 2473 5925 Christianos
2504 5865 2705 5924 licitum
2747 5864 2965 5938 quidem
3006 5864 3196 5923 ﬂorum
3245 5873 3410 5936 atque
3456 5862 3589 5920 adeo
3630 5878 3729 5917 tnt-
