3972 6310
338 234 449 291 545

1736 218 2200 281 DiSéEitTATlO.

3536 218 3641 278 546

337 359 668 426 guentorttm
720 364 871 405 nsum
930 362 1034 404 non
1065 346 1309 419 ιϊ]ρεὶδπιξ
1335 388 1348 413 ,
1384 344 1475 400 sed
1510 340 1900 398 intolerabilem
1925 383 1939 403 ,

2077 340 2346 402 ιοιιιειηοε,
2376 336 2469 393 sed
2510 335 2641 391 alias
2688 335 2846 390 etiam
2879 334 3016 405 apud
3043 342 3232 405 gentes
3262 349 3465 391 morem
3493 335 3639 391 illum

340 453 483 504 sicut
509 447 633 501 alibi
666 444 1014 517 patefecittttts
1040 444 1213 503 (Ἰίιιιι.
1249 457 1261 494 I
1297 441 1566 511 ειιιριιι·αῐ.,
1601 452 1717 506 pag.
1745 436 1851 489 805
1890 443 1945 489 et

340 542 510 617 δρψ),
542 540 820 612 gentiiium
851 538 1095 592 abusum.
1123 536 1279 590 i’iura
1312 530 1850 604 pm'toTerruliian-s
1876 526 1944 581 de

343 644 437 714 pio
468 638 842 707 laudandoque
870 632 1297 688 Christianorum
1342 635 1550 680 mortua
1578 636 1804 691 Corpora
1843 635 1940 714 uu-

341 710 507 806 gendi
549 734 655 788 ritu
713 727 955 794 tradidit,
1000 738 1119 796 qua:
1171 736 1270 776 suo
1309 720 1432 774 loco
1471 732 1501 771 a
1541 715 1698 770 nobis
1740 710 1947 768 exami-

343 826 525 885 nanda
555 834 700 882 sunt.

422 921 702 977 Pestremo
757 915 1009 972 Caecilius
1052 911 1391 969 Christianos
1443 906 1617 963 adhuc
1667 904 1941 975 antiquum

346 1024 595 1072 mortuos
623 1008 918 1082 sepeliendi
943 1021 1147 1062 morem
1180 1013 1479 1063 servantes.
1509 1001 1587 1055 sic
1617 999 1939 1055 insumatur:

357 1127 379 1162 ι
403 1105 768 1163 Exsecrantnr
792 1116 952 1173 rogos
981 1107 1038 1155 et
1070 1099 1270 1171 ignium
1299 1097 1618 1167 sepulturas,
1653 1090 1805 1162 quasi
1837 1103 1944 1143 non

351 1216 518 1258 omne
550 1203 769 1269 carpas,
797 1196 900 1251 etsi
928 1193 1159 1249 ﬂammis
1183 1190 1547 1250 subtrahatur,
1580 1186 1736 1241 anuis
1767 1194 1946 1238 tamen

350 1303 411 1352 ct
438 1292 686 1349 aetatibus
719 1292 771 1344 in
799 1296 998 1343 terram
1030 1284 1359 1348 resolvatur;
1387 1296 1487 1336 nec
1527 1277 1736 1334 intersit
1770 1283 1947 1330 utrum

351 1386 484 1443 {ene
524 1384 801 1456 diripiant,
831 1397 899 1437 an
929 1384 1096 1436 maria
1124 1387 1462 1442 consmnant,
1496 1390 1563 1428 an
1597 1375 1789 1427 humus
1815 1386 1949 1425 con-

351 1456 519 1553 tegat.
550 1494 619 1534 an
647 1477 861 1533 ﬂamma
891 1475 1152 1531 subducat
1180 1490 1193 1526 :
1224 1488 1345 1526 eum
1378 1469 1731 1526 cadaveribus
1774 1465 1950 1521 omnis

350 1573 649 1646 sepultura,
669 1573 712 1625 si
736 1570 996 1635 sentiunt,
1031 1582 1187 1639 paena
1217 1566 1318 1629 sit;
1352 1566 1394 1619 si
1426 1580 1529 1619 non
1550 1562 1807 1624 sentiunt,
1835 1558 1951 1629 ipsa

349 1672 671 1732 conﬁciendi
716 1672 1012 1734 celeritate,
1040 1665 1302 1723 medicina
1339 1682 1359 1716 ›
1396 1663 1614 1735 (Minue.
1647 1675 1762 1732 pag.
1796 1658 1865 1715 97
1898 1666 1953 1713 et

348 1783 505 1840 seqq.
538 1768 581 1838 ).
642 1766 775 1833 Quae
826 1764 1045 1835 quidem
1108 1774 1176 1815 ex
1247 1758 1450 1814 Seneca
1495 1756 1730 1811 delibata
1784 1750 1952 1806 fuisse

342 1861 463 1935 jam
492 1858 900 1915 observavimus
929 1854 1087 1926 (Sup.
1124 1866 1245 1923 cap.
1283 1849 1341 1914 2,
1369 1859 1467 1904 art.
1499 1846 1580 1919 5).

426 1953 560 2011 Tam
590 1951 798 2023 frigidae
828 1960 1005 2005 autem
1054 1945 1312 2011 irrisioni,
1361 1943 1490 2016 quid
1537 1939 1827 2013 respondet
1856 1937 1954 1993 Mi-

351 2048 588 2107 nucius?
631 2045 781 2102 tNec
823 2054 881 2099 ut
930 2042 1179 2106 creditis,
1223 2039 1430 2110 inquit,
1484 2038 1648 2091 ullum
1696 2034 1951 2089 damnum

351 2142 647 2214 sepultura:
692 2139 959 2203 timemus,
1010 2134 1106 2191 sed
1159 2144 1396 2187 veterem
1437 2139 1492 2186 et
1534 2129 1811 2183 meliorem
1852 2126 1953 2219 hu-

352 2237 540 2295 mandi
588 2214 1032 2293 consuetudinem
1074 2227 1481 2299 frequentamus
1517 2245 1536 2278 ι
1569 2222 1801 2299 (Minue.
1832 2214 1954 2293 pag.

354 2328 526 2401 255).
569 2327 729 2400 Atqui
758 2326 932 2397 reipsa
959 2320 1386 2393 antiquissimum
1418 2329 1470 2375 et
1498 2318 1758 2387 Optimum
1790 2315 1957 2369 fuisse

355 2424 678 2480 cadaverum
708 2418 1139 2490 sepeliendorum
1185 2429 1392 2470 morem
1436 2412 1517 2468 Itis
1548 2410 1759 2493 Cicero,
1790 2411 1835 2464 si
1860 2409 1958 2463 du-

359 2516 524 2584 bites,
550 2522 602 2570 te
631 2512 846 2570 docebit
886 2510 1104 2566 verbis:
1143 2527 1161 2560 ι
1185 2510 1255 2566 At
1289 2508 1417 2563 mihi
1449 2506 1664 2577 quidem
1696 2502 1960 2574 antiquis—

357 2612 556 2668 simum
583 2612 875 2682 sepulturae
903 2607 1154 2680 genusid
1199 2604 1363 2660 fuisse
1404 2605 1613 2658 videtur
1658 2615 1765 2672 quo
1816 2598 1959 2671 apud

359 2702 778 2776 Xetmpbuntem
834 2700 1008 2772 Cyrus
1072 2698 1258 2754 utitur.
1313 2696 1573 2752 Redditur
1614 2693 1757 2749 enim
1800 2703 1958 2747 terra:

359 2814 589 2867 corpus,
638 2806 695 2853 et
736 2797 809 2853 ita
840 2797 1070 2851 locatum
1108 2809 1172 2848 ac
1220 2793 1381 2848 situm
1422 2790 1573 2861 quasi
1619 2788 1959 2861 operimento

360 2890 552 2949 matris
590 2889 894 2946 obducitur.
944 2887 1257 2958 Eodemque
1306 2885 1411 2940 ritu
1460 2885 1513 2939 in
1554 2899 1621 2940 eo
1669 2883 1960 2955 st~pulcltro

361 2984 506 3059 quod
535 2985 718 3056 procul
758 2983 824 3039 ad
871 2981 1056 3037 Fontis
1082 2994 1206 3035 aras
1247 2995 1427 3050 regem
1458 2987 1699 3035 no-ttum
1731 2977 1958 3033 Numam

2051 433 2360 485 invaluissc.
2395 431 2467 485 De
2498 429 2765 501 Egyptiis
2802 430 3018 499 quippe,
3051 428 3231 482 Persis
3261 440 3307 482 et
3339 428 3502 499 Magis
3527 428 3641 484 hare

2050 525 2241 579 litteris
2270 525 2652 593 momorimque
2684 523 2959 576 mandavit
2992 541 3004 577 :
3045 541 3062 573 t
3093 521 3365 577 Condinnt
3407 523 3643 595 ίΕδῃιιίί

2051 632 2311 681 mortuos,
2342 627 2396 672 et
2434 632 2527 671 eos
2557 615 2702 669 domi
2731 626 2964 669 servant.
2998 615 3174 671 Persa:
3203 617 3362 671 etiam
3395 632 3520 672 cera
3548 619 3647 674 cir-

2050 712 2298 767 eumlitos
2320 713 2597 775 condiunt,
2628 722 2682 764 ιιι
2711 726 2868 780 quant
2902 712 3136 767 maxime
3161 725 3507 783 permaneant
3532 713 3647 770 diu-

2053 812 2205 857 turna
2236 819 2483 873 corpora.
2516 804 2787 873 Magorum
2825 820 2941 858 mos
2972 814 3052 860 est
3105 821 3212 859 non
3255 806 3479 864 humare
3519 823 3644 864 cur-

2048 912 2175 968 pora
2205 912 2445 961 suormu,
2465 897 2563 951 nisi
2583 913 2611 950 a
2638 897 2762 951 leris
2792 897 2900 953 sint
2928 907 3086 952 antea
3121 898 3312 953 laniata
3342 919 3361 953 ι
3388 900 3525 972 (Cic.
3547 903 3644 959 lib.

2047 990 2333 1057 tTuscuL,
2389 1007 2509 1063 pag.
2564 992 2690 1057 l53,
2729 992 2825 1046 ltn.
2864 991 2936 1049 23
2966 992 3007 1063 ).
3068 993 3231 1049 Addit
3271 995 3532 1052 llircanos
3558 1013 3650 1069 op-

2051 1088 2232 1141 timam
2272 1090 2551 1143 censuisse
2592 1087 2924 1158 sepulturam
2966 1103 3088 1144 cum
3123 1100 3458 1147 mortuorum
3488 1092 3648 1150 cada-

2050 1197 2178 1238 vera
2206 1199 2234 1235 a
2265 1184 2486 1237 canibus
2515 1182 2860 1238 laniarentur.

2128 1276 2200 1330 De
2241 1275 2660 1332 Atheniensibus
2688 1294 2819 1334 vero
2865 1278 2950 1335 ille
2995 1278 3110 1335 haec
3149 1279 3201 1336 in
3236 1281 3401 1337 citato
3426 1296 3456 1336 a
3497 1282 3651 1340 nobis

2052 1371 2290 1426 secundo
2335 1371 2405 1427 de
2452 1372 2681 1444 Legibus
2721 1373 2858 1429 libro
2899 1386 3193 1435 memorat:
3233 1397 3253 1431 ι
3280 1378 3506 1435 Athenis
3539 1378 3650 1450 jam

2053 1464 2140 1520 ille
2161 1482 2278 1521 mos
2303 1482 2333 1521 a
2361 1467 2619 1540 Cecrope,
2659 1479 2710 1522 ut
2743 1468 2911 1532 aitmt,
2948 1472 3236 1540 permansit
3262 1471 3366 1529 hoc
3389 1472 3479 1544 jus
3501 1482 3649 1530 terra

2056 1556 2335 1623 humandi,
2389 1574 2702 1630 quamcum
2745 1562 2974 1631 proximi
3016 1561 3283 1629 fecerant,
3316 1566 3654 1637 abductaque

2057 1659 2197 1706 terra
2228 1662 2364 1720 erat,
2396 1654 2633 1724 frugibus
2662 1652 3036 1722 obserebatur,
3063 1667 3119 1711 ut
3137 1657 3288 1715 sinus
3311 1669 3364 1715 et
3388 1661 3652 1731 gremium

1981 1731 2028 1793 B
2056 1746 2206 1815 quasi
2241 1746 2427 1800 matris
2455 1756 2665 1801 mortuo
2687 1747 3047 1815 tribueretur;
3077 1754 3249 1805 soluat
3278 1764 3456 1809 autem
3489 1753 3657 1825 frugi-

2054 1839 2155 1893 bus
2171 1841 2465 1909 expiatum,
2488 1842 2698 1897 ntvivis
2723 1842 3039 1899 redderetur
3061 1844 3251 1913 )(lilid.
3271 1846 3363 1902 lib.
3379 1863 3437 1914 ιι,
3467 1849 3530 1903 de
3556 1847 3656 1905 Le—

2055 1931 2182 2003 gib.,
2217 1948 2334 2003 pag.
2358 1933 2481 1997 542,
2515 1934 2608 1988 Ιίιι.
2639 1935 2672 1991 9
2701 1932 2741 2006 ).
2776 1935 2957 2008 Neque
2988 1941 3321 2005 praetermitti
3348 1943 3509 1998 debet
3532 1942 3656 1999 Ser-

2058 2025 2193 2089 vius,
2247 2028 2335 2096 qui
2381 2030 2431 2081 in
2460 2028 2572 2082 suis
2599 2028 2666 2084 ad
2714 2039 2927 2085 sextum
2959 2030 3221 2089 Etieidos
3269 2033 3465 2090 librum
3508 2052 3657 2092 cont-

2060 2120 2335 2173 mentariis
2382 2120 2495 2174 inec
2521 2120 2811 2177 observat:
2846 2141 2864 2176 t
2891 2124 2990 2193 Qui
3019 2128 3087 2181 de
3112 2127 3325 2198 pietatis
3360 2130 3651 2200 generibus

2063 2213 2416 2282 scripserunt,
2449 2216 2679 2284 primum
2725 2216 2899 2271 locum
2931 2220 2982 2271 in
3012 2221 3285 2290 sepultura
3316 2238 3435 2278 esse
3474 2224 3659 2280 volueo

2063 2319 2208 2362 runt.
2246 2306 2417 2372 Unde,
2471 2324 2592 2364 cum
2651 2311 2991 2380 pontiﬁcibus
3046 2315 3195 2370 nefas
3238 2328 3384 2372 esset
3430 2320 3661 2377 cadaver

2066 2403 2268 2470 videre,
2301 2412 2477 2459 tamen
2502 2403 2672 2477 magis
2690 2404 2842 2462 nefas
2864 2408 3039 2461 fuerat
3067 2408 3113 2463 si
3137 2410 3308 2466 visum
3336 2413 3660 2484 insepultmn

2066 2497 2447 2568 relinquerent.
2497 2497 2678 2554 Genus
2705 2508 2883 2554 autem
2918 2500 3090 2557 fuerat
3113 2506 3406 2574 sepultura:
3444 2507 3663 2578 injectio

2067 2592 2320 2662 pulveris.
2343 2592 2497 2649 Unde
2522 2607 2600 2650 est
2628 2613 2637 2648 :
2668 2596 2773 2650 Aut
2793 2606 2847 2650 tu
2865 2596 2996 2651 mihi
3017 2600 3408 2672 terraminjice,
3432 2619 3664 2677 namque

2066 2695 2237 2755 potes.
2270 2686 2521 2743 Horatius
2549 2706 2560 2741 :
2588 2689 2703 2743 Non
2726 2700 2809 2745 cst
2841 2707 2986 2746 litora
3024 2693 3204 2765 longa,
3236 2694 3439 2760 licebit,
3466 2697 3663 2771 injecto

2065 2786 2146 2833 ter
2174 2779 2411 2849 pulvere.
2436 2796 2622 2835 curras
2657 2801 2675 2834 ι
2699 2781 2943 2854 (Servius
2969 2786 3018 2840 itt
3048 2786 3141 2841 lib.
3162 2803 3216 2843 vt
3242 2787 3460 2845 ίΕιιεὶά.
3485 2808 3533 2847 ιι.
3558 2794 3664 2849 175

2064 2881 2120 2926 et
2148 2888 2297 2944 seqq.
2343 2890 2457 2946 pag.
2508 2875 2635 2940 409,
2684 2887 2738 2931 et
2767 2878 2816 2932 itt
2846 2878 2936 2933 lib.
2970 2895 3028 2946 tt,
3080 2898 3198 2953 pag.
3241 2883 3347 2939 618
3401 2896 3451 2939 et
3500 2884 3662 2956 6i9).

2064 2967 2167 3021 Sed
2198 2983 2258 3022 ea
2290 2968 2357 3023 de
2388 2985 2446 3024 re
2482 2968 2658 3025 adhuc
2690 2970 2778 3028 ille
2807 2972 2955 3039 alibi,
2988 2990 3145 3043 quem
3176 2976 3394 3045 videsis,
3427 2979 3663 3041 sicutict

363 3079 636 3135 conditum
677 3076 1020 3147 accepimus:
1066 3083 1390 3143 gentemque
1430 3071 1738 3126 Corneliani
1791 3085 1961 3140 usque
1987 3082 2033 3146 ρ
2068 3060 2409 3124 Macrobium.
2438 3063 2529 3134 qui
2560 3074 2743 3132 aperte
2776 3068 3091 3123 testiﬁcatur
3111 3084 3210 3126 suo
3231 3073 3431 3128 smculo
3460 3072 3665 3129 nullum

363 3170 433 3227 ad
462 3168 775 3227 memoriam
807 3175 1045 3222 nostram
1075 3170 1174 3220 hac
1195 3164 1464 3234 sepultura
1489 3164 1691 3217 Scimus
1715 3177 1836 3217 esse
1861 3164 1963 3215 bu-

366 3275 565 3320 matam
596 3280 612 3318 :
642 3260 707 3317 (Ζ.
752 3260 903 3317 Marii
928 3259 1060 3315 sitas
1088 3257 1342 3330 reliquias
1386 3254 1528 3326 apud
1558 3255 1821 3310 Anienem
1849 3254 1960 3308 dis—

365 3355 533 3427 sipari
571 3352 733 3426 jussit
764 3351 912 3422 Sylla
959 3351 1147 3406 victor.
1174 3389 1187 3402 .
1206 3390 1221 3408 .
1245 3390 1260 3405 .
1291 3347 1445 3417 Quod
1496 3346 1637 3401 haud
1662 3347 1776 3402 scio
1800 3362 1868 3401 an
1894 3347 1963 3401 ti-

367 3464 522 3506 mens
549 3463 650 3504 suo
695 3445 909 3517 corpori
958 3460 1116 3516 posse
1142 3444 1410 3509 accidere,
1442 3443 1644 3512 primus
1670 3458 1703 3498 e
1730 3442 1966 3512 patriciis

364 3540 633 3597 Corneliis
668 3538 776 3610 igni
816 3538 986 3593 Voluit
1011 3539 1237 3592 cremari
1271 3556 1290 3588 ι
1326 3534 1459 3606 (Cic.
1496 3535 1588 3590 lib.
1623 3536 1737 3590 nde
1760 3534 1979 3607 Legib.,‘

366 3652 491 3709 pag.
520 3635 650 3701 ⁸540,
680 3635 773 3690 Ιίιι.
807 3633 877 3690 45
903 3643 958 3689 et
983 3632 1185 3704 seqq).

446 3731 512 3787 Et
537 3729 606 3786 de
631 3727 800 3784 Numa
838 3726 1054 3799 quidem
1097 3725 1212 3779 ιιωο
1241 3740 1456 3797 quoque
1483 3723 1805 3780 Plutarchus
1850 3736 1966 3777 mc-

369 3822 559 3880 moriaa
584 3819 815 3892 prodidit
846 3836 860 3874 :
901 3837 920 3870 t
945 3820 1152 3889 Corpus
1177 3834 1241 3872 ex
1266 3828 1535 3887 praecepto
1555 3816 1672 3886 ejus
1689 3857 1704 3881 ,
1736 3823 1792 3869 ιιι
1820 3814 1958 3868 fama

368 3928 474 3985 est,
502 3919 619 3990 πυρὶ
640 3924 726 3985 μιν
746 3919 827 3972 οὖα
846 3918 1007 3969 ἔδοσαν
1031 3923 1116 3969 τὸν
1143 3921 1298 3984 νεκρὸν
1319 3951 1332 3973 ,
1366 3916 1518 3966 αὖντοῧ
1541 3916 1854 3969 κωλύσαντος.
1886 3911 1969 3960 δυό

370 4019 421 4070 δὲ
445 4018 763 4082 ποιησιὶμινοι
802 4013 981 4071 λιθίνας
1021 4017 1219 4081 σοροὺς,
1258 4011 1351 4060 ὑπὸ
1393 4016 1470 4061 τὸν
1511 3994 1745 4065 Ῐανικλὸν,
1777 4012 1858 4059 τί)
1885 4010 1972 4069 μιν

369 4115 536 4180 stipa
561 4115 760 4178 εχουσιιν
788 4115 843 4162 τὸ
863 4122 1022 4174 σῶμα,
1045 4120 1149 4159 non
1190 4112 1593 4166 cremaverunt;
1622 4114 1809 4154 verum
1837 4099 1970 4151 duas

370 4218 527 4260 arcas
556 4202 793 4274 lapideas
820 4200 1084 4265 fecerunt,
1134 4212 1268 4269 quas
1296 4195 1653 4253 condiderunt
1687 4193 1789 4249 sub
1816 4191 1970 4248 Jani-

371 4298 771 4370 culo;quarum
799 4295 851 4351 in
882 4310 986 4349 una
1013 4291 1243 4348 cadaver
1268 4290 1383 4363 ejus
1406 4292 1633 4358 positum
1668 4297 1749 4345 est
1773 4307 1791 4339 ι
1820 4286 1973 4360 (i‘lu-

375 4389 546 4447 tarcb.
589 4399 719 4446 tom.
750 4390 806 4443 in
841 4386 958 4443 Vita
999 4385 1205 4452 Νιιιιιιιτ,
1255 4400 1374 4457 pag.
1404 4383 1471 4438 74
1503 4381 1543 4454 ).
1592 4382 1671 4438 Ex
1702 4381 1784 4437 his
1813 4381 1974 4452 igitur

374 4482 546 4557 liquet
576 4483 990 4538 vetustissimam
1024 4479 1189 4536 fuisse
1216 4477 1509 4545 sepeliendi
1546 4475 1807 4532 cadavera
1836 4491 1965 4531 con-

373 4575 736 4633 suetudinem.
764 4573 967 4629 Plinius
991 4589 1202 4643 quoque
1235 4571 1357 4626 huic
1390 4570 1669 4625 sententiae
1696 4566 1970 4638 subscrip-

375 4670 468 4737 sit,
491 4667 942 4738 quemadmodum
970 4682 1036 4723 ex
1064 4667 1209 4721 hisce
1255 4665 1397 4719 illius
1424 4676 1567 4733 patet
1598 4664 1775 4719 verbis
1799 4682 1812 4716 :
1848 4683 1867 4715 ι
1896 4663 1975 4734 lp-

378 4775 499 4817 sum
545 4776 790 4817 cremare
831 4759 969 4831 apttd
1004 4759 1272 4813 liomanos
1304 4773 1407 4811 non
1448 4755 1545 4811 fuit
1588 4756 1783 4811 veteris
1814 4754 1971 4810 insti-

381 4853 529 4910 tuti:
574 4864 714 4908 lerra
749 4850 1139 4908 madebantur.
1187 4851 1275 4916 At,
1334 4858 1614 4920 ιιιιμιιιιιειιιι
1669 4848 1975 4920 longinquis

379 4950 538 5008 bellis
559 4948 784 5007 obrutos
804 4947 919 5003 erui
948 4959 1270 5017 engnth-re,
1306 4951 1430 4997 tttnc
1453 4942 1770 4995 institutmn.
1809 4940 1875 4994 Et
1899 4953 1978 4995 ta-

381 5061 506 5101 tnen
536 5043 720 5099 multa:
750 5040 968 5097 fannlite
999 5038 1203 5109 priscos
1234 5052 1519 5092 servavere
1566 5036 1717 5099 ritus,
1758 5035 1896 5090 sicut
1925 5035 1976 5089 in

382 5137 634 5195 Cornelia
676 5150 835 5192 nemo
876 5142 999 5190 ante
1029 5132 1229 5205 Syllum
1259 5130 1574 5187 dictatorem
1609 5130 1834 5185 traditur
1861 5145 1976 5185 ere:

383 5241 601 5294 matus;
650 5230 810 5302 idque
849 5227 1107 5288 voluisse.
1141 5227 1369 5281 veritmn
1403 5225 1679 5289 talionum,
1713 5233 1867 5279 eruto
1914 5220 1976 5278 C.

384 5325 537 5382 Marii
563 5322 850 5381 cadavere.
893 5320 1148 5394 Sepultus
1196 5334 1324 5374 vero
1380 5318 1725 5389 intelligatur,
1767 5331 1982 5388 quoquo

384 5420 547 5477 modo
562 5418 843 5482 conditus;
864 5416 1139 5481 humatus,
1156 5428 1285 5469 vero
1304 5412 1469 5467 humo
1490 5423 1767 5468 contectus
1794 5412 1984 5483 i(i*lin.

386 5512 486 5570 lib.
505 5528 579 5568 vn
608 5509 989 5575 Natur.Hist.,
1018 5524 1121 5579 cap
1172 5506 1263 5572 54,
1300 5522 1417 5577 pag.
1450 5506 1514 5561 91
1547 5517 1597 5562 et
1629 5520 1780 5577 seqq.
1809 5506 1850 5578 ).
1894 5504 1987 5561 Ci-

386 5620 666 5670 cerOnem,
692 5604 767 5660 uti
785 5602 954 5672 vides,
988 5607 1115 5658 uti
1139 5605 1262 5655 πόδα
1289 5601 1553 5673 sequitur.
1577 5610 1629 5655 et
1657 5599 1782 5672 quid
1810 5599 1992 5671 sepul-

390 5713 566 5760 turam
599 5701 740 5756 inter
759 5708 817 5756 et
841 5698 1206 5754 humationem
1239 5697 1482 5762 intersit,
1508 5697 1653 5753 clare
1683 5698 1931 5768 explicat.

462 5793 639 5858 Testis
677 5800 857 5850 autem
907 5799 987 5849 est
1038 5788 1177 5846 idem
1218 5789 1425 5859 Cicero,
1480 5805 1585 5845 non
1629 5790 1800 5845 Solum
1849 5792 1987 5863 apud

2070 3152 2234 3209 fuisse
2263 3156 2449 3210 lil‘t'litli
2478 3168 2809 3213 mortuormn
2834 3175 3060 3232 Corpora
3091 3178 3246 3219 usum
3275 3164 3536 3238 (Macrob.
3562 3165 3658 3221 lih.

2071 3261 2143 3300 vn
2178 3247 2470 3311 Saturnal.,
2520 3266 2641 3324 eap.
2677 3251 2758 3323 7).
2794 3252 2915 3308 Alio
2966 3267 3146 3311 autem
3177 3257 3229 3313 in
3284 3258 3422 3314 libro
3451 3259 3670 3331 scripsit

2071 3343 2416 3412 plurimarum
2445 3350 2683 3419 gentium
2705 3349 2783 3404 vel
2806 3351 3082 3421 regionum
3117 3352 3371 3409 institutis
3396 3358 3665 3411 sancitum

2070 3434 2235 3493 fuisse
2262 3449 2597 3497 tnortuorum
2639 3458 2866 3521 corpora
2909 3461 3014 3501 non
3046 3447 3165 3503 sine
3199 3457 3356 3503 cantu
3387 3451 3453 3504 ad
3482 3449 3666 3521 sepul-

2071 3539 2242 3586 turam
2265 3532 2537 3589 deferendi
2564 3536 2641 3606 (et
2671 3534 2762 3591 lib.
2784 3552 2819 3591 tt
2853 3538 2903 3592 in
2933 3539 3116 3595 Somn.
3149 3540 3407 3613 Scipion.,
3438 3558 3556 3613 cap.
3587 3540 3665 3615 5).

2071 3625 2231 3681 Plura
2278 3643 2438 3697 porro
2466 3630 2535 3687 de
2567 3631 2715 3685 vario
2744 3631 3038 3701 sepeliendi
3088 3634 3194 3689 ritu
3234 3635 3472 3706 disputat
3501 3636 3672 3693 Lilius

2071 3718 2336 3792 Gyruldus
2376 3723 2427 3777 in
2458 3726 2661 3795 scripto
2697 3742 2815 3780 eam
2844 3730 2895 3781 in
2922 3743 3032 3782 rem
3059 3726 3198 3782 libro
3225 3730 3513 3799 peculiari;
3544 3731 3671 3787 Ale-

2072 3816 2274 3870 xander
2298 3817 2366 3873 ab
2394 3819 2718 3883 Alexandro,
2743 3828 2896 3875 sexto
2919 3820 3056 3876 libro
3078 3820 3381 3878 Genialium
3416 3823 3664 3891 Diei-um;

2071 3925 2135 3966 ac
2162 3910 2500 3982 'l'iraquellus
2526 3914 2637 3969 suis
2668 3915 2718 3969 in
2765 3915 2906 3971 hunc
2933 3916 3127 3971 librum
3165 3917 3630 3975 annotationibus.

2673 4067 2965 4109 ARTICULUS
3002 4068 3080 4108 IV.

2079 4208 2204 4264 Tant
2242 4211 2442 4265 sanctos
2468 4210 2878 4267 Christianorum
2904 4230 3055 4284 quant
3088 4211 3421 4270 Etlmicorunt
3462 4229 3675 4287 corrup-

2148 4315 2224 4359 tos
2276 4306 2433 4376 fuisse
2484 4323 2648 4362 mores
2686 4323 2824 4362 :cur
2852 4307 3061 4363 illorum
3108 4306 3380 4380 disciplina
3428 4310 3596 4363 ntinor
3636 4324 3669 4362 a

2150 4401 2353 4456 Casei/io
2379 4401 2577 4456 dicatur
2603 4418 2622 4455 :
2660 4412 2903 4473 quantum
2943 4402 3093 4457 iidem
3127 4400 3406 4457 Cltrt'stiani
3446 4401 3674 4471 philoso-

2149 4496 2263 4566 phis
2279 4496 2550 4567 gentilibus
2568 4495 2752 4566 pietate
2762 4506 2806 4549 et
2819 4498 3051 4551 doctrina
3068 4497 3422 4551 antecellerent
3452 4512 3470 4548 :
3491 4495 3679 4550 Ethni-

2144 4606 2227 4643 σοι
2266 4600 2427 4643 tamen
2473 4599 2517 4643 et
2543 4589 2857 4645 Clu-istianas
2898 4591 3056 4661 {uiue
3109 4591 3321 4657 amicos,
3355 4606 3415 4644 ac
3459 4594 3680 4661 fratrum

2150 4685 2350 4737 nomine
2390 4700 2496 4738 sese
2525 4684 2735 4738 invicem
2774 4685 3173 4755 compellavisse.

2154 4841 2358 4898 Nemini
2409 4859 2473 4898 ex
2523 4843 2778 4900 hactenus
2821 4842 2977 4899 dictis
3034 4843 3321 4900 obscurum
3355 4857 3475 4898 esse
3508 4850 3685 4914 potest

2080 4956 2237 5008 quant
2295 4939 2426 4994 lalso
2470 4939 2729 5009 jacltlarit
2778 4940 3064 5007 Caicilitts,
3122 4951 3176 4993 ιιι
3219 4940 3445 5008 ipsemet
3499 4946 3682 5005 pbstea

2082 5045 2224 5089 recte
2271 5034 2505 5104 agnovit,
2549 5043 2657 5089 tota
2690 5050 2785 5089 sua
2812 5034 3060 5090 oratione
3106 5048 3165 5089 se
3208 5033 3463 5103 probasse
3492 5031 3681 5087 Chris-

2089 5127 2260 5180 tianos
2289 5141 2409 5181 esse
2441 5126 2686 5181 homines
2738 5143 2845 5181 non
2876 5129 3039 5181 modo
3070 5125 3232 5180 rudes
3252 5150 3259 5155 ι
3279 5137 3332 5181 et
3374 5125 3682 5195 imperitos,

2087 5220 2179 5275 sed
2216 5221 2405 5290 impios
2439 5221 2600 5276 etiam
2633 5236 2695 5275 ac
2739 5219 2990 5275 maximis
3023 5220 3388 5289 Itactenusquc
3433 5217 3688 5274 inauditis

2089 5313 2483 5369 etmtaminatos
2522 5314 2842 5380 sceleribus;
2885 5311 3137 5369 Octavius
3177 5328 3305 5368 vero
3350 5320 3553 5367 tantam
3593 5325 3684 5366 ca-

2093 5408 2366 5468 lumniam.
2400 5408 2529 5463 satis
2556 5423 2828 5479 superque
2870 5409 3222 5475 confutatam,
3269 5407 3351 5463 his
3398 5407 3574 5463 adhuc
3601 5421 3687 5462 re-

2099 5503 2234 5558 l'cllit
2263 5503 2440 5557 verbis
2471 5520 2482 5556 :
2517 5521 2535 5555 t
2560 5503 2615 5559 Si
2649 5503 2951 5572 vobiscum,
2980 5523 2998 5557 ι
3030 5504 3281 5560 nimirum
3301 5503 3562 5569 Etlmieis,
3592 5517 3693 5559 nos

2102 5621 2119 5653 ι
2144 5599 2431 5656 Christiani
2475 5615 2871 5669 comparemur,
2916 5602 3162 5671 quamvis
3193 5602 3245 5655 in
3275 5601 3549 5655 nonnullis
3576 5597 3693 5653 dis-

2094 5698 2289 5769 ciplina
2321 5707 2499 5750 nostra
2529 5696 2704 5750 minor
2725 5703 2828 5759 est,
2860 5695 3028 5750 multo
3056 5705 3231 5752 tamen
3262 5695 3415 5751 vobis
3443 5695 3697 5751 meliores

2095 5789 2582 5864 (It'pt‘CitCttticmlli‘.
2612 5810 2626 5841 ι
2673 5791 2875 5861 Quibus
2906 5806 3035 5847 sane
3065 5791 3245 5849 verbis
3292 5791 3380 5847 ille
3428 5788 3566 5845 haud
3601 5788 3699 5853 du-
