3972 6310
423 148 529 224 si?

1729 163 1817 223 DE
1843 162 2102 223 MlNUCll
2136 159 2436 227 OCTAVIO

3603 175 3699 236 518

424 282 658 337 bitanter
677 288 951 337 asseverat
970 279 1127 351 longe
1156 279 1399 350 puriores
1422 279 1827 351 sanctioresquc
1848 280 2017 336 fuisse
2043 283 2096 342 Α
2122 284 2242 353 quis
2280 282 2707 353 mauticularius,
2753 284 2875 357 quis
2902 285 3221 358 sacrilegus,
3266 294 3356 342 aut
3399 300 3696 363 corruptor,

421 374 850 430 Christianorum
883 391 1040 444 quam
1072 374 1350 440 gentilium
1379 388 1579 428 mores.

496 465 716 528 Verum,
749 467 954 535 inquiet
981 467 1194 536 aliquis,
1216 467 1340 537 quid
1361 466 1460 521 sibi
1488 466 1595 521 vult
1615 466 1869 522 Octavius
1892 481 2015 521 cum

421 562 528 627 ait,
564 579 583 611 ι
628 559 686 614 lu
721 562 993 616 nonnullis
1034 573 1212 615 nostra
1268 560 1548 630 disciplina
1595 563 1811 617 minor»
1858 577 2018 633 quam

421 654 758 710 ethnicorum
791 673 809 707 t
836 656 953 710 est?
983 675 1000 708 ι
1038 655 1238 725 Duplex
1287 671 1409 710 esse
1462 664 1637 726 potest
1668 656 1858 710 horum
1898 671 2019 711 ver—

422 748 610 803 borum
634 763 826 803 sensus
853 767 866 802 :
911 749 1085 820 primo
1115 743 1353 819 quidem,
1390 748 1634 816 quamvis
1666 752 1717 802 in
1743 749 2019 806 nonnullis

422 840 737 895 Christianis
766 840 968 912 ignavis
990 850 1044 895 et
1083 840 1371 895 desidiosis
1402 840 1578 895 minor
1605 842 1675 895 sit
1702 852 1882 896 nostra
1904 842 2017 896 dis-

422 935 641 1005 ciplina,
689 936 739 988 Ιιί
773 945 949 990 tamen
982 934 1214 990 ethnicis
1241 943 1366 988 sunt
1393 930 1675 989 Imcliores.
1707 933 1860 991 Alter
1891 949 2019 990 vero

422 1043 613 1084 sensus
633 1046 647 1075 τ
666 1028 958 1083 Christiani
987 1027 1241 1082 meliores
1265 1027 1493 1081 ethnicis
1514 1027 2017 1097 deprehenduntur,

424 1121 666 1191 quamvis
697 1124 747 1174 in
795 1120 1069 1174 nonnullis
1099 1120 1260 1175 rebus
1298 1118 1578 1188 disciplina
1624 1135 1811 1175 eorum
1842 1122 2019 1174 minor

422 1213 664 1282 sitquam
700 1214 1002 1283 gentilium,
1026 1222 1147 1281 puta
1168 1212 1343 1282 legum
1377 1212 1736 1280 multitudine,
1763 1226 2022 1267 caeremo-

422 1305 527 1359 niis
556 1304 622 1358 ad
656 1304 879 1359 deorum
920 1304 1123 1358 cultutn
1167 1313 1327 1373 atque
1358 1303 1669 1374 religionem
1703 1304 2022 1371 pertinenti-

424 1398 548 1463 bus,
596 1398 829 1468 templis,
878 1399 1024 1459 aris,
1061 1395 1364 1459 sacriﬁciis,
1417 1398 1649 1468 pompis,
1700 1411 2018 1451 coronarum

424 1505 523 1546 usu
554 1491 780 1560 aliisque
812 1488 1027 1555 ritibus,
1058 1488 1129 1544 de
1156 1488 1350 1559 quibus
1379 1504 1408 1542 a
1440 1491 1596 1545 nobis
1634 1490 1880 1558 superius
1911 1489 2021 1544 dis.

426 1596 663 1656 putatum
692 1595 796 1640 est.
831 1583 963 1638 Vide
992 1592 1170 1638 autem
1197 1598 1264 1636 au
1295 1583 1381 1638 hic
1410 1598 1600 1638 sensus
1624 1584 1802 1653 priore
1830 1584 2022 1638 melior

2122 386 2211 428 aut
2242 377 2532 431 lavantium
2560 379 2761 448 praedo,
2794 378 2932 433 idem
2961 380 3123 435 etiam
3167 380 3507 438 Christianus
3550 387 3702 441 ascri-

2124 467 2298 522 liitur?
2324 474 2446 536 Aut,
2480 485 2599 526 cum
2623 471 2910 526 Christiani
2938 488 3038 526 suo
3067 473 3222 527 titulo
3249 472 3563 537 OEL-runtur,
3592 478 3701 548 quis

2124 578 2186 616 ex
2228 563 2331 617 illis
2382 565 2541 618 etiam
2591 567 2711 621 talis
2756 567 2945 637 quales
2989 578 3063 621 tot
3091 569 3387 624 nocentes?
3419 571 3495 625 De
3524 573 3704 628 vestris

2123 662 2338 725 semper
2362 666 2555 711 mstuat
2581 673 2785 725 carcer,
2808 659 2873 713 de
2897 660 3087 715 vestris
3116 675 3329 731 semper
3354 662 3568 717 metalla
3596 677 3704 721 sus-

2126 747 2321 817 piranl,
2354 748 2423 802 de
2456 750 2643 804 vestris
2688 765 2905 819 semper
2937 751 3119 806 besnzc
3147 753 3480 823 saginantur,
3509 754 3576 809 de
3593 770 3706 813 ves-

2123 841 2222 894 tris
2275 855 2492 911 semper
2543 842 2828 897 munerarii
2889 848 3171 898 noxiorum
3224 861 3418 917 greges
3471 859 3703 918 pascunt.

2121 933 2292 987 Nemo
2349 934 2459 988 illic
2507 934 2867 1001 Christianus,
2915 936 3020 991 nisi
3072 936 3175 992 hoc
3207 948 3434 1006 tantum,
3464 952 3556 994 aut
3584 941 3625 995 si
3661 952 3709 997 et

2122 1026 2287 1086 aliud.
2317 1026 2425 1096 jam
2451 1043 2557 1082 non
2580 1029 2907 1084 christianos
2938 1047 2957 1083 ι
2997 1030 3249 1101 (Tertull.
3278 1033 3459 1102 Apol.,
3488 1048 3605 1105 cap.
3625 1035 3707 1103 45,

2122 1132 2246 1188 pag.
2274 1120 2368 1177 '59)
2403 1135 2418 1173 :
2462 1120 2565 1175 hoc
2614 1131 2717 1184 est,
2760 1122 2943 1177 nullus
2983 1121 3323 1179 Christianus
3370 1126 3423 1181 in
3454 1140 3711 1181 carcerem

2125 1211 2377 1267 detrusus
2408 1225 2631 1285 propter
2660 1215 2824 1269 ullum
2854 1216 3081 1286 quodvis
3129 1216 3333 1283 scelus,
3388 1218 3487 1273 sed
3532 1220 3603 1273 ob
3628 1234 3710 1275 so-

2128 1304 2233 1355 lum
2284 1320 2478 1359 nomen
2530 1305 2807 1361 christiani
2862 1307 3277 1379 christiana-que
3333 1308 3468 1380 legis
3524 1310 3717 1380 profes-

2126 1396 2357 1451 si0nem.
2408 1396 2502 1453 Sin
2554 1414 2686 1453 vero
2715 1411 2940 1470 propter
2977 1401 3200 1472 aliquod
3257 1402 3463 1467 scelus,
3497 1404 3605 1472 jam
3636 1405 3715 1461 ille

2126 1502 2233 1542 non
2258 1497 2379 1543 erat
2405 1488 2756 1557 christianos,
2791 1491 2841 1547 id
2872 1501 2955 1547 εει
2984 1507 3014 1547 a
3045 1492 3343 1547 christiana
3395 1494 3716 1564 professione

2124 1579 2418 1637 defecerat.
2457 1584 2525 1637 At
2565 1582 2670 1640 boc
2713 1585 2887 1654 ipsum
2923 1594 3010 1641 est
3035 1588 3178 1656 quod
3209 1603 3238 1639 a
3263 1586 3500 1643 Minucio
3545 1601 3717 1646 nostro

424 1690 707 1749 propterea
753 1676 1000 1737 videatur
1029 1677 1172 1746 quod
1205 1666 1485 1732 Minucius
1530 1676 1869 1732 Christianos
1896 1692 2018 1732 cum
2052 1671 2100 1731 Β
2129 1672 2332 1728 dietum
2366 1674 2618 1730 vidimus.
2650 1676 2768 1731 Alia
2815 1692 2977 1747 porro
3008 1678 3062 1733 iu
3090 1679 3475 1737 dissertatione
3501 1681 3718 1753 (Disser-

425 1774 676 1837 ethnicis,
708 1786 811 1827 non
852 1785 984 1831 vero
1022 1785 1204 1826 secum
1246 1779 1555 1839 componat.

497 1868 668 1934 Quam
716 1877 895 1920 autem
943 1865 1159 1935 integri,
1193 1864 1325 1919 casti
1378 1875 1433 1919 et
1477 1864 1712 1935 religiosi
1758 1863 2023 1920 Christia-

427 1978 642 2030 n0tuut,
674 1963 953 2034 gentilium
987 1977 1118 2027 vero
1143 1961 1406 2031 corrupti,
1440 1959 1716 2032 depravati
1765 1959 2022 2031 improbi-

426 2074 532 2129 que
560 2069 743 2114 essent
772 2073 970 2123 mores,
1001 2056 1153 2113 brevi
1178 2056 1598 2126 comparatione,
1623 2071 1785 2125 quam
1811 2054 2022 2110 Tertul-

429 2152 602 2205 lianus
630 2151 799 2207 fusius
826 2148 1169 2221 prosequitur
1195 2148 1537 2221 (Tt-rtullian.
1561 2148 1856 2221 Apologel.,
1897 2162 2016 2218 cap.

426 2244 521 2311 46,
550 2259 668 2315 pag.
698 2242 767 2299 39
795 2258 849 2298 et
879 2242 1079 2312 seqq.).
1111 2241 1379 2297 Minucius
1399 2242 1513 2295 sive
1538 2241 1655 2309 ejus
1681 2243 1898 2295 numine
1926 2240 2023 2294 0c-

430 2339 599 2392 tavius
635 2336 909 2392 ostendit:
949 2354 968 2386 ι
997 2335 1100 2390 Vos
1129 2336 1296 2401 enim,
1347 2335 1423 2389 ait
1451 2335 1566 2400 ille,
1602 2334 1864 2389 adulteria
1896 2349 2019 2405 pro-

429 2430 640 2497 hibetis,
672 2440 728 2486 et
756 2430 957 2496 facitis;
1006 2445 1104 2484 nos
1149 2429 1407 2485 uxoribus
1448 2430 1645 2483 nostris
1682 2428 2023 2484 solummodo

429 2526 528 2580 viri
584 2527 923 2580 irascimur.)
973 2523 1129 2590 Quod
1181 2523 1399 2592 quidem
1452 2526 1698 2593 proxime
1743 2521 1939 2576 citatus
1987 2535 2018 2575 a

427 2617 582 2682 nobis
608 2616 966 2685 Tertullianus
988 2616 1269 2685 Speusippi
1292 2616 1540 2685 exemplo
1560 2615 1638 2669 sic
1664 2614 1982 2684 comprobat
2008 2630 2021 2667 :

435 2730 452 2762 t
480 2704 686 2775 Audio,
720 2708 923 2778 inquit,
964 2706 1249 2779 quemdam
1295 2706 1654 2776 Speusippum
1690 2705 1758 2760 de
1788 2704 2027 2760 Platonis

429 2803 615 2859 scltola
655 2803 706 2857 in
753 2800 1016 2856 adulterio
1049 2798 1311 2870 periisse:
1344 2797 1685 2854 Christianus
1713 2799 1865 2853 uxori
1911 2812 2023 2851 sua:

429 2897 529 2951 soli
556 2894 822 2951 masculus
845 2894 1082 2948 nascitur
1107 2910 1127 2944 ι
1150 2890 1490 2963 (Tertullian.
1510 2889 1629 2945 loco
1642 2888 1733 2945 cit.
1763 2903 1882 2959 pag.
1909 2887 2023 2961 40).

2130 1775 2223 1820 tot.
2274 1768 2328 1819 in
2381 1765 2709 1835 Tertulliun.,
2756 1785 2877 1841 cztp.
2936 1770 3024 1835 12,
3060 1781 3163 1827 art.
3202 1773 3258 1836 3,
3289 1771 3343 1846 4)
3376 1777 3715 1831 ostendemus

2130 1875 2286 1930 quam
2320 1861 2477 1935 longe
2502 1861 2681 1919 fusius
2707 1862 2849 1918 idem
2881 1862 3248 1921 Tertttllianus
3287 1865 3435 1922 hanc
3458 1867 3708 1923 Chrisna-

2128 1967 2318 2007 norum
2355 1952 2801 2025 etltuicorumque
2843 1958 3300 2026 comparatiOuem
3340 1973 3712 2029 prosequatur.

2128 2046 2349 2103 Interim
2401 2048 2581 2119 legere
2638 2051 2838 2120 poteris
2881 2067 3003 2121 qua:
3035 2052 3087 2106 in
3136 2050 3329 2107 borum
3367 2057 3718 2111 conﬁrmatio-

2129 2157 2250 2195 nem
2293 2142 2362 2197 ab
2387 2142 2480 2196 illo
2524 2157 2590 2197 ac
2634 2142 2911 2199 Lactantio
2951 2154 3007 2201 et
3051 2134 3293 2201 Eusebio
3315 2147 3538 2216 scriptis
3575 2164 3713 2203 tuan-

2128 2234 2250 2289 data
2290 2234 2693 2306 suut_('l‘ertull.
2724 2239 2792 2290 ad
2818 2235 3065 2304 Scapul.,
3095 2252 3218 2307 cap.
3251 2238 3318 2295 εξ
3350 2237 3603 2297 Lactant.
3632 2239 3714 2296 lib.

2124 2342 2158 2382 ν
2189 2325 2387 2393 Ιηειὶιη
2420 2344 2537 2397 cap.
2568 2328 2623 2395 9,
2657 2344 2776 2401 pag.
2804 2330 2946 2397 385;
2973 2329 3175 2389 Euseb.
3204 2331 3301 2387 lib.
3329 2347 3361 2386 v
3394 2330 3542 2389 Hist.
3571 2334 3715 2402 each,

2126 2435 2247 2492 cap.
2276 2422 2333 2488 2,
2375 2438 2497 2493 pug.
2531 2422 2681 2493 160).

2201 2513 2381 2583 Pergit
2434 2514 2697 2579 Minucius
2724 2525 2929 2584 noster,
2983 2517 3258 2590 aliamque
3294 2518 3715 2577 Christianorum

2129 2619 2250 2660 cum
2278 2606 2512 2661 ethnicis
2544 2609 2881 2679 philosophis
2905 2615 3369 2681 comltarationetn
3406 2615 3551 2671 hunc
3581 2616 3717 2672 insti-

2127 2700 2230 2753 tuit
2261 2700 2313 2754 iu
2343 2701 2578 2755 modum.
2617 2719 2635 2753 t
2673 2702 3127 2774 Pltil0$0phorum
3157 2707 3449 2775 supercilia
3488 2720 3718 2764 contem-

2133 2792 2343 2858 nimus,
2399 2808 2536 2864 quos
2585 2804 2931 2867 corruptores
2976 2808 3031 2852 et
3077 2797 3356 2856 adulteros
3407 2803 3649 2856 novimus
3671 2810 3718 2857 et

2133 2896 2424 2958 tyrannos,
2465 2899 2519 2943 et
2563 2902 2779 2960 Semper
2826 2892 3088 2948 adversus
3132 2908 3228 2948 sua
3279 2896 3411 2951 vitia
3457 2896 3712 2952 facundos.

430 2991 532 3045 Sed
555 2989 623 3044 de
648 2986 1077 3043 Christianorum
1105 2986 1350 3040 eastitate
1372 2994 1427 3039 et
1474 2982 1657 3038 infami
1685 2981 2025 3038 ethnicorum
2052 3025 2096 3088 Ο
2128 2978 2239 3034 Nos
2267 2998 2370 3035 nou
2422 2982 2604 3038 habitu
2632 2984 2951 3054 sapientiam
2973 3027 2989 3052 ,
3019 2986 3114 3041 sed
3145 2996 3329 3042 mente
3357 2990 3713 3059 praeferimus;

433 3079 761 3153 impudicitia
790 3094 889 3133 nus
910 3079 1020 3149 jam
1047 3093 1208 3151 supra
1242 3076 1483 3148 qutedant
1517 3077 1797 3131 retulimus
1825 3075 2019 3149 (Supr.

432 3192 551 3249 Cap.
585 3176 673 3242 10,
702 3184 806 3229 art.
838 3174 892 3230 1.
927 3182 981 3228 et
1008 3171 1063 3239 2,
1092 3182 1147 3227 et
1172 3186 1292 3244 cap.
1325 3170 1412 3239 16,
1437 3182 1542 3228 art.
1568 3169 1651 3243 2),
1674 3180 1726 3227 et
1748 3172 1925 3227 adhuc
1947 3174 2027 3225 in-

434 3270 512 3325 fra
544 3270 805 3341 dicemus.

508 3360 712 3418 Deinde
742 3375 868 3414 vero
897 3358 1161 3419 Minucius
1191 3376 1206 3414 :
1243 3376 1263 3409 ι
1287 3357 1397 3414 Vos
1425 3357 1629 3423 scelera
1658 3356 1893 3414 admissa
1923 3374 2025 3430 pu-

436 3456 558 3510 tatis
588 3453 728 3525 apud
760 3467 857 3508 nos
891 3463 945 3509 et
986 3438 1477 3522 cogitare'peccare
1502 3461 1580 3508 est
1608 3469 1621 3506 :
1656 3467 1753 3506 vos
1778 3452 2030 3507 conscios

438 3548 658 3620 timetis,
692 3562 792 3602 nos
817 3547 977 3601 etiam
1000 3546 1388 3601 conscientiam
1412 3546 1604 3612 solam,
1630 3545 1748 3601 siue
1774 3561 1877 3615 qua
1908 3559 2031 3600 esse

437 3659 539 3697 non
566 3654 867 3712 possumus.
901 3658 921 3692 ι
950 3638 1312 3693 Tertullianus
1328 3652 1495 3693 vero:
1529 3656 1549 3689 ι
1572 3638 1907 3693 Democritus
1934 3653 2029 3693 ex-

434 3733 684 3789 careando
715 3730 1087 3798 semetipsum,
1119 3728 1260 3800 quod
1293 3729 1547 3785 mulieres
1574 3729 1691 3785 siue
1735 3712 2027 3798 concupis-

434 3829 605 3882 centia
636 3808 876 3897 aspicere
915 3838 1021 3878 non
1063 3830 1247 3893 posset
1291 3832 1347 3877 et
1389 3822 1598 3878 doleret
1650 3822 1695 3879 si
1743 3838 1847 3877 nou
1880 3830 2030 3877 esset

436 3924 651 3989 potitus,
700 3898 1144 3974 incontinentiam
1176 3915 1554 3972 emendatione
1599 3914 1901 3986 profitetur.
1953 3916 2024 3969 At

433 4012 770 4067 Christianus
811 4010 974 4065 salvis
1012 4010 1185 4065 oculis
1236 4008 1462 4064 feminas
1507 4025 1611 4063 non
1642 4009 1809 4075 videt,
1842 4007 2025 4063 animo

434 4109 689 4162 adversus
729 4106 1000 4160 libidinem
1036 4120 1212 4160 caecus
1238 4112 1323 4160 est
1352 4122 1372 4156 ι
1401 4103 1741 4177 (Tertullian.
1773 4105 1875 4160 loc.
1907 4103 2027 4168 cit.,

435 4218 554 4273 pag.
590 4200 703 4274 40).
739 4199 842 4255 Sed
874 4198 1186 4270 probatione
1227 4192 1279 4252 id
1323 4214 1431 4253 non
1462 4198 1683 4268 indiget.
1715 4197 1845 4267 Quis
1882 4198 2027 4252 enim

434 4296 604 4350 nescit
650 4304 901 4349 statutam
933 4309 964 4347 a
993 4288 1211 4348 Christo
1259 4291 1431 4363 legem
1461 4311 1474 4346 :
1507 4291 1687 4346 Omnis
1711 4295 1798 4358 qui
1842 4292 2025 4346 viderit

2130 3089 2236 3129 non
2278 3074 2583 3145 eloquimur
2621 3093 2847 3147 magna,
2895 3077 2990 3134 sed
3023 3080 3271 3135 vivimus.
3295 3079 3605 3136 Gloriamur
3632 3094 3716 3135 nos

2129 3175 2449 3222 consecutos
2471 3166 2612 3235 quod
2632 3168 2701 3221 illi
2724 3184 2932 3223 snnnna
2963 3169 3264 3227 intentione
3287 3173 3716 3241 quaesieruntnec

2129 3256 2370 3314 invenire
2407 3268 2721 3329 potuerunt.
2750 3278 2770 3312 ι
2803 3260 3103 3332 Cyprianus
3130 3277 3258 3317 vero
3278 3278 3348 3318 ex
3378 3263 3716 3320 bocauctoris

2130 3354 2299 3410 austri
2350 3355 2469 3410 loco
2490 3355 2627 3411 hanc
2662 3354 2831 3425 ipsam
2862 3357 3320 3425 comparationem
3353 3361 3542 3429 procul
3568 3357 3717 3413 dubio

2131 3456 2399 3501 mutuatus
2416 3455 2518 3510 est,
2538 3460 2602 3502 ac
2620 3448 2767 3517 plura
2779 3449 2939 3503 etiam
2955 3450 3096 3504 illius
3111 3450 3271 3506 verba
3289 3466 3413 3521 quae
3426 3468 3457 3504 a
3476 3448 3714 3506 ttobissu-

2133 3542 2310 3611 perius
2343 3540 2607 3610 descripto
2629 3555 2751 3597 sunt
2782 3542 2803 3615 (
2827 3543 2984 3617 Supr.
3024 3561 3140 3612 cap.
3160 3545 3217 3610 2,
3241 3545 3458 3603 art.39.
3496 3564 3613 3617 pag.
3643 3542 3712 3615 4).

2204 3634 2311 3689 Sed
2346 3635 2447 3690 hoc
2490 3644 2646 3691 antea
2676 3636 2834 3705 longe
2863 3636 3136 3706 cupiosius
3160 3654 3190 3690 ιι
3220 3637 3560 3694 Tertulliano
3588 3648 3713 3691 trac-

2131 3736 2297 3784 tatum
2326 3728 2498 3784 fuerat
2523 3746 2538 3783 :
2570 3749 2588 3780 ι
2617 3727 2962 3800 Philosophi,
2988 3731 3095 3797 ait,
3136 3729 3393 3787 aﬂ‘ectaut
3414 3732 3709 3805 veritatem,

2128 3833 2183 3880 et
2224 3822 2520 3887 allectando
2546 3833 2930 3905 corrumpunt,
2982 3834 3040 3880 ut
3085 3828 3177 3896 qui
3215 3827 3446 3897 gloriam
3492 3832 3711 3905 captant.

2131 3919 2420 3977 Christiani
2450 3929 2503 3975 et
2530 3900 2843 3974 necessario
2864 3931 3126 3990 appetunt
3142 3930 3197 3977 et
3210 3922 3420 3993 integre
3450 3900 3708 3993 prostant,

2135 4023 2193 4068 ut
2238 4014 2328 4082 qui
2377 4012 2536 4067 saluti
2579 4026 2691 4066 sute
2730 4022 2940 4067 curant.
2970 4012 3123 4069 Adeo
3168 4029 3346 4085 neque
3388 4014 3462 4071 de
3506 4012 3710 4070 scientia

2133 4121 2311 4177 neque
2331 4106 2397 4161 de
2423 4105 2727 4174 disciplina,
2758 4114 2813 4160 ut
2848 4107 3069 4174 putatis,
3111 4123 3389 4178 tequamur
3418 4127 3439 4160 ι
3475 4106 3497 4181 (
3521 4104 3713 4161 Tertull.

2132 4200 2350 4275 Apolog.
2396 4216 2510 4268 cap.
2552 4199 2645 4263 46,
2694 4216 2817 4271 pag.
2844 4200 2959 4269 40).
3015 4200 3171 4254 Plura
3216 4199 3357 4256 hanc
3396 4201 3450 4255 in
3503 4216 3612 4256 rem
3652 4196 3713 4252 ibi

2131 4297 2399 4367 diSpUl‘dl,
2449 4313 2569 4369 qua:
2609 4313 2639 4350 a
2687 4296 2841 4351 nobis
2893 4313 2990 4351 suo
3034 4296 3155 4352 loco
3201 4298 3557 4352 examinanda
3604 4301 3713 4351 sunt

432 4390 693 4443 mulierem
724 4386 794 4440 ad
833 4384 1288 4454 concupiscendam
1328 4400 1463 4450 eam,
1486 4384 1600 4454 jam
1649 4384 1929 4439 moechatus
1956 4392 2029 4439 est
2054 4378 2107 4440 1.)
2132 4395 2153 4466 (
2175 4393 2392 4450 Dium,
2416 4394 2468 4448 in
2489 4391 2801 4449 Tertullian.
2825 4408 2943 4463 cap.
2970 4391 3056 4447 12.
3082 4401 3186 4446 art.
3208 4393 3243 4450 5
3263 4401 3320 4449 et
3337 4393 3400 4459 4;
3427 4404 3477 4448 et
3506 4408 3617 4463 cap.
3639 4388 3710 4455 15,

431 4502 541 4538 cam
570 4484 623 4536 in
665 4481 819 4535 corde
859 4496 951 4534 suo
1003 4477 1220 4551 (Matth.
1251 4494 1303 4540 v,
1332 4476 1469 4543 ‘28)?
1508 4479 1685 4547 Atque
1728 4478 1851 4532 inde
1895 4476 2028 4533 Ter-

433 4577 687 4630 tulliauns
740 4571 1011 4628 concludit
1072 4571 1307 4626 divinam
1379 4569 1552 4642 legem
1617 4570 1845 4624 humana
1904 4585 2026 4626 esse

433 4668 846 4740 prrfectiorem:
894 4663 1075 4733 «Quid
1130 4664 1439 4735 perfectius,
1492 4664 1680 4733 inquit,
1736 4662 2026 4734 prohibere

431 4764 776 4827 adulterium,
809 4778 875 4814 an
921 4761 1080 4815 etiam
1126 4759 1194 4813 ab
1223 4757 1503 4813 oculorum
1555 4758 1793 4813 solitaria
1823 4774 2023 4813 CttllCll-

432 4857 689 4927 pisccutia
714 4869 899 4909 arcere
922 4853 945 4907 ?
967 4871 985 4905 ι
1008 4851 1256 4915 (Tertull.
1277 4851 1500 4922 Apolog.
1523 4866 1621 4920 eap
1639 4852 1728 4918 Η,
1757 4867 1875 4922 pag.
1902 4852 2027 4925 59.)

431 4949 535 5005 Sed
583 4949 650 5003 de
686 4947 768 5001 his
795 4946 945 5017 plura
983 4945 1036 4999 in
1064 4944 1512 5013 subsequentibus
1557 4943 2025 5000 dissertationibus

430 5043 683 5113 (Dissert.
718 5041 772 5094 in
808 5037 1141 5104 Tertuutan.,
1174 5050 1296 5107 cap.
1332 5035 1420 5101 12,
1451 5046 1554 5090 art.
1585 5035 1666 5107 4).

504 5136 741 5205 Denique
766 5133 834 5188 de
865 5133 970 5189 reis
1002 5134 1052 5186 in
1082 5145 1355 5187 carcerem
1403 5129 1637 5186 detrusis
1675 5130 1793 5186 htcc
1838 5138 2026 5185 auctor

430 5237 613 5283 noster
642 5225 919 5295 subjunxit
945 5242 957 5278 :
998 5244 1016 5277 ι
1046 5224 1120 5279 De
1151 5237 1334 5279 vestro
1371 5239 1596 5279 numero
1636 5238 1824 5280 carcer
1848 5238 2024 5278 9.me-

429 5332 572 5387 tttat;
616 5320 955 5375 Christianus
984 5320 1055 5375 ibi
1086 5319 1286 5387 nullus,
1342 5318 1444 5374 nisi
1474 5329 1566 5372 attt
1596 5333 1721 5374 reus
1749 5317 2026 5389 religionis

426 5434 536 5473 sue
583 5425 675 5471 aut
702 5416 975 5486 profugus.
1004 5434 1024 5468 ι
1077 5414 1206 5482 Quae
1246 5413 1463 5485 quidem
1507 5414 1830 5469 Tertulliani
1867 5412 2027 5470 dictis

426 5510 560 5564 adeo
586 5518 908 5580 congruunt,
942 5518 1001 5563 ut
1025 5508 1093 5563 ab
1125 5508 1216 5563 illo
1254 5518 1505 5580 excerpta
1557 5507 1917 5577 translataque
1944 5508 2025 5562 vi-

425 5601 672 5658 dcantur.
710 5603 786 5657 ita
816 5601 958 5656 enim
989 5601 1078 5655 ille
1106 5618 1121 5654 :
1158 5618 1175 5651 ι
1204 5600 1306 5656 Τοι
1334 5616 1364 5655 a
1395 5599 1547 5656 vobis
1576 5609 1833 5655 nocentes
1862 5599 2025 5655 variis

425 5694 710 5758 criminum
765 5694 956 5772 elogiis
1007 5701 1399 5750 recensentur:
1438 5694 1558 5766 quis
1610 5692 1721 5749 illic
1765 5693 2022 5766 sicarius,

2130 4498 2233 4545 art.
2260 4488 2296 4543 2
2322 4499 2376 4543 et
2405 4490 2459 4545 3.
2485 4486 2504 4558 )

2205 4583 2467 4637 l’ru-lerea
2497 4580 2805 4652 philoSOplti
2832 4580 3062 4652 gentiles
3082 4621 3098 4645 ,
3127 4579 3203 4635 ait
3244 4578 3543 4646 Minucius,
3577 4589 3710 4631 vanae

2128 4675 2445 4746 eloquentiae
2476 4674 2599 4729 fuco
2640 4690 2759 4730 cum
2804 4689 2992 4744 magna
3022 4672 3435 4744 eloquebantur,
3466 4671 3707 4727 adversus

2128 4779 2337 4824 suamet
2367 4769 2490 4822 vitia
2523 4767 2734 4824 facundi
2779 4779 2951 4823 erant.
3000 4767 3155 4822 Prius
3197 4776 3376 4822 autem
3424 4767 3495 4821 ab
3536 4763 3707 4819 eodem

2128 4861 2459 4918 Τριῑιιῑιὶειιο
2501 4861 2755 4931 appellati
2795 4874 2921 4917 sunt
2966 4879 2985 4912 ο
3016 4859 3267 4916 homines
3305 4859 3492 4930 gloria:
3536 4866 3589 4914 et
3611 4856 3710 4910 elo.

2127 4960 2360 5028 quentia:
2433 4956 2701 5011 libidinosi
2758 4974 2777 5007 ι
2842 4963 2861 5025 (
2907 4953 3217 5010 Tertulliatt.
3273 4953 3417 5033 ibid:
3460 4969 3575 5022 cap.
3622 4949 3706 5012 17,

2128 5067 2250 5123 pag.
2282 5051 2344 5105 41
2377 5047 2419 5121 ),
2448 5049 2572 5120 quia
2621 5063 2684 5104 ea
2732 5049 2798 5103 ad
2828 5048 3107 5104 libidinem
3179 5047 3553 5102 abutebantur.
3583 5041 3710 5101 Nihil

2128 5162 2257 5216 ergo
2283 5144 2426 5199 aliud
2470 5143 2569 5198 nisi
2617 5142 2904 5198 verborum
2956 5142 3139 5198 fucum
3186 5144 3509 5201 vendebant.
3544 5139 3707 5209 Neque

2128 5239 2259 5295 illud
2311 5240 2440 5310 ipsis
2464 5237 2754 5309 gentilibus
2786 5239 3177 5309 incompertum
3215 5240 3357 5310 quod
3408 5234 3703 5306 Anaxippus

2129 5334 2270 5406 apud
2321 5334 2638 5391 Athcnteum
2692 5334 2842 5388 hisce
2898 5334 3144 5389 versibus
3170 5333 3464 5390 cantabat:

2379 5437 2425 5502 Qi
2448 5452 2525 5489 μοι,
2548 5437 2770 5490 φελοσοφιῖς,
2786 5437 2884 5476 ἀλλὰ
2900 5438 2985 5479 τοὺς
3004 5439 3221 5490 φλασόμυς

2383 5500 2428 5541 Εν
2452 5507 2528 5547 τοῖς
2549 5502 2669 5552 λόγοις
2692 5506 2908 5552 ᾳρονοῦντας
2930 5500 3079 5552 ιῦρὶσιω
3101 5504 3227 5551 μόνον,

2383 5561 2428 5603 liv
2454 5570 2553 5603 τοῖσι
2574 5561 2617 5603 δὶ
2640 5563 2756 5615 ῑςοτηις
2779 5563 2891 5610 ὄντας
2913 5565 3091 5613 ἀνοήτως
3114 5564 3198 5616 ὀρῷ.

2284 5635 2396 5700 Heu
2421 5649 2500 5685 me
2521 5637 2533 5684 !
2557 5646 2607 5685 tu
2635 5635 3019 5700 philosopharis:
3042 5641 3097 5700 et
3118 5648 3214 5695 ego
3232 5633 3541 5699 philosophos

2288 5699 2465 5750 Verbis
2489 5699 2675 5750 tantum
2700 5712 2878 5765 sapere
2901 5699 3256 5762 animadverto,

3911 2620 3913 2729 Ι

3912 2754 3913 2825 i

3911 2844 3913 2931 l

3912 2970 3913 3031 ι
