4034 6320
338 254 450 317 549

505 371 751 425 Gerendis
764 375 928 424 autem
949 373 1105 424 rebus
1126 373 1389 425 dementes
1415 386 1527 427 esse
1554 376 1820 441 perspicio.

535 457 765 520 (Atheu.,
794 458 830 508 1.
855 473 939 508 χιιι
966 458 1304 524 Deipuosoph.,
1332 474 1441 524 cap.
1467 462 1517 527 9,
1542 478 1593 527 p.
1619 462 1711 545 (illi
1726 468 1770 512 et
1788 459 1944 529 seqq.)

342 565 517 623 Visne
540 566 753 622 celebre
796 566 955 637 hujus
999 568 1344 639 exemplum?
1389 569 1540 632 Dabit
1594 570 1685 625 tibi
1720 570 1946 623 littlintts

342 660 613 731 insignem
663 662 1070 732 philomphum,
1124 663 1247 733 qui,
1294 665 1538 733 quamvis
1588 665 1799 720 caneris
1826 679 1946 719 om~

343 752 508 807 nibus
537 752 841 824 eloquentia
868 767 919 809 et
948 754 1190 809 doctrina
1228 756 1550 823 excelleret,
1580 758 1649 811 ah
1672 772 1779 812 uno
1804 757 1945 811 nihi-

341 844 582 900 lominus
630 846 841 903 concilii
905 847 1106 903 Nicmni
1145 852 1433 919 episeopo,
1482 850 1595 904 sola
1621 865 1684 905 ac
1712 849 1945 916 simplici

341 939 657 994 christiana)
678 939 941 995 doctrinm
968 942 1308 1011 expositione
1335 952 1728 1008 consternatus,
1747 944 1943 997 victum

342 1049 408 1090 se
438 1035 609 1104 palam
650 1034 932 1092 confessus
966 1049 1046 1092 eSt
1069 1036 1282 1109 (Ruﬁn.
1313 1037 1403 1093 lib.
1429 1053 1484 1092 ιι.
1517 1036 1713 1092 Ilistor.
1745 1036 1945 1092 Eccles.

341 1145 466 1199 cap.
502 1126 624 1199 15).

416 1219 657 1274 Tametsi
676 1230 855 1276 autem
882 1222 1144 1279 Minucius
1170 1222 1368 1280 dixerit
1397 1239 1499 1280 nec
1527 1225 1804 1296 qumsitam
1845 1239 1946 1280 nec

341 1313 618 1370 inventam
662 1316 730 1369 ab
775 1315 1004 1372 ethnicis
1051 1318 1386 1389 philosophis
1421 1320 1735 1383 veritatem,
1789 1310 1948 1389 paulo

342 1416 527 1462 tamen
574 1417 729 1461 antea
782 1408 1041 1477 scriptum
1090 1410 1157 1464 ab
1182 1424 1248 1466 eo
1279 1410 1507 1480 legimus
1539 1427 1558 1464 :
1593 1430 1612 1463 ι
1648 1410 1727 1465 Illi
1755 1408 1824 1465 de
1867 1409 1950 1467 di-

340 1501 490 1556 vinis
535 1502 1010 1572 praedicationibus
1059 1505 1448 1575 Prophetarum
1490 1506 1734 1561 umbram
1786 1507 1951 1561 inter-

339 1597 545 1668 polata:
574 1595 817 1652 veritatis
843 1597 1035 1653 imitati
1082 1608 1227 1654 sunt.
1263 1619 1282 1651 ι
1317 1600 1419 1656 Sed
1463 1599 1547 1654 his
1591 1600 1767 1655 verbis
1814 1598 1947 1655 nihil

341 1690 489 1745 aliud
538 1692 804 1763 signiticat
844 1693 947 1747 nisi
997 1693 1345 1766 philosophos
1383 1712 1447 1750 ex
1498 1696 1666 1751 sacris
1703 1695 1947 1764 Prophe-

1784 237 2258 329 DISSERTATIO.

3544 263 3656 321 550

1970 373 2076 445 At
2114 388 2294 442 reges,
2339 371 2591 439 iliaberc
2638 382 2974 431 meruerunt.
3024 375 3167 431 Dixit
3220 382 3397 433 autem
3444 380 3652 449 faciles,

2047 463 2292 519 Ovidium
2325 476 2568 531 secutus,
2606 468 2692 537 qui
2723 469 2956 524 Ct‘t'ittil:

2265 577 2499 642 Optastis.
2522 577 2790 643 facilesque
2808 580 2932 631 deos
2948 581 3218 645 habuistis;

2300 659 2489 724 (0vid..
2511 662 2546 712 l.
2571 678 2618 723 v,
2645 664 2991 733 Melinum-plu,
3020 665 3049 733 §
3073 668 3411 733 aulcpett‘ult.)

2051 744 2105 801 id
2155 753 2235 801 est
2290 761 2624 815 propensos,
2687 728 2979 819 benevolos
3020 728 3082 806 ‘ct
3120 754 3241 822 qui,
3270 763 3451 824 optata
3500 754 3658 812 facile

2050 836 2441 894 εοιιοειιιθιιηηι.
2476 840 2611 901 inde
2655 856 2787 896 vero
2818 842 3031 897 illorum
3061 830 3235 900 cultus
3282 846 3331 899 in
3374 848 3659 917 universas

2053 940 2210 986 terra:
2253 941 2434 1013 partes
2474 936 2731 991 manavit.
2765 934 2895 990 Nam
2946 937 3205 993 Eleusinii
3248 941 3533 998 coluerunt
3558 944 3661 1000 (Iev

2050 1040 2264 1091 rerem,
2322 1026 2561 1100 Phryges
2612 1028 2869 1097 Matrem,
2914 1030 3119 1098 idest,
3180 1031 3470 1107 Cybeleia,
3527 1035 3659 1107 Epi-

2052 1120 2224 1179 daurii
2258 1120 2627 1193 AEseulapium
2647 1166 2662 1189 ,
2690 1123 2878 1178 Belum
2908 1124 3149 1189 Chalda'i
3168 1169 3183 1195 ,
3213 1129 3332 1200 Syri
3361 1131 3655 1197 Astartem,

2050 1217 2275 1273 Dianam
2296 1216 2458 1279 Tauri
2478 1260 2491 1282 ,
2510 1218 2644 1274 Galli
2669 1218 3012 1287 Mercurium,
3032 1235 3223 1289 omnes
3245 1222 3376 1277 deos
3396 1223 3653 1295 Romani.

2048 1311 2113 1365 Et
2137 1311 2191 1365 hi
2212 1311 2450 1381 quidem.
2476 1312 2600 1383 quia
2623 1314 2793 1368 sacris
2815 1316 3056 1371 omnium
3079 1302 3318 1386 gentium
3342 1318 3534 1395 ritibus
3565 1334 3658 1374 ca-
3702 1316 3713 1329 ’

2050 1405 2257 1475 stisque
2308 1405 2602 1476 virginibus
2649 1417 2704 1462 et
2728 1410 3070 1471 sacerdotum
3118 1410 3418 1481 honoribus
3470 1414 3658 1468 urbem

2049 1510 2201 1559 suam
2236 1498 2537 1564 ntuuiverc,
2572 1500 2742 1563 totius
2788 1501 2968 1556 mundi
2994 1502 3169 1574 adepti
3198 1513 3322 1573 sunt
3351 1505 3656 1575 imperium.

2050 1590 2130 1645 Ex
2156 1591 2352 1662 quibus
2371 1594 2620 1649 Caecilius
2636 1595 2931 1661 concludit,
2952 1610 3075 1659 cum
3099 1598 3275 1652 omnia
3306 1598 3508 1665 incerta
3530 1598 3657 1663 sint,

2058 1687 2229 1763 satius
2246 1701 2366 1742 esse
2393 1687 2616 1743 traditas
2639 1704 2667 1743 a
2693 1689 2988 1761 majoribus
3013 1690 3080 1744 ab
3098 1690 3284 1749 mundi
3324 1691 3661 1757 incunabulis

348 1799 527 1839 tarum
561 1795 865 1839 nostrorum
896 1785 1397 1856 pra‘diczitionibus,
1448 1789 1561 1842 sive
1607 1788 1806 1858 scripto
1834 1787 1948 1843 sive

2065 1786 2107 1831 et
2131 1758 2364 1833 adsuam
2398 1792 2565 1849 usque
2586 1790 2798 1849 aetatem
2834 1792 3279 1850 perseverantes,
3323 1782 3421 1853 has
3448 1784 3661 1855 religio-

342 1879 515 1934 verbo
566 1878 805 1937 traditis.
855 1879 1098 1934 umbram
1148 1890 1486 1935 consectatus
1524 1895 1645 1936 esse
1677 1882 1947 1945 veritatis,

345 1979 537 2041 utpote
587 1972 676 2039 qui
732 1970 869 2027 hanc
905 1971 975 2026 ibi
1009 1983 1274 2043 repertam
1328 1974 1488 2029 variis
1537 1974 1811 2030 erroribus
1839 1975 1949 2030 suis

344 2064 707 2133 corruperint.
735 2065 887 2133 Quod
936 2066 1150 2134 quidem
1197 2084 1228 2121 a
1281 2068 1435 2123 nobis
1479 2067 1620 2123 haud
1669 2069 1838 2123 semel
1895 2069 1946 2123 in

344 2157 468 2211 aliis
491 2155 961 2212 dissertationibus
992 2158 1190 2213 nostris
1228 2160 1359 2214 satis
1386 2169 1603 2229 aperte,
1656 2160 1757 2214 nisi
1808 2160 1949 2214 falli-

347 2264 504 2312 mur.
560 2248 984 2305 demonstratum
1034 2251 1052 2325 (
1096 2250 1290 2306 Tom.t
1333 2254 1610 2323 Apparat.,
1664 2271 1784 2326 pag.
1822 2254 1950 2322 327,

346 2339 478 2406 423,
508 2340 664 2406 1101,
692 2341 1049 2413 “12),atque
1071 2343 1124 2397 in
1153 2343 1503 2414 sequentibus
1531 2342 1707 2399 adhuc
1730 2343 1955 2400 demou-

350 2436 629 2490 strabitur.

426 2529 706 2586 Summum
761 2545 925 2600 porro
972 2531 1235 2586 doctrinm.
1279 2547 1598 2602 morumque
1636 2532 1774 2587 inter
1799 2530 1955 2586 Chri—

350 2624 559 2680 stianos
584 2634 639 2679 et
660 2625 890 2695 gentiles
919 2625 1209 2681 discrimen
1234 2641 1337 2681 non
1368 2627 1643 2696 impedivit
1668 2627 1955 2698 quominus

353 2717 409 2772 in
468 2717 658 2773 eadim
713 2719 998 2789 aliquando
1065 2719 1370 2774 habizarent
1458 2720 1653 2786 domo,
1724 2734 1950 2791 seseque

352 2822 545 2868 mutuo
570 2810 792 2867 fratrum
829 2813 1046 2868 nomine
1087 2814 1499 2883 compellarent.
1533 2814 1774 2869 Vidimus
1806 2815 1951 2869 enim

350 2905 628 2962 Caecilium
672 2907 945 2963 ethnicum
991 2908 1176 2963 Romae
1219 2910 1358 2978 apud
1382 2908 1668 2965 Minucium
1714 2909 1951 2966 Felicem

353 3000 629 3058 habitasse
652 3046 667 3070 ,
712 3015 925 3073 tamque
956 3004 1101 3058 illum
1134 3004 1201 3058 ab
1230 3004 1450 3060 Octavio
1483 3022 1638 3077 quam
1670 3005 1948 3061 Octavium

312 3085 318 3090 ’
354 3094 426 3149 al)
463 3095 552 3149 illo
590 3093 808 3151 fratrem
835 3102 1013 3152 vocari
1059 3095 1229 3168 (Sup.
1268 3113 1385 3167 cap.
1421 3098 1476 3153 5.
1506 3110 1604 3152 art.
1635 3098 1688 3161 2,
1724 3116 1845 3170 pag.
1881 3099 1942 3154 Η

358 3196 408 3241 et
439 3188 529 3242 19..

429 3280 616 3353 Neque
630 3282 830 3339 dixeris
844 3283 1119 3340 lla-cilium
1136 3293 1188 3341 et
1215 3286 1497 3342 Octavium
1524 3303 1631 3342 non
1654 3303 1833 3358 veros,
1860 3288 1953 3345 sed

358 3388 679 3447 personatos
714 3375 881 3433 fuisse
928 3377 1204 3445 homines;
1253 3380 1464 3435 tametsi
1510 3380 1707 3452 quippe
1750 3397 1836 3436 res
1880 3382 1954 3437 ita

356 3484 419 3525 se
458 3469 712 3535 haberet,
759 3480 965 3525 certum
1020 3471 1370 3527 nihilominus
1414 3487 1533 3530 esse
1574 3475 1736 3530 debet
1780 3476 1893 3531 lucc
1924 3490 1953 3530 a

356 3561 593 3617 Minucio
647 3563 789 3619 dicta
821 3579 925 3619 non
956 3564 1125 3621 fuisse
1147 3607 1160 3633 ,
1192 3566 1292 3635 nisi
1320 3568 1442 3638 quia
1475 3568 1699 3638 hujusce
1721 3570 1958 3641 appella-

361 3655 525 3711 tionis
586 3666 748 3726 ntque
796 3657 1142 3713 habitationis
1190 3674 1309 3715 mos
1354 3668 1410 3715 et
1456 3662 1791 3719 consuetudo
1857 3677 1958 3719 suo

365 3757 611 3820 tempore
641 3748 958 3805 invaluerat.

957 3863 1186 3924 CAPUT
1224 3867 1367 3925 XIV.

361 4014 739 4077 EXCUTIUNTUR
766 4018 972 4060 C£Cll.ll
1009 4021 1331 4063 ΛῐιϐυΙΙΕΝΤΑ
1362 4024 1547 4074 QUIBUS
1578 4026 1816 4068 PROBARE
1862 4028 1958 4069 (ΖΟ-

360 4158 363 4161 _
394 4110 398 4114 Δ
437 4113 757 4171 Νλτυκιοεοε
769 4114 896 4156 SUOS
913 4117 1121 4175 llEVEllA
1136 4118 1429 4172 EXISTERE,
1452 4120 1518 4160 AC
1538 4120 1761 4162 PROINDE
1781 4123 1958 4163 VERAI!

439 4209 563 4250 ESSE
592 4211 882 4254 GENTILIUH
915 4214 1263 4261 RELIGIONEM.

888 4353 1186 4394 ARTICULUS
1225 4355 1439 4396 ιιιιιιιυε.

363 4471 676 4544 Explicatur
718 4473 940 4545 primum
972 4474 1165 4531 Ctecilii
1210 4487 1561 4547 argumentum
1602 4497 1700 4552 quo
1747 4481 1963 4552 probare

438 4568 620 4621 nititur
645 4585 787 4623 veros
825 4586 935 4624 esse
960 4571 1079 4626 deos
1108 4588 1226 4626 suos
1256 4590 1317 4627 ea:
1341 4575 1590 4644 majorum
1613 4576 1889 4630 traditione
1917 4586 1963 4631 et

439 4662 792 4730 antiquissimo
830 4665 966 4718 cultu
1008 4664 1252 4734 deorum,
1284 4668 1523 4723 nimirum
1572 4668 1765 4726 Cereris
1814 4672 1966 4729 litau-

440 4759 586 4812 sim’a-
605 4800 619 4822 ,
655 4757 899 4831 Plirygiw
925 4762 1102 4815 matris
1127 4779 1213 4817 seu
1240 4762 1448 4833 Cybeles
1466 4808 1480 4825 .
1514 4764 1809 4834 Ai'srulapii
1840 4767 1966 4837 Epi-

440 4853 641 4916 daurii,
697 4851 811 4921 Beli
863 4854 1163 4922 (.‘Iialdaici,
1208 4856 1437 4912 Astartes
1477 4857 1679 4930 Syriw,
1735 4859 1966 4919 Taurica:

439 4945 627 5001 Diana:
651 4956 696 5002 et
729 4947 973 5002 Mercurii
1005 4947 1209 5005 Gallici.

441 5059 557 5115 Huc
579 5076 750 5132 usque
768 5059 1039 5117 Ca-cilinm
1069 5070 1252 5118 eontra
1276 5064 1589 5136 religionem
1617 5066 1965 5124 christianam

370 5156 525 5211 irrito
553 5172 767 5226 semper
800 5168 994 5211 cauatu
1021 5158 1414 5226 dismitantetn.
1446 5176 1508 5216 ac
1535 5161 1602 5217 dc
1644 5163 1737 5216 illo
1778 5164 1967 5218 trium-

370 5250 624 5321 phantem
663 5249 941 5305 Octavium
986 5251 1308 5306 audivimus.
1358 5252 1511 5308 Nunc
1550 5254 1837 5312 videndum
1887 5263 1973 5312 est

374 5352 553 5398 utrum
598 5342 688 5398 ille
718 5359 815 5413 pro
844 5345 1039 5398 tuenda
1085 5345 1268 5415 gentili
1298 5346 1559 5417 religione
1606 5363 1698 5401 sua
1745 5347 1972 5405 fi-Iiciori

372 5451 623 5492 successu
657 5438 994 5507 pugnaverit.
1020 5439 1259 5493 Primum
1292 5450 1469 5495 autem
1495 5481 1510 5506 ,
1561 5450 1615 5496 et
1645 5440 1790 5511 quod
1835 5444 1970 5499 vali-

373 5528 655 5586 dissimum
688 5539 869 5600 putat,
902 5530 972 5584 ab
1002 5530 1148 5587 illitts
1172 5533 1490 5603 antiquitate
1517 5536 1652 5606 petit
1681 5551 1972 5607 argumen-

372 5633 507 5679 tutn.
562 5623 644 5680 Ah
674 5623 791 5695 ipso
839 5626 981 5680 enim
1029 5624 1216 5681 tuundi
1258 5627 1520 5694 exordio,
1566 5627 1651 5682 vel
1695 5627 1832 5684 sicut
1861 5630 1974 5700 ipse

374 5716 623 5772 Cmcilius
661 5717 762 5783 ait,
800 5737 818 5769 ι
861 5719 981 5775 rudi
1011 5720 1189 5777 adhuc
1218 5721 1418 5777 sseculo
1440 5730 1493 5776 et
1522 5721 1574 5776 in
1598 5721 1767 5792 ipsius
1789 5723 1975 5779 tuundi

376 5811 672 5878 natalibus,
715 5831 733 5864 ι
771 5813 1007 5885 majores
1056 5814 1223 5873 nostri
1262 5815 1392 5871 deos
1425 5823 1517 5871 aut
1552 5834 1571 5868 ς
1610 5813 1793 5872 faciles
1830 5836 1848 5869 ι
1884 5825 1976 5872 aut

2054 1884 2173 1934 nes,
2199 1871 2335 1924 ritus
2358 1885 2421 1924 ac
2463 1870 2689 1937 deorum
2728 1873 2930 1941 cultum
2960 1876 3145 1945 sequi.
3174 1892 3331 1947 quam
3354 1877 3662 1949 numeren-

2052 1963 2224 2032 gioni,
2260 1964 2509 2032 secretis,
2530 1966 2625 2029 sed
2649 1968 3071 2037 corruptissimis
3099 1971 3392 2041 sceleribus
3425 1970 3656 2045 laedat-.15

2052 2068 2193 2111 cmca
2223 2057 2559 2113 volubilitate
2575 2060 2894 2135 mancipari.
2924 2061 3129 2131 Eadem
3157 2072 3237 2133 est
3261 2064 3433 2135 Cotti}:
3452 2054 3663 2137 Acade-

2055 2146 2177 2201 mici
2225 2151 2364 2217 apud
2416 2150 2759 2219 Ciceronem,
2832 2152 3021 2223 eadem
3055 2155 3209 2225 .Celsi
3256 2155 3397 2227 apud
3468 2157 3659 2231 Qrigc¢

2056 2257 2214 2310 Item,
2272 2244 2583 2316 Symmachi
2651 2245 2790 2315 apud
2856 2246 3234 2315 Ambrosium,
3282 2259 3343 2321 ret
3397 2230 3658 2323 aliorum,

2057 2336 2281 2405 testibus
2309 2340 2546 2393 Arnobio
2587 2348 2642 2394 et
2686 2340 2998 2405 Lactantio,
3045 2341 3326 2416 gentilium
3376 2347 3662 2427 ‘CU'IICIOUSlO

2056 2431 2208 2504 (Cir.
2261 2434 2350 2488 lib.
2394 2449 2473 2488 ιιι.
2502 2434 2566 2497 (le
2609 2433 2797 2489 Natur.
2828 2433 2986 2505 ﬂeor.
3019 2435 3159 2500 init.,
3191 2421 3311 2508 pag:
3344 2421 3451 2509 2ᾖρ
3511 2438 3660 2512 Qrig.

2054 2525 2145 2581 lib.
2177 2542 2230 2591 v.
2263 2526 2569 2595 coutr.Cels.
2602 2545 2722 2601 pag.
2751 2529 2878 2595 254,
2910 2540 2954 2584 et
2981 2546 3118 2602 seqq.
3151 2529 3453 2602 Syutmac/t.
3486 2533 3660 2604 (ﬂe/at.

2055 2622 2217 2692 apud.
2271 2623 2445 2678 Ambr.
2488 2622 2520 2695 ἕ
2558 2625 2615 2691 5,
2671 2625 2706 2681 5
2732 2666 2748 2689 ,
2794 2638 2839 2680 et
2864 2624 2923 2699 78.
2954 2643 3076 2699 pag.
3107 2626 3235 2689 829.
3266 2629 3459 2697 Arnob.
3486 2630 3581 2697 lib.
3624 2648 3662 2688 ιι

2054 2714 2173 2769 adv.
2207 2713 2396 2769 Gentii.
2428 2733 2551 2797 pug.
2588 2716 2658 2779 5,0
2679 2727 2724 2773 et
2754 2698 3132 2788 seqiLactaut.
3160 2719 3251 2787 lib.
3291 2737 3360 2807 ιιι,
3418 2739 3539 2796 cui).
3599 2727 3654 2795 6,

2053 2823 2173 2879 ρηθι
2208 2805 2378 2879 171).

2127 2906 2260 2971 Qnia
2288 2920 2415 2959 vero
2436 2904 2683 2961 Caecilius
2712 2907 2914 2975 omnia,
2943 2923 3064 2978 qure
3088 2907 3156 2973 de
3180 2907 3285 2967 diis
3308 2912 3469 2993 suisa
3496 2913 3660 2988 nobis

2055 3002 2318 3054 recensita
2346 3000 2599 3069 protulit,
2635 3005 2837 3059 nemini
2878 3004 3152 3076 incognita
3199 3021 3321 3064 esse
3367 3010 3658 3076 credebat,

2058 3107 2118 3147 ea
2142 3093 2451 3163 singillatim
2481 3096 2708 3164 probare
2739 3111 2846 3152 non
2873 3099 3103 3163 curavit.
3134 3102 3203 3155 At
3232 3102 3278 3157 si
3305 3101 3425 3172 quis
3456 3101 3525 3157 de
3556 3102 3621 3158 iis
3642 3144 3660 3172 ,

2057 3185 2157 3240 sibi
2191 3200 2331 3240 nunc
2353 3184 2467 3243 fots
2493 3196 2578 3241 tan
2619 3189 2935 3259 incognitis,
2964 3190 3162 3262 aliquid
3188 3178 3501 3261 scire-aveat
3522 3235 3537 3263 ,
3568 3196 3665 3259 ob-

2058 3281 2393 3334 Servabimus
2443 3279 2663 3336 Eleusin
2718 3284 2913 3344 Atticm
2956 3285 3236 3355 civitatem
3291 3274 3495 3353 fuisse,
3553 3302 3661 3341 non

2058 3374 2218 3445 longe
2260 3375 2328 3429 ab
2369 3375 2599 3431 Athenis
2646 3380 2836 3443 sitam,
2890 3378 2978 3435 ubi
3026 3391 3321 3449 memorata
3377 3397 3407 3436 a
3446 3380 3665 3437 Caicilio

2057 3465 2204 3524 Ceres
2234 3469 2392 3524 tiliam
2415 3487 2566 3526 suam
2595 3472 2871 3542 quairctts‘.
2915 3474 2983 3541 ab
3008 3473 3224 3530 Eleusin
3254 3475 3322 3531 ibi
3353 3476 3654 3548 imperante

2056 3562 2296 3633 hospitio
2327 3563 2711 3635 benignissime
2751 3576 3000 3638 suscepta
3030 3575 3134 3623 est.
3173 3567 3429 3625 Eleusinii
3457 3586 3582 3625 vero
3611 3571 3665 3627 in

2063 3654 2257 3712 horum
2308 3660 2625 3715 memoriam
2669 3660 2902 3731 agebant
2955 3675 3147 3726 sacra.
3213 3678 3334 3734 qua:
3384 3662 3661 3721 Eleusinia

2066 3762 2348 3817 vocantur,
2373 3753 2441 3808 de
2472 3755 2667 3825 quibus
2701 3755 2828 3811 alibi
2881 3742 3241 3823 disseruimus
3275 3756 3465 3829 (Tom.
3494 3775 3531 3814 ι»
3560 3759 3666 3831 4p-

2065 3855 2238 3915 parat.
2284 3846 2373 3899 lib.
2408 3861 2487 3901 ιιι.
2542 3847 2743 3904 dissert.
2804 3864 2843 3916 ι,
2895 3866 3012 3920 cap.
3043 3848 3098 3921 9.
3131 3860 3231 3904 art.
3260 3851 3295 3906 2
3333 3868 3455 3924 pag.
3487 3852 3591 3925 7,89
3619 3863 3668 3909 et

2066 3934 2518 4010 eeqq.).'l’estatur
2544 3948 2724 3994 autem
2754 3939 3058 3996 llerodotus
3084 3941 3155 3997 ibi
3181 3940 3668 4017 tetnp’lutnICereris

2071 4030 2358 4085 Eleusinia:
2379 4073 2394 4099 ,
2428 4047 2457 4086 a
2492 4031 2721 4089 Philisto
2753 4031 2978 4089 Pasiclis
3014 4035 3125 4090 lilio
3154 4036 3430 4113 conditum
3472 4040 3665 4115 luisse.

2066 4124 2227 4181 Plura
2263 4128 2441 4197 legere
2488 4130 2692 4199 poteris
2729 4129 2868 4199 apud
2901 4128 3195 4186 Diodorum
3220 4131 3480 4200 Siculum,
3514 4135 3670 4209 Stra-

2065 4218 2296 4285 bonem,
2352 4219 2577 4287 Melam,
2629 4220 2989 4290 Pausaniam,
3043 4232 3205 4295 atque
3258 4240 3353 4287 ea.
3412 4228 3454 4281 si
3503 4228 3669 4289 velis.

2066 4326 2186 4383 qua:
2238 4311 2365 4368 alibi
2395 4314 2774 4368 annotavimus
2815 4311 3108 4386 (Herodot.
3139 4315 3227 4370 lib.
3257 4333 3329 4379 ιιι,
3364 4316 3392 4389 §
3418 4317 3485 4373 64
3510 4330 3552 4372 cl
3576 4319 3668 4395 96.

2067 4405 2284 4462 Diodor.
2335 4407 2502 4463 Sicul.
2555 4408 2644 4463 lib.
2690 4424 2730 4463 ι.
2761 4406 3007 4464 Bibliotb.
3056 4428 3173 4481 pag.
3233 4410 3334 4466 117
3385 4422 3433 4466 et
3479 4412 3567 4466 lib.
3615 4428 3666 4479 v,

1987 4534 2042 4596 Β
2069 4519 2188 4575 pag.
2216 4501 2342 4596 200.
2378 4502 2552 4559 Strab.
2584 4502 2675 4596 lib.
2709 4518 2785 4557 ιχ.
2817 4502 3113 4596 Geograplt.
3141 4523 3261 4577 pag.
3292 4505 3416 4581 395,
3455 4504 3580 4560 .ilel.
3609 4505 3674 4561 de

2071 4593 2175 4651 Sit.
2207 4595 2315 4649 orb.
2345 4611 2461 4666 cap.
2493 4596 2546 4651 5.
2577 4592 2808 4650 Pausan.
2834 4594 2923 4651 lib.
2947 4611 3020 4662 γι,
3051 4614 3172 4670 pag.
3204 4597 3328 4673 105.
3356 4609 3410 4677 et
3432 4597 3520 4652 lib.
3553 4613 3669 4666 vin,

2071 4708 2191 4763 pag.
2216 4689 2324 4746 249
2349 4700 2403 4746 et
2422 4689 2549 4746 256.
2579 4688 2726 4745 Tom.
2756 4691 3045 4764 tApparat.
3076 4708 3199 4762 pag.
3230 4691 3334 4747 759
3360 4702 3408 4747 et
3433 4692 3585 4772 rem).

2144 4784 2335 4840 Disces
2362 4796 2540 4838 autem
2574 4801 2602 4836 a
2625 4784 2736 4855 jam
2764 4785 2931 4839 citato
2954 4785 3219 4839 Pausania
3240 4826 3256 4851 ,
3286 4800 3382 4839 cur
3406 4803 3436 4867 ,ι
3471 4783 3672 4839 Αἰδου-

2070 4880 2277 4950 Inpius,
2317 4899 2334 4932 ι
2370 4887 2428 4934 ιιι
2472 4878 2548 4933 ait
2591 4877 2874 4946 Cmcilius,
2920 4880 2989 4934 al)
3038 4879 3341 4950 Epidauriis
3383 4880 3672 4946 coleretur,

2073 4985 2127 5030 et
2147 4974 2234 5028 ubi
2263 4975 2426 5028 silum
2453 4972 2616 5029 fuerit
2634 4975 2777 5030 illius
2797 4975 3077 5045 templum.
3097 4974 3280 5030 Livius
3299 4992 3426 5031 vero
3447 4978 3672 5034 scribit:

2080 5085 2099 5120 ι
2135 5066 2285 5123 Haud
2317 5082 2501 5137 parem
2532 5067 2727 5138 Opibus
2779 5068 2995 5141 Sicyoni
3043 5076 3098 5123 et
3133 5072 3278 5139 Argo
3308 5067 3634 5139 Epidaurum
3655 5112 3672 5139 ,

2074 5161 2169 5216 sed
2206 5161 2461 5233 inclytam
2491 5158 2796 5231 Esculapii
2830 5158 2993 5215 nobili
3027 5160 3248 5229 templo,
3272 5160 3414 5228 quod
3440 5162 3678 5234 quinque

2075 5253 2318 5311 millibus
2363 5268 2616 5325 passuum
2671 5251 2740 5307 ab
2790 5253 2925 5317 urbe
2972 5252 3213 5320 distans,
3256 5269 3399 5333 nunc
3437 5254 3678 5325 vestigiis

2077 5346 2421 5403 revulsorum
2454 5344 2754 5411 donorum,
2808 5352 2916 5399 tum
2967 5344 3127 5398 donis
3160 5343 3312 5400 dives
3360 5354 3508 5413 erat,
3556 5361 3677 5416 qlia:

2078 5440 2450 5497 remediorum
2479 5438 2797 5494 salutarium
2827 5439 2952 5510 a‘gri
2983 5439 3284 5495 mercedem
3333 5448 3681 5498 sacraverant

2082 5534 2212 5589 Deo.
2248 5552 2267 5585 a
2323 5531 2398 5588 De
2436 5532 2592 5602 hujus
2632 5540 2811 5587 autem
2862 5533 3041 5604 templi
3086 5532 3435 5604 inscriptione
3478 5533 3680 5604 aliquid

2079 5628 2207 5683 alibi
2230 5644 2259 5683 a
2286 5627 2440 5683 uobis
2457 5626 2799 5683 observatum
2832 5626 2948 5697 est(
2975 5610 3205 5684 Pausan.
3236 5630 3323 5683 lib.
3355 5646 3411 5696 ιι,
3443 5647 3564 5702 pag.
3589 5629 3677 5687 68.

2080 5720 2195 5777 Liv.
2253 5721 2341 5776 lib.
2377 5736 2497 5776 κων.
2532 5719 2560 5792 §
2597 5720 2683 5775 18.
2718 5717 2869 5774 Tom.
2904 5735 2922 5775 ι
2952 5719 3204 5792 Apparat.
3237 5740 3354 5794 pag.
3390 5722 3574 5791 1093).

2134 5815 2371 5890 Phryges
2394 5831 2542 5883 vero,
2569 5813 2737 5887 inquit
2759 5813 3442 5887 adlmcC:rcilius,Matrem
3458 5830 3685 5877 veneras
