3972 6310
210 273 318 333 555

1654 257 2127 320 DISSERTATIO.

3403 254 3516 317 554

212 402 424 460 quoque
454 383 748 456 gentilibus
794 396 1083 453 numquam
1130 395 1237 437 non
1284 388 1554 448 usurpata:
1596 390 1797 449 partes.
1830 383 1881 439 Α
1908 378 2026 447 guis
2056 373 2360 446 smpiusque
2396 370 2640 445 repetitis
2686 371 3013 429 clamoribus
3043 371 3293 444 jactatas,
3323 372 3511 431 Chris-

212 483 390 538 Prima
418 494 607 535 omnes
637 480 855 534 omnino
877 478 1103 549 gentiles
1133 486 1374 549 Spectat,
1403 475 1635 530 secunda
1660 476 1807 542 ipsos

211 574 492 646 speciatim
523 573 816 628 Romanos.
849 570 1088 642 Utraque
1110 581 1288 626 autem
1322 569 1546 625 t0tidem
1584 568 1804 623 Minucii

209 669 519 739 responsis,
571 667 838 737 variisque
881 680 946 720 ac
988 663 1322 736 gravissimis
1372 664 1637 717 rationum
1692 676 1806 715 uto-

208 772 410 819 mentts
439 760 677 817 funditus
701 760 977 816 evertitur.
1000 759 1338 829 Quapropter
1366 768 1420 811 ut
1448 767 1596 812 recto
1615 755 1805 811 ordine

206 858 388 915 omnia
418 866 733 921 tractentur,
768 853 932 911 ducto
956 870 986 909 a
1017 854 1204 926 primis
1241 851 1455 909 dicendi
1503 850 1690 917 initio,
1736 848 1802 904 ad

205 953 315 1010 alia
344 961 528 1022 postea
556 950 855 1006 veniemus.

282 1042 522 1099 Primum
556 1045 736 1112 itaque
763 1040 967 1095 nemini
985 1054 1072 1108 ea,
1094 1039 1183 1111 qui
1213 1038 1472 1093 hactenus
1496 1037 1636 1092 dicta
1662 1047 1808 1105 sunt,

201 1152 315 1195 non
360 1138 541 1208 iniqttn
575 1151 793 1205 prorsus
834 1135 1018 1190 animo
1072 1132 1466 1195 consideranti,
1517 1132 1805 1187 obscurum

199 1244 328 1288 esse
370 1230 529 1285 debet
569 1236 850 1297 utramque
893 1226 1041 1281 illam
1086 1224 1386 1281 chiliante
1430 1224 1808 1293 disputationis

199 1332 413 1395 partem
455 1323 568 1393 jam
600 1323 664 1377 iis
689 1322 1018 1392 argumentis
1046 1334 1264 1391 prorsus
1292 1319 1638 1385 inﬁrmatam,
1669 1317 1809 1373 fraco

200 1425 424 1487 Iamque
472 1414 658 1482 fuisse,
699 1414 892 1487 quibus
940 1412 1233 1479 Minucius,
1289 1412 1364 1467 ttti
1405 1412 1653 1478 vidimus,
1704 1427 1810 1465 non

195 1510 388 1582 plures
412 1508 566 1575 deos,
594 1508 689 1563 sed
730 1521 892 1561 unum
921 1506 1092 1560 solum
1131 1518 1273 1568 esse,
1302 1519 1534 1574 eumque
1563 1503 1813 1559 omnibus

194 1612 255 1659 et
285 1601 512 1671 singulis
558 1599 718 1657 rebus
766 1597 944 1654 divina
983 1612 1078 1653 sua
1120 1595 1453 1667 providentia
1503 1596 1809 1662 consulere,

194 1690 550 1749 invictissime
573 1690 977 1747 demonstravit.

1913 472 2070 526 lianis
2099 470 2163 525 ad
2213 484 2463 524 nauseam
2508 485 2675 538 usque
2719 468 3034 537 objicerent,
3067 484 3198 536 quas
3248 470 3344 538 ipsi
3392 485 3512 537 pes-

1910 563 2233 617 sntndabant
2270 570 2324 616 et
2368 561 2791 631 aspernabantur
2829 579 2841 614 :
2881 578 2900 611 ι
2938 560 3036 617 Ubi
3075 562 3284 631 religio,
3317 560 3510 631 inquit,

1912 657 1999 712 ubi
2040 655 2315 712 veneratio
2346 654 2637 725 majoribus
2665 651 2844 709 debita
2874 669 2904 708 a
2936 654 3128 707 vobis?
3159 652 3372 714 llabitu,
3404 654 3517 709 vic-

1911 760 1986 815 tu,
2024 750 2306 813 instructu,
2338 764 2523 813 censu,
2565 748 2682 819 ipso
2710 748 2941 819 denique
2986 763 3255 813 sermone,
3302 749 3516 816 proavis

1910 842 2276 898 renuntiastis.
2328 841 2580 897 Laudatis
2618 855 2831 911 semper
2853 842 3122 910 antiquos,
3156 840 3250 895 sed
3283 855 3419 895 nove
3445 839 3516 896 de

1908 935 1998 992 die
2024 937 2075 990 in
2103 937 2244 991 diem
2288 934 2492 1000 vivitis,
2521 949 2614 1004 per
2641 933 2783 1005 quod
2810 935 3111 990 ostenditur
3133 934 3258 989 dunt
3289 948 3318 988 a
3358 934 3515 989 bonis

1910 1028 2173 1100 majorum
2216 1028 2471 1083 institutis
2495 1027 2776 1090 deceditis,
2794 1042 2854 1081 ea
2885 1042 2980 1081 vos
3002 1029 3235 1082 retinere
3256 1036 3311 1082 et
3336 1035 3518 1082 custo—

1907 1122 2023 1177 dire
2067 1137 2188 1193 qua:
2234 1137 2338 1175 tton
2384 1119 2678 1183 debuistis,
2734 1133 2855 1174 cum
2902 1134 3020 1190 qum
3068 1120 3351 1189 debuistis,
3406 1136 3513 1175 non

1910 1215 2239 1271 custodistis.
2280 1234 2300 1263 ι
2341 1212 2449 1271 Sed
2488 1213 2557 1268 de
2593 1213 2657 1268 iis
2699 1213 2847 1283 plura
2877 1231 2972 1268 nos
3010 1229 3109 1270 suo
3152 1215 3293 1277 loco;
3335 1215 3422 1271 ubi
3449 1216 3521 1270 de

1912 1310 2057 1366 illius
2084 1310 2234 1365 libris
2258 1309 2589 1365 diSseremus
2620 1307 2824 1382 (Terml
2885 1310 3102 1383 Apolog.
3143 1329 3259 1382 cap.
3293 1313 3356 1380 6,
3393 1329 3515 1382 pag.

1916 1405 1969 1467 '7;
1998 1400 2212 1456 Dissert.
2256 1403 2308 1455 in
2336 1400 2640 1456 Tertullian.
2683 1418 2799 1474 cap.
2834 1402 2901 1458 18
2922 1444 2937 1467 ,
2969 1421 3085 1475 pag.
3117 1404 3229 1474 15).

1989 1495 2262 1550 Ridiculas
2286 1504 2464 1551 autem
2486 1496 2747 1566 planeque
2774 1495 3035 1550 altsurdas
3059 1494 3223 1551 fuisse
3237 1495 3514 1562 gentiliqu

1914 1590 2163 1660 antiquas
2201 1589 2501 1659 opiniones,
2537 1588 2749 1643 tametsi
2797 1588 3000 1643 netnini
3042 1589 3363 1658 incognitum
3397 1603 3520 1644 esse

1916 1689 2145 1751 poterat,
2191 1680 2452 1735 Minucius
2498 1690 2698 1746 tamen,
2749 1688 2807 1734 ut
2853 1680 3103 1736 omnibus
3141 1681 3407 1736 cumulate
3441 1695 3529 1735 sa-

270 1786 636 1855 Quantobrem
668 1793 1015 1856 posteaquam
1044 1791 1329 1853 utrumque
1356 1780 1483 1836 illud
1514 1796 1656 1836 vera:
1686 1779 1809 1836 reli-
1835 1768 1886 1829 B
1913 1775 2218 1841 tisfaceret,
2265 1775 2505 1845 pluribus
2544 1775 2596 1829 id
2644 1773 2974 1830 demonSIrat
3026 1776 3309 1844 exemplis.
3379 1774 3526 1830 Gcn~

193 1881 377 1952 gionis
395 1879 800 1935 fundamentum
831 1877 1229 1949 inextutgnahtli
1261 1878 1551 1941 rationum,
1581 1892 1650 1933 ex
1676 1876 1810 1947 ipsis

192 1987 256 2033 ut
290 1976 574 2045 plurimum
605 1974 886 2045 gentilium
918 1972 1360 2043 philosophorum
1389 1970 1674 2027 sententiis
1714 1985 1808 2040 pe-

193 2072 443 2134 titarum,
477 2069 877 2142 propugnaculo
907 2068 1154 2131 munivit,
1199 2077 1308 2122 tum
1342 2067 1406 2122 ad
1437 2067 1662 2137 priutam
1693 2067 1810 2122 (ἰω-

194 2165 413 2222 cilianre
438 2163 862 2219 ratiocinationis
884 2172 1086 2231 partem
1107 2158 1455 2215 refellendam
1477 2158 1804 2231 aggreditur.

197 2257 423 2312 Dixerat
446 2262 624 2311 autem
659 2254 905 2310 Czecilius
955 2253 1366 2325 antiquissimis,
1398 2261 1452 2307 et
1485 2252 1685 2308 mundo
1712 2267 1803 2308 cn.

196 2351 364 2419 arvis,
414 2350 674 2419 majorum
713 2356 1043 2413 nostrorum,
1072 2347 1161 2417 qui
1209 2360 1238 2398 a
1281 2344 1465 2400 mundi
1518 2344 1809 2414 primordio

195 2442 339 2499 deos
382 2456 511 2497 suos
550 2441 859 2505 coluerunt,
915 2438 1321 2505 traditionibus,
1372 2439 1809 2495 constantissime

195 2535 599 2593 inhaerendum.

274 2632 351 2684 At
396 2630 446 2684 id
487 2628 745 2685 Minucius
777 2636 958 2685 noster
986 2624 1276 2681 absurdum
1322 2632 1377 2680 et
1423 2634 1568 2680 recte
1614 2622 1808 2679 rationi

194 2737 431 2796 prorsus
487 2723 814 2778 contrarium
871 2736 992 2777 esse
1046 2718 1467 2775 luculentissime
1527 2716 1805 2772 ostendit:

200 2779 400 2872 'cNan‘t
445 2816 489 2869 si
541 2814 896 2887 providentia,
950 2814 1140 2883 inquit,
1192 2811 1423 2866 mundus
1476 2811 1713 2880 regitur,
1756 2817 1812 2864 et
1908 2779 2324 2887 aliter???“

193 2910 367 2966 unius
403 2910 491 2965 Dei
522 2919 653 2965 nutu
674 2908 1026 2980 gubernatur,
1060 2922 1165 2961 non
1192 2921 1292 2961 nos
1319 2904 1480 2962 debet
1519 2904 1808 2976 antiquitas

193 3005 582 3077 imperitorum
628 3004 837 3059 fabellis
881 3003 992 3057 suis
1040 3002 1327 3067 delectata,
1379 3000 1462 3055 vel
1508 3010 1685 3070 capta,
1740 2998 1807 3055 ad

192 3114 449 3156 errorem
492 3097 660 3153 mutui
699 3112 890 3167 rapere
935 3109 1251 3160 eonsensus,
1293 3109 1414 3149 eum
1455 3091 1802 3163 philosopho-

192 3208 325 3249 rum
358 3206 578 3246 suorum
618 3189 900 3245 sententiis
929 3188 1223 3249 refellatur,
1256 3186 1449 3257 quibus

193 3296 251 3343 et
285 3284 568 3342 vetustatis
606 3284 809 3338 assistit
844 3282 1151 3335 auctoritas.
1192 3299 1210 3332 ι
1247 3278 1470 3348 Duplici,
1516 3279 1589 3332 uti
1632 3278 1802 3343 vides,

195 3381 377 3435 ariete
403 3376 726 3432 venditatam
768 3376 838 3430 ab
868 3374 1109 3430 Etltnicis
1129 3388 1238 3429 sua:
1266 3371 1561 3443 religionis,
1587 3380 1643 3426 et
1679 3370 1809 3427 deo-

196 3488 322 3528 rum
371 3471 548 3526 cul‘us
596 3468 968 3539 antiquitatem
1020 3466 1090 3521 ibi
1141 3464 1371 3536 percutit
1413 3479 1477 3520 ac
1519 3464 1804 3521 subvertit.

198 3564 384 3622 Primo
409 3562 551 3619 enim
568 3561 1004 3632 philosophorum
1042 3560 1374 3622 auctoritate,
1408 3556 1495 3613 cui
1548 3556 1803 3629 refragari

195 3671 364 3734 netno
409 3654 625 3725 gentilis
671 3654 830 3708 homo
884 3660 1110 3722 poterat.
1161 3648 1496 3705 manifestam
1530 3649 1652 3706 facit
1704 3650 1804 3705 bu-

190 3749 281 3821 jus
306 3746 590 3804 vetustatis
618 3746 925 3802 falsitatem.
956 3745 1132 3815 Atque
1162 3745 1212 3799 in
1249 3744 1468 3813 hujusce
1487 3744 1801 3800 a-sertionis

195 3841 669 3901 confirmationem
718 3855 781 3896 ea
833 3855 939 3895 non
994 3855 1179 3910 parum
1227 3840 1467 3907 profecto
1510 3837 1796 3904 iaciebant,

194 3952 319 4007 qua:
345 3937 416 3990 ab
448 3934 582 4006 ipso,
610 3943 666 3989 et
698 3948 725 3987 a
766 3932 1043 3989 Clemente
1074 3929 1435 3986 Alexandrino
1457 3930 1647 3985 tradita
1675 3945 1802 4001 pro-

194 4032 434 4101 bataque
480 4029 735 4095 vidimus,
782 4027 1001 4084 eosdem
1050 4026 1257 4082 scilicet
1300 4016 1644 4096 philosophos
1685 4026 1798 4096 ple-

193 4138 370 4193 raque
398 4137 493 4176 sua
534 4121 726 4192 placita
753 4136 819 4176 ex
860 4118 1028 4175 sacris
1066 4119 1263 4173 nostris
1290 4116 1601 4186 Scripturis.
1639 4116 1736 4174 sed
1764 4131 1796 4172 a

194 4232 257 4272 se
289 4214 634 4287 postmodum
664 4212 971 4285 depravatis
997 4227 1059 4267 ac
1088 4211 1371 4281 corruptis,
1406 4208 1667 4265 hausisse.

269 4309 481 4366 Deinde
510 4324 638 4365 vero
660 4306 1002 4379 quantumvis
1032 4305 1247 4376 antiqua
1274 4312 1419 4360 esset
1443 4302 1794 4358 Etltuicorum

199 4404 422 4475 religio.
458 4402 703 4458 nuntium
732 4399 1080 4456 nihilominus
1107 4398 1154 4453 ei
1191 4411 1379 4452 omnes
1408 4396 1529 4450 ideo
1558 4396 1797 4451 remitte-

193 4513 256 4555 re
276 4495 589 4561 debebant;
616 4494 736 4564 quia
765 4502 870 4549 tota
899 4490 1127 4556 fabellis,
1161 4488 1453 4545 mendaciis
1478 4487 1796 4544 absurdissi—

193 4593 322 4657 mis,
373 4587 693 4644 tnoustrosis
731 4584 1093 4655 Opiniouihus,
1143 4582 1589 4653 delirantiuntque
1622 4581 1794 4636 homi-

1910 4568 2057 4623 uubis
2082 4574 2352 4635 speetrum
2391 4559 2620 4615 .lunonis

1910 4660 1940 4668 κ
2594 4648 2620 4668 ι

193 4698 328 4739 ιιιιιιι
360 4681 586 4737 somniis
615 4686 892 4749 compacta
924 4676 1042 4747 fuit.
1098 4675 1310 4731 Etenim
1342 4674 1791 4745 quemadmodum
1822 4660 1865 4668 ”
1900 4660 2200 4741 Ορηιίιιιτρε
2252 4670 2317 4711 εκ

191 4775 541 4841 Ambrosius;
574 4772 715 4829 idem
743 4768 1051 4843 Symmachi
1072 4779 1444 4840 argumentum
1473 4768 1791 4836 refellendo,

188 4868 456 4940 praeclare
502 4864 697 4921 docet:
732 4883 753 4917 ι
794 4863 1087 4927 Erubescat
1133 4871 1401 4927 senectus,
1453 4878 1573 4933 quae
1610 4876 1794 4917 emen-

190 4965 329 5017 dare
358 4976 418 5016 se
442 4974 545 5015 non
573 4967 767 5030 potest,
796 4974 901 5013 non
919 4972 1180 5012 annorum
1205 4955 1428 5012 canities
1454 4966 1537 5011 est
1556 4956 1790 5022 laudata,

190 5055 292 5112 sed
340 5071 572 5118 morum,
627 5053 805 5109 nullus
858 5052 1026 5120 pudor
1071 5062 1154 5107 est
1192 5053 1257 5105 al
1299 5050 1522 5106 meliora
1564 5050 1795 5105 transire

188 5148 457 5218 (Ambros.
495 5148 644 5217 epist.
680 5145 770 5211 18,
819 5144 847 5217 ᾗ
894 5144 957 5208 7,
995 5161 1117 5214 pag.
1169 5143 1317 5209 854).
1371 5144 1526 5200 Plura
1574 5157 1692 5197 eam
1739 5139 1794 5195 in

187 5256 312 5297 rem
343 5240 522 5303 legere
552 5240 767 5308 poto-ris,
804 5236 945 5307 apud
980 5236 1312 5291 Clementem
1345 5231 1794 5295 Alexandrinum,

187 5331 515 5391 Arnobium.
541 5331 608 5387 de
629 5347 735 5401 quo
758 5344 857 5385 nos
878 5344 977 5383 suo
1002 5328 1142 5391 loco,
1161 5341 1211 5383 et
1238 5327 1582 5381 Prudentium
1607 5322 1793 5398 (Clem.

187 5426 349 5483 Alex.
375 5423 586 5481 Cohort.
605 5424 673 5478 ad
687 5434 805 5495 gent
847 5441 968 5498 pag.
988 5423 1082 5491 57;
1110 5421 1300 5477 Arnob.
1328 5421 1415 5476 lib.
1441 5435 1477 5475 ιι
1497 5419 1614 5475 adv.
1644 5416 1794 5474 Gent.

187 5536 320 5591 pag.
348 5517 420 5574 90
459 5529 504 5572 el
530 5534 680 5589 seqq;
713 5516 961 5572 Prudent.
992 5516 1080 5571 lt‘b.
1110 5532 1145 5570 ιι
1173 5516 1226 5570 in
1255 5513 1547 5585 Symmaclr
1572 5516 1616 5583 ).

268 5612 340 5665 At
378 5607 765 5665 Tertullianum
795 5609 1203 5679 praetermittere
1229 5623 1335 5662 non
1366 5620 1675 5677 possumus,
1710 5602 1802 5674 qui

184 5703 408 5775 longius
436 5702 613 5759 adhuc
657 5716 992 5773 pragressus,
1032 5700 1278 5757 etlmicos
1323 5699 1459 5754 scite
1498 5698 1804 5766 acriterque

187 5799 323 5859 ideo
347 5799 594 5870 castigat.
625 5796 769 5868 quod
797 5797 1061 5868 majorum
1085 5809 1306 5858 suorum
1328 5791 1667 5862 traditiones,
1692 5804 1805 5851 ma-

483 5891 764 5956 PATIOL.
806 5888 917 5953 lll.

1915 1868 2035 1923 tiles
2064 1866 2540 1932 cnimcredebant,
2576 1866 2767 1935 inquit,
2803 1867 3034 1922 existere
3060 1866 3294 1938 Scyllam
3338 1868 3522 1922 inuiti-

1913 1961 2124 2031 plirem,
2170 1960 2478 2015 Chimeram
2539 1959 2948 2025 multiformem,
2994 1958 3233 2031 Hydram
3278 1960 3518 2015 vulneri-

1909 2056 2008 2133 bus
2064 2063 2473 2119 renascentem,
2530 2063 2585 2110 et
2635 2054 2938 2109 Centauros
2989 2068 3158 2123 equos
3214 2053 3522 2110 hominibus

1909 2149 2192 2220 implexos.
2259 2149 2490 2221 Scyllam
2524 2164 2652 2204 vero
2697 2147 2947 2220 Virgilius
2998 2149 3083 2205 his
3128 2148 3375 2206 versibus
3424 2149 3521 2206 de-

1910 2242 2129 2312 scripsit
2156 2260 2171 2296 :

2035 2336 2099 2399 At
2121 2332 2331 2399 Scyllam
2351 2336 2495 2385 caecis
2520 2335 2723 2385 cohibet
2746 2334 2980 2398 spelunca
3006 2335 3234 2394 latebris,

2037 2398 2136 2449 Ora
2163 2398 2523 2456 exsertantem,
2546 2407 2597 2449 et
2616 2412 2769 2448 naves
2793 2401 2838 2447 itt
2857 2412 2973 2448 saxa
2991 2399 3290 2450 trahentem.

2034 2462 2212 2533 Eritne
2241 2463 2451 2510 hominis
2472 2460 2642 2520 facies,
2664 2471 2709 2533 et
2740 2462 2944 2533 puaclntro
2970 2461 3330 2533 pectorevi‘rgo

2034 2523 2177 2586 Pube
2200 2530 2375 2585 tenus;
2405 2536 2655 2584 postrema
2678 2523 2877 2573 immani
2905 2523 3113 2586 corpore
3139 2523 3334 2584 Pistris,

2034 2585 2332 2651 Delphinum
2357 2586 2537 2636 caudas
2562 2593 2707 2636 utero
2730 2585 3003 2636 commissa
3019 2587 3265 2650 luporum.

2303 2667 2524 2731 (Virgil.,
2550 2667 2585 2716 ι.
2606 2681 2656 2718 ιιι
2682 2666 2892 2728 lucida
2919 2681 2963 2720 υ.
2988 2668 3080 2719 424
3105 2677 3152 2721 et
3174 2672 3340 2734 seqq.)

2367 2778 2460 2832 sed
2493 2791 2600 2831 non
2638 2777 2814 2830 ntiuns
2861 2786 3167 2846 portentosa
3219 2789 3522 2844 repraesen-

1909 2882 2053 2926 tatur
2089 2871 2157 2926 ab
2186 2870 2439 2935 llomoro,
2512 2884 2672 2940 quem
2701 2867 2849 2923 adire
2894 2867 3115 2939 poteris,
3148 2868 3359 2921 sicutct
3401 2867 3529 2924 Ovi-

1909 2965 2079 3033 dium,
2114 2964 2431 3031 AusOnium,
2460 2961 2701 3019 Natalem
2728 2961 2990 3018 Comitem
3032 2972 3085 3017 et
3110 2960 3357 3017 Vossium
3384 2961 3524 3031 (Ilo-

1910 3078 2062 3130 mer.,
2092 3060 2278 3133 Odyss.
2309 3060 2398 3115 lib.
2431 3076 2538 3124 xu,
2572 3076 2692 3130 pag.
2730 3058 2833 3113 172
2855 3074 2869 3124 ;
2890 3056 3039 3113 Ovid.
3061 3098 3076 3123 ,
3111 3057 3518 3128 Melamorphos.

1487 3196 1543 3241 ει
1583 3149 1807 3241 “nimis
1832 3188 1877 3252 C
1911 3155 1999 3210 lib.
2034 3171 2121 3221 tv,
2170 3155 2275 3223 fab.
2311 3156 2333 3208 l
2371 3170 2386 3220 ;
2418 3155 2634 3221 Auram,
2668 3149 2810 3223 ldgl.
2832 3152 2903 3215 4;
2931 3149 3054 3205 Nat.
3091 3150 3257 3214 Com"
3289 3151 3380 3209 lib.
3427 3168 3518 3208 vm

1914 3248 2227 3321 Mytltolog..
2270 3265 2386 3318 cap.
2439 3246 2539 3311 ης
2577 3244 2750 3311 Voss"
2780 3245 2850 3301 lib
2895 3260 2946 3300 tv
2974 3246 3037 3299 de
3069 3241 3215 3317 Orig.
3262 3255 3311 3301 et
3343 3263 3519 3317 progr.

1908 3344 2035 3400 ἰάσι.
2066 3362 2182 3414 cap.
2214 3342 2313 3408 l7,
2343 3358 2463 3414 pag.
2499 3338 2614 3411 54).
2658 3340 2977 3396 Cbinucratn
3011 3355 3138 3393 vero
3160 3339 3521 3409 depinxerunt

1910 3439 2052 3495 idem
2101 3438 2387 3499 lion-erus,
2448 3434 2732 3499 Hestodus,
2784 3432 3088 3493 Lucretius.
3143 3434 3383 3501 Uviditts,
3425 3436 3516 3504 qui

1910 3535 2007 3591 tibi
2029 3537 2071 3591 si
2097 3550 2202 3589 non
2224 3531 2512 3594 sufficiant,
2541 3530 2689 3585 adire
2712 3536 2968 3599 praeterea
2993 3527 3190 3597 poteris
3212 3527 3512 3599 Virgilium,

1907 3645 1969 3684 ac
2013 3628 2253 3685 Natalem
2300 3605 2574 3682 Comiteni
2614 3622 2867 3696 (Homer.
2914 3620 3076 3676 Iliad.
3120 3637 3189 3686 VI,
3216 3640 3249 3692 p
3283 3639 3333 3693 g.
3382 3622 3512 3689 106;

1909 3721 2122 3777 Hesiod.
2176 3719 2464 3792 Theogom,
2494 3733 2615 3789 pag.
2639 3714 2746 3771 469
2773 3730 2789 3781 ;
2817 3712 3021 3768 Lucret.
3065 3715 3155 3768 lib.
3184 3730 3235 3780 v,
3269 3732 3387 3785 pug.
3416 3716 3509 3780 57;

1907 3816 2057 3869 Ovid.
2092 3814 2177 3868 lib.
2204 3829 2256 3869 lx
2292 3813 2620 3879 Metamorp.,
2655 3806 2683 3879 §
2719 3809 2774 3862 Η
2807 3823 2823 3872 ;
2864 3805 3028 3877 Virg.,
3064 3806 3152 3861 lib.
3181 3822 3229 3861 tv
3262 3804 3505 3872 1151143111.,

1899 3907 1992 3972 28;
2021 3906 2198 3961 Natat.
2232 3904 2401 3970 Com.,
2429 3903 2517 3958 lib.
2546 3918 2596 3955 ιχ
2625 3900 2781 3972 Μμιη
2801 3916 2917 3968 cap.
2942 3898 3018 3971 4).

1971 3999 2146 4054 Varia:
2213 4005 2388 4051 autent
2455 3993 2671 4048 fuerunt
2729 3991 2799 4047 de
2854 3989 3135 4046 Centauris
3194 3991 3503 4060 Opiniones,

1898 4110 2031 4168 quas
2070 4092 2155 4147 bis
2184 4090 2364 4145 verbis
2400 4086 2564 4143 refert
2593 4084 2854 4140 Diodorus
2882 4083 3135 4139 Siculus:
3175 4102 3194 4135 ι
3230 4084 3377 4141 ιιιοιι
3405 4086 3503 4143 .1ιιο

1900 4187 2059 4244 nonis
2103 4200 2288 4241 amore
2332 4182 2599 4245 incensus,
2641 4177 2711 4233 de
2753 4185 2942 4245 stupro
2980 4176 3137 4233 deam
3176 4179 3506 4249 compellare

1899 4298 2005 4337 non
2033 4277 2310 4335 dubitavit.
2351 4273 2557 4344 Jupiter
2585 4279 2795 4343 ergone
2814 4280 2901 4340 μιν
2929 4275 3011 4327 διὰ
3051 4275 3213 4329 ῖδωλον
3238 4288 3507 4337 ποιήσωνται

1893 4393 1982 4441 τῆς
2015 4367 2140 4447 ιῖρᾶς
2166 4381 2352 4444 νιρᾶλην
2391 4372 2747 4436 ἐξαποστεῖλαι·
2776 4376 2857 4422 τὸν
2886 4371 2935 4420 δὲ
2963 4357 3118 4432 istm:
3143 4382 3199 4440 τῇ
3228 4376 3388 4440 νεφελῃ
3416 4393 3505 4436 μι.

1893 4479 2033 4545 γξντι
2058 4484 2250 4536 γενῆσειι
2276 4474 2383 4525 robe
2403 4466 2775 4532 ὄνομζομένους
2808 4466 3099 4530 Κενταύρους
3127 4465 3499 4532 ἀνθρωπαφυεῖε,

2665 4557 2782 4612 loco
2836 4555 2883 4610 ei
2932 4554 3181 4625 subjecit,
3222 4570 3326 4626 quo
3371 4557 3502 4611 inito

2390 4660 2541 4722 parte
2594 4647 2840 4703 homines
2895 4646 3335 4717 procreavit......
3394 4647 3502 4704 Alii

1902 4738 2200 4809 Centauros
2245 4745 2532 4817 perhibent
2582 4742 2633 4796 itt
2666 4740 2815 4795 Pelio
2840 4755 2869 4794 a
2918 4739 3177 4811 Nymphis
3216 4742 3502 4807 educatos,

1902 4845 2082 4902 adulta
2126 4850 2249 4914 post
2278 4846 2435 4894 aelate
2464 4852 2531 4892 ex
2558 4850 2815 4903 equarum
2866 4834 3112 4887 inseettsn
3145 4832 3370 4886 biforme
3408 4832 3505 4887 Ili-

1905 4945 2384 5008 porentaurorum,
2419 4937 2474 4982 ut
2502 4936 2715 4989 vocant,
2741 4939 2910 4997 genus
2933 4925 3345 4994 proseminasse.
3373 4924 3504 4990 Qui~

1895 5030 2019 5086 dam
2040 5027 2308 5083 aflirmant
2331 5021 2571 5090 Nephele
2592 5029 2647 5076 et
2668 5018 2849 5073 Ixione
2873 5026 3162 5086 prognatos
3183 5018 3503 5078 Centauros.

1897 5126 2038 5197 quod
2055 5123 2320 5194 principes
2335 5115 2607 5189 equitandi
2630 5110 2864 5168 studimn
2883 5110 3118 5181 aggressi
3143 5110 3360 5177 fuerint,
3382 5112 3509 5169 inde

1898 5235 2096 5278 nomen
2116 5219 2654 5286 ltippncentanrorum
2680 5205 2944 5268 retulisse,
2967 5214 3020 5258 et
3039 5203 3162 5259 inde
3192 5204 3502 5275 figmentum

1900 5314 1969 5371 de
1988 5310 2183 5384 duplici
2212 5316 2399 5363 natura
2428 5304 2480 5358 in
2513 5299 2742 5355 fabulam
2764 5298 2963 5351 abiisse
2997 5315 3017 5348 ν
3041 5293 3283 5368 (Diodar.
3312 5297 3503 5367 Sicul.,

1904 5407 1995 5463 lib.
2021 5422 2069 5461 tv
2101 5401 2344 5458 Biblioth.
2368 5414 2487 5470 pag.
2511 5390 2818 5456 l89.1drm,
2851 5408 2969 5462 pag.
3020 5389 3168 5462 155).
3196 5391 3349 5446 Prius
3382 5408 3511 5449 vero

1906 5506 2220 5557 narraverat
2274 5494 2548 5563 quomodo
2612 5487 2869 5544 Hercules
2922 5483 3142 5539 eosdem
3210 5480 3514 5542 Centauros

1906 5606 2098 5669 quarto
2146 5592 2439 5648 certamine
2485 5585 2782 5641 debellasse
2847 5578 3211 5650 perhibeatur.
3276 5577 3514 5634 Pritnam

1908 5668 2086 5745 autem
2114 5702 2181 5743 ex
2212 5684 2295 5740 bis
2323 5677 2665 5752 opinionibus
2707 5683 2855 5729 notat
2885 5671 3024 5742 apud
3046 5669 3359 5724 Ciceronem
3390 5668 3521 5728 Cot-

1912 5793 1984 5853 ta,
2033 5780 2122 5837 ubi
2151 5779 2267 5837 ait:
2307 5793 2326 5829 ι
2362 5773 2479 5831 Una
2505 5771 2666 5829 etiam
2700 5767 2868 5827 nubes
2904 5763 3205 5821 Centauros
3245 5765 3522 5834 peperisse

2870 5858 2948 5922 18
