4034 6320
437 234 551 298 555

1801 240 1889 299 DE
1926 240 2187 305 MINUCH
2224 243 2530 309 OCTAVIO

3626 268 3736 329 556

434 358 632 414 dicitur
666 376 685 411 ι
739 357 914 428 (Cic.,
944 357 1034 413 lib.
1064 371 1122 413 in
1159 358 1224 413 de
1268 356 1458 414 Nalur.
1514 360 1680 425 deor.,
1722 376 1842 432 pag.
1873 362 2024 434 257).
2054 365 2106 424 Α
2133 368 2165 422 8
2194 378 2239 421 ct
2269 370 2360 436 15,
2393 388 2508 441 pag.
2539 370 2613 427 45
2640 378 2685 427 et
2727 372 2797 431 80
2831 373 2869 447 ).
2923 375 3131 435 Rursus
3160 388 3336 439 autem
3367 381 3475 440 alio
3508 386 3558 441 in
3591 387 3734 444 libro

509 450 796 506 Eusebiani
827 466 954 506 vero
981 450 1226 506 Chronici
1253 463 1438 506 auctor
1467 472 1481 499 ρ
1516 469 1534 503 t
1570 452 1801 518 Bellum,
1831 456 2022 523 inquit,

431 541 777 611 Lapitharum
806 554 852 596 et
882 542 1266 597 Centaurorum
1308 543 1408 598 sub
1439 543 1537 597 hoc
1571 554 1844 613 tempore;
1882 546 2024 614 quod

430 634 617 689 scribit
655 633 992 705 Palaephatus
1048 634 1185 689 libro
1241 634 1311 690 de
1354 635 1757 693 lncuedihdibns
1818 637 2029 693 nobiles

428 723 597 781 fuisse
623 726 830 796 equites
856 726 1234 781 Thessalorum
1272 745 1292 778 ι
1333 725 1543 797 (Euseb.
1590 727 1769 782 chron.
1805 728 1874 805 ad
1899 746 2021 785 ann.

430 817 581 890 πει).
610 818 850 889 Scaliger
879 820 1125 877 tamenin
1155 819 1346 875 suisad
1362 822 1476 875 hzec
1497 820 1658 876 verba
1690 822 2029 878 animadver-

428 911 670 969 sionibus
698 912 846 967 illum
882 913 1047 969 libere
1086 914 1447 985 audacterque
1484 917 1727 986 castigat,
1756 919 1897 987 quod
1927 919 2026 974 Pa-

427 1007 714 1078 laaphatum
735 1008 786 1063 in
805 1009 1073 1079 opinionis
1088 1009 1245 1080 hujus
1260 1009 1724 1066 conﬁrmationem
1756 1012 2021 1081 citaverit,

422 1117 455 1157 a
517 1117 621 1172 qua
678 1102 837 1173 longe
899 1102 1190 1171 discrepat.
1224 1102 1325 1158 Alii
1354 1104 1701 1158 nihilominus
1744 1103 1888 1163 illam
1914 1121 2021 1161 non

421 1193 595 1248 solum
626 1193 915 1264 l’almphati
972 1206 1292 1252 auctorttatc
1341 1196 1574 1265 probare
1607 1211 1892 1265 conantur,
1926 1199 2025 1256 scd

421 1284 639 1342 Tzerzas
687 1289 871 1351 etiam,
926 1298 982 1343 et
1046 1287 1245 1355 Orosii,
1305 1290 1396 1359 qni
1443 1291 1662 1360 insuper
1709 1292 1793 1348 his
1827 1294 2026 1363 adjecit

417 1376 675 1446 Lapithas
704 1393 734 1432 a
787 1378 1062 1436 Thessalis
1098 1379 1272 1435 dictos
1317 1380 1481 1438 fuisse
1530 1383 1851 1454 Centauros,
1896 1385 2022 1456 quia

420 1488 487 1528 ex
517 1474 671 1543 equis
718 1484 1037 1545 pugnantes,
1072 1493 1232 1531 unum
1266 1492 1385 1533 cum
1437 1481 1516 1535 eis
1569 1497 1766 1554 corpus
1807 1484 2022 1541 efﬁcere

414 1566 727 1622 viderentur
783 1566 979 1640 (Tuis.
1035 1570 1154 1624 hist.
1209 1571 1365 1626 Chili.
1411 1589 1500 1638 vn,
1538 1593 1651 1644 cap.
1694 1577 1804 1643 99;
1841 1577 2019 1645 Oros.,

415 1658 505 1715 lib.
538 1675 589 1722 ι.
623 1676 739 1731 cap.
767 1661 879 1730 15).
912 1661 1091 1718 Adisis
1136 1663 1405 1726 Ovidium.
1439 1666 1681 1723 Natalem
1728 1668 2016 1739 Comitem,

2132 460 2245 517 haec
2293 479 2322 517 a
2362 465 2637 521 Lactantio
2674 469 2847 524 adhuc
2894 472 3182 543 desvripta,
3232 478 3370 533 illitis
3407 481 3566 535 verba
3600 483 3737 555 legi-

2130 569 2292 610 mus:
2331 574 2350 608 ‹
2408 557 2463 612 In
2507 561 2774 633 plerisque
2816 565 3124 621 civitatibus
3157 570 3378 643 intelligi
3418 582 3590 643 potest
3630 593 3735 632 au-

2129 649 2318 714 gendm
2358 652 2569 708 virtutis
2595 658 2783 724 gratia,
2812 673 2920 728 quo
2948 659 3197 716 libentius
3227 665 3536 734 reipublicae
3565 685 3734 726 causa

2130 742 2424 810 periculum
2468 747 2639 801 adiret
2675 750 2908 817 Optimus
2950 756 3194 825 quisque,
3236 758 3469 813 virorum
3512 762 3736 821 fortium

2132 850 2445 893 memoriam
2489 840 2692 895 honore
2735 842 2960 900 deorum
3011 847 3395 906 immortalium
3445 866 3737 910 Consecra-

2133 937 2239 984 tam
2278 948 2297 981 ι
2325 928 2489 1003 (Cic.,
2521 933 2610 989 lib.
2640 951 2695 989 ιιι
2723 939 2787 991 de
2817 935 3006 993 Natur.
3042 943 3206 1009 deor.,
3244 961 3362 1015 pag.
3391 945 3519 1015 247,
3550 947 3640 1002 lin.
3670 930 3732 1017 8;

2129 1020 2366 1079 Lactant.
2402 1027 2500 1082 loc.
2529 1029 2613 1082 cit.
2641 1027 2688 1101 ).
2729 1029 2945 1087 Poterat
2974 1044 3122 1089 certe
3152 1034 3459 1094 Lactantius
3512 1042 3736 1098 tertium

2131 1116 2371 1185 proferre
2393 1116 2670 1175 Ciceronis
2695 1122 2895 1192 iocum,
2927 1126 3013 1180 ubi
3037 1142 3140 1183 non
3173 1130 3349 1185 minus
3376 1131 3540 1199 clare,
3570 1150 3738 1205 quam

2130 1211 2181 1265 in
2214 1213 2580 1283 superioribus
2629 1216 2905 1287 laquitur:
2944 1238 2963 1271 ι
3000 1220 3210 1290 Fortes,
3259 1226 3449 1296 inquit,
3494 1238 3584 1282 aut
3619 1227 3739 1283 cla-

2128 1322 2237 1373 ros,
2271 1318 2366 1363 aut
2392 1320 2637 1377 potentes
2682 1313 2824 1369 viros
2866 1315 3081 1370 tradunt
3109 1329 3224 1387 post
3252 1328 3477 1376 mortem
3504 1322 3570 1376 ad
3598 1323 3738 1381 deos

2129 1403 2457 1470 pervenisse,
2482 1418 2684 1476 eosque
2710 1420 2835 1462 eSSe
2875 1408 3040 1478 ipsos,
3072 1426 3206 1480 quos
3237 1427 3334 1468 nos
3363 1415 3567 1485 colere,
3607 1431 3738 1486 pre-

2126 1495 2259 1560 cari,
2291 1498 2535 1552 venerari
2565 1498 2874 1555 soleamus?
2900 1501 3083 1575 i(Cic.=
3111 1502 3199 1560 lib.
3235 1523 3250 1560 ι
3280 1509 3342 1561 de
3364 1505 3558 1564 Natar.
3587 1510 3733 1567 deor.

2126 1605 2247 1660 pag.
2280 1588 2418 1657 212,
2445 1591 2538 1646 lin.
2568 1591 2655 1646 54.
2684 1589 2705 1665 )
2760 1593 3039 1666 Perpende
3073 1610 3271 1663 autem,
3306 1616 3513 1672 quzcso,
3552 1612 3737 1673 utrum

2126 1680 2387 1739 Minucius
2416 1684 2482 1740 ad
2531 1686 2645 1742 haec
2682 1688 3017 1757 potissimum
3062 1689 3336 1748 Ciceronis
3368 1697 3529 1750 verba
3577 1696 3736 1753 colli-

413 1762 470 1809 et
502 1753 751 1810 Vossium
778 1753 955 1823 (Ouid.
990 1756 1078 1811 lib.
1114 1772 1188 1812 xu
1221 1757 1527 1828 Metamorp.
1561 1761 1666 1832 fab.
1702 1762 1773 1831 4;
1806 1762 2017 1833 Comes,
2050 1752 2101 1813 Β
2127 1776 2386 1831 "caverit,

412 1848 502 1902 lib.
540 1863 614 1903 vn
647 1848 869 1920 Hgthol.
903 1866 1017 1919 cap.
1040 1850 1101 1917 4;
1138 1849 1306 1919 νοω,
1338 1853 1424 1906 lib.
1450 1869 1467 1908 ι
1496 1854 1559 1909 tle
1595 1856 1740 1927 Orig.
1769 1867 1815 1911 et
1837 1875 2012 1930 progr.

410 1940 591 1996 idolol.
623 1959 739 2010 cap.
776 1945 877 2010 15,
913 1961 1032 2017 pag.
1065 1944 1183 2019 62).

478 2037 643 2093 Addit
684 2038 916 2106 denique
960 2039 1219 2095 Minucius
1266 2039 1334 2095 ab
1358 2041 1604 2099 Ethnicis
1625 2043 1902 2100 decantari
1947 2062 2013 2101 ex

402 2132 711 2189 hominibus
761 2148 918 2201 aves,
968 2132 1161 2201 ﬂores,
1212 2138 1457 2203 arbores,
1490 2153 1555 2192 ex
1601 2138 1705 2193 alia
1748 2140 2011 2209 ejusmodi

400 2224 539 2281 facta
571 2226 757 2282 fuisse.
824 2228 956 2293 Qua:
993 2228 1208 2297 quidem
1242 2231 1294 2285 in
1326 2228 1502 2286 Ovidii
1534 2231 1687 2285 libris
1717 2232 2004 2289 Metamor—

400 2324 643 2397 phoseon
685 2325 883 2395 passim
929 2341 1215 2381 occurrere
1248 2326 1422 2382 nullus
1470 2329 1699 2400 ignorat.
1767 2331 1836 2383 At
1890 2330 2005 2386 haec

397 2421 577 2476 omnia
603 2419 983 2493 Hieronymus,
1027 2421 1114 2477 ubi
1143 2422 1209 2478 de
1240 2420 1734 2478 Nabuchodonosor
1760 2422 1999 2492 disserit,

394 2516 582 2583 paucis
609 2511 789 2569 verbis
816 2513 1194 2587 complectitur
1227 2532 1238 2568 :
1276 2533 1297 2565 ι
1334 2515 1519 2581 Multo,
1554 2517 1745 2587 inquit,
1773 2517 2004 2575 incredi-

397 2606 610 2674 bilinra,
642 2617 697 2675 et,
722 2605 944 2676 Grtecaz,
974 2618 1030 2663 et
1062 2607 1316 2669 Romanre
1346 2609 1583 2685 iiistorim
1615 2610 1878 2665 accidisse
1903 2610 2003 2665 ho-

394 2699 629 2755 minibus
670 2700 1065 2775 prodiderunt:
1097 2701 1329 2773 Scyllam
1371 2719 1605 2774 quoque,
1656 2713 1711 2759 et
1764 2703 2002 2760 Chimae-

392 2808 529 2855 ram,
560 2791 817 2865 Hydram,
856 2772 1018 2865 atque
1045 2793 1363 2861 Centauros,
1406 2810 1535 2850 aves
1563 2805 1616 2851 et
1647 2795 1806 2862 let-as,
1840 2796 2002 2852 ﬂores

392 2895 449 2942 ct
500 2888 751 2953 arbores,
804 2889 990 2945 stellas
1042 2900 1096 2944 et
1114 2890 1318 2961 lapides
1363 2890 1532 2947 factos
1582 2908 1647 2948 ex
1688 2892 2001 2949 hominibus

393 2990 614 3037 narrant
654 2981 850 3039 fabula:
886 3001 905 3033 ι
944 2980 1298 3055 (llierongm.,
1331 2985 1384 3038 in
1414 3002 1530 3055 cap.
1555 3002 1609 3042 ιγ
1639 2986 1842 3042 Daniel.
1863 2986 2001 3059 v.1).

467 3076 628 3133 Vides
668 3078 848 3146 itaque
873 3093 1030 3149 quam
1057 3078 1177 3152 jure
1222 3079 1414 3135 merito
1467 3080 1746 3145 Minucius,
1801 3098 1870 3137 ex
1915 3082 2000 3138 his

391 3178 447 3225 et
483 3170 603 3223 aliis
629 3170 887 3239 pluribus,
922 3169 1058 3224 inira
1086 3171 1457 3232 recensendis.
1486 3172 1774 3227 concludat
1803 3173 1994 3230 falsum

392 3264 614 3318 omnino
642 3278 763 3318 esse
789 3263 1082 3329 Caecilium,
1114 3264 1358 3336 aliosque
1383 3280 1574 3322 omnes
1603 3282 1786 3322 errare
1808 3267 1999 3324 Ethni-

391 3370 507 3423 cos,
537 3356 625 3425 qui
669 3355 931 3411 docebant
977 3358 1263 3425 unicuique
1288 3359 1456 3413 satius
1485 3374 1607 3414 esse
1647 3361 1797 3431 sequi
1831 3361 1998 3433 majo-

388 3465 508 3505 rum
540 3458 845 3505 nostrOrum
888 3449 954 3505 de
997 3450 1101 3506 diis
1145 3466 1209 3506 ac
1258 3452 1513 3523 religione
1545 3453 1884 3521 traditiones,
1943 3467 1999 3513 et

389 3543 521 3599 deos
540 3542 608 3599 ab
638 3544 739 3599 illis
757 3545 962 3618 agnitos
987 3544 1156 3615 magis
1189 3544 1475 3613 timendos,
1498 3561 1658 3617 quam
1684 3546 1997 3602 familiarius

395 3652 576 3702 nosse,
610 3646 768 3709 atque
792 3636 859 3694 de
888 3636 993 3692 illis
1023 3636 1164 3693 ferre
1193 3640 1541 3693 sententiam.

1002 3748 1231 3807 CAPUT
1270 3749 1387 3805 XV.

402 3882 797 3924 EXPENDUNTUR
862 3881 1183 3923 ARGUMENTA
1231 3881 1421 3930 QUIBUS
1460 3882 1713 3926 ιιιΝυοιυε
1748 3883 2005 3933 οετευωτ

753 3972 946 4017 ῖλιεοε
986 3973 1114 4014 Εδδε
1152 3972 1448 4015 οιςΝτιιιυιι
1486 3975 1642 4018 DEOS.

931 4088 1226 4128 ARTICULUS
1254 4088 1467 4130 PRIMUS.

397 4189 511 4260 Qua
550 4187 831 4245 insulsitate
853 4186 1076 4244 Gentiles
1104 4187 1448 4259 pra-dicabant
1479 4190 1706 4247 homines
1736 4190 1798 4245 ob
1828 4193 2005 4248 merita

465 4284 681 4348 virtutis,
719 4281 798 4338 vel
831 4282 1074 4351 beneﬁcia
1118 4283 1235 4337 aliis
1281 4283 1567 4338 [caminibus
1601 4284 1791 4339 collata
1838 4290 2003 4357 factos

467 4378 629 4450 fuisse
656 4376 816 4432 deos-

2194 1869 2382 1924 Tacuit
2436 1870 2651 1940 quidem
2707 1872 2904 1929 latinus
2948 1878 3051 1932 iste
3105 1877 3320 1945 Orator,
3369 1880 3513 1952 quod
3565 1881 3735 1940 fuerit

2120 1964 2359 2037 perversi
2408 1965 2628 2036 hujusce
2678 1972 2846 2025 moris
2878 1972 3128 2025 initium:
3163 1974 3255 2028 sed
3302 1975 3505 2032 Plinius
3546 1989 3733 2035 vetus-

2122 2060 2386 2113 tissimum
2413 2076 2533 2115 esse
2557 2062 2793 2116 declarat
2818 2081 2830 2115 :
2869 2082 2887 2115 ι
2927 2064 3021 2120 llic
3050 2075 3133 2120 est
3162 2069 3557 2127 vetustissimus
3584 2071 3729 2129 refe-

2119 2151 2270 2205 rendi
2303 2151 2443 2207 bene
2479 2155 2805 2209 merentibus
2829 2156 3053 2228 gratiam
3082 2173 3221 2225 mos,
3249 2170 3303 2214 ut
3331 2163 3465 2217 tales
3495 2164 3729 2219 numini-

2112 2243 2211 2298 bus
2234 2244 2587 2300 adseribant?
2619 2265 2638 2298 ι
2687 2247 2882 2318 (Plin.,
2915 2251 3003 2305 lib.
3062 2266 3099 2305 tt
3128 2250 3317 2307 Natnr.
3376 2253 3515 2310 Hist.
3536 2297 3553 2322 ,
3601 2275 3718 2328 cap.

2114 2338 2177 2400 7,
2210 2357 2332 2411 pag.
2368 2339 2519 2412 illi.)
2570 2340 2763 2397 Verum
2840 2345 3231 2415 quantumlibet
3281 2349 3534 2418 antiquus
3563 2351 3727 2406 fuerit

2111 2431 2204 2486 ille
2228 2447 2365 2501 tuos,
2400 2450 2505 2487 non
2538 2435 2589 2487 in
2632 2435 2796 2503 ipsius
2828 2445 3006 2492 tamen
3055 2439 3262 2505 mundi,
3296 2441 3366 2496 uti
3398 2441 3574 2498 aiebat
3601 2445 3723 2499 Cae-

2110 2525 2283 2591 cilius,
2313 2526 2571 2580 natalibus
2605 2538 2754 2583 ortus
2785 2539 2888 2583 est.
2956 2529 3109 2585 Tunc
3134 2532 3276 2586 enim
3302 2532 3582 2589 dumtaxat
3605 2551 3724 2592 cm-

2112 2617 2210 2685 pit,
2267 2628 2323 2671 ut
2346 2628 2492 2673 recte
2522 2620 2695 2691 arguit
2716 2620 2991 2686 Octavius,
3023 2623 3237 2693 quando
3270 2642 3289 2675 ι
3322 2640 3547 2696 qua-que
3573 2631 3721 2683 natio

2109 2711 2446 2766 conditorem
2479 2728 2656 2777 suum,
2690 2722 2781 2766 aut
2804 2714 2995 2769 ducem
3026 2715 3308 2787 inclytum,
3355 2727 3447 2772 ant
3476 2719 3717 2789 reginam

2110 2803 2382 2873 pudicam,
2425 2819 2563 2861 sexu
2612 2822 2709 2862 suo
2737 2806 3035 2873 fortiorem,
3091 2818 3184 2864 aut
3222 2809 3447 2882 alicujus
3475 2810 3718 2868 muneris

2111 2897 2194 2951 vel
2221 2898 2356 2953 artis
2386 2910 2717 2968 repertorem
2743 2901 3118 2958 venerabatur.
3155 2920 3175 2954 ι

2184 2991 2289 3047 Fac
2317 3003 2518 3061 tamen,
2545 2996 2589 3050 si
2620 2995 2775 3062 velis,
2802 2995 2953 3050 illum
2978 2996 3200 3065 mundo,
3230 2997 3373 3070 quod
3403 2998 3517 3055 ﬁeri
3543 2999 3719 3056 neuti-

2110 3102 2272 3159 quam
2301 3099 2473 3158 potest
2505 3089 2672 3146 luisse
2696 3105 2959 3157 emeram,
2991 3107 3279 3162 numquam
3309 3092 3435 3148 inde
3463 3095 3720 3151 conﬁcies

2110 3180 2208 3236 hos
2236 3197 2358 3237 esse
2404 3197 2563 3237 veros
2607 3182 2766 3249 Deos,
2798 3184 2888 3254 qui
2921 3199 3019 3238 nec
3065 3186 3253 3240 aeterni
3284 3196 3430 3253 sunt,
3466 3200 3566 3243 nec
3608 3187 3720 3241 im-

2106 3274 2383 3340 mortales,
2439 3274 2639 3345 quique
2682 3276 2749 3330 ab
2788 3276 3094 3332 hominibus
3135 3279 3275 3333 sicut
3314 3280 3501 3347 vitam,
3538 3281 3608 3335 ita
3653 3290 3709 3337 et

2107 3365 2350 3422 ﬁetitiam
2380 3366 2714 3423 divinitatem
2757 3379 3081 3440 acceperunt
3110 3389 3124 3425 :
3157 3371 3239 3427 vel
3282 3374 3497 3443 quibus,
3523 3382 3582 3429 ut
3634 3375 3713 3429 ait

2106 3459 2381 3526 Octavius,
2425 3460 2675 3517 divinitas
2702 3460 2820 3529 fuit,
2860 3482 2881 3515 ι
2913 3463 3177 3520 defunctis
3208 3469 3510 3536 praemium,
3542 3478 3597 3523 et
3629 3466 3714 3522 fu-

2107 3554 2241 3608 tttris
2259 3553 2487 3609 dabatur
2516 3556 2842 3625 exemplum.
2878 3576 2897 3609 ι
2956 3556 3131 3613 Variis
3172 3570 3349 3615 autem
3380 3561 3717 3631 argumentis

2110 3645 2260 3714 illud,
2309 3646 2761 3717 quemadmodum
2810 3648 3160 3718 Athanasius,
3216 3661 3271 3707 et
3314 3651 3712 3721 Theodoretus,

2110 3737 2340 3805 probare
2365 3746 2574 3808 poterat
2608 3739 2906 3811 (At/ranam,
2943 3740 3089 3796 Orat.
3112 3754 3246 3798 cont.
3272 3756 3436 3816 gent.,
3455 3763 3573 3819 pag.
3611 3747 3715 3823 18,

2108 3840 2234 3885 tom.
2270 3848 2324 3897 t;
2358 3831 2690 3901 Theodoret.,
2716 3846 2837 3888 toni.
2881 3852 2954 3890 tv.
2989 3853 3141 3891 serm.
3177 3839 3233 3902 5,
3265 3838 3329 3893 de
3354 3840 3563 3911 Angel.,
3590 3857 3711 3913 pag-

2110 3923 2238 3994 5l0)
2264 3942 2278 3979 :
2306 3925 2399 3980 sed
2425 3926 2592 3980 satius
2618 3927 2769 3981 duxit
2796 3925 3093 3996 (la-cilium,
3132 3930 3375 4002 aliosque
3397 3934 3627 4003 gentiles
3647 3934 3715 3990 ad

2111 4019 2472 4089 nosmetipsos
2505 4021 2792 4091 scriptores
2817 4024 3061 4077 mittere:
3102 4042 3122 4075 ι
3155 4022 3319 4096 Lege,
3351 4026 3539 4096 inquit,
3571 4027 3716 4084 Stoi-

2113 4126 2300 4167 corum
2326 4114 2541 4183 scripta,
2572 4114 2658 4169 vel
2686 4114 2883 4185 scripta
2904 4117 3249 4187 sapientium,
3282 4124 3471 4177 eadem
3497 4137 3711 4179 mecum

2113 4220 2490 4277 recognosces,
2531 4226 2550 4258 ι
2579 4208 2648 4264 ob
2677 4210 2888 4266 virtutis
2909 4227 2972 4267 ac
2993 4211 3344 4283 fortitudinis,
3370 4216 3454 4272 vel
3475 4220 3714 4276 muneris

2112 4299 2227 4353 sive
2261 4299 2641 4355 beneﬁciorum
2678 4320 2696 4351 ι
2735 4305 2945 4371 merita,
2980 4305 3111 4360 deos
3139 4305 3367 4363 habitos.
3402 4327 3422 4361 ι
3462 4309 3569 4365 Sed
3593 4312 3717 4382 qui-

2111 4391 2234 4447 dam
2276 4396 2613 4463 suspicantur
2665 4396 2737 4451 ibi
2776 4411 2874 4466 pro
2925 4394 3225 4453 Stoicorum
3281 4400 3565 4477 legendum
3620 4418 3711 4458 es-

460 4489 606 4546 Falsi
638 4489 861 4546 deorum
888 4488 1063 4544 cultus
1090 4486 1212 4542 fons
1249 4485 1508 4559 origoque
1537 4487 1757 4543 uberior
1779 4486 1881 4555 fuit
1909 4489 1990 4551 in-
2110 4501 2171 4540 se
2212 4486 2571 4541 historicorum
2616 4489 2755 4543 hand
2810 4489 2990 4555 dubie,
3040 4491 3167 4563 quia
3213 4492 3316 4550 hoc
3355 4509 3550 4551 nomen
3590 4511 3711 4551 ma-

397 4600 528 4642 sana
558 4583 908 4649 Elltuicorttm
937 4582 1232 4653 persuasio,
1265 4596 1368 4651 qua
1400 4596 1506 4635 non
1535 4582 1707 4635 solum
1741 4583 2000 4652 praedica-

391 4680 544 4747 bant,
574 4680 669 4737 setl
697 4692 860 4736 etiam
881 4678 1251 4748 gloriabantur
1279 4676 1410 4730 deos
1436 4691 1565 4732 suos
1589 4676 1754 4732 fuisse
1775 4679 1995 4749 quidem

390 4776 657 4842 homines,
685 4775 777 4831 sed
806 4774 896 4845 qui
925 4780 1141 4844 propter
1167 4771 1360 4837 Collata
1390 4770 1508 4825 aliis
1544 4772 1851 4827 hominibus
1899 4773 1992 4828 be-

394 4873 606 4938 neﬁt-ia,
666 4871 986 4943 egregiaque
1033 4866 1298 4932 facinora,
1359 4866 1638 4936 praemium
1697 4866 1994 4923 divinitatis

393 4968 664 5021 consecuti
700 4962 1113 5030 fuerant,~sive
1155 4974 1271 5025 eos,
1322 4967 1380 5013 ut
1426 4958 1502 5014 ait
1543 4958 1822 5023 Minucius,
1872 4978 1892 5011 ι
1927 4960 1996 5014 ob

391 5060 580 5114 merita
630 5058 862 5117 virtutis.
911 5065 1003 5110 aut
1042 5053 1278 5110 muneris
1320 5051 1452 5106 deos
1496 5051 1724 5107 habitos.
1768 5073 1786 5104 ι
1818 5052 1995 5109 Testis

394 5149 617 5220 hujusce
643 5149 863 5204 deormu
888 5147 1127 5219 originis.
1159 5145 1303 5213 omni
1332 5148 1647 5215 exceptione
1675 5148 1864 5215 major,
1900 5161 1995 5201 no-

392 5242 477 5296 bis
505 5252 587 5298 est
610 5242 816 5313 Cicero,
849 5242 937 5313 qui
969 5240 1096 5294 illud
1126 5239 1212 5294 his
1258 5239 1459 5304 verbis,
1495 5255 1521 5290 a
1552 5238 1831 5294 Lactantio
1858 5240 1992 5293 cita-

391 5336 482 5401 tis,
532 5334 725 5390 mirum
751 5335 802 5388 in
823 5336 1039 5388 modum
1080 5332 1383 5387 conlirntat.
1420 5349 1439 5383 ι
1476 5335 1721 5402 Suscepit
1761 5335 1865 5389 vita
1899 5334 1996 5386 ho-

390 5434 629 5495 minum,
672 5429 861 5496 inquit,
906 5426 1344 5495 censuetndoqne
1372 5428 1693 5493 communis,
1717 5436 1787 5493 _nt
1823 5428 1984 5484 bene-

392 5522 533 5579 ﬁciis
572 5519 901 5578 excellentes
946 5520 1089 5573 viros
1133 5520 1184 5573 iu
1216 5517 1413 5573 coelum
1460 5520 1596 5574 lania
1627 5536 1689 5575 ac
1717 5522 1993 5578 voluntate

390 5617 666 5673 toiierent.
700 5612 835 5670 Hinc
859 5612 1133 5681 Hercules,
1168 5613 1290 5666 hinc
1318 5611 1511 5668 Castor
1539 5623 1595 5670 et
1624 5614 1835 5683 Pollux,
1867 5616 1991 5672 hinc

390 5710 752 5780 .Esculapitts,
793 5707 920 5763 hinc
948 5707 1081 5781 liber
1106 5705 1265 5762 etiam
1301 5724 1320 5757 ι
1352 5705 1491 5779 (Cic.
1523 5708 1610 5764 lib.
1639 5725 1677 5764 ιι
1704 5709 1767 5764 de
1795 5710 1986 5766 Natur.

389 5805 573 5874 Dcor.,
606 5819 725 5876 pag.
752 5799 883 5870 225,
937 5798 1030 5855 lin.
1069 5798 1158 5867 1'5;
1201 5796 1461 5868 Lactant.,
1494 5800 1581 5856 lib.
1616 5817 1632 5857 ι
1665 5800 1837 5860 Instit.
1871 5820 1990 5875 cap.

2105 4583 2188 4652 gis
2233 4585 2522 4652 opponitur
2549 4588 2895 4657 subsequenti
2930 4588 3257 4657 sapientium.
3312 4590 3382 4648 At
3433 4607 3581 4648 mera
3629 4601 3715 4649 est

2106 4678 2436 4749 conjectura,
2492 4696 2591 4737 nec
2634 4697 2764 4739 Sane
2818 4683 2931 4738 sola
2962 4686 3158 4741 sullicit
3198 4687 3264 4741 ad
3315 4685 3710 4757 explodendam

2108 4774 2276 4826 ltOSlri
2322 4773 2524 4829 codicis
2558 4775 2867 4843 lectionem,
2914 4793 3033 4847 quae
3072 4774 3348 4835 Ciceronis
3390 4781 3712 4855 auctoritate

2106 4866 2306 4921 ﬁrmari
2336 4867 2564 4924 videtur.
2592 4869 2691 4926 Ubi
2720 4872 2862 4926 enim
2893 4870 3130 4943 disputat
3158 4873 3431 4947 deiis,qui
3457 4875 3621 4941 «dii,»
3655 4886 3714 4931 ut

2104 4967 2221 5031 ipse
2247 4962 2499 5033 loquitur,
2532 4983 2550 5016 ι
2590 4967 2692 5020 rite
2712 4976 2838 5020 sunt
2880 4966 3069 5033 habiti,
3109 4986 3129 5019 ι
3173 4970 3328 5024 etde
3367 4982 3575 5041 magna:
3615 4985 3711 5025 co-

2104 5071 2225 5110 rum
2286 5058 2645 5114 multitudinis
2691 5059 2919 5141 origine,
2962 5060 3157 5116 ibidem
3192 5061 3386 5129 adjecit
3420 5080 3433 5115 :
3472 5081 3491 5114 ‹
3528 5062 3712 5133 Atque

2104 5148 2192 5204 hic
2218 5152 2369 5213 locus
2416 5167 2444 5205 a
2476 5152 2691 5208 Zenone
2738 5162 3010 5219 tractatus,
3067 5164 3186 5226 post
3226 5172 3255 5212 a
3303 5156 3594 5223 Cleanthe,
3656 5168 3714 5215 et

2103 5242 2406 5315 Chrysippo
2434 5247 2672 5314 pluribus
2704 5249 2882 5302 verbis
2925 5249 3222 5318 explicatus
3247 5259 3333 5305 est
3364 5270 3383 5303 ι
3421 5250 3577 5323 (Cic..
3612 5252 3706 5308 lib.

2104 5351 2139 5389 ll
2168 5336 2231 5390 de
2262 5335 2453 5392 Nalur.
2487 5338 2627 5393 deor.
2650 5381 2665 5406 ,
2698 5356 2815 5411 pag.
2861 5339 2989 5401 225,
3021 5340 3111 5395 lin.
3147 5340 3217 5396 20
3243 5351 3289 5396 et
3316 5360 3451 5414 seqq.
3479 5342 3518 5414 ).
3568 5342 3713 5400 Con-

2103 5440 2211 5484 stat
2271 5442 2448 5488 antem
2500 5433 2769 5503 Zenonem
2820 5436 3119 5491 Stoicorum
3171 5436 3336 5494 fuisse
3387 5440 3707 5512 principem,

2104 5524 2312 5593 hosque
2343 5525 2485 5579 illius
2511 5524 2824 5596 discipulos,
2846 5529 2986 5584 sicut
3014 5528 3173 5585 docet
3200 5529 3464 5597 Laertius,
3489 5535 3578 5603 qui
3610 5548 3709 5590 eo-

2100 5632 2220 5671 rum
2275 5620 2435 5675 vitam
2492 5622 2725 5691 scripsit,
2784 5638 2988 5695 nosque
3043 5624 3169 5680 alibi
3225 5625 3710 5683 animadvertimus

2099 5708 2296 5773 (Laert.
2332 5710 2422 5767 lib.
2454 5727 2526 5768 VII
2556 5712 2619 5766 de
2654 5712 2757 5768 Vit.
2810 5723 2857 5769 et
2902 5716 3128 5788 dogmat.
3181 5716 3500 5791 philosoph.,
3534 5717 3562 5794 ᾗ
3600 5719 3623 5774 1
3660 5729 3708 5778 et

2098 5820 2201 5876 seq.
2223 5803 2372 5861 Tom.
2412 5806 2704 5880 tApparat.
2738 5824 2858 5882 pag.
2886 5809 3070 5885 1125).
