3972 6310
225 250 339 313 557
1680 255 2154 319 DISSER'I‘ATIO.
3422 280 3531 342 553

306 376 417 430 Duo
444 379 705 445 prseterea
727 372 815 430 alii
845 379 1010 431 testes
1028 374 1308 433 aliinucio
1329 382 1516 433 nostro
1542 376 1827 449 prolerun-
1850 380 1905 440 Α
1931 378 2083 443 deos,
2110 387 2203 436 aut
2232 380 2495 439 meruisse
2519 380 2873 443 divinitatem.
2920 382 3054 445 Nam
3088 391 3316 462 ipsemet
3340 394 3534 458 Cicero

229 478 341 533 tur,
361 478 414 524 et
440 471 585 535 prior
604 466 821 539 quidem
845 488 858 522 :
883 488 902 521 ι
932 466 1192 527 Prodicus
1205 480 1530 542 assumptus,
1552 472 1740 541 inquit.
1768 474 1820 528 iu
1924 485 2046 544 post
2068 474 2231 531 citata
2259 492 2289 531 a
2327 477 2482 545 nobis
2506 478 2666 548 paulo
2694 489 2819 541 ante
2843 481 2913 537 de
2939 483 3164 541 Prodico
3188 489 3371 557 verba,
3403 508 3534 549 con-

227 563 364 625 deos
396 561 650 633 loquitur,
699 563 787 633 qui
815 562 1046 620 errando
1087 564 1321 621 inventis
1355 566 1510 621 novis
1560 564 1821 636 frugibus,
1927 567 2077 622 tinuo
2125 568 2450 638 subiunxit:
2486 591 2508 624 r
2539 572 2709 637 Quam
2752 574 2965 631 tandem
3007 579 3339 650 religionem,
3379 605 3397 635 ι
3443 589 3534 644 ille

227 656 444 717 ηιίιίιαιί
477 655 757 715 [mitium
780 657 1071 724 proiecere.
1106 676 1126 711 ι
1158 657 1347 714 Nonne
1365 668 1542 715 autem
1569 657 1686 715 llch
1734 658 1826 716 ille
1925 657 2203 726 Prodicus,
2234 682 2252 713 ‹
2283 662 2574 732 relinquit?
2607 683 2626 716 ι
2661 664 2821 736 (ϐία,
2844 669 2931 723 lib.
2966 686 3003 725 ιι
3041 672 3105 727 ἀι
3135 672 3327 730 Natur.
3360 678 3531 744 deor,.

228 747 488 805 delibavit
512 764 579 802 ex
606 747 752 804 hisce
776 746 1052 807 Ciceronis
1076 751 1253 807 verbis
1283 770 1295 804 :
1332 769 1351 803 ι
1380 751 1639 811 Prodicus
1660 749 1827 809 Chius
1927 767 2048 823 pag.
2078 752 2216 821 219.,
2249 754 2343 811 lin.
2398 756 2515 828 54.)
2569 758 2789 829 ltejecto
2832 762 3091 833 siquidem
3125 782 3253 823 vero
3276 769 3405 840 Deo,
3439 770 3542 828 fal-

228 857 319 906 ea,
348 856 468 912 qua:
493 840 809 911 prodessent
835 840 1110 903 hominum
1141 843 1287 909 vitze,
1312 844 1533 903 deorum
1556 846 1607 902 in
1638 861 1830 902 nume-
1931 845 2113 916 sisque
2145 848 2487 917 introductis,
2534 851 2677 906 nulla
2711 853 2870 922 plane
2892 856 3102 928 religio.
3129 860 3221 921 sed
3259 877 3385 917 vana
3421 874 3539 921 tan-

229 950 296 992 ro
319 934 496 988 habita
534 948 657 990 esse
698 934 870 991 dixit?
909 954 928 986 ι
969 936 1089 993 Alio
1135 935 1312 993 adhuc
1352 937 1406 997 in
1453 937 1589 995 libro
1632 938 1826 1005 reiert,
1935 945 2045 992 tum
2070 942 2385 1008 superstitio
2411 956 2531 1001 esse
2571 954 2766 1012 potest.
2822 949 2890 1003 At
2929 949 2980 1002 si-
3020 966 3200 1015 rerum
3226 953 3539 1014 hominibus

230 1027 359 1098 quid
388 1026 455 1082 de
480 1042 547 1082 eo
590 1026 886 1097 Xenophon
913 1028 1149 1096 tradidit,
1184 1030 1433 1102 hancque
1458 1030 1830 1102 Xenophontis
1932 1030 2143 1087 utilium
2173 1032 2484 1099 inventores
2509 1034 2582 1091 dii
2613 1051 2733 1101 esse
2761 1053 2869 1094 non
2897 1054 3142 1110 possunt,
3170 1048 3541 1108 multominus

229 1120 409 1178 locum
448 1122 573 1183 alibi
623 1124 923 1181 notavimus
948 1121 1121 1192 (Cia,
1156 1124 1243 1183 lib.
1278 1141 1295 1180 I
1328 1127 1392 1181 de
1425 1124 1617 1183 Natur.
1659 1128 1831 1194 deam,
1933 1138 2023 1178 res
2044 1125 2112 1179 ab
2130 1125 2249 1181 aliis
2280 1128 2530 1183 iuventte.
2567 1146 2585 1183 ι
2622 1128 2781 1199 Quid,
2818 1150 2839 1193 ι
2870 1150 3100 1204 namque
3127 1156 3145 1188 ι
3179 1139 3481 1207 absurdius,
3516 1163 3536 1196 ι

231 1236 352 1289 pag.
382 1217 522 1282 212,
553 1218 644 1273 lin.
680 1217 770 1284 72,
814 1235 859 1275 ει
887 1219 975 1275 lib.
1025 1236 1045 1275 ι
1070 1219 1136 1273 de
1174 1218 1346 1290 Οβση
1389 1238 1508 1294 pag.
1551 1220 1678 1289 567,
1735 1221 1828 1277 lin.
1934 1217 2010 1270 ait
2034 1216 2209 1272 adhuc
2236 1217 2446 1285 Cicero,
2483 1239 2501 1271 ι
2540 1236 2698 1291 quam
2734 1231 2828 1278 aut
2854 1240 2940 1280 res
2969 1226 3235 1293 sordidas,
3261 1242 3424 1302 atque
3445 1235 3546 1290 de-

233 1311 336 1377 l9;
364 1309 509 1366 Tant.
544 1312 591 1367 ι.
617 1312 867 1382 Apparet.
899 1330 1017 1383 pag.
1063 1312 1248 1384 1245).

1972 1323 2161 1376 armes,
2182 1310 2404 1387 deorum
2419 1327 2543 1369 esse
2560 1314 2832 1370 vocabulis
2846 1319 3165 1386 nominatas,
3186 1333 3278 1376 aut
3295 1323 3546 1379 hoinines

305 1404 587 1461 Secundus
616 1404 687 1463 ab
709 1414 933 1462 auctore
952 1418 1137 1461 nostro
1160 1408 1460 1477 appellatur
1477 1427 1498 1461 ι
1527 1408 1779 1476 Perseus,
1812 1429 1834 1464 ι

1972 1419 2047 1458 πη
2078 1416 2252 1462 morte
2285 1406 2515 1473 deletos,
2544 1424 2809 1480 reponere
2846 1412 2897 1466 in
2927 1414 3077 1478 deos,
3110 1432 3337 1486 quorum
3368 1423 3549 1477 omnis

233 1512 332 1555 seu
352 1496 619 1561 Perseius,
656 1515 676 1549 ι
710 1498 801 1567 qui
834 1498 884 1551 in
912 1497 1211 1563 carudem,»
1248 1501 1322 1555 uti
1352 1500 1448 1568 ait,
1475 1519 1494 1553 ι
1523 1503 1843 1558 sententiam

1977 1499 2117 1553 ultus
2143 1497 2349 1556 futurus
2369 1501 2589 1557 essetin
2615 1502 2758 1558 luctu
2777 1502 2939 1576 (Ibid.
2966 1524 3086 1577 pag.
3108 1508 3246 1575 201,
3273 1512 3368 1568 lin.
3389 1513 3451 1567 ﬁl
3470 1520 3504 1581 ).
3522 1532 3543 1565 ι

234 1589 673 1660 philosophatur.
703 1604 755 1647 et
780 1592 1019 1648 annectit
1045 1593 1291 1649 iuventas
1316 1593 1519 1665 fruges,
1549 1606 1607 1651 et
1625 1595 1837 1667 lirugum
1944 1591 2087 1648 Nihil
2113 1605 2288 1649 autem
2316 1611 2378 1650 ea
2414 1597 2680 1651 sententia
2720 1600 2920 1665 verius,
2962 1604 3396 1674 quandoquidem
3424 1618 3552 1663 ante

235 1683 475 1754 ipsarum
517 1697 821 1755 repertoms
875 1686 1065 1742 iisdem
1108 1687 1449 1756 nominibus,
1505 1700 1562 1746 ut
1602 1692 1843 1746 cautious
1942 1684 2209 1755 quaslibet
2238 1701 2324 1743 res
2355 1688 2622 1757 inventas,
2680 1704 2744 1746 ac
2785 1692 3054 1761 quoslibet
3092 1710 3277 1752 earum
3304 1699 3553 1755 invento-

236 1794 423 1836 scruto
466 1790 548 1837 est
584 1780 849 1837 Venerem
877 1784 997 1837 sine
1031 1780 1226 1837 Libero
1250 1793 1305 1839 et
1336 1782 1537 1841 Cerere
1558 1784 1777 1858 higere.
1820 1801 1843 1836 ι
1878 1769 1925 1839 Β
1954 1794 2061 1846 res,
2091 1790 2286 1839 creata:
2315 1783 2503 1854 procul
2524 1783 2688 1839 dubio
2708 1785 2777 1841 ab
2806 1787 2898 1840 illo
2923 1788 3156 1857 fuerant,
3181 1793 3270 1862 qui
3300 1794 3559 1851 mundum

237 1876 498 1934 Comicus
529 1884 708 1933 autem
736 1876 1025 1935 Terentius
1052 1879 1280 1933 cecinit:

370 1989 609 2049 Verbum,
636 1990 824 2050 hercle,
848 1992 944 2042 hoc
962 2004 1133 2041 verum
1158 1997 1237 2042 est
1263 2006 1274 2040 ε

371 2053 492 2105 Sine
509 2053 691 2119 Libero
714 2064 768 2111 et
790 2054 977 2109 Cerere
1023 2063 1175 2119 triget
1208 2055 1397 2107 Venus.

744 2138 990 2205 (Terent,
1019 2139 1238 2211 Ennuch.
1263 2146 1359 2190 act.
1388 2154 1434 2193 tv
1458 2152 1590 2192 scen.
1618 2141 1690 2203 ὃ.)

242 2252 314 2309 At
348 2250 421 2309 ibi
453 2250 582 2313 illud
612 2250 679 2306 ab
698 2250 804 2306 alio
827 2250 1005 2307 adhuc
1032 2250 1376 2323 desumptum
1402 2265 1524 2313 esse
1561 2252 1847 2324 signiﬁcat.

243 2349 290 2407 Δ
320 2364 435 2419 quo
462 2356 661 2414 autem,
706 2347 811 2403 nisi
836 2348 905 2404 ab
934 2346 1215 2418 Euripide,
1275 2347 1433 2419 cuius
1454 2357 1539 2404 est
1577 2348 1680 2407 hoc
1713 2365 1854 2422 grac-

244 2457 375 2499 cutn
404 2440 665 2499 cannea?

409 2565 543 2617 κωφὸν
564 2555 750 2617 imam
767 2566 939 2604 Διονύσου
962 2561 1067 2616 ﬁla,
1084 2565 1146 2603 ul.
1168 2565 1369 2616 Δήμητρος.

407 2637 600 2690 Iortua
619 2645 698 2689 est
715 2637 905 2698 Venus,
933 2638 1049 2687 sine
1065 2636 1279 2696 Baccho,
1300 2645 1355 2688 et
1366 2637 1575 2690 Cerere.

244 2746 386 2814 Qua
411 2756 591 2801 autem
622 2746 689 2801 de
718 2744 916 2801 Perseo
960 2745 1141 2800 retth
1178 2743 1473 2810 Minucius;
1505 2745 1693 2802 hausta
1720 2762 1855 2817 quo-

244 2854 359 2910 que
387 2838 620 2903 fuerant,
659 2840 797 2893 sicut
824 2838 1122 2908 superiora,
1162 2852 1228 2891 ex
1254 2837 1444 2893 eodem
1477 2838 1613 2893 libro
1639 2837 1858 2895 Cicero-

244 2933 335 2987 nis
370 2947 400 2986 a
431 2932 583 2986 nobis
608 2931 719 3001 jam
744 2914 930 2997 citato,
978 2929 1066 2986 ubi
1102 2929 1219 2985 haec
1248 2929 1476 3001 legimus
1514 2949 1527 2985 :
1574 2949 1595 2983 ε
1628 2931 1858 2989 Perseus

244 3024 488 3080 lctionis
536 3024 775 3089 auditor,
815 3042 835 3076 ι
872 3022 1016 3078 sicut
1064 3024 1229 3078 etiam
1279 3022 1543 3087 Laertius,
1589 3024 1673 3080 vel
1721 3025 1862 3080 sicut

244 3115 549 3171 Athenaeus
576 3114 667 3178 ait,
690 3114 938 3177 famulus,
976 3133 1003 3167 ε
1028 3128 1123 3169 eos
1162 3114 1292 3169 dicit
1320 3127 1441 3171 esse
1469 3098 1680 3171 habitos
1719 3114 1855 3173 deos

246 3225 276 3264 a
301 3210 504 3280 quibus
528 3223 715 3278 magna
743 3208 949 3263 utilitas
969 3207 1034 3261 ad
1064 3208 1187 3263 vita:
1211 3208 1413 3264 cultum
1438 3218 1582 3265 esset
1606 3209 1855 3278 inventa;

246 3303 506 3373 ipsasque
534 3318 624 3357 res
652 3302 829 3368 utiles,
889 3310 945 3356 et
987 3302 1250 3357 salutares
1278 3302 1500 3357 deorum
1548 3318 1670 3360 esse
1700 3320 1860 3360 voca-

1954 1885 2009 1931 et
2042 1889 2233 1932 omnes
2258 1888 2537 1935 creaturas
2575 1876 2835 1946 condidit,
2880 1882 3135 1953 solusque
3167 1885 3367 1944 idcirco
3415 1890 3558 1946 Deus

1957 1980 2079 2024 esse
2110 1978 2303 2038 potest.
2348 1970 2479 2040 Quis
2501 1987 2632 2043 ergo
2652 1987 2757 2029 non
2800 1975 3083 2032 mirabitur
3111 1978 3255 2036 hunc
3284 1981 3336 2036 in
3370 1983 3561 2051 primis

1958 2075 2029 2116 ex
2059 2064 2483 2133 corruptissimis
2507 2066 2740 2122 fontibus
2761 2084 2929 2124 unum
2951 2084 3091 2134 esse,
3108 2087 3173 2128 ex
3193 2089 3298 2141 quo
3322 2076 3561 2130 ntanavit

1959 2152 2261 2209 idololatria
2287 2156 2589 2228 impiosque
2631 2158 2886 2217 falsorum
2928 2162 3150 2231 deorum
3182 2167 3357 2225 cultus
3389 2178 3563 2226 totum

1955 2252 2218 2301 terrarum
2240 2248 2428 2309 orbem
2471 2251 2769 2307 inundavit.

2567 2378 2864 2422 AB‘I‘ICULUS
2902 2383 2960 2422 ll.

1956 2474 2305 2532 Examinatur
2335 2477 2553 2534 Minucii
2572 2492 2929 2552 argumentum
2950 2500 3048 2555 quo
3077 2488 3236 2557 falsos
3265 2504 3372 2545 esse
3398 2490 3567 2563 genti-

2029 2572 2155 2625 lium
2184 2573 2303 2628 deos
2325 2573 2502 2643 probat
2529 2591 2591 2629 ex
2618 2593 2789 2630 eorum
2820 2592 2954 2646 ortu,
2987 2583 3173 2650 patria,
3199 2595 3378 2651 morte,
3395 2586 3570 2655 sepul-

2031 2667 2188 2735 chris,
2218 2685 2278 2721 ac
2309 2670 2585 2739 prtesertint
2612 2669 2757 2725 lovis
2786 2670 2990 2739 Dictaei,
3022 2675 3276 2746 Apollinis
3305 2678 3565 2750 Delphici,

2030 2758 2191 2815 Isidis
2219 2758 2429 2816 Pharia:
2449 2805 2462 2827 ,
2492 2772 2535 2817 et
2564 2762 2839 2821 Eleusinia:
2863 2766 3080 2823 Cereris.

2033 2920 2155 2977 Alio
2201 2920 2376 2976 adhuc
2430 2920 2695 2978 Minucius
2739 2935 3054 2995 argumento
3106 2926 3345 2985 funditus
3381 2932 3581 2990 evertit

1962 3015 2145 3071 ﬁctam
2174 3030 2204 3070 a
2239 3015 2531 3087 gentilibus
2548 3017 2787 3072 omnium
2823 3020 3100 3075 numinum
3127 3037 3346 3078 suorum
3377 3026 3578 3081 divini-

1960 3117 2147 3167 tatem.
2207 3111 2293 3167 Ah
2336 3111 2401 3166 iis
2432 3119 2612 3167 autem
2655 3111 2782 3165 illud
2812 3128 3022 3167 rursum
3053 3115 3380 3187 deprompsit
3410 3162 3424 3185 ,
3457 3136 3579 3190 qua:

1938 3203 2036 3278 .illi
2084 3202 2185 3272 ipsi
2244 3202 2316 3258 de
2371 3202 2686 3258 cornmdem
2731 3202 2955 3259 deorum
3011 3221 3228 3261 suorum
3281 3211 3574 3281 natalibus,

1964 3296 2134 3366 patria
2165 3303 2219 3349 et
2247 3293 2551 3363 sepulchris
2579 3294 2880 3363 tradebant,
2911 3312 2975 3350 ac.
3003 3314 3291 3369 numquam
3314 3318 3417 3356 non
3446 3319 3578 3360 ven-

248 3396 398 3451 bulis
428 3405 782 3466 nuncupatas,
825 3403 881 3449 ut
930 3410 999 3450 ne
1025 3395 1127 3450 hoc
1155 3396 1369 3465 quidem
1401 3396 1607 3451 diceret
1646 3397 1738 3452 illa
1778 3398 1863 3453 in-
1964 3388 2224 3444 (litabant.
2247 3389 2475 3445 Necesse
2501 3388 2858 3461 proculdubio
2887 3406 2992 3445 non
3020 3403 3155 3458 erat,
3188 3402 3245 3447 ut
3273 3394 3325 3449 id
3352 3411 3459 3465 quo
3485 3394 3583 3452 mi-

248 3499 413 3545 vcnta
453 3503 576 3545 esse
622 3490 866 3554 deorum,
906 3487 1003 3544 sed
1031 3490 1143 3557 ipsa
1172 3474 1350 3543 divina
1384 3510 1404 3543 ι
1434 3488 1605 3559 (αα,
1640 3489 1727 3545 lib.
1759 3507 1775 3544 ι
1806 3491 1872 3547 de
1967 3481 2119 3537 riﬁce
2140 3481 2528 3553 gloriabantur,
2549 3482 2880 3552 probandum
2905 3487 3224 3555 susciperet.
3249 3485 3465 3542 Testem
3493 3489 3578 3543 ni-

252 3582 453 3638 Nam.
484 3584 651 3646 Λυσι,
681 3601 800 3654 pag.
821 3582 927 3638 201
949 3624 965 3649 ,
986 3584 1079 3637 lin.
1104 3583 1189 3647 l8;
1220 3582 1417 3650 Μαι,
1449 3584 1537 3639 lib.
1567 3598 1661 3650 vn,
1687 3586 1739 3640 in
1764 3587 1867 3640 vim
1963 3575 2254 3631 hilominus
2283 3575 2582 3645 vademque
2608 3577 2969 3632 certissimum
3017 3578 3383 3635 Euhetnerum
3421 3580 3576 3638 hisce

250 3675 523 3747 Zenon..§
551 3677 620 3733 15
640 3676 801 3741 8154;
821 3676 1031 3743 Atium,
1051 3676 1141 3731 lib.
1160 3693 1213 3731 Iv
1239 3676 1587 3750 Deipnosoph.
1618 3695 1731 3750 cap.
1776 3679 1863 3745 l7,

252 3785 380 3840 pag.
414 3768 560 3840 162).
611 3768 682 3825 At
709 3785 774 3825 ex
809 3770 972 3824 citato
1000 3770 1171 3825 Latini
1199 3780 1253 3825 et
1295 3769 1466 3825 (irasci
1493 3781 1664 3841 poetrn
1702 3786 1864 3827 versu

252 3859 419 3916 facile
459 3861 770 3931 intelligitur
809 3858 1098 3916 aMinucio
1145 3870 1329 3917 nostro
1373 3874 1491 3931 post
1540 3860 1860 3919 Ciceronem

253 3952 532 4024 designari
579 3954 912 4023 potissimum
953 3953 1208 4010 Cererem
1239 3964 1286 4010 et
1329 3952 1623 4022 Bacchum,
1656 3954 1745 4022 qui
1777 3970 1863 4011 res

254 4046 539 4102 hominum
567 4047 694 4102 vita:
716 4048 954 4103 omnium
983 4047 1295 4104 utilissimas
1325 4047 1592 4104 invenisse
1617 4047 1861 4106 fereban-

256 4150 369 4196 tur.
414 4128 1168 4211 Quapropter'kthenagoras
1214 4140 1431 4195 eosdem
1470 4138 1732 4196 Ethnicos
1780 4157 1866 4195 ar-

253 4235 394 4307 guit,
426 4236 514 4305 qui
565 4235 1174 4305 elementa.eormnque
1221 4243 1400 4304 partes
1452 4233 1726 4300 deiﬁcant,
1785 4240 1864 4288 Τὰ

274 4332 498 4399 accipiat
527 4342 607 4384 καὶ
634 4335 699 4384 τὰ
721 4332 871 4399 μόρια.
904 4333 1055 4385 θῦτῶν
1076 4335 1361 4393 θεοποιοῦσι,
1393 4343 1457 4384 ac
1484 4326 1603 4383 vitis
1636 4328 1864 4385 fructum

257 4420 533 4478 Bacchum
580 4422 873 4493 appellant,
932 4421 1202 4491 vitemque
1252 4423 1421 4491 ipsam
1469 4420 1761 4490 Semelein,
1814 4431 1867 4478 ct

1970 3670 2315 3740 todidemque
2360 3670 2537 3727 verbis
2573 3670 2723 3726 dedit
2753 3688 2767 3724 :
2820 3690 2839 3723 ι
2873 3671 3212 3728 Euhemerus
3235 3676 3572 3746 exsequitur,

1967 3775 2221 3820 eteorum
2238 3765 2464 3831 natales,
2492 3765 2717 3835 patrias,
2737 3765 3024 3834 sepulchra
3047 3766 3371 3833 dinumerat,
3396 3781 3445 3824 et
3471 3786 3572 3841 per

1967 3859 2271 3928 provincias
2298 3869 2581 3915 monstrat.
2624 3879 2642 3911 ι
2678 3859 2943 3914 Prmvium
2974 3872 3149 3915 autem
3182 3862 3252 3915 ibi
3283 3877 3433 3918 more
3471 3878 3576 3919 suo

1962 3953 2116 4024 sequi
2153 3953 2362 4009 videtur
2400 3953 2737 4020 Ciceronem,
2768 3953 2859 4025 qui
2896 3973 2916 4006 ι
2950 3955 3018 4010 ab
3047 3956 3386 4023 Euhemero,
3425 3979 3443 4011 ι
3479 3960 3564 4015 in-

1963 4047 2109 4118 quit,
2146 4064 2165 4099 ‹
2199 4054 2253 4101 et
2282 4055 2482 4101 mortes
2503 4088 2516 4110 ,
2546 4055 2599 4101 et
2638 4047 2926 4116 sepulturae
2961 4046 3401 4105 demonstrantur
3439 4050 3573 4107 dco-

1960 4156 2081 4195 rum
2119 4159 2137 4193 ι
2199 4138 2417 4209 (Cicer.
2466 4139 2555 4197 lib.
2604 4157 2620 4196 ι
2678 4140 2741 4195 de
2789 4140 2980 4196 Natur.
3037 4144 3202 4209 deor.,
3252 4159 3373 4215 pag.
3434 4146 3573 4213 112,

1966 4233 2062 4287 lio.
2096 4233 2164 4287 57
2194 4233 2233 4301 ).
2304 4231 2408 4288 Iste
2441 4248 2572 4288 vero
2601 4232 2969 4299 Euhemerus,
3012 4235 3055 4288 si
3088 4234 3190 4290 hoc
3219 4236 3357 4291 scire
3381 4252 3572 4307 avens,

1964 4341 2171 4397 graecus
2201 4326 2297 4381 fuit
2327 4327 2578 4397 scriptor,
2611 4342 2772 4398 quem
2805 4327 2895 4381 alii
2929 4329 3096 4397 patria
3131 4327 3565 4398 Agrigentinum,

1966 4421 2054 4475 alii
2084 4419 2427 4485 Messenioni,
2452 4420 2667 4489 quidam
2694 4420 2886 4485 COlltll,
2921 4431 3077 4491 atque
3098 4420 3257 4476 etiam
3281 4420 3571 4493 Tegewtcm

256 4515 465 4572 fulmen
484 4524 675 4571 aestum
718 4515 879 4578 Solis,
911 4524 988 4571 rei
1010 4520 1059 4570 δὲ
1083 4532 1168 4580 τῆς
1192 4520 1411 4585 ἀμπέλου
1433 4527 1612 4590 καρπὸν
1632 4522 1863 4588 Διὸνυσον,

1972 4513 2336 4570 crediderunt.
2371 4514 2529 4569 Plura
2558 4524 2736 4570 autem
2770 4514 3111 4568 historiarum
3143 4516 3448 4583 composuit
3478 4532 3574 4571 vo-

257 4620 349 4666 ιιι
377 4617 584 4677 Σεμέλην
618 4613 770 4664 «inim
806 4620 895 4668 τὶν
920 4611 1148 4678 amens.
1172 4613 1255 4665 arati
1280 4622 1499 4681 κεραυνὸν
1518 4622 1605 4667 τοῖν
1629 4624 1711 4669 τοῦ
1734 4621 1870 4675 ἡλίου

260 4704 412 4773 φλόγα
434 4702 708 4774 (Athenag.
739 4702 889 4772 legat.
920 4719 1017 4773 pro
1051 4698 1334 4758 Christian.
1362 4720 1479 4775 pag.
1511 4703 1629 4775 24).
1695 4707 1865 4772 Quam

263 4793 521 4848 audacter
563 4809 693 4848 vero
722 4794 924 4849 ethnici
951 4795 1133 4849 Cereri
1166 4794 1375 4867 frugum
1411 4788 1463 4851 et
1490 4796 1597 4850 vini
1633 4795 1867 4865 Baccho,

265 4889 343 4944 uti
370 4898 552 4944 narrat
589 4888 852 4945 Diodorus
879 4890 1112 4955 Siculus,
1140 4890 1365 4963 aliisque
1393 4892 1618 4948 aliarum
1662 4909 1863 4963 rerum,

269 4980 580 5038 hominibus
627 4981 857 5046 utilium,
918 4983 1278 5039 inventionem
1328 4984 1634 5052 tribuerint,
1684 4987 1735 5041 in
1778 5000 1867 5042 se-

269 5077 555 5145 quentibus
583 5077 784 5132 nostris
808 5077 1276 5152 dissertationibus
1311 5079 1657 5135 ostendemus
1696 5078 1715 5152 (
1738 5079 1869 5135 Dio.

271 5170 386 5223 dor.
410 5167 603 5235 Sicul.,
641 5169 729 5223 lib.
757 5186 811 5225 ιιι
842 5168 1111 5235 Bibliolh.,
1151 5148 1270 5241 ing.
1303 5170 1428 5238 ita,
1464 5181 1509 5226 et
1540 5173 1629 5228 lib.
1666 5148 1717 5239 ις
1748 5190 1867 5245 pag.

270 5260 417 5327 252;
451 5260 639 5317 Dissert
669 5261 721 5317 in
754 5261 969 5339 Antob.,
1020 5278 1135 5333 cap.
1184 5261 1239 5326 9,‘
1271 5270 1370 5317 art.
1412 5263 1481 5328 2;
1513 5265 1566 5319 in
1612 5262 1869 5334 Lactant,

273 5370 391 5423 cap.
423 5355 514 5419 ὅθ,
552 5363 651 5409 ari.
686 5356 753 5418 5;
774 5354 827 5408 in
855 5354 1183 5421 Tcrtullian.,
1217 5373 1330 5426 cap.
1375 5356 1467 5424 35,
1497 5368 1597 5412 art.
1630 5358 1709 5430 5).
1766 5354 1877 5413 Nec

275 5447 455 5503 minus
498 5433 783 5519 perspicue
827 5448 1318 5505 demonstrabimus
1358 5464 1516 5521 quam
1560 5462 1703 5506 recte
1743 5450 1882 5505 anti-

277 5541 522 5610 quissimi
573 5544 737 5597 nostri
795 5544 1105 5614 scriptores,
1153 5544 1311 5599 sicuti
1360 5540 1621 5600 Minucius
1671 5552 1878 5611 noster,

1970 4607 2194 4671 lumina,
2227 4606 2317 4662 ubi
2359 4622 2444 4667 ea.
2475 4622 2597 4677 qum
2623 4623 2651 4659 a
2681 4605 2943 4661 Cicerone
2982 4605 3322 4675 Minucioque
3363 4623 3574 4663 memo-

1971 4708 2177 4763 rantur,
2208 4698 2400 4755 litteris
2429 4698 2726 4755 mandavit.
2758 4699 2976 4770 Legesis
3002 4698 3373 4763 Plutarchum,
3398 4698 3570 4755 Athe-

1972 4810 2168 4858 nmum,
2202 4790 2501 4859 Albanum,
2534 4792 2913 4862 Augustinum,
2944 4791 3368 4857 Theodoretum,
3406 4791 3579 4848 alios-

1970 4906 2075 4962 que
2126 4905 2156 4944 a
2212 4889 2370 4943 nobis
2421 4888 2472 4943 in
2533 4887 2798 4956 superiori
2847 4886 3156 4953 Apparatus
3202 4887 3369 4942 nostri
3421 4896 3569 4942 tomo

1972 4986 2166 5039 citatos
2207 4982 2508 5056 (Plutarch.
2566 4983 2656 5036 lib.
2713 4980 2777 5036 dc
2823 4978 2956 5034 Isid.
3001 4989 3048 5034 ct
3080 4978 3243 5039 03in.
3279 4995 3401 5051 pag.
3444 4978 3576 5048 360;

1975 5082 2197 5144 Athen.,
2246 5079 2338 5134 lib.
2395 5093 2502 5140 κεν.
2563 5076 2955 5142 Deipnowph.,
3004 5090 3121 5144 pag.
3182 5074 3289 5129 658
3320 5091 3335 5138 ;
3365 5073 3572 5129 Elian.

1975 5173 2069 5228 lib.
2103 5188 2140 5227 tt
2174 5169 2300 5225 Var.
2335 5170 2480 5235 Irish,
2540 5184 2659 5236 cap.
2694 5166 2786 5232 52;
2823 5166 3124 5232 Attgmtitl.,
3156 5165 3245 5222 lib.
3272 5183 3289 5221 ι
3318 5167 3380 5221 de
3410 5166 3582 5223 Evan-

1977 5270 2103 5341 ρει..
2123 5284 2243 5338 cap.
2265 5266 2358 5330 25;
2375 5266 2676 5332 'l'beodor.,
2704 5280 2867 5319 serm.
2885 5265 2940 5327 5,
2965 5265 3028 5319 de
3054 5265 3259 5331 Angel..
3289 5280 3387 5336 pag
3430 5266 3583 5337 506).

1979 5362 2058 5417 Ibi
2090 5370 2268 5417 autem
2312 5362 2721 5417 observavimus
2764 5358 2908 5413 hunc
2952 5359 3315 5416 Euhemerum
3363 5377 3389 5415 a
3436 5362 3582 5418 mal-

1981 5458 2053 5512 tis
2104 5456 2385 5511 atheorum
2445 5467 2702 5517 numero,
2770 5449 2911 5505 haud
2964 5451 3127 5508 dubie
3189 5463 3406 5521 propter
3465 5453 3588 5507 illas

1986 5549 2212 5606 deorum
2254 5545 2546 5609 historias,
2589 5542 2753 5598 fuisse
2799 5542 3151 5615 adscriptum.
3212 5544 3319 5603 Sed
3374 5543 3425 5605 id
3476 5561 3590 5601 non

280 5634 628 5703 probaverim
652 5652 680 5690 a
731 5637 883 5693 nullo
904 5653 1050 5693 same
1080 5640 1276 5693 mentis
1301 5637 1539 5701 homine,
1579 5654 1644 5694 ex
1674 5638 1760 5694 bis
1797 5637 1886 5694 vel
1988 5642 2263 5715 prohibuit
2286 5683 2302 5709 ,
2355 5639 2644 5711 quominus
2672 5636 2908 5699 Ennius,
2939 5640 3023 5711 uti
3052 5638 3243 5696 Cicero
3262 5681 3278 5708 ,
3309 5648 3364 5697 et
3404 5650 3595 5710 postea

283 5727 407 5782 aliis
460 5730 885 5805 quibuscumque
927 5733 1204 5788 beneﬁciis
1252 5733 1353 5788 sibi
1407 5732 1636 5799 collatis,
1694 5731 1890 5791 conﬁci
1993 5732 2319 5805 Augustinus
2344 5731 2511 5795 aiunt,
2538 5729 2655 5799 ejus
2684 5727 3260 5801 Iibrosinterprctatus
3287 5733 3379 5800 sit,
3410 5746 3584 5804 eaque

294 5838 452 5895 posse
483 5839 599 5893 eos,
648 5842 677 5881 a
706 5828 900 5899 quibus
932 5840 1142 5901 reperta
1190 5843 1290 5886 nec
1334 5839 1515 5887 creata
1568 5837 1717 5896 sunt,
1770 5844 1894 5886 esse
1996 5843 2124 5885 vera
2152 5827 2281 5893 sint,
2310 5839 2432 5895 quae
2474 5822 2543 5881 de
2573 5823 2789 5881 illorum
2838 5822 3067 5881 deorum
3098 5825 3383 5894 ltalalibus.
3432 5826 3595 5889 rebus
