3972 6310
438 251 544 310 559

1798 236 1888 295 ΒΕ
1928 235 2181 295 MINUCII
2220 232 2522 293 OCTAVIO

3630 243 3724 302 500

438 377 621 445 gestis,
657 373 941 439 mortibus,
966 382 1020 427 et
1045 368 1348 439 sepulchris
1379 374 1691 423 narraverat
1711 365 1910 439 (Cicer.
1929 365 2032 419 loc.
2063 374 2114 424 Α
2142 369 2421 431 sequestre
2459 358 2575 429 ejus
2618 355 2889 431 Cypriano
2917 367 3306 427 memoratum,
3339 361 3480 433 quod
3508 370 3723 432 spectat,

437 469 558 531 cit.:
581 467 935 541 August.,lib.
960 481 1033 522 vn
1064 466 1125 519 de
1145 463 1318 530 Cirin,
1340 478 1461 532 cap.
1496 463 1580 530 l7,
1612 462 1639 534 §
1671 477 1708 528 t,
1739 476 1857 531 pag.
1885 459 2037 526 183).

2144 455 2450 517 Cretenses,
2481 460 2617 508 teste
2644 451 2881 507 Luciauo
2900 495 2914 518 ,
2947 453 3323 516 afﬁrmabant,
3353 473 3373 505 ι
3410 455 3600 510 Jovem
3630 472 3725 513 non

509 563 771 619 Minucius
797 579 958 634 porro
987 578 1053 619 ex
1082 563 1145 616 iis
1166 602 1181 626 ,
1208 576 1327 631 quae
1356 560 1444 613 ille
1472 572 1679 629 graecus
1707 551 1939 627 scriptor
1969 554 2039 610 de
2144 546 2304 600 modo
2357 544 2555 599 vixisse
2597 544 2740 614 apud
2784 558 2845 599 se
2864 586 2877 605 ,
2909 545 3276 618 nutritumque
3311 547 3505 607 fuisse;
3553 563 3728 605 verum

436 658 658 715 deorum
686 666 807 711 ortu
834 699 849 721 ,
879 656 1047 728 patria
1072 696 1085 716 .
1115 664 1165 709 et
1200 651 1499 721 sepulchris
1524 650 1754 717 dixerat,
1784 647 2036 703 nonnulla

434 761 639 807 tantum
671 748 1018 819 perstringit,
1053 744 1305 801 nimirum
1340 764 1359 796 ‹
1401 742 1580 798 οἱοιςιιί
1607 742 1755 798 Jovis
1779 782 1793 803 .
1828 740 2035 812 Apolli-

433 844 518 899 nis
550 842 820 912 Delphici,
861 837 1067 894 Pbaria:
1094 836 1283 903 Isidis,
1316 847 1370 892 et
1408 835 1622 891 Cereris
1667 836 1970 891 Eleusinize.
2007 852 2027 887 ι

433 937 582 994 Dicta
627 944 827 999 autem,
867 946 963 986 seu
994 930 1144 985 Dicte
1171 944 1327 985 mons
1357 929 1408 983 in
1437 928 1595 983 Creta
1627 926 1796 981 insula
1826 936 1911 982 est
1930 968 1944 990 ,
1978 927 2031 982 in

429 1028 583 1098 cujus
607 1035 765 1080 antro
790 1025 919 1093 Ops,
949 1037 1045 1079 seu
1077 1022 1223 1078 Rhea
1248 1064 1262 1089 ,
1288 1021 1504 1077 Saturni
1538 1036 1691 1085 uxor,
1716 1019 1902 1075 Jovem
1934 1034 2031 1091 pe-

430 1121 586 1191 perit,
616 1134 678 1173 ac
718 1117 1023 1179 Curetibus,
1056 1130 1151 1171 seu
1198 1113 1615 1187 Corybantibus,
1648 1124 1702 1169 et
1731 1113 1886 1168 lda'is
1920 1113 2026 1167 Da-

423 1213 601 1285 stylis,
619 1226 687 1267 ne
713 1225 903 1267 recens
930 1217 1084 1264 natus
1109 1224 1139 1263 a
1170 1216 1342 1279 patre,
1373 1208 1511 1262 sicut
1531 1206 1620 1260 alii
1651 1206 1763 1269 lilii,
1795 1207 2027 1261 devora-

424 1318 595 1372 retur,
629 1303 1041 1361 custodiendum
1071 1303 1280 1357 occulte
1302 1300 1773 1373 tradidit(Strabo,
1806 1301 1894 1356 lib.
1948 1315 2023 1355 xx

423 1400 635 1471 Geogr.,
665 1413 785 1468 pag.
812 1397 966 1466 478).
998 1395 1127 1451 lude
1153 1393 1402 1465 Virgilius
1428 1410 1443 1448 :

542 1511 682 1563 Nunc
696 1523 812 1574 age,
844 1517 1043 1560 naturas
1065 1509 1255 1572 apibus,
1278 1520 1401 1570 quas
1422 1506 1620 1574 Jupiter
1644 1508 1750 1568 ipse

547 1571 765 1635 Addidit,
793 1574 1076 1635 expediam;
1100 1571 1191 1633 pro
1213 1584 1310 1633 qua
1334 1571 1569 1619 mercede
1593 1582 1798 1619 canoros

542 1638 777 1690 Curetum
802 1635 1049 1696 strepidus
1071 1634 1462 1696 crepitantiaque
1489 1645 1589 1682 tera
1623 1642 1832 1692 secutae,

538 1698 726 1751 Dictzeo
741 1698 850 1749 coeli
874 1711 930 1747 re
972 1711 1048 1744 em
1077 1708 1258 1758 pavere
1283 1697 1377 1745 sub
1398 1703 1555 1744 antro.

934 1711 1147 1823 fi’irgil.
1172 1759 1347 1823 Georg.
1370 1754 1457 1808 lib.
1484 1772 1551 1819 tv,

2140 639 2300 696 etiam
2319 637 2660 709 sepulchrum
2678 637 2794 708 ejus
2813 638 3103 694 oswuduut
3122 656 3135 693 :
3156 649 3238 695 τὸν
3258 647 3402 711 ei?»
3415 644 3686 697 simum".
3707 662 3726 696 ι

2139 732 2277 788 Tres
2303 746 2435 786 vero
2456 730 2664 785 Tullius
2688 731 2935 786 distinxit
2973 731 3109 788 Jove
3150 748 3378 805 quorum
3412 753 3430 785 ι
3457 735 3686 802 tertium,
3706 754 3724 788 ο

2137 823 2355 894 inquit,
2409 821 2764 878 numerabant
2822 840 2842 874 ο
2876 821 3229 889 Cretensem,
3281 824 3498 881 Saturni
3546 827 3726 895 ﬁlium,

2136 918 2289 987 cujus
2340 919 2393 972 in
2423 918 2509 972 illa
2559 918 2728 973 insula
2771 918 3113 989 sepulchrum
3143 920 3463 976 ostenditur.
3503 941 3524 974 ι
3567 920 3730 978 Varro

2134 1018 2337 1075 autem,
2364 1019 2423 1065 ut
2446 1019 2671 1065 annotat
2693 1009 2932 1077 Solinus,
2968 1029 2988 1063 t
3024 1013 3076 1081 in
3102 1012 3297 1082 Opere,
3329 1012 3473 1083 quod
3498 1014 3569 1070 de
3594 1015 3730 1072 litto-

2136 1103 2340 1160 ralibus
2386 1115 2504 1171 est,
2552 1106 2713 1160 etiam
2756 1106 2870 1160 suis
2919 1105 3253 1175 temporibus
3294 1105 3531 1162 afﬁrmat
3555 1110 3733 1178 sepul-

2139 1196 2328 1252 chrum
2369 1196 2518 1254 Jovis
2551 1196 2622 1252 ibi
2655 1198 2943 1253 visitatum.
2976 1217 2997 1251 ι
3028 1198 3387 1255 Callimachus
3426 1211 3604 1255 tamen
3642 1203 3731 1257 du-

2130 1288 2271 1344 biam
2304 1304 2415 1345 rem
2448 1305 2569 1345 esse
2605 1291 2754 1345 canit
2777 1332 2794 1357 ,
2825 1305 2887 1346 ac
2932 1289 3224 1348 Cretenses
3266 1293 3529 1349 mendacii
3576 1310 3732 1352 accu-

2128 1391 2212 1436 sat
2273 1401 2287 1437 :
2332 1381 2427 1438 sed
2474 1382 2546 1438 ibi
2589 1398 2709 1438 cum
2757 1382 2944 1439 Jovem
2996 1398 3210 1455 semper
3247 1386 3523 1443 exstitisse
3565 1387 3724 1453 dicat,

2129 1475 2314 1545 putide
2353 1475 2629 1532 mentitur.
2674 1476 2894 1548 Legesis
2933 1477 3108 1533 adhuc
3150 1478 3508 1548 Theophilum
3541 1483 3727 1538 Antio-

2126 1566 2381 1632 cheuuni,
2414 1568 2747 1624 Clementem
2776 1569 3213 1635 Alexandrinum,
3239 1571 3549 1641 Origenem,
3581 1574 3718 1630 Ter-

2128 1660 2405 1715 tullianum
2438 1701 2454 1726 ,
2506 1661 2800 1716 Arnobiutn
2831 1703 2847 1725 ,
2900 1660 3235 1718 Lactantium
3266 1706 3280 1727 ,
3333 1665 3627 1723 Eusebium
3682 1679 3732 1725 et

970 1752 1147 1823 Virgil.
1172 1759 1347 1824 Georg.
1370 1754 1457 1808 lib.
1484 1772 1551 1819 tv,
1571 1756 1779 1807 v.149et
1799 1757 1957 1822 seqq.)
2050 1753 2097 1814 Β
2126 1752 2506 1823 Epiphaniutn.
2558 1753 2779 1810 Vossius
2829 1764 3011 1811 tamen
3056 1759 3331 1813 existimat
3376 1759 3512 1816 (ιιιος
3563 1759 3730 1819 fuisse

487 1869 661 1924 Alium
690 1867 734 1921 si
765 1864 1042 1921 desideres
1076 1865 1297 1919 latinum
1342 1872 1553 1934 poetam
1575 1904 1591 1927 ,
1622 1862 1715 1918 tibi
1755 1863 1862 1918 cito
1893 1878 2016 1933 pro-

409 1960 670 2016 ducemus
695 1956 1022 2017 Lucretium.
1052 1958 1141 2027 qui
1167 1957 1417 2010 similiter
1437 1955 1632 2010 cecinit
1656 1973 1669 2008 :

535 2052 750 2103 Dictaeos
768 2050 994 2101 referunt
1016 2048 1238 2110 Curetas,
1268 2049 1353 2111 qui
1375 2046 1513 2097 Jovis
1535 2047 1670 2096 illum

534 2114 767 2179 Yagitutn
790 2117 839 2179 in
864 2112 1009 2164 Creta
1037 2112 1279 2176 quondam
1303 2111 1577 2179 occultasse
1601 2111 1859 2171 furuntur,

532 2173 649 2230 Cum
678 2177 817 2237 pueri
842 2179 1023 2225 circum
1049 2173 1255 2238 puerum
1279 2173 1720 2238 pernicecboraaa,

528 2236 713 2290 Armati
753 2242 801 2290 iu
825 2236 1103 2294 numerum,
1129 2236 1383 2299 pulsarent
1405 2237 1586 2286 aeribus
1607 2248 1705 2284 tera
1721 2275 1733 2297 ,

526 2302 600 2352 Ne
619 2302 862 2353 Saturnus
883 2314 997 2351 eum
1022 2300 1164 2348 malis
1188 2300 1686 2360 intendaretadeptus,

526 2364 884 2428 Eteruumque
907 2365 1052 2428 daret
1077 2362 1217 2428 matri
1243 2362 1335 2411 sub
1362 2369 1565 2428 pectore
1586 2360 1781 2428 vulnus.

919 2427 1155 2489 (Lucret,
1181 2424 1214 2475 ι.
1231 2438 1286 2486 ιι,
1306 2438 1355 2475 υ.
1378 2424 1470 2475 657
1496 2430 1541 2475 et
1558 2424 1713 2488 seqq.)

470 2513 614 2584 Lege
638 2511 814 2566 adhuc
834 2553 847 2577 ,
879 2511 924 2566 si
953 2519 1107 2564 vacat
1131 2550 1147 2573 ,
1184 2509 1430 2564 Servium
1458 2508 1510 2562 in
1537 2518 1730 2561 citatos
1762 2505 1994 2577 Virgilii.

396 2614 453 2662 et
480 2606 612 2661 alios
641 2603 758 2675 ejus
805 2618 1021 2664 versus,
1065 2599 1349 2666 Ovidium,
1395 2598 1681 2653 Diodorum
1730 2597 1990 2662 Siculum,

396 2697 671 2753 Lucanum
700 2738 714 2759 ,
756 2695 1112 2759 Strabonem,
1170 2691 1525 2763 Theophilum
1576 2690 1990 2757 Antiocltentun,

353 2791 787 2858 'Atbauasium,
838 2798 894 2845 et
944 2804 1063 2861 qua:
1111 2803 1140 2843 a
1201 2788 1356 2843 nobis
1407 2786 1533 2841 alibi
1582 2786 1814 2842 delibata
1868 2794 1996 2840 sunt

392 2883 597 2956 (Serm,
621 2883 677 2938 in
705 2884 846 2938 citat.
893 2898 1064 2936 versus
1091 2890 1139 2935 et
1164 2881 1219 2935 iit
1244 2880 1332 2935 lib.
1362 2895 1418 2936 ιιι
1448 2878 1689 2947 λΕηεὶά.,
1715 2895 1833 2950 pag.
1863 2879 1990 2946 270;

392 2976 576 3039 0vid.,
605 2976 700 3031 lib.
737 2991 789 3031 tv
828 2974 1002 3041 Fast.;
1035 2972 1276 3037 Diodor.,
1308 2972 1400 3028 lib.
1436 2988 1472 3027 v
1500 2970 1677 3036 Bibit,
1712 2987 1830 3043 pag.
1861 2974 1990 3039 253;

2124 1845 2414 1903 Cretenses
2441 1847 2626 1913 Joves,
2656 1865 2820 1905 unum
2843 1851 3280 1921 antiquissimum
3307 1851 3483 1909 Creta:
3515 1870 3717 1927 regem,

2119 1957 2149 1995 a
2192 1958 2300 2013 quo
2329 1943 2488 2000 Creta
2533 1961 2728 2001 nomen
2759 1946 2999 2015 accepit;
3031 1944 3261 2002 alterum
3308 1948 3609 2017 iuniorem,
3639 1952 3728 2020 qui

2119 2036 2392 2108 Europam
2437 2041 2647 2109 rapuit,
2681 2040 2750 2095 de
2791 2056 2899 2111 quo
2939 2039 3255 2097 Ciceronem
3295 2052 3351 2099 et
3391 2043 3727 2103 Lactantiuut

2115 2129 2261 2199 loqui
2287 2131 2538 2201 opinatur
2569 2132 2757 2205 (Cypr.
2802 2132 2867 2187 de
2912 2131 3051 2189 Idol.
3099 2133 3268 2189 Vanit.
3291 2176 3308 2201 ,
3341 2151 3463 2209 pag.
3505 2139 3598 2205 II;
3626 2138 3727 2196 Lu-

2111 2224 2253 2279 ciau.
2286 2225 2350 2279 de
2378 2225 2616 2294 Sacri/5.,
2651 2242 2771 2299 pag.
2810 2228 2933 2294 I85,
2967 2229 3061 2284 lin.
3091 2230 3185 2296 59;
3220 2230 3424 2298 Cicer,
3454 2233 3550 2289 lib.
3580 2250 3634 2290 tu
3661 2238 3725 2291 de

2109 2316 2240 2374 Nat.
2270 2320 2435 2383 deor.,
2458 2336 2577 2392 pag.
2604 2320 2730 2388 267,
2761 2322 2854 2377 litt.
2879 2325 2973 2386 5i;
3007 2324 3179 2380 Solin.
3211 2325 3472 2398 Polybist.
3493 2332 3722 2400 cap.II,

2107 2424 2227 2481 pag.
2260 2411 2331 2468 29
2358 2410 2701 2480 :Callitnac.,
2726 2414 2919 2487 Hymn.
2942 2417 2995 2471 in
3015 2416 3215 2479 Jovem,
3239 2433 3359 2490 pag.
3389 2421 3519 2486 535,
3553 2431 3724 2480 tom.t

2101 2513 2247 2574 poet.
2296 2506 2494 2573 Gram;
2538 2506 2850 2580 Tlteopbil.,
2882 2509 2976 2565 lib.
3011 2527 3046 2566 ιι
3091 2511 3161 2565 ad
3199 2512 3402 2582 Autol.,
3454 2530 3578 2585 pag.
3626 2517 3717 2583 8|;

2096 2595 2392 2665 Cletnent.,
2445 2602 2765 2670 Alexandr.,
2826 2603 3088 2659 Admonit.
3135 2622 3253 2678 pag.
3325 2608 3425 2674 2i;
3471 2611 3716 2681 Origen.,

2093 2691 2187 2753 lib.
2250 2708 2305 2747 ιιι
2350 2703 2517 2748 contr.
2560 2692 2721 2763 Cela,
2771 2711 2892 2769 pag.
2949 2698 3077 2764 I37;
3129 2699 3384 2771 Tertull.,
3413 2702 3711 2775 Apologet.,

2094 2799 2215 2855 cap.
2246 2785 2339 2850 25,
2368 2801 2490 2857 pag.
2522 2788 2617 2848 27;
2654 2789 2882 2855 Aruob.,
2901 2790 2993 2845 lib.
3022 2806 3074 2846 tv
3103 2792 3223 2846 adu.
3250 2791 3429 2856 ϐοτη..
3451 2812 3570 2867 pag.
3594 2798 3713 2864 I55;

2095 2876 2365 2944 Lactant.,
2397 2877 2490 2933 lib.
2549 2896 2563 2934 t
2614 2879 2830 2947 quit”
2875 2896 2999 2953 cap.
3040 2884 3129 2950 11,
3186 2900 3306 2956 pag.
3358 2886 3452 2951 64;
3492 2888 3711 2954 Euscb.,

2090 2969 2185 3027 lib.
2208 2986 2267 3026 ιιι
2300 2970 2535 3041 Prwpar.
2589 2972 2815 3046 Evang.,
2848 2990 2950 3044 cap
3020 2977 3111 3044 10,
3165 2993 3284 3050 pag.
3333 2981 3459 3047 I07;
3515 2981 3706 3053 Epiph.

387 3070 618 3130 Lucan..
648 3069 712 3123 de
740 3068 1000 3138 Sacri/ia,
1027 3082 1149 3138 pag.
1181 3066 1303 3128 l83;
1335 3064 1540 3134 Strab,
1569 3067 1665 3121 lib.
1695 3083 1728 3122 x
1775 3065 1988 3142 Geogr.,
2018 3101 2063 3165 ο
2095 3064 2494 3165 Anachorat.,_§
2528 3067 2652 3135 I08,
2687 3083 2806 3165 pag.
2838 3070 2943 3126 108
2973 3088 2989 3138 ;
3016 3070 3267 3165 Vossius,
3299 3073 3393 3128 lib.
3425 3075 3533 3129 ide
3563 3074 3706 3149 Orig.

391 3180 513 3236 pag.
548 3162 693 3229 468;
738 3160 1025 3231 'l‘lteOphil.
1055 3160 1400 3224 Autiocben.,
1446 3161 1541 3216 lib.
1586 3178 1603 3217 ι
1633 3162 1701 3216 ad
1726 3162 1987 3236 Autolgc.,

386 3272 510 3328 pag.
543 3254 631 3323 75;
666 3256 948 3323 Athanas.,
981 3253 1126 3309 Orat.
1176 3264 1338 3309 contr.
1374 3252 1566 3325 erc.,
1598 3252 1626 3327 ς
1661 3256 1744 3318 10.
1780 3264 1908 3310 ιυιιι.
1942 3273 1991 3322 t;

386 3348 545 3407 Tom.
580 3364 598 3403 ι
631 3349 905 3417 Apparat.,
936 3362 1053 3418 pag.
1086 3345 1267 3416 1161).
1295 3345 1477 3417 Neque
1505 3356 1556 3403 te
1584 3357 1814 3404 moveat.
1844 3349 1989 3420 quod

384 3440 629 3497 nonnulli
659 3439 850 3497 Jovem
877 3455 983 3494 non
1014 3441 1066 3494 in
1099 3439 1268 3506 Dicta,
1303 3439 1398 3494 sed
1431 3440 1483 3493 iu
1518 3439 1606 3494 Ida
1638 3449 1820 3497 monte
1844 3441 1986 3497 edu-

386 3542 564 3591 catum
614 3540 885 3588 asserunt.
953 3532 1164 3587 Etenim
1219 3542 1442 3602 uterque
1501 3547 1656 3588 mons
1714 3536 1988 3604 proximus

389 3635 528 3691 erat,
557 3633 616 3680 ut
641 3635 868 3680 testatur
896 3626 1123 3690 Aratus;
1162 3623 1406 3694 quamvis
1430 3640 1525 3681 eos
1563 3624 1758 3682 Strabo
1799 3628 1990 3684 Stadiis

387 3733 473 3775 cna
529 3719 729 3773 distare
773 3716 1162 3773 existimaverit
1209 3715 1453 3789 (Strab.,
1512 3718 1609 3775 lib.
1661 3735 1691 3774 x
1762 3717 1988 3793 Geoqr.,

388 3828 513 3885 pag.
546 3810 699 3883 478).

455 3903 626 3960 Porro
639 3910 819 3960 autem
842 3919 909 3959 ex
932 3903 1044 3974 jam
1067 3904 1233 3959 citato
1256 3903 1487 3962 Diodoro
1520 3904 1703 3963 Siculo
1731 3906 1990 3965 discimus

381 4011 543 4071 quam
561 4012 743 4053 verum
772 3996 902 4052 illud
930 3997 1018 4060 sit,
1050 3996 1192 4068 quod
1222 4007 1404 4067 postea
1421 4009 1610 4055 auctor
1635 4012 1821 4057 noster
1843 4013 1990 4058 retu-

384 4091 471 4156 lit,
501 4103 721 4160 capram
738 4087 907 4145 fuisse
920 4088 1161 4160 ejusdem
1179 4088 1328 4146 Jovis
1355 4090 1570 4147 infantis
1588 4094 1875 4161 nutricem,
1899 4096 1984 4151 vel

386 4181 463 4237 uti
482 4181 598 4251 ipse
613 4183 848 4252 loquitur
869 4199 883 4235 :
906 4199 924 4232 ι
944 4180 1094 4237 Jovis
1107 4182 1285 4239 nutrix
1302 4184 1506 4254 capella
1529 4194 1630 4242 est.
1670 4205 1690 4239 ι
1722 4187 1984 4261 Nympha:

381 4274 581 4329 ctenim
612 4314 628 4341 ,
695 4273 1148 4344 quemadmodum
1198 4276 1311 4345 ipse
1380 4277 1643 4335 Diodorus
1701 4282 1936 4352 loquitur
1966 4326 1983 4353 ,

386 4387 407 4420 ι
443 4367 616 4422 mellis
657 4376 714 4423 et
745 4366 898 4421 lactis
930 4376 1356 4438 temperamento
1399 4370 1658 4426 infantem
1700 4374 1979 4440 eibaruut,

2097 3166 2145 3212 et
2173 3175 2321 3230 prog.
2353 3159 2531 3215 idolol.
2548 3202 2561 3227 ,
2583 3177 2709 3232 cap:
2734 3164 2788 3227 1.
2819 3179 2941 3235 pag.
2964 3164 3079 3231 61).
3098 3164 3264 3221 Nobis
3290 3181 3421 3223 vero
3441 3168 3639 3225 sufﬁcit
3657 3171 3707 3226 id

2099 3252 2390 3321 probaSse,
2427 3255 2568 3325 quod
2611 3255 2681 3311 ab
2723 3269 2945 3315 auctore
2990 3271 3179 3316 nostro
3205 3261 3460 3318 traditum
3491 3276 3598 3321 est.
3632 3266 3703 3322 De

2092 3342 2225 3400 Jove
2253 3359 2432 3403 autem
2459 3348 2660 3419 aliquid
2688 3360 2870 3420 postea
2900 3352 3214 3411 dicendum.

2172 3437 2343 3506 Quam
2375 3450 2523 3496 recte
2559 3442 2720 3498 etiam
2769 3443 3033 3502 Minucius
3078 3446 3195 3502 Jovi
3236 3449 3540 3520 Apollinem
3584 3450 3702 3509 Del.

2094 3528 2309 3601 pbicum
2335 3532 2675 3604 subjunxerit
2693 3576 2709 3599 ,
2738 3551 2803 3591 ex
2834 3536 2952 3605 ipso
2977 3553 3162 3596 rursus
3200 3540 3462 3598 Cicerone
3491 3544 3694 3615 liquido

2093 3626 2400 3680 conﬁrmari
2428 3635 2625 3695 potest.
2657 3629 2923 3687 Plurimos
2948 3633 3227 3690 enimvero
3256 3648 3505 3694 recenset
3536 3640 3693 3711 Apol-

2094 3714 2252 3780 lines,
2285 3733 2514 3789 quorum
2549 3738 2569 3772 ι
2597 3722 2804 3785 tertius.
2829 3725 2905 3778 ait
2936 3724 3054 3791 ille,
3078 3725 3218 3783 Jove
3245 3730 3403 3785 tertio
3426 3740 3585 3787 natus
3605 3773 3619 3799 ,
3646 3742 3700 3788 et

2098 3805 2324 3872 Latona,
2351 3826 2512 3881 quem
2543 3826 2610 3869 ex
2655 3812 3021 3886 Hyperboreis
3049 3817 3285 3889 Delphos
3316 3819 3499 3878 ferunt
3536 3824 3693 3880 adve-

2096 3900 2262 3956 nisse.
2306 3919 2325 3953 ν
2371 3900 2637 3960 Lucianus
2705 3920 2835 3961 vero
2880 3924 2895 3962 :
2948 3926 2967 3961 ι
3007 3908 3107 3965 l’er
3152 3913 3435 3982 regiones,
3507 3914 3692 3987 inquit,

2094 3991 2217 4048 illos
2250 4012 2269 4045 ι
2302 3992 2434 4049 deos
2480 4013 2500 4047 ι
2535 3995 2848 4053 distributos
2901 3999 3118 4067 colunt,
3159 4016 3256 4058 eos
3315 4004 3369 4059 in
3427 4006 3692 4062 civitatem

2091 4100 2242 4142 suam
2297 4098 2601 4158 receptant.
2654 4088 2878 4160 Nempe,
2931 4098 2957 4147 ὁ
2998 4102 3085 4163 μιν
3133 4097 3306 4166 Δελφὸς
3350 4120 3431 4154 τον
3476 4101 3688 4168 Ita-6119,

2085 4181 2390 4250 Apollinem
2425 4181 2612 4250 Delphi
2644 4183 2886 4256 Deliique
2916 4225 2932 4251 ,
2965 4186 3261 4244 Minervam
3291 4191 3644 4248 Atheuienses
3669 4233 3684 4258 ,

2086 4274 2231 4329 cives
2260 4288 2387 4330 suos
2411 4273 2678 4332 exhibent
2704 4286 2760 4332 et
2789 4276 3005 4335 faciunt.
3042 4299 3064 4333 ι
3090 4282 3161 4337 At
3185 4282 3450 4339 Diodorus
3479 4284 3684 4342 Siculus

2088 4367 2259 4438 magis
2295 4383 2556 4438 expresse
2588 4381 2771 4426 narrat
2806 4373 3094 4445 plerosque
3126 4374 3259 4432 deos
3284 4392 3352 4433 ex
3379 4375 3542 4435 Creta
3573 4395 3687 4451 pro-

377 4470 433 4513 ιιι
464 4473 642 4529 ωριτε
665 4459 946 4524 Amaltcce,
972 4468 1027 4514 ut
1052 4469 1293 4526 vocatur,
1318 4462 1480 4517 ubera
1508 4463 1573 4517 ad
1606 4464 1899 4532 pleniorem
1933 4471 1980 4524 ei

2103 4458 2251 4516 liisse
2278 4478 2290 4515 :
2318 4479 2337 4513 ι
2362 4468 2590 4524 Ωσιιῦτως
2605 4467 2655 4519 δὲ
2668 4474 2753 4533 μὲν
2768 4468 3029 4521 Απόλλωνα
3055 4473 3274 4524 πλεῖστον
3298 4480 3462 4542 χρόνον
3488 4488 3685 4543 φανῆναι

381 4551 792 4608 nutricatiuuem
838 4561 1310 4622 porrexerunt.....
1353 4552 1541 4625 Caprae
1583 4557 1744 4612 etiam
1790 4560 1987 4618 nutrici

379 4658 504 4698 cum
528 4641 665 4699 alios
694 4642 876 4697 tribuit
909 4642 1167 4709 honores,
1202 4654 1311 4699 tum
1350 4645 1621 4717 Egiochi,
1654 4649 1705 4704 id
1745 4658 1849 4716 est,
1878 4655 1980 4709 Ca-

375 4736 692 4807 pritenentis
715 4748 1130 4808 c-ignomeutuui
1159 4737 1229 4793 ab
1268 4740 1355 4794 illa
1386 4740 1688 4816 desumpsit
1719 4765 1739 4799 ι
1774 4748 1979 4819 (Diod.,

376 4828 470 4884 lib.
500 4844 533 4883 v
557 4827 827 4898 Biblioth.,
858 4844 978 4900 pag.
1010 4828 1165 4899 255).
1187 4831 1547 4900 Quamobrem
1573 4837 1832 4897 Ovidius:

563 4984 996 5060 Na'scitur‘Olenjaa
1012 4989 1147 5040 sidus
1173 4990 1384 5060 pluviale
1410 4997 1613 5060 capellae

624 5047 715 5114 Illa
731 5049 829 5114 dati
850 5051 1026 5101 omium
1053 5047 1247 5114 praninia
1269 5054 1408 5108 lactis
1428 5047 1597 5112 habet.

560 5108 681 5161 Nais
692 5112 952 5165 Amalthea
976 5108 1166 5166 Cretaea
1195 5118 1373 5168 nobilis
1395 5119 1504 5182 Ida,

555 5409 796 5488 Cornibus
816 5413 1000 5488 aereis,
1026 5420 1174 5488 atque
1194 5417 1243 5465 iu
1266 5430 1364 5488 sua
1400 5428 1540 5488 terga
1564 5430 1815 5480 recurvis;

982 5472 1147 5554 nutrix
1168 5488 1336 5542 posset
1352 5472 1539 5539 habebis
1562 5472 1715 5554 Jbviws,

552 5534 651 5587 Lac
671 5536 821 5588 dabat
843 5534 923 5587 illa
938 5538 1051 5589 deo.

1123 5601 1289 5665 (Ovid.
1317 5605 1399 5660 lib.
1424 5626 1455 5661 v
1473 5613 1688 5677 Fastor.,
1715 5616 1836 5681 §2.)

439 5728 516 5789 Ad
548 5729 689 5792 illius
714 5736 891 5803 autem
924 5728 1290 5806 sepulchrum,
1322 5752 1351 5794 a
1392 5738 1622 5802 Minucio
1645 5755 1858 5821 nostro,
1895 5762 1958 5807 ac

2088 4556 2378 4624 περὶΔῆλον,
2423 4566 2506 4609 καὶ
2541 4566 2743 4625 Aoum,
2773 4569 2854 4614 κάξ
2890 4565 3109 4632 Διλροὺς.
3156 4561 3525 4622 Consimiliter
3554 4566 3682 4621 mul-

2092 4654 2202 4700 tum
2228 4650 2485 4715 temporis
2512 4647 2565 4703 iit
2600 4650 2751 4717 Delo,
2786 4651 2966 4723 Lycia,
2998 4665 3052 4708 et
3089 4654 3304 4726 Delphis
3339 4658 3534 4728 Apollo
3559 4675 3678 4716 exc-

2084 4739 2182 4808 git.
2219 4756 2240 4792 ι
2275 4738 2462 4810 Delphi
2497 4751 2677 4798 autem
2720 4743 2849 4798 urbs
2874 4757 2992 4801 erat
3019 4746 3274 4804 Phocidis
3301 4750 3355 4805 in
3394 4752 3592 4807 Achaia
3616 4752 3677 4808 ad

2079 4830 2404 4889 Parnassutn
2437 4844 2695 4902 montum,
2725 4840 2944 4895 oraculo
2966 4839 3254 4911 Apollinis,
3288 4853 3347 4900 ttt
3371 4861 3534 4902 nemo
3564 4862 3680 4904 nes-

2080 4928 2155 4982 cit
2181 4968 2195 4990 ,
2247 4927 2619 4984 celeberrima.
2654 4930 2926 4999 Quosdam
2956 4942 3132 4990 tamen
3177 4935 3351 4993 adhuc
3389 4941 3677 5010 scriptores

2080 5015 2219 5073 hanc
2250 5019 2301 5073 in
2333 5035 2445 5074 rem
2479 5021 2655 5092 legere
2684 5022 2728 5077 si
2759 5023 2893 5078 velis
2917 5065 2934 5091 ,
2964 5024 3052 5080 adi
3081 5025 3401 5085 Pausaniam
3422 5072 3439 5096 ,
3473 5031 3675 5087 Plutaro

2076 5110 2257 5175 chum,
2289 5111 2633 5184 Strabonem,
2666 5126 2721 5170 et
2745 5115 2879 5171 alios
2905 5115 3259 5191 Mytholngos.
3292 5120 3569 5179 Macrobio
3594 5126 3673 5179 ni-

2074 5199 2364 5260 hilominus
2389 5206 2533 5261 Varia
2566 5207 2704 5263 aclis
2735 5207 2951 5265 nomina
2977 5210 3349 5284 interpretanti
3382 5216 3427 5269 si
3448 5217 3658 5281 credas,

2076 5314 2095 5348 ι
2121 5288 2377 5355 Anium
2414 5309 2629 5371 Δελφῶν,
2663 5314 2892 5372 vocant,
2923 5306 3065 5374 quod
3093 5322 3214 5378 qua:
3261 5308 3491 5365 obscura
3528 5321 3668 5379 sunt,

2071 5387 2394 5446 claritudine
2422 5392 2556 5448 lucis
2598 5393 2873 5464 ostendit,
2903 5398 3005 5450 ἀπὸ
3029 5404 3114 5454 τοῦ
3144 5401 3316 5461 δηλοῦν
3338 5403 3497 5473 ἀφανῆ
3520 5444 3534 5468 ,
3562 5412 3667 5468 aut,

2070 5487 2130 5535 ut
2173 5480 2440 5539 Nttmenio
2480 5484 2675 5555 placet,
2702 5488 2854 5557 quasi
2883 5505 3046 5545 unum
3091 5500 3147 5547 et
3189 5493 3387 5549 solum.
3415 5494 3505 5550 Ait
3531 5497 3668 5551 enim

2069 5573 2241 5642 prisca
2272 5574 2580 5634 Graecorum
2611 5578 2790 5652 lingua
2836 5585 2996 5654 se?»
3029 5600 3190 5640 unum
3221 5587 3463 5642 vocitari.
3520 5587 3666 5645 Unde

2064 5673 2120 5720 et
2146 5664 2333 5734 frater,
2358 5669 2551 5741 inquit,
2576 5673 2775 5745 ἀδελφὸς
2800 5672 3017 5743 dicitur,
3035 5677 3186 5747 quasi
3205 5693 3311 5734 non
3340 5695 3479 5736 unus
3510 5699 3530 5733 ι
3557 5680 3661 5753 (Ci-

2063 5769 2173 5829 cer.
2197 5758 2290 5827 lib.
2315 5774 2368 5821 ιιι
2391 5761 2454 5816 de
2478 5759 2669 5820 Natur.
2693 5764 2860 5832 deor.,
2892 5781 3010 5842 pag.
3041 5767 3185 5835 248;
3214 5768 3461 5841 Luciau.,
3485 5774 3548 5829 de
3571 5773 3660 5833 Sit-
