4034 6320
335 364 443 422 561
1740 368 2216 426 DISSERTATIO.
3539 372 3646 427 561

334 482 504 551 criﬁc.
531 523 549 549 ,
581 496 702 553 pag.
739 482 882 550 I85;
943 483 1162 540 Diodor.
1214 485 1406 552 Sicul.,
1460 485 1554 541 lib.
1588 502 1618 540 ν
1672 484 1892 540 Biblioth

2046 497 2174 547 τικὸς
2202 496 2359 553 σηκὸς,
2379 494 2427 541 ὃν
2451 493 2789 543 narrauimus»
2810 478 3008 555 ἴκτινος,
3034 496 3171 559 ὄχλον
3193 494 3392 560 Oed-spati
3418 493 3645 555 διξασθαι

333 589 463 646 pag.
496 574 625 644 237;
654 576 906 645 Pansan.,
936 576 1031 633 lib.
1058 595 1089 634 ι
1112 618 1127 641 .
1160 593 1278 648 pag.
1322 578 1428 634 520
1449 588 1503 634 et
1523 593 1697 650 seqq.;
1731 578 1940 634 Plutar-
2048 584 2317 649 δνιάμενου.
2351 600 2371 634 ι
2418 580 2671 653 Sequitur
2705 582 2833 636 urbs
2862 583 3077 638 Eleusin
3100 623 3116 649 ,
3165 584 3218 638 in
3247 598 3348 653 qna
3388 584 3644 653 templum

332 669 511 724 tarch.
552 670 618 726 de
659 672 856 726 ornati.
909 671 1127 744 Παίοσι..
1163 687 1281 743 pag.
1331 673 1459 739 4'53;
1503 672 1707 739 Strab,
1750 672 1841 728 lib.
1885 687 1937 727 ix
2047 688 2125 731 est
2152 677 2437 731 Eleusiniae
2468 676 2700 738 Cereris.
2726 686 2784 732 et
2810 678 3090 749 mysticum
3113 676 3422 740 delubrum,
3455 677 3645 737 tnrlne,

332 760 552 834 Geogr..
582 779 703 835 pag.
746 765 851 820 417
900 776 955 822 et
1000 781 1141 837 seq.;
1188 765 1450 833 Macrob,
1478 767 1621 823 lib.t
1665 766 1935 822 Saturnal.
2040 780 2234 835 quanta
2260 768 2313 824 in
2336 768 2542 823 theatro
2563 767 3638 840 soletesse,capax,opnslctim3(Strah.

441 901 456 915 .
492 860 601 916 17).

441 901 456 915 .
524 860 555 911 7
587 901 601 916 .

326 857 579 1007 czuisidis)
593 952 800 1008 Pharia:
822 953 1081 1009 Minucius
1109 964 1291 1025 postea
1314 956 1574 1011 meminit.
1593 955 1660 1009 At
1685 954 1728 1009 si
1745 953 1928 1009 Euhe-

2040 859 2136 915 lib.
2167 878 2219 916 ιιι
2253 860 2465 932 Geogr.,
2495 878 2615 935 pag.
2660 862 2766 919 595
2787 863 2829 935 ).
2875 863 3111 919 Accedat
3152 874 3207 919 et
3233 863 3424 919 Cicero
3446 903 3462 928 ,
3487 863 3640 931 cujus

2043 953 2161 1010 hac
2186 963 2313 1010 sunt
2339 956 2503 1011 verba
2534 973 2547 1009 :
2581 974 2601 1008 ‹
2639 953 2838 1011 Οιιιίιιο
2874 955 3186 1012 Eleusinam
3217 964 3457 1012 sanctam
3496 953 3639 1009 illam

334 1047 475 1100 meri
502 1044 572 1099 ab
595 1060 661 1101 eo
682 1046 878 1101 laudati
918 1054 1401 1105 commentationes
1425 1050 1477 1104 in
1502 1058 1712 1104 nostras
1740 1064 1930 1103 manus
2034 1056 2089 1103 et
2117 1057 2395 1118 augustam
2420 1090 2435 1115 ,

323 1134 694 1203 devertissent,
740 1142 1001 1195 sciremus
1051 1142 1232 1210 utique
1284 1152 1461 1196 utrum
1511 1140 1666 1197 Isidis
1720 1140 1927 1196 Pharia.

320 1232 577 1302 patriam,
600 1248 668 1287 an
690 1233 1052 1303 sepulchrum,
1072 1235 1154 1291 vel
1180 1246 1463 1306 utrumque
1488 1235 1642 1291 nobis
1659 1234 1928 1290 iudicave-

320 1323 420 1378 rit.
454 1323 641 1381 Varias
681 1327 824 1381 enim
852 1327 921 1383 de
960 1327 1067 1383 illis
1097 1329 1260 1384 fuisse
1288 1329 1572 1397 Opittiones
1601 1328 1923 1396 Herodotus,

317 1430 355 1470 a
382 1431 491 1487 quo
540 1425 643 1473 los»
675 1416 737 1472 Io
784 1419 1103 1490 appellatur,
1139 1421 1401 1476 Diodorus
1448 1421 1660 1477 Siculus
1683 1464 1699 1489 ,
1749 1430 1803 1477 et
1838 1421 1927 1476 alii

318 1509 680 1567 testiﬁcantur
712 1514 992 1584 (llerodm.
1023 1514 1116 1570 lib.
1144 1533 1183 1584 ι,
1214 1529 1265 1572 et
1300 1515 1519 1572 Diodor.
1561 1516 1752 1585 Sicnl.,
1784 1515 1878 1571 lib.
1910 1533 1927 1571 ι

315 1601 546 1659 Bibliotlt
576 1649 592 1672 ,
619 1622 735 1679 pag.
759 1606 815 1674 9,
846 1610 915 1666 14
936 1620 984 1665 et
1018 1611 1106 1675 17,
1134 1622 1184 1666 et
1214 1612 1307 1668 lib.
1337 1628 1388 1677 ν,
1422 1627 1542 1683 pag.
1563 1610 1677 1684 52).
1710 1613 1925 1669 Duobus

316 1704 504 1753 tamen
532 1698 680 1756 hisce
715 1703 914 1766 verbis.
944 1703 1105 1759 Isidis
1132 1704 1356 1767 Pharia.
1390 1716 1576 1762 auctor
1599 1717 1785 1763 noster
1812 1724 1917 1763 non

310 1788 545 1845 obscure
566 1791 832 1863 significat
855 1796 1196 1865 sepulchrum
1224 1798 1431 1855 illiustn
1450 1800 1646 1864 Pharo,
1670 1802 1917 1858 celeber-

2282 1163 2373 1216 Ubi
2399 1165 2653 1217 initiantur
2672 1173 2855 1227 gentes
2873 1180 3071 1218 orarum
3099 1168 3296 1219 ultimae.
3314 1183 3343 1220 »

2373 1248 2520 1313 (Cia,
2545 1248 2579 1300 I.
2606 1249 2727 1301 nde
2750 1252 2931 1302 Natur.
2961 1259 3126 1310 Deor.,
3145 1265 3193 1315 ρ.
3223 1252 3282 1303 12
3305 1250 3394 1304 lin.
3418 1253 3525 1318 38.)

2105 1350 2235 1420 Quis
2259 1362 2437 1409 autem
2465 1369 2585 1409 cum
2614 1354 2843 1411 Minucio
2873 1365 3058 1411 nostro
3089 1357 3298 1412 Iictitias
3322 1359 3439 1413 illas
3464 1358 3633 1417 Cyre-

2029 1444 2138 1507 ris.
2171 1453 2227 1499 et
2267 1446 2453 1514 Isidis,
2496 1447 2828 1519 aliorumque
2865 1449 3176 1505 divinitates
3221 1465 3327 1504 non
3368 1450 3540 1506 rideat
3577 1460 3633 1505 et

2026 1538 2299 1607 explodat,
2354 1556 2492 1612 quos
2546 1551 2788 1599 mortuos
2836 1546 3180 1615 sepultusque
3227 1543 3441 1600 Ethnici
3495 1544 3631 1601 fate-

2024 1630 2263 1689 bantur?

2616 1769 2910 1811 Αιιτιευιυε
2949 1771 3025 1811 Ill.

308 1882 451 1937 rima
481 1859 700 1957 Εεγῇιί
736 1887 908 1943 insula
933 1931 945 1950 .
977 1890 1255 1945 conditum
1281 1933 1294 1955 ,
1329 1892 1417 1949 ubi
1446 1878 1693 1948 maximo
1714 1893 1900 1950 honore

2023 1859 2366 1919 Emaminatnr
2414 1864 2631 1922 Minucii
2676 1882 3069 1939 argumentum,
3115 1886 3213 1940 quo
3256 1870 3597 1926 commentitio

305 1974 608 2031 colebatur.
666 1977 884 2034 Fatetur
917 1981 1130 2050 quidem
1174 1982 1436 2038 Diodorus
1478 1984 1689 2040 Siculus
1717 1983 1909 2057 (Idem,

304 2065 408 2122 lib.
438 2083 476 2133 ι,
507 2084 626 2140 pag.
668 2070 772 2143 16).
802 2072 1093 2143 scriptores
1117 2075 1378 2146 quosdam
1410 2077 1743 2143 venditasse,
1786 2079 1910 2133 Isim

304 2161 597 2234 virumque
623 2165 740 2237 ejus
764 2166 1030 2226 Osiridem
1057 2172 1123 2225 ad
1162 2169 1342 2227 Nisam
1364 2172 1576 2227 Arabia.-
1596 2173 1907 2240 tumulatus,

302 2253 489 2326 ibique
529 2258 824 2325 columnas,
880 2262 930 2317 in
972 2265 1247 2334 utriusque
1292 2264 1555 2321 honorem
1589 2267 1810 2335 positas,
1854 2268 1904 2323 in

301 2363 538 2420 quarum
565 2368 667 2406 una
711 2356 880 2410 sacris
909 2356 1103 2412 litteris
1127 2368 1342 2413 exarata
1372 2358 1649 2427 inscriptio
1680 2358 1794 2415 haec
1826 2361 1904 2416 Ie-

301 2445 555 2514 gebatur.
594 2467 613 2499 ι
650 2449 761 2520 Ego
799 2450 895 2506 Isis
918 2467 1060 2513 sum.
1093 2453 1271 2523 regina
1302 2453 1461 2526 hujus
1496 2455 1618 2519 loci,
1647 2472 1676 2510 a
1704 2456 1909 2537 Mcrcn-

301 2535 392 2591 rio
434 2538 658 2593 erudita.
707 2541 837 2610 Qum
884 2542 1001 2614 lege
1045 2559 1140 2615 per
1175 2560 1261 2601 me
1308 2547 1511 2602 saneita
1559 2550 1711 2613 suut',
1748 2535 1907 2605 nemo

302 2627 521 2685 solvere
555 2641 744 2700 potest.
796 2633 909 2704 Ego
936 2634 1149 2691 Saturni
1198 2638 1471 2694 novissimi
1504 2639 1586 2694 dei
1621 2640 1723 2695 tilia
1759 2655 1901 2710 sum,

302 2731 436 2776 natu
463 2725 700 2780 minima.
732 2727 845 2799 Ego
880 2743 996 2783 smn
1028 2729 1254 2786 Osiridis
1284 2732 1424 2802 regis
1465 2747 1605 2787 uxor
1634 2741 1690 2788 et
1725 2749 1900 2790 Soror.

306 2812 427 2886 Ego
452 2832 569 2871 sum
617 2818 703 2873 illa
732 2862 745 2881 .
793 2837 913 2890 qum
947 2824 1113 2892 prima
1148 2822 1325 2895 fruges
1351 2828 1665 2882 mortalibus
1706 2830 1901 2899 reperi.

299 2908 421 2977 Ego
449 2912 590 2979 regis
615 2912 743 2968 ﬂori
777 2927 950 2970 mater
974 2931 1115 2973 sum.
1162 2917 1276 2987 Ego
1317 2934 1467 2986 sum,
1498 2935 1618 2990 qua:
1659 2920 1710 2974 in
1741 2919 1902 2978 Canis

297 3003 484 3060 sidere
506 3008 769 3063 exoritur.
815 3007 941 3064 Mihi
982 3009 1245 3065 Bubastos
1277 3012 1403 3067 urbs
1432 3012 1712 3067 :eddicata.
1750 3013 1896 3081 Vale,

294 3096 494 3168 gaude.
529 3096 764 3169 Egypte
797 3117 912 3155 mea
936 3104 1133 3157 notrix.
1174 3122 1193 3155 ι
1226 3102 1331 3160 Sed
1362 3104 1443 3158 his
1464 3119 1707 3176 magnam
1741 3104 1897 3164 ﬁdem

292 3203 359 3244 se
385 3205 492 3243 non
523 3190 770 3247 habuisse
800 3192 955 3261 plane
977 3209 1082 3249 non
1108 3193 1429 3252 dissimulat.

369 3282 437 3337 Et
460 3291 607 3339 certe
637 3282 873 3355 [Egyptii
908 3286 1046 3340 haud
1070 3288 1238 3343 semel
1268 3290 1578 3357 quotannis,
1614 3299 1750 3347 teste
1788 3292 1896 3347 He-

293 3373 491 3430 rodoto
515 3417 528 3435 .
568 3373 879 3446 frequentes
906 3379 1130 3447 agebant
1171 3391 1502 3449 conventus,
1524 3393 1683 3454 atque
1711 3386 1761 3439 in
1791 3384 1897 3455 pri-

293 3467 417 3532 IIIiS,
454 3486 476 3521 α
509 3475 551 3528 ὃς
582 3474 994 3527 Dedin-trarii)”
1018 3487 1075 3542 τῇ
1111 3468 1364 3544 Ᾰρτὲμιδι,
1418 3476 1471 3530 ill
1519 3481 1652 3533 urbe
1678 3477 1895 3534 BtlltaSli

295 3561 349 3615 ill
388 3560 649 3617 honorem
706 3564 903 3619 Biante.
940 3571 1170 3637 Δεύτιρη,
1214 3574 1258 3628 δε
1287 3574 1507 3639 Βούσιριν
1535 3572 1672 3624 πόλιν
1710 3588 1767 3640 τῇ
1798 3561 1892 3627 in.

291 3654 544 3712 Secundo
573 3657 712 3724 loco,
757 3658 809 3714 in
847 3660 977 3715 urbe
1005 3660 1175 3715 aniri
1223 3661 1273 3714 in
1317 3661 1573 3718 honorem
1624 3663 1798 3719 Isidis.
1837 3665 1895 3720 In

288 3764 394 3822 qua
427 3752 558 3806 urbe
594 3753 883 3808 maximum
911 3764 1014 3821 est,
1050 3759 1171 3827 ἱρόνι
1199 3758 1456 3823 templum
1484 3757 1656 3823 Isidis,
1695 3760 1806 3828 ipsa
1840 3761 1891 3815 in

292 3844 473 3899 medio
507 3845 652 3900 Delta
676 3845 891 3918 IEgypti
917 3853 1036 3903 sita.
1076 3850 1163 3903 Est
1196 3862 1372 3905 autem
1400 3850 1532 3918 Isis,
1560 3869 1679 3921 quae
1708 3853 1894 3910 Graeca

288 3937 471 4007 lingua
501 3938 698 3994 dicitur
721 3950 973 4012 Δημήτηρ,
1005 3940 1057 3996 id
1086 3952 1188 4008 ρει,
1216 3941 1381 3998 Ceres
1416 3962 1435 3997 ι
1468 3943 1692 4017 (Herod.
1711 3945 1799 4000 lib.
1832 3962 1890 4014 II,

290 4028 321 4100 §
350 4028 467 4102 59).

363 4120 445 4176 Ex
499 4121 764 4178 Strabone
814 4134 992 4180 autem
1036 4125 1292 4181 discimus
1338 4126 1566 4182 Busirim
1606 4128 1878 4186 civitatem

290 4228 413 4269 esse
442 4214 740 4269 Busiriticae
769 4217 1075 4284 provinciae.
1105 4233 1225 4287 qua!
1250 4227 1460 4288 portum
1486 4220 1727 4276 habetad
1754 4222 1893 4279 Pha-

292 4322 410 4361 rum
442 4322 471 4361 a
503 4306 750 4361 Bubulcis
788 4308 1115 4363 cnsmditum
1144 4309 1375 4382 (Strab.,
1412 4309 1504 4364 lib.
1537 4326 1641 4366 xvn
1675 4311 1889 4386 Geogr.,

293 4413 415 4469 pag.
463 4398 610 4469 802).
640 4398 833 4454 Nonne
857 4414 987 4471 ergo
1017 4401 1192 4470 colligi
1226 4401 1348 4457 inde
1388 4411 1563 4471 potest
1606 4403 1742 4459 hanc
1769 4420 1891 4463 esse

294 4492 415 4548 Isim
441 4534 456 4559 ,
486 4508 602 4560 qua:
626 4493 695 4549 ab
718 4504 939 4549 auctore
966 4505 1152 4549 nostro
1183 4498 1490 4551 nominatur
1526 4497 1716 4553 Pharia
1736 4542 1752 4566 ,
1792 4516 1889 4557 seu

2101 1954 2382 2011 Gentilium
2423 1958 2545 2015 deos
2573 1977 2680 2015 esse
2720 1962 2902 2028 probat
2928 1979 2991 2018 ea:
3034 1963 3319 2017 Alexandri
3350 1963 3530 2035 Magni
3554 1981 3616 2018 an

2090 2058 2302 2103 matrem
2329 2052 2543 2121 epistola
2562 2095 2577 2116 ,
2605 2070 2707 2112 ana
2734 2054 2991 2123 proditum
3021 2055 3116 2108 sibi
3145 2055 3209 2109 de
3239 2056 3339 2110 diis
3365 2068 3615 2113 secretum

2087 2143 2471 2209 testiﬁcabamr,
2503 2161 2564 2198 ac
2617 2144 2899 2201 Vulcanum
2924 2148 3039 2219 fecit
3062 2148 3269 2203 illorum
3300 2151 3623 2219 principem;

2082 2245 2232 2297 atque
2268 2235 2332 2289 de
2357 2234 2510 2290 Isidis
2538 2238 2606 2290 ad
2633 2238 2955 2294 hirundinem
2982 2241 3131 2295 sistro
3152 2283 3167 2305 ,
3198 2253 3244 2297 et
3270 2259 3430 2298 vacuo
3457 2241 3617 2300 Sera-

2086 2326 2240 2394 pidis,
2265 2343 2351 2381 seu
2385 2324 2606 2383 Osiridis
2632 2331 2867 2400 sepulcro
2895 2332 3204 2402 disputatur.

2082 2457 2357 2517 Mirabitur
2382 2462 2522 2519 haud
2550 2464 2711 2521 dubie
2736 2466 2930 2536 aliquis
2957 2469 3157 2525 tictitite
3183 2470 3407 2528 deorum
3434 2473 3614 2544 genti-

2011 2548 2141 2605 lium
2181 2553 2473 2611 divinitatis
2504 2568 2693 2615 testem
2724 2576 2752 2615 a
2794 2560 3023 2618 Minucio
3051 2564 3201 2620 citari
3244 2567 3609 2624 Alexmdrum

2009 2641 2278 2714 Magnum,
2318 2666 2337 2699 ‹
2374 2649 2463 2720 qni
2495 2651 2690 2723 insigni
2716 2695 2732 2721 ,
2763 2652 2956 2724 inquit,
2987 2658 3255 2714 volumine
3283 2658 3349 2714 ad
3379 2669 3607 2716 matrem

2007 2752 2160 2793 suam
2206 2740 2439 2811 scripsit,
2484 2753 2627 2800 metu
2663 2760 2772 2800 sum
2803 2750 3081 2817 pote~tatis
3115 2752 3380 2821 proditum
3411 2752 3510 2807 sibi
3539 2753 3609 2810 de

2006 2827 2110 2884 diis
2151 2830 2457 2889 hominibus
2497 2850 2527 2888 a
2559 2837 2840 2894 sacerdote
2866 2854 3155 2896 secretum.
3198 2864 3217 2896 ι
3247 2843 3352 2899 Sed
3385 2844 3435 2899 id
3471 2855 3608 2901 tam-

2004 2936 2165 2992 quam
2195 2924 2532 2981 verissimnm
2557 2927 2857 3001 Cyprianus
2885 2935 3108 2989 totidem
3141 2936 3319 2992 verbis
3342 2979 3355 3000 .
3384 2939 3459 2992 uti
3487 2938 3600 3007 jam

2004 3011 2253 3075 vidimus.
2286 3017 2338 3071 in
2366 3034 2521 3073 suum
2544 3022 2611 3074 de
2638 3022 2888 3079 Vanitate
2914 3025 3179 3082 idolorum
3206 3028 3397 3083 lihrmn
3427 3038 3607 3084 trans—

2005 3108 2123 3162 tulit
2150 3108 2425 3181 (Cyprian.
2453 3113 2719 3173 deidolor.
2737 3114 3173 3190 Vanit.,pag.12.
3192 3119 3375 3191 Supr.,
3403 3137 3519 3193 cap.
3539 3122 3598 3187 2,

1924 3221 1969 3285 ρ
2001 3210 2102 3254 art.
2140 3201 2194 3266 4,
2230 3217 2281 3269 p.
2309 3203 2423 3272 55).

2073 3291 2229 3349 Prius
2249 3294 2619 3367 Athenagoras
2646 3300 2855 3357 dixerat
2880 3322 2892 3358 :
2930 3297 3184 3378 Ηρόδοτος,
3203 3312 3285 3364 καὶ
3316 3299 3601 3383 Ᾱλέεηνδρος

1999 3390 2241 3474 Φιλςππου
2265 3395 2309 3441 ἰν
2335 3403 2395 3458 τῇ
2429 3401 2541 3461 πρὸς
2568 3406 2660 3455 τὴν
2685 3403 2876 3467 μητέρα.
2926 3404 3149 3472 inmolat)
3201 3400 3439 3474 (ἔιάτεροι
3470 3408 3518 3458 δὲ
3557 3412 3605 3460 ἰν

1997 3488 2056 3548 τῇ
2087 3466 2361 3545 ἑλεπόλει,
2389 3493 2470 3535 καὶ
2504 3489 2723 3555 Μέμφει,
2754 3466 2840 3541 ui
2863 3495 3066 3555 Θηϐαΐς,
3105 3466 3170 3552 sic
3203 3466 3371 3560 iii-iw;-
3395 3499 3494 3556 τοῖς
3537 3504 3604 3549 Ie-

1993 3577 2149 3641 ριῧσιν
2176 3578 2382 3644 ἀρῖχθαι
2409 3577 2672 3650 λέγοντα),
2691 3584 2806 3652 patri
2834 3584 2950 3652 παρ’
2978 3590 3177 3645 ἐκείνων,
3211 3589 3482 3658 ἀνθρώπους
3511 3592 3601 3643 αὖ·

1998 3672 2106 3725 τοὺς
2143 3674 2379 3732 γίνεσθαι,
2430 3675 2617 3737 μαθεῖν.
2656 3690 2674 3724 ι
2709 3672 3012 3730 Herodotus
3051 3689 3100 3732 et
3135 3677 3439 3734 Alexander
3471 3681 3598 3734 I'hi-

1999 3754 2125 3825 lippi
2167 3757 2313 3814 ﬁlius
2352 3761 2401 3813 in
2433 3760 2659 3830 epistola
2695 3764 2761 3819 ad
2790 3779 3014 3821 matrem
3044 3766 3156 3839 (qui
3187 3770 3398 3841 utrique
3429 3771 3480 3824 in
3510 3771 3598 3825 di-

1997 3848 2167 3901 versis
2219 3849 2524 3907 civitatibus
2557 3852 2813 3926 .‘Egypti,
2862 3856 3161 3929 Heliopoli,
3208 3859 3360 3928 Mem;
3387 3859 3502 3926 his,
3544 3871 3600 3917 et

1998 3936 2195 3994 Thebis
2239 3941 2290 3995 in
2335 3942 2668 4014 colloquium
2702 3964 2824 4003 cum
2868 3951 3238 4008 sacerdotibus
3266 3955 3476 4008 venisse
3515 3955 3601 4010 di-

1994 4032 2208 4102 cuntur)
2244 4032 2490 4089 homines
2518 4037 2650 4093 deos
2679 4038 2871 4105 inisse.
2905 4056 2970 4098 ex
3018 4042 3126 4099 illis
3169 4059 3227 4101 se
3249 4048 3596 4117 Cognovisse,

1995 4123 2144 4178 aiunt
2176 4143 2195 4176 ι
2226 4126 2245 4192 (
2274 4126 2599 4199 Athenagor.
2642 4132 2794 4202 legat.
2841 4151 2934 4203 pro
2977 4133 3256 4191 Christian.
3280 4180 3294 4203 ,
3326 4153 3443 4211 pag.
3474 4139 3593 4212 51).

1995 4216 2147 4283 Quod
2196 4218 2372 4289 itaque
2415 4220 2675 4279 Minucius
2696 4266 2710 4288 .
2743 4241 2807 4280 ac
2836 4236 2956 4297 post
2976 4244 3100 4284 eum
3119 4228 3439 4302 Cyprianus,
3471 4233 3601 4290 insi-

1994 4326 2098 4381 gne
2130 4315 2377 4368 volumen
2403 4355 2418 4380 ,
2453 4314 2556 4372 hoc
2593 4318 2963 4388 Athenagoras
2987 4322 3264 4393 epistolam
3298 4337 3472 4382 vocat.
3524 4329 3598 4383 Ita

1994 4404 2153 4458 etiam
2204 4406 2561 4475 Augustinus,
2608 4411 2698 4481 qui
2745 4411 2902 4468 docet
2935 4414 3113 4482 illum,
3147 4416 3303 4472 sicuti
3352 4420 3593 4479 loquitur

1999 4496 2138 4553 idem
2168 4498 2429 4556 Minucius
2448 4545 2464 4570 ,
2492 4505 2826 4563 sacerdotem
2857 4508 3027 4577 patria
3053 4508 3365 4583 Egyptium
3396 4512 3559 4568 fuisse
3581 4556 3599 4581 ,

292 4583 478 4651 Paria;
511 4586 589 4641 sic
618 4587 760 4640 enim
788 4586 839 4641 in
870 4587 1282 4644 IlllmiSIllaliiIUS
1305 4589 1374 4643 ab
1402 4588 1691 4645 Frt-derieo
1728 4591 1888 4649 Ubal-
1914 4608 1967 4669 D
1993 4604 2058 4646 ac
2083 4589 2318 4647 Leonem
2358 4598 2790 4664 cognominatum
2824 4616 2844 4650 ι
2873 4598 3148 4671 (Angust.,
3182 4602 3272 4659 lib.
3304 4620 3396 4659 vni
3425 4606 3490 4659 de
3513 4604 3602 4661 Ci-

292 4678 421 4734 dino
457 4682 709 4736 exhibitis
733 4681 1016 4752 apellatatn
1044 4681 1281 4738 videbis?
1302 4682 1599 4755 (Ubaldin.,
1624 4685 1689 4740 de
1735 4686 1888 4758 Sym-

294 4773 395 4827 bol.
427 4772 580 4827 Dinn.
630 4772 824 4846 Epltes.
852 4784 1010 4830 statu.
1036 4815 1051 4841 ,
1091 4789 1211 4847 pag.
1242 4775 1381 4845 565,
1433 4786 1561 4832 ιοηι.
1603 4793 1672 4833 vn
1710 4778 1888 4851 Antiq.

302 4866 495 4939 Grec.)

364 4960 632 5016 Caeterum
670 4976 792 5016 cum
825 4959 946 5028 Isis,
980 4970 1036 5017 ut
1058 4962 1204 5017 citati
1236 4962 1392 5032 paulo
1417 4972 1540 5018 ante
1567 4962 1889 5029 Herodotus,

298 5053 562 5109 Diodorus
586 5052 820 5119 Siculus,
839 5054 1034 5125 aliique
1062 5054 1276 5124 plurimi
1308 5054 1676 5125 prodiderunt,
1701 5056 1888 5112 eadem

294 5150 364 5205 sit
382 5159 538 5220 atque
563 5146 751 5209 Ceres.
774 5148 917 5205 illius
945 5148 1111 5204 dubio
1136 5148 1323 5219 procul
1345 5148 1707 5204 Tertullianns
1735 5165 1889 5205 men-

297 5242 494 5297 tionem
529 5241 612 5295 his
637 5242 816 5297 verbis
843 5240 969 5297 fecit
995 5259 1009 5296 :
1045 5259 1064 5293 ι
1096 5242 1310 5309 Quanto
1338 5242 1684 5312 distinguitur
1711 5257 1741 5297 a
1764 5257 1892 5298 eru-

293 5337 372 5388 cis
409 5334 588 5405 stipite
626 5334 799 5389 Pallas
838 5335 1032 5402 Attica,
1055 5343 1110 5390 ct
1148 5333 1315 5390 Ceres
1362 5332 1554 5390 Pharia
1588 5354 1607 5387 ι
1638 5334 1889 5410 (Tertull.

293 5428 508 5499 Apolog.
540 5442 659 5498 cap.
696 5426 808 5500 17).

362 5521 492 5576 Solo
515 5530 691 5577 autem
718 5523 1071 5592 cognomine,
1114 5522 1197 5578 vel
1226 5523 1404 5593 potius
1432 5523 1563 5579 locis
1583 5565 1598 5589 ,
1634 5524 1719 5577 ubi
1747 5524 1891 5581 cole-

293 5616 450 5671 batur
478 5615 573 5670 Isis
615 5613 805 5670 Pharia
833 5657 847 5681 ,
874 5615 1124 5670 distincta
1157 5615 1254 5670 luit
1290 5633 1316 5668 a
1360 5616 1556 5671 Cerere
1598 5615 1889 5684 Eleusinia,

294 5710 446 5777 cujus
477 5710 655 5764 adhuc
675 5719 863 5764 auctor
894 5723 1078 5765 noswr
1095 5719 1216 5780 pust
1241 5710 1596 5766 Euhemerum
1627 5711 1889 5767 tueminit.

291 5804 560 5874 Scriptum
605 5817 737 5858 vero
780 5802 934 5858 ttobis
985 5802 1179 5858 Strabo
1227 5802 1439 5876 reliquit
1492 5823 1504 5858 :
1550 5804 1656 5861 Εἶτ’
1694 5795 1894 5862 Eleusis

294 5900 453 5961 ἥλιε,
481 5901 527 5952 ἓν
546 5900 577 5958 ἧ
593 5903 644 5954 τὸ
670 5910 752 5959 τῆς
773 5905 1017 5968 Afy-17:99;
1040 5905 1158 5967 ἱερὸν
1179 5912 1263 5960 τῖς
1282 5902 1580 5964 Ἐλευσινίας,
1617 5902 1700 5953 καὶ
1727 5903 1752 5954 ὁ
1775 5924 1895 5969 μυσ-

1995 4684 2245 4756 vit.,cap.
2265 4686 2322 4754 5,
2353 4702 2469 4758 pag.
2505 4689 2629 4755 I94,
2651 4699 2706 4746 et
2730 4708 2848 4762 cap.
2877 4693 2998 4762 ult.,
3024 4710 3141 4767 pag.
3160 4695 3284 4765 218,
3314 4710 3364 4754 et
3392 4700 3469 4754 lib
3504 4715 3598 4766 xu,

1994 4790 2113 4845 cap.
2174 4778 2279 4841 10.
2329 4795 2446 4851 pag.
2507 4781 2656 4849 509,
2714 4798 2777 4840 ac
2824 4784 2919 4842 lib.
2972 4804 2988 4843 1
3039 4789 3109 4845 de
3145 4791 3297 4847 Cons.
3348 4791 3595 4867 Evang.,

1994 4883 2109 4939 cap.
2136 4869 2215 4942 5).

2066 4962 2265 5018 Contra
2300 4972 2475 5022 tamen
2502 4969 2794 5026 reclamant
2822 4970 3084 5043 Rigaltius
3131 4989 3195 5030 ac
3239 4975 3522 5048 Cellarius,
3547 4988 3605 5037 et

1996 5060 2316 5128 Minucium,
2362 5064 2600 5138 aliosque
2638 5085 2667 5123 a
2709 5070 3131 5128 nobislandatos
3163 5072 3478 5144 scriptores,
3507 5091 3601 5134 ero

1998 5170 2164 5216 rasse.
2190 5167 2349 5227 atque
2372 5158 2440 5211 ab
2471 5159 2535 5214 iis
2574 5160 2935 5217 Alexandrum
2972 5163 3219 5235 Magnum
3245 5166 3590 5225 Macedonem

1998 5246 2309 5304 Alexandro
2337 5250 2662 5323 Polyhistori
2696 5258 3030 5326 suppositum
3078 5274 3200 5315 esse
3243 5262 3598 5319 contendunt.

1998 5339 2314 5410 Opinionem
2344 5359 2474 5399 vero
2500 5360 2650 5400 suam
2683 5346 2878 5416 duplici
2907 5352 3112 5406 ratioite
3133 5352 3376 5409 stabilire
3400 5370 3604 5409 conan-

1999 5441 2105 5500 tur,
2136 5443 2244 5488 tum
2285 5436 2409 5506 quia
2444 5436 2752 5510 Polyhistor
2779 5445 3084 5507 Αἰγυπτιακά
3120 5444 3308 5510 edidit,
3344 5456 3453 5501 tum
3476 5447 3601 5519 quia

2000 5525 2359 5583 Tertullianus
2412 5530 2548 5586 dixit
2594 5549 2609 5585 :
2665 5551 2682 5583 ι
2719 5530 2867 5588 Cedo
2902 5535 3012 5605 jam
3061 5536 3129 5592 de
3185 5549 3397 5605 vestro,
3450 5539 3597 5610 quod

1996 5618 2237 5691 ngypIii
2257 5633 2491 5683 narrant.
2510 5632 2565 5679 et
2591 5625 2890 5683 Achander
2920 5628 3130 5698 digerit.
3149 5638 3203 5684 et
3232 5639 3402 5686 mater
3423 5631 3553 5703 legit
3574 5650 3595 5685 ι

1999 5712 2249 5784 (Tertull.
2285 5715 2380 5771 lih.
2411 5719 2473 5768 de
2505 5715 2692 5777 Pallio.
2721 5734 2840 5788 cap.
2872 5721 2927 5788 5,
2955 5737 3073 5793 pag.
3100 5722 3249 5795 154).

2071 5807 2290 5872 Verum,
2317 5817 2668 5880 praeterquam
2698 5812 2836 5882 quod
2868 5814 3155 5871 verisimile
3186 5833 3291 5871 non
3321 5818 3410 5883 sit,
3451 5817 3606 5891 Poly-

1999 5902 2258 5960 historem
2297 5905 2575 5975 potestatis
2612 5921 2725 5963 sua:
2766 5917 2912 5966 metu
2958 5924 2988 5964 ιι
3031 5911 3313 5973 sacerdote
3342 5911 3606 5987 Egyptio
