4034 6320
413 342 523 398 563

1792 349 1876 405 DE
1917 346 2176 407 MINUCII
2210 350 2516 411 OCTAVIO

3614 354 3721 419 56'!

412 472 737 535 extorquere
762 465 1004 535 potuisse
1034 464 1102 521 de
1128 464 1234 520 diis
1265 465 1571 522 hominibus
1607 478 1908 531 secretum,
1947 483 2013 525 ac
2038 469 2092 530 Α
2115 470 2269 537 serit,
2294 470 2352 527 lii
2383 484 2551 537 certe,
2581 489 2756 543 neque
2775 487 2963 531 eorum
2982 476 3080 531 ﬁlii
3112 487 3166 533 et
3196 489 3425 549 nepotes
3456 480 3564 537 veri
3599 496 3723 536 nm-

414 559 576 613 matri
603 573 715 613 snze
741 559 1021 627 scripsisse
1044 573 1109 613 ea
1133 559 1201 614 de
1242 574 1300 614 re
1328 559 1520 615 librum
1538 602 1554 625 ,
1583 570 1677 616 ant
1694 561 2011 631 epistolam;

411 663 566 708 certe
595 653 909 708 Plutarchus
930 695 947 718 ,
976 654 1061 708 cui
1101 652 1362 723 Rigaltius
1388 652 1619 708 fortasse
1646 654 2016 725 Cellariustlue

413 748 700 816 majorem,
730 764 888 815 quam
930 748 1188 803 Ecclesia
1226 748 1496 812 Patrihus,
1527 748 1687 805 fidem
1726 749 2016 815 habebant,

2118 580 2276 635 quam
2306 565 2379 622 dii
2408 568 2741 624 immortales
2768 584 2891 627 esse
2912 566 3218 641 posueriint.

2190 660 2344 728 Quod
2374 671 2550 717 autem
2585 674 2770 733 postea
2798 664 3061 720 Minucius
3102 662 3171 723 de
3198 666 3336 724 Isllle
3360 712 3375 737 ,
3408 670 3631 743 ejusque
3656 672 3729 728 ad

2122 752 2464 809 hirundinem
2485 754 2649 811 sistro
2670 757 2824 823 dixit,
2843 757 3195 814 difﬁcillimus
3214 776 3350 817 sane
3372 763 3535 819 habet
3557 766 3738 834 expli-

416 843 606 898 eadein
632 842 687 898 in
720 843 1005 898 Alexandri
1045 843 1218 912 Magni
1257 844 1377 899 Vita
1405 855 1626 899 narrat:
1657 840 1803 909 Ᾱυτδς
1829 842 2022 900 δὲᾹλι-
2123 852 2294 899 catus.
2345 845 2572 914 Quidam
2603 849 2746 902 enim
2787 859 2977 919 putant
3016 850 3159 906 hunc
3199 868 3323 908 esse
3354 854 3572 910 Minucii
3602 873 3737 912 seu-

415 943 608 1005 ξανδρος
637 945 683 992 ἐν
705 945 930 1007 kin-solii)
957 950 1075 1009 πρὸς
1102 949 1188 997 τήν
1225 948 1435 1009 μητέρι,
1461 944 1602 1008 φησὶν
1623 950 1857 1011 meabat
1889 947 2023 1003 τινὲς

2126 951 2243 991 sum
2279 957 2295 995 :
2329 941 2633 996 Alexander
2663 957 2760 998 sua
2790 944 2842 997 in
2873 945 3099 1014 epistola
3132 946 3261 1002 facit
3288 944 3357 1003 de
3383 950 3547 1020 spita's
3574 950 3737 1006 lsidis

416 1037 548 1101 αὐτῷ
574 1042 799 1099 μαντείας
820 1037 1136 1103 ἀποῤῥήτουρ,
1169 1037 1224 1092 ὃς
1261 1038 1403 1093 «ora;
1429 1040 1687 1088 ἰτανελξὼν
1713 1044 1880 1107 φράσει
1908 1042 2026 1105 πρὸς

2152 1034 2340 1088 istrum
2367 1036 2433 1090 ad
2464 1035 2813 1091 hirundinem
2833 1080 2847 1102 ,
2881 1040 2932 1093 id
2960 1050 3045 1094 est
3070 1054 3261 1097 εοιιιιιιι
3288 1043 3638 1098 hirundinino
3661 1044 3740 1099 si-

416 1128 565 1192 μὸνην
590 1132 857 1187 διάκενα..
900 1134 1091 1197 Mys-ru
1123 1131 1172 1180 δὲ
1199 1132 1280 1181 ui
1310 1134 1580 1197 Ψάμμωνος
1608 1137 1655 1185 ἐν
1677 1126 1899 1201 Aqua-ra
1940 1138 2025 1188 τοῦ

416 1227 669 1288 φιλοσόφου
714 1223 988 1281 διακούσας,
1027 1224 1358 1285 ἀποῖἐεασθιι
1383 1228 1604 1288 μάλιστα
1629 1240 1720 1279 τῶν
1754 1231 2023 1291 λεχθέντων,

414 1318 493 1369 ὅτι
515 1319 686 1373 «iure:
711 1319 949 1384 ἀνθρώπω
961 1321 1308 1385 βασιλεύονται
1330 1322 1421 1371 ὑπὸ
1437 1323 1578 1371 ϐίου’
1604 1326 1657 1373 τὸ
1682 1322 1778 1387 γὰρ
1805 1326 1952 1388 ἄρχον
1983 1327 2029 1375 ἓν

2126 1126 2328 1180 mitem.
2368 1127 2543 1196 Spica:
2589 1130 2870 1185 enimvero
2919 1144 3209 1188 succussu.
3255 1135 3487 1202 agitatae,
3523 1146 3577 1191 et
3616 1138 3740 1191 col-

2130 1219 2242 1273 lisae
2263 1234 2456 1274 sonum
2479 1220 2665 1287 edunt,
2687 1222 2860 1293 qualis
2887 1226 3243 1280 concussione
3268 1227 3411 1281 sistri
3438 1227 3701 1284 redditur.

2199 1310 2495 1367 Salmasius
2555 1329 2683 1369 vero
2746 1316 3048 1386 suspicatur
3100 1318 3388 1374 Minucium
3444 1321 3496 1375 in
3550 1318 3739 1392 aliquo

420 1412 604 1476 ἑκάστῳ
633 1418 714 1460 καὶ
741 1415 964 1478 κρατοῦν.
996 1412 1120 1463 θιίὂν
1144 1416 1287 1464 ἐστιν.
1325 1428 1343 1460 ι
1381 1409 1496 1478 Ipse
1511 1410 1562 1464 in
1578 1409 1801 1478 epistola
1824 1410 1890 1466 ad
1912 1426 2025 1466 ma-

2151 1407 2291 1475 ξι·ωοὶ
2329 1408 2606 1479 scriptoris
2638 1409 2775 1463 libro
2804 1410 3000 1480 legisse
3030 1413 3172 1465 inter
3201 1412 3356 1468 Isidis
3388 1411 3614 1485 insignia
3646 1422 3751 1471 nu-

418 1507 557 1553 trem
585 1499 893 1555 Alexander
920 1509 1096 1556 sortes
1119 1500 1380 1571 quasdam
1412 1501 1512 1557 sibi
1542 1502 1619 1557 ait
1645 1516 1873 1557 arcanas
1910 1513 2026 1558 tra-

2151 1503 2325 1557 nerari
2358 1508 2640 1560 Χελιδωίειςν
2664 1509 2896 1577 σεῖστρον,
2924 1504 3025 1561 hoc
3051 1516 3155 1571 est,
3185 1504 3561 1564 Chelidoniam
3593 1512 3749 1580 aspi-

421 1593 733 1663 ditas,qnas
763 1610 1013 1650 reversus
1042 1596 1143 1650 soli
1171 1598 1220 1652 ei
1250 1598 1517 1652 relaturus
1546 1610 1810 1654 esset.....
1843 1598 2029 1654 Perbi-
2130 1596 2254 1652 dem
2282 1605 2339 1653 et
2374 1597 2592 1653 sistrum
2628 1617 2641 1653 :
2676 1598 2818 1670 quod
2850 1602 2964 1672 ipse
2995 1604 3151 1656 vertit
3179 1642 3194 1666 ,
3248 1620 3268 1654 ι
3298 1601 3363 1656 ad
3390 1602 3744 1658 hirundinem

419 1688 916 1755 beturetiam,cum
937 1691 1314 1746 Psammonem
1340 1692 1717 1763 philosophum
1739 1692 2033 1749 audivisset.
2133 1690 2375 1755 sistrum,
2415 1708 2435 1743 ι
2487 1693 2637 1760 quasi
2688 1694 2904 1748 sistmin
2952 1690 3184 1749 similem
3230 1694 3507 1750 hirttndini
3537 1712 3734 1752 sonum

419 1781 475 1836 in
505 1780 762 1853 Egypto,
796 1798 860 1837 ex
898 1783 1056 1837 dictis
1094 1785 1212 1851 ejus
1254 1785 1521 1854 prtccipue
1562 1786 1816 1854 probasse
1842 1801 2032 1843 omnes

2135 1784 2467 1851 crepitacqu
2504 1783 2728 1851 faceret,
2774 1786 2833 1841 ut
2869 1791 3093 1858 κιρκίδες,
3147 1798 3201 1841 et
3232 1786 3372 1842 radii
3416 1790 3638 1844 textorii
3684 1792 3744 1845 in

420 1852 683 1932 mortales
712 1892 740 1930 a
782 1877 891 1931 Deo
923 1879 1062 1948 regi,
1095 1880 1291 1948 quippe
1321 1852 1464 1950 quod
1507 1852 1572 1933 ιη’
1598 1895 1805 1948 quaque,
1840 1895 1899 1936 re
1925 1881 2027 1934 im-
2060 1852 2109 1913 δ
2138 1891 2313 1941 grtcco
2372 1878 2761 1948 epigrammate
2830 1852 3063 1948 ﬂuat...
3124 1884 3418 1953 εἰκεὶίφωνοι
3484 1880 3748 1939 dicuntur

419 1980 575 2039 perat
618 1981 671 2026 et
714 1966 1041 2036 dominatur,
1069 1986 1189 2027 esse
1226 1974 1473 2027 divinum
1510 1992 1529 2025 ι
1562 1971 1882 2041 (Platore/1.,
1926 1970 2027 2029 Vit.

423 2060 734 2128 Atemndr.,
788 2075 919 2120 tom.
974 2079 1048 2125 tt.
1085 2080 1206 2136 pag.
1260 2056 1436 2139 680
1502 2066 1603 2135 Qui
1671 2082 1800 2122 vero
1850 2083 1879 2121 a
1937 2066 2032 2123 Mi-

425 2157 925 2228 nucio,‘C_vpriano,
968 2157 1310 2227 Athenagora
1348 2159 1637 2221 sacerdos.
1671 2170 1724 2215 ct
1751 2160 1819 2215 ab
1848 2162 2031 2231 Augu-

423 2249 569 2305 stino
598 2250 706 2305 Leo
733 2263 972 2317 vocatur,
1016 2251 1159 2306 hunc
1198 2252 1269 2306 ibi
1304 2246 1618 2307 Plutarchus
1648 2252 2031 2309 Psauimonem

426 2343 805 2413 philomphum
832 2346 1086 2414 appellit.
1119 2344 1237 2401 Non
1264 2345 1401 2401 dixit
1424 2346 1639 2418 quidem
1664 2347 2032 2404 Alexandrum

426 2437 585 2491 matri
616 2453 727 2492 suae
756 2439 1058 2509 scripsisse,
1085 2454 1206 2509 qua
1231 2441 1300 2496 ab
1329 2440 1422 2494 illo
1452 2442 1774 2496 Psammone
1804 2444 2033 2511 accepe-

428 2537 533 2596 rat,
562 2531 655 2585 sed
688 2546 861 2602 neque
888 2533 988 2589 hoc
1009 2535 1172 2588 etiam
1207 2534 1473 2588 iniiciatnr
1501 2533 1699 2589 Verum
1723 2534 1850 2605 quid
1870 2544 2031 2598 vetat,

424 2622 715 2693 quominus
743 2624 1133 2693 Athenagoras,
1168 2625 1450 2689 Minucius,
1487 2637 1543 2683 et
1566 2628 1654 2683 alii
1690 2628 1907 2684 aliunde
1934 2629 2036 2686 hac

425 2715 495 2771 de
527 2733 585 2772 re
634 2720 893 2774 certiores
946 2719 1059 2776 ﬁeri
1106 2721 1415 2791 potuerint?
1446 2721 1578 2777 Tam
1607 2722 1815 2776 levibus
1856 2723 2035 2794 itaque

429 2812 759 2882 conjecturis
791 2823 951 2869 tantae
981 2816 1317 2872 auctoritatis
1345 2817 1637 2888 scriptores
1665 2818 1869 2875 erroris
1907 2833 2039 2874 con-

429 2901 723 2960 demnandi
756 2922 861 2960 non
890 2916 1066 2962 erant.

504 2998 635 3067 Quae
666 3015 828 3069 porro
852 3000 992 3069 apud
1024 3009 1297 3056 auctorem
1329 3013 1571 3057 nostrum
1603 3004 1764 3061 verba
1792 3005 2037 3074 proxime

432 3100 747 3157 sequuntur,
803 3091 918 3147 hanc
959 3092 1319 3165 corruptionis
1362 3096 1608 3162 multum,
1650 3106 1705 3151 et
1747 3097 2037 3168 plurimam

434 3184 777 3239 obscuritatis
830 3186 1050 3241 habent.
1096 3188 1184 3242 Sic
1225 3198 1401 3244 autem
1444 3206 1507 3244 ea
1555 3191 1781 3261 legimus
1814 3211 1828 3246 :
1864 3211 1885 3244 ι
1922 3193 2037 3248 Illic

435 3276 558 3347 (nu.
590 3278 717 3347 Reg.
752 3278 855 3347 Illi)
888 3280 1188 3337 Vulcanum
1221 3282 1344 3338 facit
1370 3286 1608 3338 omnium
1642 3284 1959 3353 principem,
1985 3294 2040 3342 et

435 3380 623 3433 pOStea
651 3370 807 3425 Jovis
831 3381 1064 3439 gentem.
1099 3374 1328 3445 Despice
1359 3375 1477 3446 (ms.
1514 3377 1639 3447 Reg.
1671 3386 1726 3432 et
1752 3377 1822 3433 de
1850 3376 2038 3451 spicis)

435 3458 592 3515 Isidis
620 3461 685 3516 ad
718 3461 1059 3520 hirundinem
1091 3466 1308 3521 sistrum
1339 3510 1352 3530 ,
1378 3477 1438 3521 et
1462 3466 1722 3537 dispersis
1753 3468 1873 3541 (ms.
1912 3470 2039 3541 Reg.

437 3552 732 3621 adsparsis)
767 3557 1022 3611 membris
1060 3558 1273 3613 inanem
1316 3560 1391 3613 tui
1436 3558 1708 3629 Serapidis
1736 3563 1850 3615 sive
1877 3558 2047 3617 oau-

441 3645 526 3700 dis
556 3647 673 3719 (ms.
708 3646 832 3719 Reg.
865 3649 1114 3722 Osiridis)
1140 3653 1428 3706 tumulum.
1464 3653 1541 3707 Ex
1577 3656 1737 3709 variis
1760 3656 1907 3711 hisce
1930 3657 2040 3713 leas

442 3738 680 3793 tionibus
701 3744 879 3795 cernis
907 3744 1093 3811 procul
1112 3744 1298 3805 dubio,
1321 3755 1498 3799 utrum
1529 3746 1796 3803 immerito
1820 3750 2045 3820 quibus-

443 3832 569 3886 dam
602 3833 715 3888 hmc
764 3835 1043 3892 videantur
1072 3852 1192 3892 esse
1223 3838 1360 3895 adeo
1385 3840 1675 3910 depravata
1697 3885 1711 3907 ,
1760 3852 1815 3898 nt
1844 3845 2049 3914 absque

440 3926 664 3982 alterius
707 3930 939 3985 sanioris
991 3932 1341 4004 manuscripti
1381 3933 1587 3990 codicis
1632 3936 1833 3993 auxilio
1874 3940 2049 3995 sanari

444 4035 605 4090 posse
634 4022 1063 4093 desperaverim.

518 4119 720 4176 Sensus
745 4129 920 4176 autem
945 4124 1236 4192 primorum
1277 4125 1514 4181 auctoris
1540 4122 1708 4182 noStri
1735 4120 2046 4196 Verborum,

446 4219 703 4280 quantum
751 4227 817 4268 ex
850 4224 953 4270 ms.
1006 4216 1190 4284 Regii.
1224 4219 1347 4274 aliis
1397 4219 1536 4274 haud
1582 4219 1813 4276 absurde
1862 4223 2050 4291 praeie-

442 4305 611 4359 renda
658 4306 884 4362 lectione
908 4349 922 4375 ,
953 4319 1128 4377 potest
1155 4313 1370 4383 colligi,
1407 4314 1495 4369 hic
1532 4323 1636 4379 est,
1691 4313 1803 4377 Illi,
1833 4330 1926 4370 seu
1957 4331 2051 4383 po-

443 4397 550 4453 tius
578 4399 665 4453 ille
693 4399 1020 4468 Alexander,
1052 4418 1114 4459 ac
1140 4404 1277 4462 forte
1300 4407 1491 4462 melius
1519 4406 1647 4464 illic.
1682 4406 1734 4463 id
1764 4416 1866 4469 est.
1898 4410 1951 4464 in
1977 4404 2053 4465 ci-

444 4500 552 4547 tata
580 4494 805 4562 epistola
834 4492 1141 4552 Alexander
1168 4498 1293 4555 facit
1318 4501 1619 4557 Vulcanum
1641 4503 1905 4569 omnium,
1936 4505 2050 4561 sci-

2138 1966 2385 2041 (Salmas.
2410 1971 2463 2024 i‘n
2507 1970 2702 2037 Solia.,
2739 1986 2855 2043 pag.
2900 1969 3050 2044 545).
3103 1974 3275 2043 Atque
3302 1970 3425 2028 inde
3454 1974 3533 2028 sic
3570 1978 3750 2028 corri-

2134 2061 2366 2129 gendum
2389 2072 2577 2119 censet
2616 2064 2851 2119 auctoris
2891 2065 3056 2119 nostri
3102 2073 3302 2119 textum
3335 2082 3348 2118 :
3400 2084 3419 2116 ι
3467 2066 3747 2135 Aspicesis

2137 2155 2294 2210 Isidis
2321 2157 2385 2211 ad
2419 2158 2760 2214 hirundinem
2790 2161 3028 2214 sistrum.
3072 2178 3089 2210 ι
3123 2160 3229 2215 Sed
3270 2161 3315 2214 si
3356 2152 3615 2215 Minucius
3641 2163 3749 2216 ali-

2142 2250 2283 2319 quod
2311 2253 2470 2320 grazci
2495 2253 2775 2322 scriptoris
2805 2266 2939 2323 opus
2964 2254 3172 2323 legerit.
3201 2269 3305 2306 non
3334 2254 3476 2308 aliud
3511 2270 3642 2310 sane
3663 2256 3749 2309 vi-

2138 2344 2296 2401 detur
2322 2358 2519 2416 prmter
2543 2348 2761 2402 citatam
2792 2349 2861 2403 ab
2898 2348 2990 2402 illo
3017 2348 3304 2403 Alexandri
3335 2347 3504 2417 Magni
3529 2351 3704 2420 episto
3724 2382 3741 2390 -

2139 2438 2267 2501 lam,
2299 2438 2381 2491 Vel
2406 2438 2701 2505 Plutarchi,
2727 2440 2810 2494 vel
2835 2440 3063 2495 aliorum
3096 2440 3281 2495 libros.
3311 2443 3377 2495 At
3402 2443 3452 2495 in
3482 2442 3585 2496 illis
3609 2444 3746 2513 quid

2138 2546 2198 2585 ea
2227 2512 2295 2586 de
2336 2548 2394 2586 re
2422 2532 2677 2603 scriptum
2714 2531 2895 2600 fuerit,
2937 2534 3058 2603 quis
3083 2533 3326 2601 divinare
3359 2536 3575 2604 potest?
3624 2512 3745 2591 Non

2140 2635 2245 2682 tam
2266 2627 2471 2682 incerta
2504 2629 2684 2699 itaque
2710 2628 3019 2698 conjectura
3043 2637 3232 2683 contra
3268 2631 3615 2701 manuscripti
3646 2647 3748 2684 an-

2137 2720 2444 2790 tiquissimi,
2485 2729 2540 2775 et
2590 2721 2890 2777 editionum
2929 2716 3171 2775 omnium
3215 2719 3406 2788 ﬁdem,
3446 2730 3626 2777 textus
3653 2721 3748 2777 Ille

2139 2816 2414 2871 emendari
2442 2814 2624 2871 debet.

2210 2908 2349 2977 Quid
2403 2920 2532 2979 ergo
2571 2909 2643 2964 ibi
2691 2909 2792 2965 sibi
2839 2904 3103 2965 Minucius
3153 2909 3417 2979 voluerit,
3452 2926 3481 2964 a
3508 2911 3663 2966 nobis
3694 2910 3748 2966 si

2143 3001 2381 3070 postules
2404 3042 2416 3065 ,
2447 3000 2582 3055 nihil
2623 3016 2720 3055 nos
2756 3003 2888 3056 certi
2928 3001 3130 3055 habere
3161 3001 3388 3067 ingenue
3430 3002 3743 3057 latebimur.

2141 3091 2278 3161 Quid
2307 3107 2436 3147 vero
2475 3094 2826 3160 conjiciamus
2848 3135 2862 3156 ,
2892 3094 2935 3147 si
2969 3106 3158 3162 roges;
3188 3103 3248 3147 ut
3286 3092 3380 3147 tibi
3413 3107 3622 3148 morem
3651 3109 3752 3165 ge-

2142 3199 2322 3240 ramus
2344 3185 2631 3240 observare
2645 3187 2795 3254 prius
2815 3183 2964 3256 juvat
2986 3185 3128 3255 quod
3160 3178 3479 3240 Plutarchus
3500 3186 3745 3252 tradidit,

2142 3277 2335 3332 Isidem
2383 3278 2435 3332 in
2486 3276 2827 3334 hirundinem
2874 3282 3131 3333 mutatam
3176 3278 3502 3352 (Plutarch.,
3539 3281 3628 3334 ιιι».
3682 3282 3754 3335 de

2147 3369 2278 3424 Isid.
2317 3379 2362 3424 et
2406 3368 2605 3424 Osirid.
2656 3380 2775 3442 pag.
2820 3372 2947 3426 356.
2999 3371 3133 3425 Ibi‘d.
3184 3384 3304 3442 pag.
3346 3372 3495 3439 376).
3549 3373 3754 3428 Deinde

2147 3478 2277 3516 vero
2310 3462 2526 3516 sistrum
2565 3463 2803 3533 depingit
2826 3465 3108 3531 superiore
3136 3473 3286 3530 parte
3316 3462 3604 3520 rotundam
3629 3507 3645 3529 ,
3677 3479 3750 3520 ac

2148 3558 2440 3611 curvamini
2470 3557 2613 3611 illius
2641 3561 2694 3612 iri
2725 3560 2922 3613 Vertico
2940 3558 3122 3630 cfti'ngi
3157 3561 3313 3614 felcm
3348 3560 3578 3615 humana
3620 3575 3751 3630 5pc-

2150 3652 2254 3709 ci'e.
2285 3663 2338 3705 et
2366 3652 2487 3705 itum
2506 3654 2662 3722 parti,
2694 3652 2823 3706 infra
2849 3668 2934 3719 ea,
2955 3652 3074 3719 qua:
3102 3656 3430 3723 quatiuntur,
3461 3656 3756 3726 aliquando

2153 3743 2326 3809 Isidis,
2355 3743 2529 3814 aliqua
2572 3745 2641 3796 do
2662 3742 2938 3816 Nephtyos
2961 3745 3176 3800 faciem.
3216 3750 3280 3800 At
3306 3762 3416 3801 non
3444 3748 3601 3802 unius
3622 3757 3753 3804 tan-

2154 3846 2263 3891 tum
2289 3880 2305 3904 ,
2353 3837 2444 3892 sed
2512 3838 2639 3890 varii
2692 3840 2906 3909 generis
2962 3838 3294 3910 diversmque
3346 3840 3535 3895 forma:
3586 3843 3754 3897 sistra

2153 3936 2326 3992 erant.
2358 3937 2416 3983 ut
2440 3939 2586 3985 recte
2606 3939 2788 3984 eontra
2821 3926 3067 3985 Bossitim
3098 3930 3302 3987 Tollius
3328 3932 3509 3999 (Tom.
3546 3948 3595 3987 Vl
3640 3934 3751 3987 An-

2153 4023 2522 4095 tiquitlx'rtcc.
2562 4039 2681 4094 pag.
2724 4025 2820 4079 411
2854 4036 2907 4080 et
2930 4023 3096 4096 seq.),
3128 4026 3322 4096 aliique
3346 4026 3745 4083 demonstrant.

2157 4116 2325 4172 Porro
2355 4127 2532 4172 autem
2572 4116 2729 4171 Isidis
2781 4120 2946 4187 ligura
2988 4118 3513 4187 repraesentabatur,
3557 4120 3756 4176 dextra

2155 4224 2316 4265 manu
2346 4212 2564 4265 sistrum
2589 4220 2827 4281 gestans.
2872 4211 2991 4278 Ipsa
3014 4226 3163 4277 vero,
3188 4223 3248 4267 ut
3277 4214 3526 4280 vidimus,
3561 4214 3755 4271 eadem

2153 4313 2237 4358 est
2259 4317 2323 4358 ac
2346 4303 2533 4369 Ceres,
2565 4306 2684 4374 qua:
2712 4305 2893 4375 fruges
2923 4305 3190 4360 invenisse
3216 4303 3504 4361 ferebatur.
3546 4306 3759 4375 Quibus

2154 4398 2224 4453 ita
2262 4398 2540 4469 explicatis
2561 4441 2574 4464 ,
2609 4399 2870 4468 espende,
2905 4404 3118 4470 qttteso,
3146 4405 3217 4454 'an
3249 4399 3354 4456 dici
3395 4402 3563 4472 possit
3603 4401 3748 4458 lianc

2155 4506 2276 4548 esse
2299 4488 2535 4547 auctoris
2572 4490 2745 4547 nostri
2784 4494 3039 4547 mentem.
3094 4493 3397 4549 Alexander
3430 4508 3523 4549 sua
3559 4494 3609 4548 in
3641 4494 3761 4564 epi-

442 4585 569 4655 Iicet
605 4586 829 4643 deorum
883 4592 1199 4661 principem,
1239 4601 1292 4648 et
1323 4604 1505 4662 postea
1546 4595 1694 4651 .lovts
1723 4604 1955 4668 gentem,
1989 4594 2054 4655 Ει
2077 4585 2131 4647 D
2157 4576 2292 4640 stola
2327 4585 2541 4655 scripsit
2577 4572 2954 4653 repra'sentari
2996 4583 3190 4640 Isidem
3229 4594 3327 4641 seu
3357 4586 3609 4641 Cererem
3646 4585 3762 4641 fru—

447 4677 501 4735 id
529 4680 747 4750 quidem
784 4684 1093 4739 confirmari
1133 4687 1336 4754 optime
1378 4678 1572 4749 poterit
1619 4688 1959 4760 transcriptis
1988 4686 2039 4748 aI

2162 4678 2348 4744 menti,
2395 4687 2425 4733 ιι
2470 4693 2550 4743 se,
2588 4670 2664 4733 iui
2695 4674 2927 4745 aiebant,
2970 4677 3193 4744 inventi,
3232 4678 3410 4743 spicas
3456 4680 3507 4733 in
3555 4681 3758 4748 capite,

448 4771 681 4828 Eusebio
704 4775 853 4857 hisce
883 4776 1097 4832 Diodori
1128 4777 1291 4833 Siculi
1316 4780 1493 4834 verbis
1518 4800 1531 4835 :
1553 4765 1691 4839 ἔνιοι
1718 4787 1765 4838 δὲ
1786 4801 1875 4842 τῶν
1903 4793 2057 4857 ἱερὲριυ

448 4870 563 4937 φασὶ
598 4886 780 4939 πρῶτον
811 4853 1050 4939 ﬁgmenti
1087 4879 1538 4942 βασιλεῦσαιπυρδς
1569 4878 1763 4944 εὖρετσῑιν
1792 4892 2054 4943 γινρμινον.

454 4977 475 5010 ι
511 4959 553 5014 Ε
582 4961 958 5017 sacerdotibus
992 4964 1232 5019 nonnulli
1283 4964 1470 5020 volunt
1517 4965 1846 5031 Vulcanum,
1902 4967 2051 5025 illum

448 5050 587 5121 ignis
618 5054 950 5110 inventorem
976 5096 991 5121 ,
1023 5057 1255 5121 primum
1283 5072 1463 5126 regem
1494 5058 1880 5114 numerandum
1906 5071 2051 5129 esse,

450 5148 538 5203 cui
558 5150 841 5215 Saturnus,
866 5152 1015 5208 Jovis
1046 5162 1219 5221 pater,
1252 5154 1479 5226 imperio
1505 5155 1821 5211 successerit
1848 5175 1868 5208 ι
1896 5153 2052 5228 (Dio-

447 5245 594 5305 dor..
621 5248 711 5304 lib.
744 5265 762 5304 ι
801 5250 1026 5305 Ribtiotlt
1076 5264 1197 5323 pag.
1241 5250 1297 5315 8;
1332 5251 1557 5319 Euseb,
1590 5251 1685 5308 lib.
1732 5268 1770 5308 tt
1809 5252 2048 5325 Prrrpar.

445 5336 674 5411 Evang.,
700 5354 818 5410 cap.
854 5342 880 5398 l
914 5342 959 5411 ).
1007 5341 1195 5399 Utrum
1235 5351 1411 5398 autem
1445 5344 1586 5399 istud
1615 5358 1799 5398 verum
1827 5344 1896 5399 sit
1924 5344 2053 5401 arti-

448 5432 571 5486 culo
602 5434 845 5502 sequenti
872 5434 1318 5492 examinaltlmus.
1362 5437 1430 5492 At
1456 5447 1603 5492 certe
1634 5436 1899 5491 neminem
1929 5450 2052 5495 esse

449 5531 719 5591 putamus,
748 5527 837 5595 qui
870 5526 1010 5581 ultro
1034 5540 1141 5585 non
1181 5528 1413 5585 fateatur
1451 5542 1556 5584 non
1599 5527 1846 5583 minimas
1887 5527 2050 5586 fuisse

451 5612 743 5670 Gentilium
780 5617 847 5672 de
881 5619 1104 5676 deorum
1148 5636 1368 5676 suorum
1422 5618 1629 5689 origine
1670 5621 2045 5678 dissentiones.

452 5706 584 5762 Nam
638 5710 727 5763 alii
786 5710 1027 5781 plerique
1071 5730 1260 5770 omnes
1309 5716 1455 5770 illam
1500 5731 1527 5769 a
1576 5715 1806 5770 Saturno
1835 5715 2050 5773 ductam

448 5817 570 5857 esse
594 5803 795 5865 oninati
827 5815 972 5868 sunt,
998 5807 1151 5863 sicuti
1178 5808 1333 5877 paulo
1352 5817 1472 5875 post
1499 5806 1902 5880 explicabimus.
1934 5805 2053 5863 Ca:-

444 5906 624 5959 terum
653 5899 770 5960 sive
805 5915 837 5957 a
863 5898 1097 5961 Saturno
1114 5942 1129 5972 ,
1159 5901 1275 5961 sive
1298 5917 1330 5961 a
1353 5901 1594 5962 Vulcano
1623 5899 1836 5961 initium
1863 5914 2051 5974 sump-

2160 4772 2347 4827 subtus
2374 4762 2735 4834 hirundinem,
2769 4771 2819 4825 in
2842 4778 3002 4840 quam
3028 4778 3228 4826 mutata
3249 4772 3444 4834 fuerat,
3474 4787 3538 4828 ac
3563 4771 3760 4828 dextra

2160 4881 2320 4920 manu
2350 4863 2567 4919 sistrum
2597 4873 2917 4934 gestantem.
2946 4863 3163 4919 Meliora
3194 4874 3372 4919 tamen
3404 4865 3496 4919 tibi
3522 4866 3572 4919 in
3602 4880 3761 4921 meu—

2159 4966 2265 5012 tem
2293 4958 2337 5010 si
2369 4957 2635 5022 venerint,
2666 4957 2927 5025 nobisque
2950 4968 3227 5027 suggeras,
3251 4956 3557 5019 confestim,
3596 4959 3761 5013 mini-

2160 5062 2352 5118 meque
2381 5050 2730 5113 reluctantes,
2758 5051 3037 5106 sententire
3078 5058 3179 5105 tute
3217 5048 3636 5106 subscribetnns.
3686 5054 3760 5108 At

2156 5143 2429 5201 fatendum
2460 5152 2636 5197 tamen
2667 5145 2769 5198 erit
2796 5143 3079 5199 Minucium
3105 5145 3229 5199 hinc
3260 5153 3402 5200 recte
3431 5145 3761 5202 concludere

2155 5239 2435 5295 ridiculam
2474 5228 2697 5293 nomine
2725 5251 2844 5292 esse
2884 5246 2936 5293 et
2975 5232 3366 5308 explodeudam
3415 5238 3554 5294 hanc
3598 5238 3762 5295 Isidis

2155 5336 2506 5392 divinitatem.

2222 5431 2502 5486 Postremo
2522 5430 2572 5483 in
2589 5429 2774 5484 eadem
2795 5428 3083 5484 Alexandri
3102 5429 3347 5499 epistola,
3367 5430 3566 5497 sivs,ut
3585 5430 3764 5502 loqui-

2156 5535 2241 5581 tur
2262 5533 2449 5581 auctor
2474 5532 2662 5579 nostcr
2692 5541 2710 5573 ι
2742 5538 2777 5578 v
2798 5514 3013 5578 lllltlline
3034 5566 3046 5588 ,
3078 5540 3098 5576 ι
3142 5523 3400 5595 scriptum
3435 5535 3549 5579 erat
3573 5544 3591 5577 ι
3639 5523 3758 5581 dis-

2154 5618 2345 5688 persis,
2388 5637 2405 5670 ι
2450 5617 2532 5672 vel
2568 5635 2587 5669 ι
2623 5610 2895 5686 adspersis
2920 5614 3193 5677 membris,
3224 5616 3434 5672 inanem
3459 5616 3757 5686 Serapidis,

2157 5706 2269 5768 sive
2294 5710 2519 5767 Osiridis
2549 5710 2830 5764 tumulum.
2866 5728 2884 5761 ι
2919 5709 3027 5764 Nec
3057 5724 3275 5779 prorsus
3302 5725 3432 5766 sane
3463 5710 3754 5767 immerito.

2156 5805 2345 5859 Narrat
2395 5805 2537 5858 enim
2588 5802 2850 5857 Diodorus
2893 5800 3104 5856 Siculus
3151 5802 3412 5871 quosdam
3466 5801 3759 5859 tradidisse

2155 5896 2470 5971 Typhonem
2499 5896 2677 5952 fratris
2707 5893 2790 5951 sui
2817 5892 3062 5963 Osiridis,
3093 5908 3122 5948 a
3150 5908 3209 5951 se
3233 5895 3522 5953 crudeliter
3552 5896 3757 5966 necati,
