3972 6310
211 331 318 395 565

213 552 475 624 parricidii
498 555 580 609 sui
612 555 773 611 sociis
812 554 1086 610 distribuit
1117 554 1356 627 (Diodor.
1404 553 1571 611 SicuI.
1612 551 1792 610 tBibl.

215 644 325 717 pag.
354 646 453 713 I2;
480 656 533 701 et
556 644 694 718 apud
720 644 912 704 Euseb.
935 647 1026 703 lib.
1050 663 1087 703 ιι
1112 647 1345 718 Prtepar.
1375 646 1595 719 Evang.,
1618 648 1796 718 capJ,

214 740 328 809 pag.
362 739 475 812 46).
526 738 719 797 PoStea
760 758 888 798 vero
928 756 1020 798 eas
1064 732 1160 797 Isis
1198 743 1431 807 invenit,
1481 757 1542 797 ac
1568 742 1801 812 singulas

218 850 448 907 quasque
495 836 548 891 in
578 836 832 891 fabricata
864 836 1099 893 hominis
1125 836 1299 908 efﬁgie
1339 837 1569 893 inclusit.
1605 837 1803 893 Accer-

214 927 325 982 sitis
351 927 544 983 deinde
578 922 740 984 totius
772 928 988 1002 Egypti
1013 929 1412 995 sacerdotibus,
1447 945 1801 1001 unamquam-

215 1036 313 1093 que
339 1032 542 1092 pztrtetn
579 1022 815 1077 tributim
846 1024 1062 1086 divisit,
1092 1036 1250 1094 quam
1292 1036 1389 1076 suo
1429 1023 1652 1092 quisque
1688 1023 1804 1078 loco

215 1117 480 1188 sepeliret.
525 1116 885 1185 Quamobrem
919 1118 1171 1188 qualibet
1196 1116 1414 1188 [Egypti
1443 1116 1613 1171 tribus
1639 1114 1809 1170 Osiri-

220 1209 300 1265 ‘dis
334 1210 599 1264 tmnulun’t
626 1252 641 1278 ,
686 1210 823 1280 apud
866 1226 925 1265 se
949 1210 1146 1266 habere
1180 1208 1542 1271 exiStimabat,
1571 1208 1663 1262 sed
1686 1250 1700 1274 ,
1732 1207 1805 1263 uti

216 1304 286 1360 ait
313 1313 501 1358 auctor
523 1315 722 1366 nos‘ter,
746 1305 956 1358 inanem
980 1315 1035 1360 et
1061 1320 1301 1359 tacuum.
1336 1303 1649 1359 Plutarchus
1679 1317 1806 1356 vero

212 1393 506 1464 simplicius
532 1394 849 1466 breviusque
878 1396 1004 1451 dicit
1031 1395 1220 1451 Isidem
1247 1395 1475 1451 cadaver
1496 1395 1721 1450 tlsiridis
1747 1408 1806 1450 se

215 1487 342 1543 dare
368 1488 793 1543 dissimulantem
813 1531 828 1556 ,
860 1490 1065 1559 singula
1093 1499 1299 1545 tantum
1331 1490 1556 1559 singulis
1588 1490 1806 1545 urbibus

215 1580 424 1638 dedisse
465 1582 745 1637 simulacra
769 1624 783 1649 ,
831 1581 914 1636 vel
966 1592 1022 1637 ut
1062 1580 1153 1636 alii
1195 1582 1478 1652 Opinantur
1506 1625 1520 1649 ,
1552 1580 1807 1651 ‘singulas

213 1676 354 1733 illius
394 1677 669 1732 cadaveris
722 1686 931 1746 partes,
978 1678 1050 1732 ita
1095 1686 1149 1732 ut
1196 1676 1371 1733 incide
1401 1686 1525 1743 aut,
1560 1677 1809 1731 humasse

214 1764 509 1842 (Plutarch.
540 1770 630 1825 lib.
657 1771 720 1825 de
751 1768 882 1825 Isid.
912 1782 955 1825 et
986 1769 1340 1842 Osirid.,pag.
1370 1770 1520 1841 553').

1678 339 2148 399 DISSERTATIO.

212 472 400 526 corpus
424 459 491 525 ,in
534 468 713 532 partes
752 459 937 533 viginti
967 476 1060 517 sex
1086 459 1390 526 desecasse,
1421 474 1553 532 quas
1581 458 1802 516 totidem
1830 464 1883 523 Α

3395 314 3509 402 566’

2496 459 2720 517 CAPUT
2761 461 2898 519 XVI.

1903 611 2046 662 QUAM
2086 612 2277 653 νΑιιυΑ
2316 612 2431 653 SINT
2472 614 2594 653 ALIA
2632 615 2979 666 ARGUMENTA,
3020 614 3204 664 QUIBUS
3242 614 3501 657 OCTAVIUS

1977 706 2185 747 CONTRA
2225 707 2491 749 CrECILlUI
2530 707 2759 761 PROBAT,
2800 709 2994 752 FALSOS
3038 709 3347 760 NULLOSQUE
3377 710 3504 751 ESSE

1976 801 2267 842 GENTILIUI
2296 802 2446 843 usos.
3422 787 3425 790 ’

2425 936 2717 979 Αιιτιεῐιιυε
2754 934 2962 980 PRIMUS.

1914 1058 2082 1125 Quam
2108 1058 2388 1113 luculenter
2421 1058 2660 1116 Octavius
2682 1077 2744 1116 ea:
2770 1063 2934 1131 prima
2965 1061 3176 1116 deorum
3202 1062 3400 1133 origine
3423 1077 3509 1117 os-

1983 1155 2154 1210 tendat
2184 1172 2267 1209 eos
2311 1155 2431 1210 deos
2458 1172 2558 1210 non
2594 1158 2779 1225 fuisse,
2825 1157 2914 1211 sed
2951 1174 3113 1212 meros
3143 1158 3409 1220 homines;
3448 1173 3509 1211 ac

1985 1251 2151 1321 primo
2193 1248 2396 1320 quidem
2448 1266 2625 1303 eorum
2666 1251 2949 1322 principem
2988 1250 3311 1318 Saturnum,
3361 1247 3513 1304 Creta

1985 1343 2294 1413 profugum,
2323 1358 2355 1394 a
2377 1340 2513 1394 lano
2542 1342 2595 1395 in
2623 1340 2784 1395 Italia
2807 1353 3127 1412 susceptum,
3167 1342 3252 1396 ubi
3282 1343 3510 1397 homines

1985 1435 2134 1504 plura
2163 1433 2333 1486 docuit
2354 1474 2368 1497 ,
2412 1449 2473 1487 ac
2499 1434 2779 1503 prwsertim
2806 1450 3037 1487 nummos
3070 1434 3273 1503 signare
3291 1476 3305 1500 ,
3332 1434 3512 1504 impri-

1982 1543 2118 1581 mere
2169 1527 2394 1592 litteras,
2447 1543 2507 1580 ac
2555 1529 2702 1598 cujus
2759 1524 2962 1582 nomine
3017 1527 3267 1583 Saturnia
3312 1543 3513 1583 nuncu-

1984 1630 2108 1691 pata
2133 1628 2226 1673 est.

1986 1748 2378 1808 Intolerandam
2435 1768 2655 1823 prorsus
2699 1752 2917 1817 Caecilii,
2961 1753 3296 1828 aliorumque
3345 1757 3519 1827 genti-

281 1862 436 1927 Esto,
466 1865 671 1933 inquiet
697 1861 916 1934 aliquis;
947 1864 1185 1919 concedo
1209 1865 1419 1917 inanem
1443 1862 1609 1917 fuisse
1636 1858 1806 1916 Osiri-

1936 1848 2065 1913 Ium,
2088 1847 2156 1902 de
2182 1847 2283 1903 diis
2317 1848 2430 1903 suis
2470 1846 2887 1904 ostentationem
2918 1858 2975 1903 ut
3012 1846 3273 1903 Minucius
3312 1850 3364 1904 in
3395 1864 3517 1921 pcr-

214 1955 294 2013 dis
329 1960 613 2012 tumulum.
649 1958 753 2015 Sed
779 1972 874 2012 cur
904 1958 1163 2013 Minucius
1197 1958 1400 2013 addidit
1430 1977 1443 2013 :
1491 1975 1510 2009 ι
1558 1954 1682 2013 Sit'e
1708 1955 1809 2010 Se-

214 2048 416 2120 rapidis
447 2049 562 2103 tui?
600 2068 618 2102 ι
664 2051 733 2104 At
778 2049 892 2104 hmo
934 2050 1268 2120 percontanti
1320 2048 1587 2103 Plutarchi
1634 2048 1811 2103 verbis

213 2141 661 2210 respondebimus
706 2140 876 2214 (Idem
922 2141 1048 2197 ibid.
1106 2157 1224 2213 pag.
1277 2140 1406 2214 362)
1461 2159 1472 2194 :
1530 2160 1548 2191 ι
1586 2141 1813 2195 Praestat

213 2233 409 2291 Osirim
431 2252 554 2291 cum
587 2235 797 2291 Baccho
835 2235 1083 2291 eumdem
1116 2236 1315 2300 facere,
1347 2244 1400 2291 et
1440 2236 1559 2290 eum
1596 2233 1811 2289 Osiride

215 2329 498 2398 Serapim,
549 2328 627 2384 sic
674 2329 877 2383 dietuin
926 2339 1208 2399 postquam
1261 2336 1505 2382 naturam
1564 2324 1808 2391 mutavit,

216 2426 333 2496 quia
367 2423 612 2479 omnibus
638 2425 937 2479 communis
960 2433 1039 2478 est
1069 2422 1303 2492 Serapis.
1344 2442 1362 2475 ι
1399 2421 1601 2477 Deinde
1631 2420 1816 2474 oltser-

215 2528 298 2571 vat
322 2515 612 2587 plerosque
642 2516 950 2572 sacerdotes
982 2514 1230 2571 docuisse
1266 2516 1513 2570 eumdem
1544 2528 1663 2569 esse
1689 2512 1813 2568 Osi-

215 2609 312 2664 rim
334 2618 503 2678 atque
530 2610 707 2679 Apim,
739 2616 795 2664 et
821 2609 962 2663 hunc
1004 2627 1031 2660 ι
1070 2606 1473 2678 intelligendum
1520 2606 1812 2662 formosam

216 2702 411 2756 animae
440 2700 663 2756 Osiridis
695 2700 1002 2771 imaginem.
1045 2722 1063 2753 ι
1110 2700 1216 2756 Nos
1249 2716 1379 2756 vero
1420 2698 1541 2755 alibi
1583 2701 1819 2755 ostendi-

220 2809 336 2850 mus
363 2795 635 2865 quomodo
672 2804 742 2851 ex
780 2797 878 2866 Api
914 2795 1106 2850 factum
1138 2795 1293 2850 fuerit
1321 2794 1593 2865 Serapidis
1621 2811 1819 2851 nomen

222 2886 399 2961 (Tom.
454 2905 469 2942 I
521 2888 771 2960 Apparal.
822 2888 912 2944 lib.
940 2903 1019 2953 III,
1053 2889 1271 2945 dissert.
1303 2886 1358 2952 2,
1388 2904 1506 2958 cap.
1541 2888 1596 2957 4,
1627 2899 1728 2942 art.
1764 2890 1815 2955 1,

221 2980 337 3052 pag.
372 2979 555 3047 1090).
601 2981 958 3049 Quamobrem
990 2980 1327 3046 Lactantius,
1364 2980 1648 3037 Plutarcho
1681 2978 1819 3035 haud

220 3070 379 3128 dubie
405 3070 753 3141 subscripsit,
785 3072 873 3127 ubi
906 3075 979 3127 ait
1008 3092 1021 3128 :
1059 3092 1077 3125 ί
1115 3073 1207 3128 Est
1235 3072 1403 3128 Osiris
1424 3116 1438 3139 ,
1471 3088 1627 3143 quem
1663 3072 1822 3128 Sera-

222 3165 306 3235 p‘in
335 3174 391 3220 et
418 3164 729 3235 Serapidem
760 3168 952 3235 Vulgus
980 3166 1227 3235 appellat.
1276 3164 1461 3220 Solent
1500 3166 1641 3220 enim
1673 3167 1813 3220 mor-
1846 3206 1892 3269 Ο

224 3259 323 3313 tuis
369 3258 700 3313 consecratis
748 3258 962 3313 nomina
1012 3254 1330 3323 immutari;
1380 3260 1542 3314 credo
1590 3277 1657 3315 ne
1702 3261 1821 3331 quis

221 3361 367 3422 putet
423 3366 519 3406 eos
574 3351 818 3406 homines
855 3352 1020 3408 luisse
1069 3352 1335 3424 (Lactant.
1376 3354 1465 3408 lib.
1496 3370 1535 3420 ι,
1577 3368 1695 3423 cap.
1725 3353 1815 3422 2i,

222 3461 336 3525 pag.
372 3443 524 3516 118).
558 3462 576 3495 ι
616 3443 835 3514 Utrique
873 3444 1217 3525 adjiciamus,
1247 3445 1338 3516 qui
1371 3446 1514 3513 prior
1540 3444 1688 3499 citari
1720 3445 1820 3501 de.

221 3522 360 3595 buit.
397 3536 683 3591 Diodorum
712 3534 982 3601 Siculum,
1020 3536 1170 3607 cujus
1208 3522 1321 3591 haec
1355 3537 1578 3607 legimus
1610 3538 1765 3592 verba
1803 3555 1817 3591 :

228 3645 245 3678 ι
280 3625 482 3683 Osirim
536 3626 697 3682 modo
753 3627 1011 3696 Serapi”,
1065 3626 1223 3681 mtdu
1285 3627 1602 3699 DiOnysum,
1659 3628 1820 3682 inter-

220 3714 342 3773 dum
395 3714 716 3785 Plutouem,
772 3712 1034 3773 interdum
1084 3710 1400 3773 Aimnonem
1431 3761 1445 3787 ,
1500 3712 1821 3790 quandoque

218 3808 446 3875 Jovem,
490 3826 597 3865 non
652 3827 772 3866 raro
841 3812 982 3867 Pana
1035 3828 1155 3867 esse
1217 3820 1403 3882 putant
1452 3830 1465 3867 :
1516 3824 1594 3871 τὸν
1654 3800 1823 3885 ὅσιριν

217 3915 263 3962 oi
299 3918 387 3976 μὲν
436 3914 741 3977 Σάραπιν....
785 3918 1052 3976 νενομίκασι
1089 3926 1107 3959 ι
1140 3908 1382 3979 (lliutlur.
1419 3906 1819 3963 libJBlbllolh.

223 4015 340 4073 pag.
375 4001 489 4071 I5).

286 4098 398 4154 Cur
425 4108 603 4152 autem
635 4096 895 4153 Minucius
925 4096 1188 4152 addiderit
1217 4099 1308 4163 tni,
1344 4097 1494 4153 facile
1524 4098 1813 4169 intelliges,

218 4192 262 4248 si
287 4192 687 4247 animadirertas
713 4192 861 4247 illum
884 4196 1073 4248 contra
1098 4193 1369 4247 Caecilium
1398 4193 1694 4263 disputare,
1726 4194 1817 4264 qui

218 4296 273 4342 et
300 4285 551 4341 ethnicus
580 4284 754 4340 adhuc
780 4292 897 4340 erat
921 4328 936 4351 ,
977 4298 1031 4340 et
1057 4286 1273 4340 obvium
1302 4286 1576 4356 Serapidis
1603 4287 1819 4341 simula-

218 4392 391 4445 crum,
421 4377 575 4433 sicuti
606 4378 725 4432 libri
758 4379 983 4449 hujusiu
1006 4380 1155 4434 initio
1179 4390 1445 4441 narratur,
1478 4380 1642 4449 itnpio
1668 4380 1817 4435 cultu

223 4472 573 4527 salutaverat.
603 4473 759 4541 Atqui
799 4472 911 4526 sive
939 4475 1151 4542 plenum
1183 4473 1407 4529 Oril'iliiS
1435 4474 1519 4527 vel
1549 4474 1821 4543 Serapidis

1915 1952 2132 2013 petuum
2185 1943 2528 2013 comprimat,
2580 1944 2727 2016 ipsos
2776 1959 3113 2014 nequaquam
3157 1943 3310 2009 deos,
3361 1944 3455 1999 sed
3485 1956 3518 1999 a

1916 2036 2088 2105 ptima
2125 2050 2219 2090 sua
2267 2037 2472 2102 origine
2525 2053 2705 2092 meros
2750 2036 2997 2091 homines
3034 2034 3200 2091 fuisse
3245 2034 3387 2091 hunc
3418 2036 3517 2093 de-

1916 2137 2178 2183 monstrat
2202 2129 2253 2182 in
2285 2129 2501 2183 modum
2534 2148 2547 2184 :
2586 2148 2603 2181 ι
2640 2129 2926 2185 Saturnum
2957 2130 3248 2199 principem
3279 2129 3453 2198 hujus,
3492 2142 3512 2182 ι

1916 2219 2124 2275 scilicet
2153 2221 2378 2275 deorum
2401 2263 2414 2287 ,
2452 2239 2471 2272 σ
2507 2223 2721 2291 generis
2740 2263 2755 2285 ,
2787 2236 2978 2276 omnes
3007 2223 3302 2291 scriptores
3332 2236 3516 2278 vetus-

1917 2310 2041 2365 tatis
2068 2310 2241 2366 Graeci
2274 2312 2636 2383 Romanique,
2669 2312 2941 2367 hominem
2984 2313 3357 2382 prodiderunt.
3405 2313 3520 2370 Scit

1916 2404 2018 2460 hoc
2046 2405 2222 2476 Nepos
2246 2414 2301 2460 et
2325 2405 2541 2461 Ca~sius
2566 2407 2623 2461 in
2650 2406 2893 2472 historia,
2929 2418 2984 2462 et
3008 2405 3229 2463 Thallus
3248 2417 3300 2464 et
3325 2408 3520 2464 Diodo-

1920 2515 2011 2554 rus
2033 2497 2134 2553 ltoc
2165 2499 2473 2570 loquuntur.
2518 2518 2536 2552 ι

1993 2594 2193 2649 Eodem
2241 2595 2453 2665 penitus
2493 2594 2653 2650 modo
2694 2594 3053 2652 Tertulliauus
3107 2596 3326 2652 eosdem
3369 2596 3516 2652 chri-

1921 2688 2108 2742 5tiauaz
2130 2686 2402 2757 religionis
2429 2688 2609 2742 hostes
2638 2688 2927 2753 prosternit
2952 2702 3015 2743 ac
3031 2686 3262 2744 debellat
3286 2708 3299 2744 :
3325 2708 3344 2742 ι
3378 2692 3518 2743 Ante

1924 2781 2210 2837 Saturnum
2238 2823 2252 2849 ,
2282 2782 2471 2852 inquit,
2506 2783 2648 2837 Deus
2675 2796 2839 2853 penes
2865 2796 2961 2838 Vos
2993 2794 3150 2838 nemo
3175 2792 3277 2839 est.
3320 2780 3403 2837 Ab
3426 2782 3521 2837 illo

1925 2890 2120 2929 census
2166 2875 2346 2942 toties,
2389 2875 2470 2931 vel
2516 2874 2769 2944 potioris,
2808 2872 2892 2929 vel
2941 2875 3164 2930 notioris
3207 2875 3520 2930 divinitatis.

1925 2966 2107 3038 Itaque
2138 2967 2277 3037 quod
2317 2966 2386 3021 de
2426 2966 2630 3037 origine
2660 2966 2995 3035 constiterit,
3027 2964 3079 3021 id
3116 2975 3172 3021 et
3196 2966 3265 3023 de
3293 2969 3523 3038 posteri-

1929 3069 2035 3114 tate
2079 3060 2382 3114 conveniet.
2426 3056 2714 3114 Saturnum
2764 3060 2979 3131 itaque,
3028 3068 3283 3130 quantum
3330 3058 3523 3116 littera:

1926 3151 2148 3220 docent,
2178 3168 2349 3223 neque
2380 3138 2642 3207 Diodorus
2670 3152 2913 3215 Βνωειιδ,
2946 3152 3037 3209 aut
3066 3152 3304 3221 Thallus,
3339 3170 3518 3224 neque

1926 3243 2141 3299 Cassius
2166 3245 2399 3300 Severus
2423 3286 2438 3309 ,
2481 3254 2571 3299 aut
2606 3245 2893 3301 Cornelius
2921 3245 3098 3315 Nepos
3118 3289 3133 3312 ,
3168 3262 3340 3317 neque
3382 3244 3524 3301 ullus

1925 3348 2322 3394 commentator
2348 3337 2614 3408 ejusmodi
2645 3339 3039 3410 antiquitatum,
3069 3338 3209 3394 aliud
3245 3354 3402 3407 quam
3433 3339 3524 3396 ho-

1926 3433 2121 3488 minem
2152 3434 2627 3503 promulgaverunt
2654 3453 2672 3487 ι
2699 3434 3033 3505 (Tertullian.
3052 3434 3269 3506 Apolog.
3286 3450 3408 3506 cap.
3432 3435 3526 3503 10,

1926 3544 2045 3601 pag.
2081 3529 2148 3584 l2
2177 3527 2217 3600 ).
2281 3529 2480 3585 Eadem
2526 3530 2631 3585 alio
2670 3526 2721 3584 in
2764 3529 2898 3585 libro
2929 3528 3119 3601 repetit
3146 3572 3160 3594 ,
3193 3531 3293 3586 nisi
3322 3530 3464 3601 quod
3493 3547 3526 3587 a

1927 3623 2110 3679 nescio
2136 3640 2240 3695 quo
2273 3622 2483 3678 Tacitus
2504 3666 2517 3686 ,
2550 3634 2645 3694 pro
2667 3623 2905 3690 Thallus,
2939 3634 2996 3676 ut
3023 3637 3122 3677 suo
3152 3623 3270 3679 loco
3299 3634 3526 3679 annota:

1926 3714 2125 3783 bimus,
2156 3716 2412 3786 scriptum
2442 3724 2524 3770 est
2552 3710 2744 3786 (Idem,
2780 3713 2927 3770 Iih.n
2955 3714 3023 3767 ad
3053 3708 3267 3769 Nation.
3289 3730 3408 3785 cap.
3434 3713 3523 3783 12,

1926 3822 2044 3877 pag.
2075 3807 2162 3867 75;
2195 3806 2417 3862 Dissert.
2448 3808 2500 3861 in
2532 3806 2837 3861 Tertullian.
2868 3822 2990 3877 cap.
3030 3804 3124 3871 27,
3151 3816 3256 3862 art.
3282 3808 3355 3877 1).
3391 3806 3522 3860 Nam

1924 3899 2259 3965 Lactantius,
2290 3900 2381 3971 qui
2423 3898 2545 3954 eum
2574 3910 2627 3954 et
2659 3882 2946 3955 Minucium
2985 3906 3229 3953 nostrum
3256 3898 3516 3969 sequitur,

1926 3993 2040 4049 haec
2061 3996 2128 4048 de
2157 3995 2346 4049 eadem
2375 3994 2608 4049 Saturno
2636 3994 2854 4049 totidem
2879 3993 3054 4048 verbis
3070 3993 3245 4048 dixit:
3282 4011 3302 4046 ι
3321 3988 3523 4047 υιῐιιιεε

1924 4103 2028 4141 non
2063 4095 2269 4141 tantum
2305 4086 2508 4157 poeta),
2544 4085 2639 4142 δρα
2676 4082 3015 4142 historiarum
3057 4098 3303 4157 quoque,
3343 4098 3408 4140 ac
3436 4098 3521 4140 re-

1923 4198 2041 4238 rum
2069 4182 2408 4252 antiquarum
2438 4181 2730 4251 scriptores
2749 4220 2762 4240 .
2793 4180 3067 4235 hominem
3094 4180 3256 4235 fuisse
3284 4194 3518 4235 consen-

1923 4275 2092 4342 tiunt,
2124 4275 2214 4344 qui
2249 4288 2336 4329 res
2360 4274 2477 4345 ejus
2498 4272 2549 4329 in
2583 4272 2728 4328 Italia
2757 4282 2935 4345 gestas
2964 4274 3238 4329 memoria:
3267 4272 3523 4344 prodide-

1922 4377 2076 4433 runt;
2118 4366 2291 4424 Grdaei
2335 4366 2600 4422 Diodorus
2640 4376 2695 4423 et
2724 4364 2981 4433 Thallus;
3022 4364 3195 4421 Latini
3235 4366 3434 4437 Nepos,
3471 4374 3530 4420 et

1921 4455 2154 4527 Cassius,
2178 4470 2233 4515 et
2258 4458 2430 4514 Varro
2465 4478 2485 4512 ι
2508 4458 2774 4533 (Lactant.
2799 4458 2893 4514 lib.
2924 4475 2963 4521 ι,
2987 4473 3105 4528 cap.
3137 4458 3223 4520 15,
3254 4473 3355 4529 pag
3407 4454 3526 4529 76).

220 4564 451 4628 ossibus,
482 4565 595 4620 sive
622 4579 846 4620 vacuum
891 4567 1047 4620 fuerit
1073 4566 1434 4637 Septllchrunt,
1472 4566 1594 4622 hinc
1631 4567 1812 4622 certis-

1995 4555 2235 4620 Quatuor
2268 4564 2445 4608 tamen
2474 4551 2826 4622 scriptoribus
2851 4568 2880 4605 a
2907 4551 3156 4616 Minucio,
3174 4550 3525 4619 quemadmo-

220 4657 354 4713 sinte
379 4657 662 4713 coniicitur
689 4664 860 4730 iieque
891 4659 1026 4726 illos,
1057 4675 1230 4729 neque
1250 4661 1383 4715 alios
1408 4661 1649 4715 similiter
1671 4674 1819 4714 mor-

224 4755 343 4803 tuos
384 4750 678 4805 divinitatis
725 4766 847 4807 esse
889 4761 1183 4821 compotes.
1233 4752 1370 4806 Deus
1416 4752 1691 4807 enimvero
1735 4760 1820 4807 est

224 4852 483 4907 aeternus,
512 4846 600 4914 qui
627 4861 657 4899 a
688 4860 747 4901 se
775 4848 893 4916 ipso
920 4848 1121 4902 tantdtu
1152 4849 1313 4905 vitam
1345 4849 1527 4917 habet,
1557 4860 1714 4922 quam
1734 4849 1817 4905 ill-

224 4938 368 4995 circo
398 4939 644 4996 amittere
672 4954 957 5013 numquam
989 4952 1182 5014 potest.

764 5314 1302 5394 mw

1924 4646 2051 4702 dum
2082 4662 2110 4700 a
2136 4645 2463 4701 Tertulliauo
2493 4643 2741 4711 laudatis,
2774 4644 3014 4714 quintum
3049 4643 3138 4698 ille
3167 4642 3362 4713 adjecit
3393 4641 3525 4697 Var-

1925 4757 2135 4798 ronem.
2187 4740 2263 4794 Ita
2307 4755 2437 4793 sane
2483 4738 2689 4794 strenui
2740 4738 2817 4793 illi
2866 4736 3104 4807 pugiles,
3149 4734 3425 4790 conversis
3470 4734 3524 4788 in

1927 4835 2112 4889 hostes
2137 4831 2371 4904 propriis
2395 4847 2583 4889 eorum
2602 4830 2789 4902 copiis,
2820 4830 2940 4886 illos
2961 4829 3174 4901 penitus
3200 4827 3382 4883 delent
3400 4840 3527 4898 pro-

1921 4930 2232 5000 ﬂigantque.

1999 5020 2333 5086 Verutncur,
2358 5017 2598 5089 inquies,
2628 5016 2920 5086 scriptores
2954 5014 3038 5070 illi
3065 5022 3215 5070 tanta
3245 5028 3529 5070 assevera-

1929 5114 2076 5170 tione
2101 5112 2373 5168 aliirmare
2408 5111 2523 5166 ausi
2556 5120 2681 5165 sunt
2709 5108 3000 5166 Saturnum
3028 5108 3253 5164 deorum
3283 5109 3526 5164 omnium

1932 5208 2162 5279 primum
2190 5219 2314 5261 esse
2343 5214 2397 5260 et
2444 5203 2739 5273 principem
2765 5202 2790 5254 ?
2833 5200 3022 5257 Nonne
3051 5199 3355 5257 Alexander
3379 5216 3409 5254 a
3440 5213 3530 5254 sa-

1935 5298 2157 5354 cerdote
2181 5296 2509 5363 admonitus,
2527 5295 2579 5349 in
2604 5294 2853 5365 epismla,
2879 5294 3038 5362 paulo
3061 5303 3187 5348 ante
3213 5308 3241 5347 a
3269 5292 3425 5348 nobis
3451 5291 3528 5346 ci-

1937 5400 2068 5453 tata,
2100 5388 2316 5458 scripsit
2355 5387 2578 5443 deorum
2631 5386 2930 5457 principem
2972 5399 3093 5441 esse
3122 5384 3440 5450 Vulcanum,
3474 5392 3531 5440 et

1938 5493 2123 5555 postea
2153 5464 2302 5539 Iovis
2327 5482 2589 5553 gentem?
2619 5481 2726 5538 Sed
2779 5480 2907 5551 quid
2938 5480 3131 5535 mirum
3178 5478 3226 5535 si
3272 5478 3531 5535 aberran-

1937 5577 2067 5632 tium
2094 5575 2373 5647 gentilium
2402 5576 2564 5630 varite
2591 5574 2787 5631 iuerint
2812 5573 2881 5630 de
2922 5574 3093 5644 prima
3115 5571 3374 5629 falsorum
3391 5572 3526 5629 deo-

1937 5684 2056 5724 rum
2103 5683 2323 5724 suorum
2378 5668 2586 5738 origine
2632 5667 2956 5738 opiniones?
3000 5665 3203 5722 Deinde
3245 5682 3374 5723 vero
3414 5666 3531 5724 haec

1944 5764 2103 5818 unius
2147 5761 2445 5817 sacerdotis
2483 5761 2768 5828 sententia,
2800 5760 2882 5817 vel
2915 5769 2973 5817 ut
3008 5760 3083 5816 ait
3128 5759 3414 5827 Minucius,
3441 5772 3529 5815 se-

1942 5867 2147 5915 cretum
2166 5830 2290 5915 fuit.
2319 5856 2449 5926 Quis
2479 5856 2636 5930 igitur
2660 5856 2856 5916 dixerit
2894 5855 3018 5915 huic
3046 5855 3235 5929 magis,
3268 5868 3428 5928 quam
3456 5862 3536 5912 tot
