3972 6310
273 275 386 335 569

1661 286 2128 348 DISSERTATIO.

3454 303 3561 361 570

274 399 382 454 bus
410 409 586 468 natos,
618 406 774 457 terra:
800 400 939 457 filios
969 400 1325 459 nominemus.
1348 401 1483 459 Sunt
1510 401 1624 458 btcc
1642 401 1858 473 quidem
1884 402 1940 462 A
1964 406 2274 475 parentibus
2300 422 2363 465 ac
2392 408 2517 466 tiliis
2539 408 2864 467 dicendum?
2886 410 2941 467 Si
2964 412 3083 485 quis
3116 422 3292 469 tamen
3323 411 3559 470 difficilis

274 495 475 552 similia
505 497 639 565 veri,
687 513 793 553 non
841 506 1015 552 tamen
1072 512 1239 564 vera;
1272 499 1393 566 quia
1438 507 1648 553 constat
1700 497 1863 554 etiam

268 598 424 656 tunc,
457 605 579 645 cum
618 599 887 660 regnaret,
927 591 996 643 ita
1027 605 1148 646 esse
1177 589 1432 646 habitum.
1465 589 1643 645 Potuit
1679 600 1733 644 et
1785 587 1863 643 sic

264 684 634 754 argumentari
670 701 684 738 :
715 682 847 740 Cum
896 683 1302 756 potentissimus
1341 698 1436 738 rex
1482 692 1647 749 esset,
1674 681 1740 736 ad
1770 696 1860 737 re.

265 779 548 835 tinendam
576 787 783 849 patrum
807 794 1024 835 suorum
1054 778 1391 839 memoriam,
1422 778 1634 832 nomina
1673 790 1859 830 eorum

268 872 413 929 cado
436 881 701 941 let‘rtrque
732 871 1011 939 indidisse,
1040 887 1161 927 cum
1191 870 1303 926 ha-e
1330 870 1475 937 prius
1495 868 1613 924 aliis
1630 867 1862 922 voeabu-

235 963 340 1023 .lis
358 963 762 1036 appellarentur
785 981 799 1018 :
832 980 935 1036 qua
958 966 1165 1019 ratione
1193 962 1462 1018 montibus
1484 972 1535 1016 et
1556 959 1862 1015 fluminibus

262 1059 485 1114 nomina
540 1060 741 1115 scimus
803 1059 1047 1128 imposita
1087 1078 1105 1110 ι
1138 1058 1436 1125 (Lactant.,
1474 1055 1567 1111 lib.
1604 1071 1618 1108 I
1662 1052 1857 1120 Instit.,

259 1167 386 1224 cap.
415 1153 501 1219 li,
522 1168 620 1223 pag
664 1152 777 1222 67).
804 1152 939 1207 'l‘um
982 1150 1264 1208 recensitis
1301 1147 1654 1221 quorumdam
1685 1145 1858 1201 flumi—

259 1248 470 1303 minum
500 1248 827 1314 nominibus,
851 1246 930 1303 sic
956 1244 1256 1301 concludit:
1288 1263 1307 1296 ι
1338 1245 1571 1313 Apparet
1599 1254 1727 1312 ergo
1755 1253 1859 1294 non

260 1359 335 1400 ex
356 1344 494 1400 emlo
521 1351 701 1398 natum
729 1356 871 1406 esse,
899 1339 1040 1412 quod
1073 1339 1185 1395 fieri
1224 1353 1328 1395 non
1355 1345 1551 1408 p0test,
1578 1334 1672 1391 sed
1699 1350 1765 1389 ex
1794 1348 1861 1388 eo

260 1434 485 1493 homine
506 1436 590 1490 cui
617 1450 810 1490 nomen
833 1432 1016 1490 Urano
1043 1432 1169 1487 fuit:
1195 1431 1335 1502 quod
1363 1445 1484 1487 esse
1502 1443 1684 1484 verum
1714 1426 1860 1481 Tris-

260 1529 529 1598 megistus
575 1538 762 1583 auctor
790 1536 893 1581 est.
934 1545 952 1579 i
992 1523 1152 1580 Addit
1195 1539 1323 1580 vero
1369 1521 1484 1577 haec
1529 1522 1859 1590 incomperta

260 1618 431 1684 fuisse
460 1619 712 1684 Minucio,
742 1621 831 1691 qui
887 1617 1088 1674 idcirco
1129 1616 1404 1671 historiam
1447 1614 1554 1667 alio
1601 1610 1855 1667 traduxit.

258 1711 505 1783 Denique
550 1712 728 1767 verius
773 1725 894 1767 esse
946 1720 1130 1765 censet
1180 1707 1372 1764 Jovem
1400 1748 1413 1769 ,
1466 1721 1589 1762 cum
1640 1720 1705 1760 ex
1749 1704 1859 1759 alto

1964 515 2027 555 ac
2054 518 2320 569 morosus,
2355 504 2480 560 illud
2527 504 2594 561 de
2622 506 2931 574 [mentibus
2960 506 3204 562 velitsibi
3230 507 3468 579 probari,
3505 508 3551 564 is

1963 593 2145 650 audiat
2169 595 2342 652 Servii
2370 599 2436 653 de
2466 598 2760 655 Acheloide
2789 601 2947 655 verba
2982 618 2996 654 :
3033 620 3053 655 ι
3084 600 3270 657 Terra:
3300 600 3440 656 (ilius
3467 601 3552 657 di-

1964 687 2124 754 citur,
2164 699 2219 743 ut
2247 690 2383 745 solet
2409 690 2478 746 de
2520 693 2583 747 iis
2611 691 2737 756 dici,
2779 709 3026 762 quorum,
3067 711 3161 764 per
3185 693 3554 763 antiquitatem

1966 782 2133 837 latent
2161 796 2407 855 parentes
2427 786 2656 856 r(Serv.,
2679 787 2730 842 itt
2751 786 2841 843 lib.
2876 805 2891 844 ι
2921 789 3152 861 Georgio.
3183 788 3363 862 Virgil.
3398 802 3452 844 v.
3476 786 3556 863 9).

1965 877 2130 949 Magis
2175 895 2357 935 verum
2416 881 2482 935 ad
2534 893 2776 937 nostrum
2809 883 2877 939 de
2911 884 3027 955 ipso
3051 885 3281 941 Saturno
3310 884 3557 955 proposi-

1962 978 2074 1026 tttm
2117 972 2368 1028 Aurelius
2409 972 2611 1041 Victor,
2657 987 2751 1032 aut
2774 978 3018 1048 quisquis
3073 978 3191 1033 libri
3225 979 3291 1034 de
3338 977 3557 1048 Origine

1962 1069 2144 1137 gentis
2172 1066 2429 1122 Ruiname
2457 1079 2644 1124 auctor
2675 1089 2686 1123 :
2727 1089 2744 1122 ι
2786 1070 3020 1138 Primus,
3056 1072 3244 1143 inquit,
3273 1071 3324 1126 in
3349 1071 3554 1127 Italiam

1963 1158 2203 1214 creditur
2230 1160 2446 1216 venisse
2475 1162 2853 1219 Saturnus.....
2897 1164 3065 1220 Tanta
3096 1174 3276 1221 autem
3310 1180 3477 1235 usque
3503 1164 3556 1221 id

1965 1262 2175 1322 tempus
2203 1255 2549 1323 antiquorum
2583 1255 2859 1311 hominum
2911 1257 3139 1313 traditur
3164 1258 3328 1313 fuisse
3351 1259 3558 1329 simpli-

1962 1344 2095 1399 citas
2119 1387 2134 1408 ,
2164 1352 2221 1400 ut
2245 1346 2519 1415 venientes
2544 1348 2610 1402 ad
2654 1363 2712 1403 se
2742 1352 2993 1415 advenas,
3025 1352 3113 1422 qui
3146 1351 3306 1405 modo
3326 1350 3558 1406 consilio

1962 1451 2026 1491 ac
2055 1438 2312 1506 sapientia
2349 1439 2577 1508 pra-diti,
2608 1440 2674 1495 ad
2708 1441 3073 1497 instruendam
3106 1443 3290 1508 vitam,
3320 1441 3556 1497 forman-

1963 1529 2371 1598 dosque‘mores
2396 1534 2596 1604 aliquid
2614 1534 2946 1601 conferrent,
2980 1537 3124 1607 quod
3152 1552 3336 1592 eorum
3360 1551 3558 1607 paren-

1965 1632 2045 1680 tes
2063 1625 2401 1695 ignorabant,
2430 1628 2569 1683 caelo
2594 1638 2649 1683 et
2678 1638 2818 1683 terra
2865 1630 3040 1684 editos
3093 1646 3197 1685 non
3249 1630 3421 1684 solum
3449 1627 3554 1699 ipsi

1961 1718 2263 1787 crederent,
2313 1735 2498 1776 Verum
2550 1721 2713 1776 etiatn
2740 1724 2977 1792 posteris
3011 1720 3367 1786 afﬁrmarent,
3411 1721 3559 1777 velut

257 1815 662 1861 monteterram
684 1804 993 1873 caelumque
1019 1800 1411 1869 contemplatus
1441 1796 1852 1863 fnisset,:rtberi
1882 1802 1933 1866 Β
1962 1810 2106 1868 hunc
2161 1815 2331 1884 ipsum
2383 1817 2694 1883 Summum,
2746 1833 2905 1887 quem
2952 1818 3074 1872 ea,"
3122 1826 3174 1872 ει
3207 1824 3362 1871 terra,
3389 1815 3555 1871 ﬁlium

258 1898 356 1966 qni
398 1910 556 1966 supra
595 1893 849 1950 mundum
901 1906 1004 1955 est,
1030 1892 1244 1948 dedisse
1298 1905 1494 1947 nomen
1541 1888 1697 1953 caeli,
1745 1888 1859 1942 sive

257 1990 430 2049 Umni
452 1995 686 2061 οὕρανοῡ,
718 2005 824 2061 quo
844 2004 976 2045 avus
997 1987 1116 2059 ejus
1145 1985 1453 2041 vocabatur.
1483 1982 1586 2038 Sed
1620 1980 1856 2050 probau-

256 2084 393 2143 dum
426 2085 497 2140 illi
552 2095 671 2141 erat
719 2084 934 2141 Saturni
981 2091 1210 2156 patrem,
1241 2079 1369 2136 dum
1401 2079 1575 2134 adhuc
1618 2076 1856 2142 videbat,

256 2178 387 2234 (εαξη
419 2178 636 2233 nomine
660 2176 729 2231 ab
759 2176 902 2232 Italis
919 2190 1104 2230 revera
1131 2173 1292 2227 fuisse
1321 2171 1667 2242 appellatum.
1696 2171 1767 2225 At
1789 2166 1859 2224 de

258 2268 369 2326 hac
399 2270 659 2327 Lactantii
689 2270 941 2339 opinione
964 2283 1063 2324 suo
1084 2268 1203 2323 loco
1225 2265 1532 2322 dicendum.

340 2365 598 2420 Vitiosam
626 2364 806 2435 itaque
830 2371 1016 2420 censet
1039 2378 1160 2417 esse
1198 2360 1408 2416 Minucii
1441 2357 1861 2432 argumentatio-

256 2475 411 2516 nem.
434 2459 620 2515 Potius
666 2460 809 2515 enim
851 2459 1033 2515 dicere
1056 2456 1330 2513 debuisset
1371 2455 1656 2512 Saturnum
1699 2467 1857 2509 voca-

257 2562 378 2608 tttm
425 2553 586 2607 fuisse
618 2552 780 2608 [ilium
829 2552 951 2608 caeli
982 2561 1038 2608 et
1087 2561 1267 2618 terrae,
1306 2550 1557 2620 quoniam
1607 2563 1727 2603 cum
1761 2561 1859 2617 po—

259 2648 599 2706 lentissimus
624 2662 720 2702 rex
749 2655 912 2713 esset,
941 2645 1009 2700 ad
1041 2643 1378 2701 retinendam
1403 2652 1611 2714 patrum
1637 2655 1857 2696 suorum

258 2742 585 2799 memoriam
614 2739 737 2797 coeli
769 2754 833 2796 ac
862 2750 1024 2796 terrm
1072 2753 1269 2793 nomen
1313 2738 1393 2793 eis
1420 2735 1692 2807 imposuit.
1729 2733 1861 2788 Pro-

256 2838 395 2893 bare
424 2844 603 2892 autem
660 2834 710 2890 id
764 2846 990 2889 conatur
1018 2832 1335 2887 auctoritate
1388 2827 1741 2897 Tri~tnegisti,
1766 2826 1855 2896 qui

253 2928 540 2984 memoria:
567 2926 873 2997 prodiderat
915 2923 1129 2982 Saturni
1178 2932 1384 2995 patrem
1421 2919 1857 2991 cOgnominatnm

257 3022 430 3075 fuisse
452 3020 709 3087 Uranum,
743 3021 857 3075 sive
884 3019 1117 3075 Caelum.
1142 3016 1249 3072 Sed
1282 3017 1351 3071 ibi
1381 3015 1470 3071 ille
1498 3030 1602 3068 non
1625 3010 1859 3067 ostendit

257 3126 445 3173 utrum
467 3115 850 3186 Trismegistus
879 3112 1098 3177 dixerit,
1132 3110 1346 3180 quando
1371 3116 1426 3164 et
1451 3124 1478 3162 a
1506 3123 1612 3178 quo
1644 3105 1854 3161 Uranus

1961 1906 2212 1963 dixerunt
2242 1910 2451 1979 (Aurel.
2482 1910 2641 1975 Vicu,
2676 1909 2823 1984 Orig.
2856 1920 2993 1982 gent.
3026 1910 3177 1966 Rom.
3207 1910 3371 1980 init.).

2034 2003 2264 2058 Accedat
2293 2013 2348 2059 et
2381 2004 2764 2072 Tertullianns,
2790 2006 2880 2077 qui
2932 2022 3037 2060 nou
3067 2020 3172 2060 uno
3205 2016 3429 2064 tantum.
3460 2002 3557 2060 sed

1962 2096 2170 2153 duobus
2196 2100 2246 2153 in
2277 2098 2427 2154 libris
2459 2099 2559 2153 hoc
2586 2099 2654 2155 de
2700 2098 2933 2156 Saturno
2974 2100 3235 2170 scriptum
3289 2097 3507 2168 reliquit
3538 2114 3552 2152 :

1968 2209 1987 2243 ι
2027 2191 2190 2261 Cujus
2219 2200 2464 2263 parentes
2514 2193 2679 2263 ignoti
2712 2202 2903 2259 erant,
2935 2192 3092 2249 facile
3134 2193 3232 2249 fuit
3272 2208 3457 2249 corum
3488 2191 3556 2247 li-

1963 2283 2093 2337 lium
2131 2283 2233 2337 dici
2260 2325 2275 2349 ,
2307 2300 2532 2353 quorttttt
2562 2293 2618 2340 et
2660 2301 2849 2341 omnes
2890 2301 3170 2355 possumus
3201 2286 3396 2343 videri.
3426 2286 3558 2354 Quis

1961 2376 2104 2431 enim
2129 2391 2233 2430 non
2257 2377 2450 2431 cmluni
2482 2387 2535 2433 et
2572 2388 2787 2447 terram,
2823 2392 3047 2436 matrem
3071 2396 3134 2435 ac
3163 2390 3436 2449 parentem
3465 2395 3557 2435 vc-

1963 2470 2256 2525 neratiouis
2284 2479 2338 2523 et
2363 2471 2584 2527 honoris
2607 2487 2767 2527 causa
2792 2473 3141 2543 appellet,vcl
3168 2488 3234 2528 ex
3260 2482 3553 2527 consuetu-

1962 2565 2088 2620 dine
2115 2565 2367 2633 lnnnana,
2414 2583 2516 2637 qua
2568 2569 2734 2639 ignoti
2766 2569 2848 2624 vel
2887 2584 2951 2623 ex
2984 2570 3258 2639 inopinato
3285 2582 3555 2639 apparen-

1966 2669 2046 2715 tes
2074 2661 2142 2716 de
2166 2661 2307 2717 caelo
2334 2665 2713 2732 supervenisse
2739 2664 3029 2720 dicuntur?
3059 2663 3291 2719 Proinde
3323 2663 3558 2719 Saturno

1963 2757 2246 2827 repentino
2273 2759 2471 2829 ubique
2490 2760 2723 2815 ctelitem
2756 2759 2973 2828 contigit
3008 2759 3137 2814 dici.
3161 2758 3291 2814 Nam
3324 2768 3377 2813 et
3400 2768 3559 2813 terra:

1963 2851 2105 2907 filios
2152 2851 2340 2922 vulgus
2385 2864 2560 2918 vocat,
2602 2869 2829 2923 quorum
2881 2868 3050 2925 genus
3100 2853 3360 2909 incertum
3411 2860 3495 2906 est
3533 2868 3552 2903 ι

1963 2946 2238 3020 (Tcrtnll.,
2285 2948 2578 3020 Apologet.,
2636 2965 2755 3016 cap.
2790 2949 2878 3016 10,
2913 2964 3031 3020 pag.
3085 2947 3172 3013 12,
3204 2958 3255 3002 et
3289 2948 3381 3002 lib.
3427 2962 3463 3001 ιι
3490 2944 3558 3000 ad

1964 3040 2209 3108 Nation.,
2229 3057 2350 3113 cap.
2375 3044 2496 3113 75).
2528 3044 2715 3099 Utrum
2738 3055 2913 3099 autem
2943 3043 3059 3098 hmc
3089 3042 3157 3097 ad
3184 3040 3556 3097 stabiliendam

1962 3136 2175 3192 Minucii
2213 3139 2380 3194 nosui
2404 3141 2711 3207 opinionem
2741 3137 3039 3199 sufﬁciant.
3076 3154 3176 3195 nec
3204 3139 3332 3191 Satis
3356 3144 3501 3190 recte
3526 3151 3556 3189 a

254 3223 460 3301 "Ome"
492 3222 646 3301 su‘l‘“
692 3206 980 3301 f‘ccei’e'i"
1028 3203 1216 3259 verms
1274 3212 1452 3301 "a_q"e
1492 3198 1731 3301 δξηὺθηξ
1760 3212 1827 3267 νο
1885 3202 1932 3265 C
1966 3228 2244 3285 Lactantio
2268 3231 2637 3301 redarguatnr,
2663 3232 2975 3300 peritiorum
3022 3229 3457 3300 exspecmbimus
3478 3227 3559 3297 ju-

265 3300 460 3355 lnissct
490 3299 651 3354 rudes
695 3297 964 3362 homines,
995 3310 1204 3350 summa
1235 3293 1486 3364 regiaque
1515 3290 1732 3348 Saturni
1765 3304 1859 3360 po—

260 3400 461 3448 testate
489 3391 794 3463 perculsos.
827 3388 1122 3445 credidisse
1169 3386 1313 3440 illum
1358 3400 1387 3439 a
1435 3386 1572 3440 ctelo
1611 3393 1662 3439 et
1717 3395 1858 3437 terra

248 3500 410 3541 suam
440 3485 658 3539 duxisse
688 3483 971 3555 originem.
1007 3480 1212 3554 Sybilla
1250 3477 1514 3549 siqnidetn
1543 3478 1625 3532 bis
1656 3475 1856 3532 carnri-

249 3579 438 3645 nibus,
482 3580 550 3633 ab
581 3578 924 3649 Athenagora
957 3576 1164 3649 (Legut.
1215 3591 1308 3646 pro
1350 3574 1654 3638 curialium,
1680 3589 1732 3642 p.
1765 3568 1855 3640 14)

244 3672 453 3739 citatis,
485 3673 588 3728 hoc
612 3671 805 3735 cecinit
832 3688 846 3725 :

504 3778 583 3816 Καὶ
605 3775 774 3825 βασιλεὺς
798 3776 950 3826 Κρόνος,
971 3768 1177 3816 καὶτιτάν.
1195 3761 1346 3818 iam,
1363 3785 1419 3816 τι,

507 3840 619 3888 Γαίης
640 3841 749 3877 mn
766 3840 931 3889 φέριστε,
954 3837 1016 3875 uel
1039 3836 1222 3887 οὐρανίης
1246 3834 1450 3873 tudinem

503 3891 703 3954 iam“,
723 3904 828 3952 γαίων
849 3914 906 3945 τι,
928 3900 990 3939 καὶ
1012 3899 1164 3950 οὐρανὸν
1188 3899 1325 3947 οὔνομα
1346 3898 1481 3941 θίντις.

504 3964 645 4005 Dirum
666 3968 701 4003 οἱ
724 3967 923 4017 «priurum
945 3962 1033 4002 ἴσαν
1057 3963 1220 4012 peposci-1
1237 3961 1440 4012 ἀνθρώπων.

442 4036 596 4087 Porro
613 4036 855 4086 Saturnus
873 4042 925 4084 et
946 4034 1110 4089 Titan,
1132 4031 1458 4094 Japetusqne,

440 4100 751 4163 Regnarunt,
773 4098 899 4148 coelo
914 4109 1038 4160 quos
1064 4103 1116 4145 et
1141 4095 1323 4163 tellure
1346 4101 1541 4142 creatos

441 4156 689 4211 Dix'eruut
713 4156 953 4216 homines,
981 4168 1131 4208 terra:
1154 4156 1366 4220 coelique
1393 4163 1630 4204 vocantes

443 4223 671 4285 Nomine,
701 4224 830 4286 quod
849 4215 1050 4286 cunctos
1069 4215 1522 4286 homi.tes',_‘virtute
1541 4215 1792 4286 prteirent.

931 4280 1131 4347 (Sibyu.
1156 4298 1205 4331 ιιι
1229 4294 1273 4330 υ.
1296 4280 1359 4329 48
1381 4287 1427 4331 et
1449 4281 1606 4345 seqq.)

257 4369 368 4428 Sed
399 4370 659 4426 Minucius
688 4369 827 4425 hanc
853 4369 1114 4423 rationem
1159 4381 1264 4419 non
1313 4365 1533 4418 omnino
1558 4361 1856 4432 praetermi-

262 4466 404 4520 sisse
425 4447 658 4519 ~videtur.
690 4462 911 4517 Nobiles
940 4459 1080 4512 enim
1115 4458 1261 4512 viros
1311 4458 1377 4510 ab
1409 4455 1728 4525 ignobilibus
1772 4454 1855 4508 di-

249 4555 443 4610 stinxit
490 4554 732 4624 dixitque
779 4552 880 4608 bos
919 4562 1101 4616 terrae,
1136 4550 1257 4604 illo:
1307 4548 1425 4604 οωιί
1466 4547 1604 4601 filios
1652 4561 1856 4614 cogno-

224 4648 494 4703 ‘minatos
540 4647 609 4703 ab
657 4646 829 4713 Italis,
864 4647 1056 4717 quibus
1116 4651 1366 4715 parentes
1412 4642 1623 4697 illorum
1656 4641 1856 4712 cogniti

256 4756 363 4796 11011
395 4748 570 4796 erant.

331 4831 617 4888 Lactantio
642 4840 820 4887 autem
850 4829 1212 4891 verisimilius,
1247 4841 1408 4897 quam
1434 4827 1617 4884 verius
1633 4840 1752 4883 esse
1775 4826 1857 4880 vi-

256 4922 438 4989 detur,
477 4923 722 4979 homines
750 4925 943 4994 ignotis
970 4921 1281 4992 parentibus
1312 4931 1483 4984 ortos,
1507 4930 1560 4975 et
1580 4938 1642 4975 ex
1676 4920 1853 4990 inopi-

257 5030 387 5073 nato
415 5018 786 5081 advenientes,
829 5018 949 5073 caeli
981 5026 1033 5071 et
1060 5028 1216 5069 terra:
1249 5016 1392 5071 unde
1421 5015 1630 5071 exhorti
1660 5013 1852 5070 crede-

256 5109 807 5180 bantttr,uuncupatos
821 5110 980 5163 fuisse
995 5108 1575 5163 nominibusAttauteu
1595 5107 1720 5162 illud
1735 5108 1853 5162 aliis

252 5211 306 5256 ct
328 5200 963 5268 ethnicis,ctcbristiauis
985 5199 1335 5270 scriptoribus
1362 5198 1633 5267 probatur.
1649 5197 1855 5253 l’rimus

253 5311 321 5353 ex
347 5296 452 5353 illis
470 5298 670 5367 citarip
695 5307 811 5350 ntcSt
834 5295 984 5351 Titus
1016 5294 1218 5360 Livius,
1244 5295 1330 5365 qui
1360 5291 1843 5348 narratRomulutn

251 5388 456 5447 Urbem
484 5389 709 5444 Romam
741 5388 1040 5453 condendo,
1068 5403 1221 5442 nsunt
1254 5402 1371 5441 esse
1395 5395 1608 5441 «vetere
1630 5384 1856 5440 consilio

250 5483 597 5541 condentium
615 5484 792 5546 urbes,
817 5485 902 5552 qui
932 5483 1237 5545 obscuram,
1268 5490 1428 5550 atque
1447 5480 1701 5535 humilem
1722 5494 1855 5535 con-

249 5577 474 5634 sciendo
490 5576 556 5631 ad
582 5592 642 5632 se
669 5576 1080 5639 multitudinem,
1101 5584 1279 5628 natam
1307 5587 1338 5627 e
1369 5584 1508 5628 terra
1528 5572 1629 5626 sibi
1652 5572 1854 5643 prolem

250 5671 680 5726 ementiebantur
710 5689 732 5724 ι
771 5666 930 5741 (ιω,
964 5668 1058 5722 lib.
1087 5683 1123 5732 t,
1154 5666 1269 5734 58).
1300 5670 1370 5720 At
1413 5664 1683 5735 quomodo
1728 5664 1853 5719 illttd

250 5776 373 5819 eme
397 5761 501 5816 itiri
524 5770 827 5830 potuerunt,
845 5761 943 5816 nisi
963 5760 1205 5815 obscurae
1226 5757 1551 5814 multitudini
1567 5758 1616 5810 in
1636 5757 1846 5827 cognita

254 5853 442 5912 fuisset
463 5870 650 5911 eorum
678 5856 899 5926 proles?
923 5854 1054 5925 Quis
1074 5865 1251 5911 autem
1276 5852 1596 5910 inticiabitur
1622 5852 1761 5909 idem
1785 5851 1853 5909 de

1961 3323 2615 3380 dicitttn.Lubentereuim
2636 3325 2862 3379 fatemur
2891 3332 3128 3378 nostrum
3155 3337 3261 3377 non
3285 3323 3558 3377 esseintet‘

1961 3428 2156 3484 tantos,
2175 3428 2391 3490 tamque
2403 3419 2723 3475 veneranda:
2753 3419 3082 3489 antiquitatis
3106 3418 3250 3471 viros
3267 3417 3388 3472 lites
3407 3429 3559 3471 cont-

1960 3530 2178 3586 ponere.
2210 3514 2477 3585 Quidquid
2503 3529 2661 3585 porro
2691 3523 2976 3577 statuatur,
3000 3512 3122 3568 inde
3153 3514 3391 3579 proiecto
3416 3510 3553 3565 invi-

1957 3607 2199 3663 ctissime
2217 3607 2501 3664 eonﬁcitur
2528 3608 2667 3662 hunc
2693 3607 3003 3668 Saturnum,
3020 3620 3177 3675 quem
3198 3602 3410 3659 Ethnici
3434 3602 3558 3657 alio-

1958 3714 2075 3754 rum
2102 3700 2322 3755 deortun
2354 3715 2571 3755 suorum
2604 3711 2877 3769 parentem
2900 3707 3019 3753 esse
3031 3695 3356 3768 garriebant,
3378 3694 3553 3750 neuti-

1957 3811 2115 3866 quam
2139 3795 2321 3861 deum,
2340 3797 2433 3852 sed
2459 3797 2728 3851 hominem
2754 3796 3122 3850 tantummodo
3141 3792 3429 3861 fuisse,qui
3446 3804 3555 3845 non

1958 3900 2115 3941 secus
2144 3903 2205 3942 ac
2235 3889 2419 3943 caeteri
2449 3889 2695 3943 homines
2733 3904 2798 3942 ex
2827 3887 3043 3941 homine
3064 3884 3276 3957 genitus
3306 3882 3425 3937 fuit.

2567 3996 2864 4037 Αιιτιοῦιυε
2891 3997 2967 4036 Ill.

1962 4073 2156 4140 Quibus
2180 4074 2432 4128 rationum
2479 4076 2744 4129 momentis
2778 4073 3012 4130 chilius
3034 4072 3336 4127 demonstret
3369 4070 3557 4139 falsum

2030 4185 2138 4223 esse
2173 4168 2489 4222 divinitatem
2534 4168 2680 4223 Jovis
2711 4178 2755 4222 et
2782 4168 3024 4233 aliorum,
3054 4166 3138 4231 qui
3158 4182 3224 4221 ea:
3269 4163 3557 4219 ltominibus

2030 4262 2187 4333 geniti
2237 4264 2461 4328 (iterant,
2503 4261 2581 4315 re!
2610 4260 2829 4315 aliorum
2875 4260 3085 4314 libidine
3110 4269 3159 4315 et
3200 4259 3470 4322 arbitratu,
3503 4266 3557 4311 ut

2032 4352 2283 4408 Romulus
2312 4367 2359 4409 et
2383 4353 2522 4408 Juba
2547 4353 2621 4407 dii
2647 4354 2919 4407 renuntiati
2939 4363 3077 4408 sunt.

2031 4446 2293 4503 Minucius
2335 4448 2480 4503 Felix
2505 4462 2535 4503 a
2564 4448 2797 4503 Saturno
2839 4448 2989 4504 venit
3019 4448 3085 4504 ad
3116 4449 3282 4504 filium
3310 4449 3427 4521 ejus
3465 4448 3556 4506 Jo-

1961 4555 2122 4608 vem,
2178 4557 2408 4611 eumque
2457 4541 2731 4596 hominem
2759 4581 2775 4608 ,
2826 4556 3161 4612 nequaquam
3206 4557 3338 4598 vero
3386 4542 3552 4597 Deutn

1965 4632 2130 4688 fuisse
2172 4634 2425 4688 similiter
2451 4634 2801 4688 demonstrat.
2832 4631 3051 4689 Saturni
3104 4632 3302 4704 quippe
3341 4652 3361 4685 ι
3394 4634 3551 4701 illius,

1961 4728 2153 4798 inquit,
2186 4725 2394 4795 Jupiter
2422 4724 2616 4789 Cretae,
2647 4726 2867 4781 excluso
2887 4735 3127 4795 parente,
3158 4726 3418 4796 regnavit,
3451 4724 3559 4781 illic

1959 4822 2112 4885 obiit,
2139 4822 2248 4877 illic
2277 4821 2412 4875 filios
2445 4820 2629 4875 halmit
2652 4837 2666 4885 ;
2689 4821 2865 4876 adhuc
2907 4830 3120 4876 antrum
3168 4819 3317 4876 Jovis
3343 4820 3551 4886 visitur,

1960 4925 2014 4971 et
2035 4914 2376 4996 sepulchrum
2402 4916 2521 4982 ejus
2548 4916 2865 4979 ostenditur,
2899 4926 2951 4970 et
2984 4915 3036 4969 in
3064 4914 3195 4984 ipsis
3242 4914 3412 4969 SitCl‘iS
3444 4913 3557 4968 suis

1962 5007 2308 5063 humanitatis
2356 5007 2617 5079 arguitur.
2658 5027 2677 5060 ι
2710 5007 2812 5062 Sed
2841 5008 2909 5062 de
2940 5009 3020 5061 bis
3060 5006 3171 5075 jam
3216 5006 3373 5075 paulo
3396 5015 3555 5061 antea

1959 5101 2366 5168 dismitavimus,
2389 5110 2550 5169 atque
2588 5101 2763 5155 adlmc
2789 5102 2839 5154 in
2881 5098 3327 5169 subsequentibus
3359 5099 3556 5152 nostris

1959 5195 2425 5251 dissertationibus
2451 5193 2732 5265 agendum.
2772 5192 2844 5248 De
2873 5192 3021 5248 Joris
3050 5205 3209 5262 porro
3229 5190 3414 5254 sacris,
3436 5206 3556 5260 quae

1959 5289 2232 5346 hominem
2267 5291 2416 5346 illum
2454 5290 2619 5347 fuisse
2660 5289 2836 5345 adhuc
2865 5289 3242 5357 ostendebant,
3276 5287 3413 5343 infra
3440 5287 3556 5344 dis-

1960 5385 2283 5456 putabimus.

2037 5477 2084 5530 ls
2100 5477 2276 5547 itaque
2288 5475 2493 5545 Jupiter
2511 5491 2632 5531 cum
2650 5475 2784 5530 deus
2796 5489 2915 5530 esse
2932 5488 3036 5529 non
3055 5474 3436 5546 pos.sit,quiacx
3452 5472 3558 5528 alio

1963 5569 2181 5625 homine
2200 5573 2415 5641 genitus
2436 5579 2538 5633 est,
2569 5568 2692 5624 inde
2722 5570 3029 5626 necessario
3054 5569 3295 5637 sequitur
3328 5578 3557 5623 ett-teres

1960 5681 2025 5719 ex
2061 5665 2171 5729 illo,
2219 5663 2441 5732 aliisque
2497 5660 2801 5717 hominibus
2831 5672 2997 5727 ortos,
3033 5675 3367 5733 nequaquam
3401 5657 3554 5720 deos.

1959 5758 2054 5814 sed
2081 5756 2333 5820 mortales
2362 5756 2525 5811 fuisse
2554 5756 2815 5824 homines,
2843 5770 2872 5810 a
2898 5768 3082 5812 natura
3127 5754 3306 5811 divina
3351 5750 3558 5807 inlinite

1958 5853 2241 5910 alienatos.
2275 5848 2634 5919 Quamobrem
2685 5849 2944 5905 Minucius
2991 5845 3556 5917 deelaratdescriptas
