4034 6320
398 286 495 346 371

1704 285 1792 341 DE
1833 280 2090 341 MlNUtll
2118 281 2417 342 OCTAVIO

3587 286 3700 344 ὅτι).

400 405 642 461 Ethnicis
670 405 880 461 illorum
900 405 1298 475 generationes,
1322 417 1455 476 quas
1481 403 1721 474 proferre
1739 413 1847 458 tam
1874 401 1989 456 lon-
2019 400 2069 459 Α
2096 407 2151 453 et
2179 399 2282 454 alia
2328 400 2410 457 his
2433 403 2649 470 similia,
2681 404 2819 474 apud
2860 404 3176 470 Arnobium,
3214 403 3578 473 Lactantium,
3627 407 3700 462 de

399 513 546 570 gum,
581 514 739 568 quam
782 500 968 555 inutile
1018 498 1173 561 foret.
1206 497 1419 555 silentio
1460 514 1487 551 a
1528 512 1589 552 se
1635 494 1993 567 prmtermitti.

400 592 535 649 Nam
571 611 589 646 ι
639 594 868 649 otiosum
918 604 1029 657 est,
1062 594 1269 661 inquit,
1298 594 1376 648 ire
1404 608 1499 663 per
1521 593 1778 664 singulos,
1812 603 1866 647 et
1911 601 1992 646 to-

409 695 515 742 tam
550 687 745 742 seriem
772 687 989 757 generis
1040 687 1191 741 istius
1239 686 1538 756 explicare,
1569 702 1689 739 cum
1724 685 1777 739 in
1812 683 1997 752 primis

405 778 713 850 parentibus
743 779 961 847 probata
990 779 1307 844 mortalitas,
1330 779 1380 833 in
1412 791 1637 833 exteros
1662 778 1851 832 ordine
1879 792 1998 832 suc-

405 871 667 926 cessionis
713 870 1001 926 inﬂuxerit.
1039 891 1058 922 ι
1089 870 1278 925 Nonne
1329 886 1458 925 vero
1489 872 1603 926 lure
1649 870 1899 924 delibavit
1930 885 1998 924 ex

407 962 759 1029 Tcrtulliano,
792 964 880 1034 qui
930 964 1077 1034 prius
1119 964 1364 1019 dixi-rat:
1396 983 1415 1014 ε
1445 962 1684 1016 Otiosum
1728 971 1810 1017 est
1837 962 1996 1015 etiam

408 1056 612 1124 titulos,
662 1056 1030 1127 persequi.....
1063 1056 1203 1126 quod
1235 1056 1303 1111 de
1347 1057 1553 1125 origine
1600 1053 1996 1119 etiiistiterit,id

405 1159 461 1205 et
512 1150 580 1205 de
618 1156 932 1220 pomeritate
979 1151 1299 1205 conveniet?
1334 1169 1351 1201 ι
1393 1148 1679 1220 (Tertull.,
1708 1147 1994 1218 Apologet.,

406 1256 523 1311 Cap.
553 1242 641 1300 10.
675 1258 795 1313 pag.
831 1243 944 1315 12.)
972 1243 1147 1298 Hosce
1176 1244 1425 1298 nimirutu
1455 1242 1849 1297 conuuentitios
1879 1255 2001 1296 esse

407 1334 560 1400 deos,
592 1351 878 1405 merosque
909 1335 1174 1390 homines.

477 1429 583 1486 Sed
630 1429 894 1485 Minucius
926 1430 1181 1486 Ethnicos
1219 1430 1398 1485 aerius
1442 1437 1612 1500 urget,
1647 1428 1854 1499 hisque,
1881 1444 2001 1498 qtm

407 1537 546 1593 pene
567 1504 745 1579 omnia
771 1525 1067 1596 Cyprianus
1091 1526 1443 1596 transcripsit.
1468 1524 1643 1577 verbis
1676 1524 1999 1578 insectatur:

416 1632 435 1668 ι
472 1615 584 1672 Cur
612 1614 657 1669 si
713 1614 824 1671 nati
860 1627 1017 1683 sunt,
1063 1633 1169 1671 non
1228 1617 1494 1688 hodieque
1540 1617 1868 1671 nascuntur?
1900 1615 2001 1670 nisi

408 1705 546 1762 forte
567 1708 677 1775 jam
703 1706 913 1774 Jupiter
932 1710 1127 1776 senuit,
1161 1717 1215 1764 et
1241 1718 1423 1780 partus
1460 1710 1510 1763 in
1537 1708 1747 1765 lunone
1784 1709 1997 1773 defecit,

2098 493 2290 561 quibus
2329 509 2430 548 nos
2480 512 2578 549 suo
2606 498 2747 560 loco.
2781 506 2837 552 et
2886 497 3177 553 Eusebium
3234 498 3463 568 quilibet
3514 496 3698 569 legere

2101 583 2240 639 hattd
2259 585 2547 644 difﬁculter
2562 592 2761 659 poterit
2776 591 3026 665 (Arnob,
3049 592 3143 647 lib.
3162 608 3220 647 ttt
3238 592 3355 646 adu.
3377 591 3553 659 Gettt.,
3570 608 3690 664 pag.

2101 677 2205 733 104
2231 690 2283 734 et
2312 698 2484 751 seqq.;
2514 683 2755 749 Laetam,
2778 686 2869 740 lib.
2890 701 3062 755 t,cap.
3090 686 3157 741 16
3175 698 3230 743 et
3258 702 3438 758 seqq.;
3467 686 3695 755 Euseb,

2101 768 2156 821 in
2182 769 2329 823 Orat.
2357 770 2625 830 Constant.
2655 777 2723 829 ad
2771 788 2934 831 sanet.
2977 788 3115 841 εωι..
3146 793 3265 846 cap.
3298 779 3355 845 4,
3387 794 3506 847 pag.
3535 780 3688 852 570).

2173 861 2378 919 Interea
2415 882 2544 921 vero
2589 870 2846 924 monitum
2879 878 2931 925 te
2960 886 3079 927 esse
3128 871 3375 925 volumus
3405 881 3609 927 tantum
3640 874 3695 929 iu

2105 956 2206 1011 hoc
2231 968 2549 1027 argumento
2578 976 2697 1017 esse
2734 962 2927 1017 virium
2972 973 3025 1018 et
3074 963 3363 1033 ponderis;
3392 973 3451 1018 ut
3494 965 3703 1020 Plinius
3726 990 3738 1000 -

2104 1048 2195 1101 illo
2225 1051 2382 1118 plane
2408 1068 2716 1121 oppressus,
2751 1055 2986 1110 fateatur
3032 1064 3123 1110 aut
3165 1057 3423 1126 majorem
3455 1072 3575 1114 esse
3604 1059 3705 1114 de-

2102 1139 2232 1198 bere
2273 1144 2533 1209 tmlitum,
2561 1160 2717 1216 quam
2766 1146 3038 1201 hominum
3084 1163 3389 1213 numerum,
3437 1156 3529 1203 aut
3570 1164 3703 1205 vera

2105 1249 2210 1290 non
2264 1234 2430 1292 fuisse
2476 1237 2697 1293 deorum
2749 1236 3239 1297 matrimonia.Sed
3293 1241 3578 1311 ipsummet
3619 1243 3705 1297 lo-

2050 1379 2057 1385 .
2104 1339 2356 1398 qui-ntem
2387 1332 2575 1386 audire
2603 1335 2751 1401 juvat
2779 1353 2792 1388 :
2832 1352 2850 1384 ί
2892 1334 3078 1402 Major,
3110 1336 3299 1406 inquit,
3328 1336 3567 1391 caelitum
3598 1350 3701 1407 po-

2106 1421 2263 1491 pulus
2302 1425 2483 1488 etiam,
2514 1440 2676 1495 quam
2728 1424 3002 1484 hominum
3051 1430 3274 1501 intelligi
3323 1440 3521 1499 potest,
3573 1444 3703 1487 cum

2107 1514 2298 1585 singuli
2348 1532 2559 1588 quoque
2614 1535 2679 1573 ex
2729 1523 3035 1587 semetipsis
3066 1523 3284 1578 totidem
3318 1523 3450 1578 deos
3477 1522 3701 1590 faciant,

2107 1606 2345 1665 Iunones
2365 1612 2659 1683 geniosque
2682 1614 2985 1682 adeptando
3011 1614 3111 1671 sibi
3140 1633 3151 1668 :
3181 1625 3367 1686 gentes
3391 1633 3522 1672 vero
3548 1632 3705 1687 qutu-

2106 1701 2231 1756 dam
2279 1704 2550 1770 animalia,
2579 1715 2632 1760 et
2682 1706 2858 1773 aliqua
2889 1708 3050 1762 etiam
3080 1708 3314 1764 obscena
3345 1723 3443 1779 pro
3478 1710 3579 1764 diis
3608 1710 3713 1766 ha-

406 1809 463 1857 et
509 1800 747 1856 Minerva
793 1803 971 1857 canuit
1015 1812 1299 1871 antequam
1329 1802 1536 1872 peperit
1564 1821 1583 1853 ι
1617 1800 1911 1873 (Cyprium,
1942 1801 2007 1855 de
2033 1798 2081 1862 Β
2110 1795 2298 1862 beant;
2327 1814 2389 1852 ac
2419 1800 2580 1853 multa
2610 1799 2752 1855 dictu
2779 1803 2945 1869 magis
2975 1804 3243 1872 pudenda,
3277 1821 3371 1875 per
3392 1806 3606 1862 foetidos
3629 1806 3713 1860 ei-

408 1891 612 1947 Idolor.
645 1909 787 1958 vam,
824 1910 944 1965 pag.
986 1894 1051 1949 12
1077 1894 1117 1967 ).
1150 1895 1307 1949 Prius
1334 1894 1666 1964 'l‘lteOphilos
1714 1894 2007 1950 Antioche-

410 2002 510 2040 uus
540 1986 796 2043 Ethnicns
823 1990 1012 2049 eodem
1047 2000 1361 2060 argumento
1390 1991 1758 2045 confutaverat
1787 2006 1800 2044 ε
1828 1995 1888 2043 Ei
1918 1998 2012 2061 γὰρ

412 2082 513 2136 τότε
555 2087 753 2146 ina-aeta.
804 2093 887 2136 uti
938 2090 1198 2149 ἔγεννῶντο,
1230 2087 1387 2145 enim
1411 2090 1485 2140 ὅτι
1529 2090 1671 2154 invio
1708 2092 1789 2138 καὶ
1819 2092 1898 2147 ἕως
1926 2089 2010 2140 τοῦ

412 2177 547 2244 δεῦρο
581 2182 787 2245 γίνεσθαι
813 2183 940 2237 θεοὺς
970 2186 1225 2243 γεννητοὺς⁸
1256 2184 1286 2237 ἣ
1329 2182 1424 2247 γὰρ
1466 2182 1705 2246 ἐγήραην
1731 2181 1805 2231 διὸ
1833 2183 1911 2232 οὒκ
1938 2184 2010 2231 in

408 2284 612 2338 γεννῶσι·
650 2276 678 2330 ἦ
704 2271 958 2335 ἀπέθανον,
981 2282 1065 2323 ιιιί
1090 2274 1170 2325 οὐκ
1213 2278 1284 2326 ἔτι
1314 2275 1423 2324 εἶσί.
1461 2289 1479 2322 t
1514 2268 1569 2325 Si
1610 2282 1719 2324 tum
1748 2285 2007 2340 genuere,

414 2369 465 2415 et
502 2360 665 2430 geniti
710 2370 854 2427 sunt,
888 2364 1206 2432 opponebat
1232 2377 1416 2417 eorum
1448 2364 1851 2433 gmerationem
1880 2362 2012 2418 buc-

412 2466 583 2523 usque
617 2453 833 2524 porrigi.
864 2453 955 2508 Sin
975 2470 1130 2510 secus
1159 2471 1217 2511 se
1239 2471 1326 2510 res
1348 2455 1528 2523 habet,
1563 2466 1707 2512 certe
1738 2456 2008 2511 inlirmum

412 2541 635 2599 deorum
666 2561 837 2615 genus
875 2548 1227 2617 reputabitur.
1262 2550 1366 2602 Aut
1386 2550 1528 2604 enim
1560 2550 1710 2606 senio
1756 2551 2007 2617 confecti,

412 2650 675 2707 generare
704 2637 1001 2704 desierunt,
1030 2652 1123 2694 aut
1157 2656 1186 2695 e
1213 2640 1506 2696 viventium
1553 2658 1774 2698 numero
1800 2644 2012 2713 penitus

412 2738 538 2783 sunt
565 2729 778 2797 sublati,
808 2740 862 2785 et
891 2735 942 2786 in
976 2732 1200 2787 ttihilum
1234 2734 1431 2789 redacti
1468 2754 1487 2785 ι
1524 2734 1828 2805 (Theuph.,
1861 2736 1950 2790 lib.
1996 2751 2011 2791 l

414 2822 482 2875 ad
521 2821 786 2895 Autolyc.,
823 2840 941 2896 pag.
995 2825 1133 2900 81).
1193 2827 1413 2884 Brevius
1466 2828 1680 2899 quidem
1731 2830 2007 2899 'l'atianus,

414 2913 509 2969 sed
538 2930 641 2969 non
691 2917 868 2974 minus
916 2919 1138 2974 festive:
1176 2940 1197 2971 ί
1232 2920 1286 2976 Si
1314 2920 1539 2976 deorum
1585 2923 2008 2991 generationem,

415 2996 953 3081 inquit,meinoratis,
987 3004 1241 3069 mortales
1268 3029 1361 3069 eos
1386 3014 1668 3069 ostenditis
1701 3034 1714 3071 :
1749 3020 1828 3070 διὰ
1849 3020 1895 3070 τὶ
1922 3022 2013 3087 γὰρ

416 3111 466 3162 οὗ
483 3114 581 3162 κύει
600 3118 677 3162 νῦν
701 3118 730 3169 ἡ
755 3095 885 3182 ιῖρας
915 3115 1110 3182 πὸττρον
1127 3129 1409 3184 γεγτζρεικενς
1443 3120 1470 3171 ἣ
1496 3120 1579 3167 rei?
1599 3122 1883 3179 μηνῦσαντος
1906 3118 2014 3180 ὑμῖν

2114 1890 2211 1945 bos
2238 1899 2291 1946 et
2332 1892 2433 1946 alia
2458 1892 2718 1962 jurantes.
2757 1894 3087 1950 Matrimonia
3142 1897 3357 1968 quidem
3408 1900 3550 1954 inter
3573 1900 3713 1955 deos

2113 1983 2295 2051 credi,
2322 1995 2575 2055 tantoque
2617 2002 2733 2041 tero
2761 2003 2826 2041 ex
2854 1988 2934 2043 bis
2966 1989 3231 2044 neminem
3276 1990 3423 2045 nasci
3447 2032 3460 2053 ,
3490 2003 3545 2047 et
3572 1991 3715 2047 alios

2113 2091 2233 2132 esse
2261 2080 2578 2145 grandaevos
2627 2094 2947 2151 semperque
2996 2096 3181 2146 canos,
3213 2089 3268 2138 et
3302 2083 3438 2138 alios
3481 2083 3719 2153 juvenes

2112 2180 2272 2240 atque
2301 2186 2515 2240 pueros,
2557 2172 2805 2236 aligeras,
2836 2174 3079 2239 claudos,
3129 2188 3233 2229 ovo
3276 2177 3509 2246 genitos,
3533 2186 3587 2232 et
3633 2175 3722 2231 al-

2116 2263 2283 2317 ternis
2309 2262 2495 2318 diebus
2524 2264 2760 2319 virentes
2788 2268 3201 2338 morientesque,
3228 2270 3509 2337 puerilium
3541 2285 3715 2341 prope

2112 2358 2587 2413 delirameutorum
2614 2369 2698 2414 est
2725 2379 2744 2412 ι
2766 2361 2951 2429 (Pliu.,
2984 2361 3077 2416 lib.
3099 2370 3138 2418 tt
3168 2362 3358 2418 Nntnr.
3390 2362 3554 2428 Hist,
3588 2380 3719 2435 cap.

2112 2450 2166 2516 7,
2200 2461 2319 2521 pag.
2352 2450 2456 2505 ΗΞ
2484 2460 2539 2506 et
2580 2450 2749 2525 scq.).
2782 2454 2934 2521 Quod
2982 2469 3133 2525 ergo,
3175 2456 3368 2511 amabo
3424 2465 3495 2521 le,
3531 2455 3724 2511 efﬁca-

2113 2543 2227 2597 cius
2270 2542 2337 2597 ad
2388 2545 2652 2600 tollendas
2679 2544 2970 2601 Gentilium
3017 2548 3305 2619 religiones
3336 2561 3721 2619 argumentum

2113 2637 2291 2692 aﬂ'erri
2306 2648 2518 2709 poterat
2563 2655 2720 2709 quam
2745 2640 2829 2695 illa
2849 2644 3078 2708 sincera,
3098 2654 3147 2697 et
3170 2644 3382 2715 publica
3404 2643 3560 2698 Plinii
3581 2644 3725 2698 alio-

2114 2746 2340 2800 rumque
2367 2734 2528 2788 etiam
2558 2733 2905 2788 Ethnicorunt
2937 2736 3243 2792 confessio?

2187 2823 2368 2892 Neque
2395 2826 2597 2880 dixeris
2626 2826 2744 2881 illas
2766 2826 2993 2882 indocta:
3021 2828 3274 2899 rudisque
3303 2830 3475 2900 plebis
3504 2830 3725 2899 opinio-

2114 2930 2209 2969 nes
2230 2930 2258 2969 a
2289 2916 2480 2983 Plinio,
2496 2919 2944 2987 quemadmodum
2959 2920 3026 2975 ab
3048 2920 3156 2976 illis
3178 2921 3531 2978 Ethnicorum
3546 2925 3725 2979 homi-

2117 3018 2241 3060 num
2275 3007 2620 3076 doctissimis,
2653 3021 2922 3082 tamquam
2968 3008 3139 3068 aniles
3183 3013 3391 3072 fabulas
3420 3016 3718 3086 repudiari.

2114 3099 2246 3154 Nam
2306 3101 2354 3154 id
2412 3102 2675 3169 Minucio,
2711 3105 3029 3175 ceterisque
3080 3106 3388 3163 christiana)
3438 3108 3723 3179 religionis

415 3204 639 3272 ἀπορεῖτε
663 3217 679 3267 ;
712 3202 816 3257 (Zur
844 3222 948 3258 non
976 3206 1204 3275 amplius
1234 3207 1368 3276 parit
1403 3205 1586 3261 Juno?
1614 3205 2009 3261 Consenuitttc?

2120 3194 2513 3263 defensoribus,
2567 3198 2723 3267 plane
2761 3199 3059 3256 sulliciebat
3104 3202 3169 3255 ad
3225 3201 3425 3273 impios
3471 3203 3722 3259 omnium

417 3293 523 3346 Aut
568 3295 656 3364 qui
705 3311 817 3351 rem
864 3298 1101 3365 aperiat,
1147 3297 1355 3354 habetis
1406 3298 1719 3353 nemiuem?
1750 3298 2009 3370 (Tatium,

421 3384 568 3440 Orat.
593 3398 755 3442 contr.
779 3387 969 3456 Grata,
998 3406 1115 3461 pag.
1146 3388 1298 3462 160.)

489 3477 579 3535 Sic
626 3484 786 3535 etiam
830 3482 1031 3538 Seneca
1053 3523 1070 3550 ,
1104 3498 1133 3537 a
1165 3483 1444 3539 Lactantio
1490 3484 1753 3548 laudatus,
1784 3484 2015 3555 gentiles

418 3585 546 3626 suos
574 3572 846 3628 irridendo
867 3587 1305 3645 argumentatur:
1344 3595 1361 3627 ι
1390 3576 1526 3644 Quid
1546 3587 1626 3632 est
1653 3592 1801 3647 ergo,
1824 3577 2011 3645 inquit,

418 3679 585 3734 quare
613 3667 753 3744 apud
785 3677 972 3734 poetas
1013 3669 1378 3725 salaci~simus
1402 3670 1610 3741 Jupiter
1632 3670 1852 3725 desierit
1881 3670 2016 3725 libe-

416 3771 507 3813 ros
530 3758 792 3839 tollere?
822 3759 1014 3816 Utrum
1064 3764 1441 3831 sexagenarius
1495 3762 1662 3819 factus
1694 3773 1806 3828 est,
1835 3773 1888 3818 et
1937 3764 2015 3819 illi

417 3850 500 3906 lett
528 3850 687 3922 Papia
712 3854 924 3909 fibulam
975 3855 1273 3927 imposuit?
1302 3857 1381 3911 An
1416 3856 1720 3927 impetravit
1741 3859 1829 3927 jus
1859 3858 2016 3913 trium

416 3942 727 3999 liberorum.
772 3947 853 4000 Au
915 3940 1129 4002 tandem
1176 3947 1250 4002 illi
1295 3951 1440 4004 venit
1483 3949 1535 4004 in
1591 3959 1822 4005 mentem
1860 3968 1872 4003 :
1935 3949 2017 4004 Ab

414 4034 520 4089 alio
570 4046 876 4108 exspectes,
913 4040 1064 4095 alteri
1117 4040 1257 4111 quod
1287 4040 1508 4108 feceris;
1536 4053 1590 4098 et
1624 4044 1773 4099 timet
1812 4060 1878 4099 ne
1901 4047 2019 4114 quis

416 4127 516 4180 sihi
539 4128 712 4195 faciat,
741 4132 882 4201 quod
912 4133 1307 4204 ipseSaturno?
1338 4154 1356 4187 ι
1383 4133 1579 4206 (Lact.,
1604 4137 1696 4191 lib.
1721 4153 1757 4201 ι,
1787 4151 1904 4207 cap.
1930 4138 2016 4207 l6,

421 4235 538 4290 pag.
569 4220 687 4291 88.)
728 4222 783 4279 ld
818 4235 919 4294 est,
941 4243 1007 4283 ne
1034 4229 1169 4284 sicut
1199 4230 1285 4285 ille
1303 4230 1587 4286 Saturnum
1605 4242 1809 4302 patrem
1837 4249 2015 4303 suum,

418 4304 488 4367 ita
514 4313 684 4381 ipsum
715 4317 802 4370 lilii
835 4318 950 4388 ejus
980 4337 1145 4393 regno
1172 4323 1483 4393 spoliarent.
1512 4323 1617 4395 Sed
1638 4326 1703 4380 de
1718 4325 2017 4396 Lattantio,

418 4403 604 4476 hisque
653 4407 872 4464 Senecae
902 4414 1076 4466 verbis
1113 4415 1311 4484 aliquid
1342 4416 1475 4470 infra
1507 4417 1813 4489 dicendum.
1861 4420 2019 4474 Deni-

414 4516 516 4571 que
538 4510 598 4557 ut
635 4498 768 4558 alios
785 4503 976 4560 missos
1003 4505 1274 4569 faciamus,
1296 4508 1564 4564 Juvenalis
1592 4511 1750 4565 etiam
1781 4512 1972 4567 cecinit
2005 4530 2019 4567 :

508 4618 629 4680 Quis
661 4628 827 4671 tamen
846 4621 1057 4677 afhrmet
1078 4623 1145 4673 nil
1171 4630 1331 4675 actum
1354 4626 1406 4676 in
1426 4627 1688 4680 montibus.
1714 4634 1795 4677 aut
1820 4628 1870 4677 in

510 4683 806 4747 Speluneis?
830 4684 970 4733 Adeo
995 4686 1485 4751 senueruntJupiter
1507 4694 1559 4738 et
1585 4689 1729 4739 Mars.

760 4764 996 4834 (Juvenal
1020 4811 1034 4832 ,
1064 4770 1252 4837 Satyr.,
1278 4788 1341 4835 γι,
1363 4787 1408 4824 υ.
1435 4764 1513 4823 62.
1538 4780 1584 4824 et
1607 4778 1765 4840 seqq.)

489 4860 651 4933 lnstat
686 4878 965 4946 Minucius,
999 4887 1053 4934 et
1106 4878 1264 4935 falsas
1293 4879 1359 4937 de
1391 4881 1491 4937 diis
1532 4883 1816 4954 opiniones
1844 4883 2015 4939 altera

417 4956 593 5025 adhuc
644 4972 852 5028 ratione
905 4972 1145 5028 funditus
1194 4973 1455 5029 de5truit:
1486 4993 1505 5027 ‹
1567 4975 1621 5031 Si
1667 4977 1737 5031 dii
1772 5018 1787 5043 ,
1819 4968 2011 5048 inquit,

416 5066 588 5120 creari
621 5077 860 5137 pOSsent,
893 5068 1112 5124 interire
1139 5084 1243 5123 non
1271 5079 1511 5140 possent,
1548 5070 1724 5140 plures
1753 5073 1875 5127 totis
1911 5072 2013 5127 ho-

418 5156 653 5211 minibus
679 5158 811 5215 deos
838 5161 1159 5215 haberemus
1181 5179 1193 5227 ;
1214 5170 1271 5216 ut
1293 5162 1403 5232 jam
1435 5177 1528 5217 eos
1551 5179 1648 5220 nec
1671 5165 1865 5220 ctelum
1884 5180 2015 5219 con-

422 5248 635 5315 tineret,
666 5266 768 5308 nec
813 5266 907 5306 aer
938 5264 1198 5324 caperet,
1233 5270 1330 5310 nec
1371 5264 1510 5309 terra
1553 5266 1810 5326 gestaret.
1852 5277 1870 5309 ι
1908 5256 2011 5313 Sed

418 5344 521 5397 hoc
562 5342 667 5397 telo
718 5346 902 5414 utique
931 5347 1216 5411 acerrimo,
1244 5363 1350 5418 quo
1381 5347 1539 5402 etiam
1591 5347 1793 5420 Sybilla
1826 5348 2011 5411 utitur,

416 5433 676 5488 Ethnicos
705 5434 897 5489 citatus
918 5436 1027 5505 jam
1056 5454 1084 5493 a
1115 5438 1269 5494 nobis
1286 5439 1618 5508 Theophilus
1650 5440 2016 5495 Antiochenus

414 5516 628 5597 penitus
648 5527 1145 5588 transfixerat.llinc
1171 5534 1334 5599 enim,
1353 5533 1542 5603 inquit,
1561 5542 1738 5603 μᾶλλον
1757 5550 1839 5587 και
1860 5543 2016 5589 πλείο-

413 5645 481 5683 νες
512 5624 608 5675 θεοὶ
635 5628 831 5695 (ὅμιλον
854 5623 976 5679 eiut
997 5643 1090 5681 τῶν
1117 5630 1386 5699 ἀνθρώπων,
1412 5636 1470 5691 ὥς
1490 5653 1605 5698 φησι
1630 5629 2015 5694 Σίϐυλλθνμςω·

412 5712 592 5783 ligitur
620 5713 801 5783 plures
829 5730 948 5769 esse
965 5715 1115 5783 deos,
1135 5733 1292 5788 quant
1308 5718 1572 5783 homines,
1594 5720 1731 5774 sicut
1750 5730 1797 5774 et
1815 5719 2017 5791 Sibylla

414 5792 678 5878 perhibet.
696 5826 712 5859 ›
749 5806 957 5865 Cretera
978 5825 1093 5881 quin
1121 5809 1359 5881 longiora
1388 5821 1513 5868 sunt
1538 5813 1677 5884 apud
1709 5828 1854 5882 eum,
1881 5813 2022 5870 sicut

2118 3288 2466 3343 Etnnicorum
2496 3291 2689 3356 cultus,
2715 3293 2801 3361 qui
2831 3293 2882 3347 in
2913 3294 3057 3349 lii-ce
3077 3306 3323 3349 ert-orum
3350 3294 3608 3373 monstris
3626 3295 3722 3349 ni-

2120 3382 2386 3441 tebantur.
2421 3382 2656 3439 funditus
2680 3387 3025 3441 evertendas.
3062 3386 3193 3456 Quis
3214 3390 3356 3443 enim
3384 3389 3597 3445 illorum
3625 3405 3725 3444 ta-

2121 3488 2216 3529 nas
2256 3478 2667 3545 superstitiones
2724 3479 2865 3534 ferre
2893 3490 3069 3551 quaeat
3101 3524 3115 3549 ,
3171 3484 3259 3553 qui
3292 3486 3507 3539 unicum
3552 3495 3723 3539 teter-

2121 3583 2355 3640 numque
2392 3570 2557 3625 Deum
2593 3572 2877 3642 negabant.
2908 3584 2961 3628 et
2992 3575 3129 3629 alios
3156 3575 3416 3643 plurimos
3438 3577 3723 3646 mortales,

2119 3672 2210 3717 aut
2235 3674 2578 3734 generantes,
2622 3682 2686 3721 ac
2732 3668 2942 3735 genitos
2967 3668 3101 3724 deus
3127 3669 3375 3725 colebant
3404 3679 3457 3726 et
3491 3678 3729 3725 venera-

2120 3755 2359 3811 bantur?
2383 3756 2495 3812 Non
2526 3759 2700 3812 minus
2726 3772 2904 3814 autem
2937 3760 3079 3815 ducti
3119 3775 3277 3832 quam
3307 3761 3509 3817 indocti
3534 3761 3732 3818 Genti-

2120 3850 2222 3917 les,
2250 3851 2450 3921 rejecto
2482 3867 2611 3907 vero
2638 3850 2767 3919 Deo,
2799 3852 3077 3921 ridiculos,
3111 3853 3231 3909 illos
3263 3854 3401 3911 Deos
3429 3856 3727 3922 colebant;

2122 3943 2207 3997 vel
2250 3944 2430 3999 colere
2480 3959 2538 4000 se
2585 3945 2920 4012 simulantes,
2956 3947 3160 4002 nullum
3206 3948 3595 4013 admittebant;
3628 3958 3731 4004 aut

2123 4035 2265 4091 aliud
2309 4035 2511 4106 aliquid
2555 4052 2585 4091 a
2614 4052 2737 4092 vera
2787 4037 3067 4094 divinitate
3115 4054 3181 4095 eo
3234 4038 3402 4111 magis
3431 4049 3732 4110 remotum,

2123 4127 2267 4199 quod
2294 4140 2558 4194 creatum,
2586 4130 2670 4185 vel
2700 4130 2922 4200 ipSamet
2945 4132 3151 4188 ratione
3179 4126 3443 4202 privatum
3477 4142 3615 4188 erat.

2196 4220 2385 4276 Nonne
2415 4236 2545 4293 ergo
2583 4238 2609 4275 a
2646 4232 2794 4278 recto
2832 4225 3078 4280 veritatis
3126 4227 3338 4283 tramite
3364 4216 3614 4282 similiter
3635 4227 3740 4283 ab-

2125 4316 2399 4379 errabant,
2435 4318 2522 4385 qui
2554 4319 2715 4373 stulte
2769 4318 3128 4389 praedicabant
3173 4320 3428 4377 mortales
3464 4320 3741 4392 quosdam

2128 4409 2399 4473 homines,
2434 4411 2514 4465 vel
2542 4418 2661 4465 ortu
2694 4426 2816 4474 suo,
2846 4412 2927 4464 vel
2952 4412 3179 4466 aliorum
3204 4412 3465 4483 perjurio,
3484 4411 3737 4481 libidine,

2125 4511 2181 4557 et
2210 4502 2492 4571 arbitratu,
2526 4505 2694 4558 factos
2721 4518 2841 4559 esse
2868 4505 2999 4560 deus
3020 4504 3044 4558 ?
3064 4505 3211 4560 Talis
3230 4514 3408 4560 tamen
3437 4504 3556 4572 fuit,
3586 4528 3607 4557 ι
3635 4520 3741 4576 pc-

2041 4601 2096 4663 B
2126 4595 2336 4665 jerante
2363 4596 2610 4660 Proculo,
2652 4616 2670 4649 ι
2707 4598 2780 4651 uti
2811 4596 3071 4651 Minucius
3098 4598 3189 4665 ait,
3214 4616 3233 4650 ι
3271 4597 3411 4653 Deus
3436 4597 3736 4667 Romulus,

2121 4691 2571 4760 quemadmodum
2596 4690 2753 4759 paulo
2768 4699 2886 4759 post
2903 4689 3310 4760 explicabimus.
3328 4689 3473 4745 Talis
3486 4705 3731 4762 quoque,

2126 4800 2144 4833 ι
2173 4782 2309 4836 Juba
2346 4801 2364 4833 ι
2401 4784 2568 4853 pergil
2600 4782 2712 4848 ille,
2752 4800 2770 4833 ‹
2792 4781 2986 4836 Mauris
3018 4782 3342 4850 Volentibus,
3374 4782 3511 4838 deus
3537 4792 3641 4849 est,
3672 4792 3737 4839 et

2122 4875 2253 4940 divi,
2278 4877 2456 4931 czeteri
2498 4891 2673 4947 reges,
2708 4875 2797 4945 qui
2837 4886 3246 4942 consecrantur,
3279 4892 3383 4932 non
3439 4877 3509 4932 ad
3562 4878 3729 4934 tidem

2119 4971 2375 5036 numinis,
2403 4970 2496 5027 sed
2524 4971 2589 5025 ad
2616 4972 2874 5025 honorem
2909 4971 3149 5025 emeritae
3178 4972 3500 5039 potestatis?
3533 4990 3552 5025 ι
3585 4972 3734 5027 Sub-

2120 5066 2338 5135 scripsit
2369 5066 2569 5120 auctori
2617 5075 2802 5143 nostro
2830 5064 3158 5130 Laetantius,
3203 5066 3527 5137 scriptisque
3555 5065 3734 5121 tradi-

2120 5158 2197 5213 dit
2227 5175 2240 5211 :
2281 5176 2299 5208 ι
2342 5158 2597 5213 Privatim
2649 5158 2846 5229 singuli
2876 5159 3057 5228 populi
3100 5158 3277 5230 gentis
3304 5168 3397 5214 aut
3425 5159 3575 5215 urbis
3609 5174 3732 5215 sua;

2119 5251 2447 5318 conditores,
2481 5266 2575 5306 seu
2616 5250 2717 5306 viri
2772 5251 3082 5308 fortitudine
3134 5253 3374 5325 insignes
3415 5265 3590 5321 erant,
3626 5270 3731 5310 seu

2119 5343 2333 5399 feminae
2384 5344 2627 5399 castitate
2664 5345 2956 5412 mirabiles,
2986 5361 3199 5403 summa
3254 5350 3607 5404 veneratione
3632 5362 3731 5405 co-

2119 5437 2353 5501 luerunt,
2385 5446 2440 5490 ttt
2476 5435 2712 5507 IEgyptii
2737 5436 2964 5506 Isidem,
3003 5438 3171 5494 Mauri
3213 5438 3404 5495 Jubam
3445 5439 3727 5509 (Laetam,

2116 5529 2210 5584 lib.
2262 5547 2278 5584 ι
2332 5528 2534 5595 Instit.,
2579 5545 2695 5599 cap.
2729 5532 2818 5597 15,
2854 5546 2971 5603 pag.
3003 5532 3115 5605 8|).
3146 5551 3166 5586 ι
3201 5533 3373 5589 Antea
3422 5550 3555 5591 vero
3584 5535 3727 5593 Ter-

2120 5624 2373 5679 tullianus
2406 5624 2571 5695 magis
2619 5627 2938 5696 generatim,
2962 5642 3023 5682 ac
3062 5642 3376 5697 suppresso,
3410 5628 3504 5685 sed
3537 5630 3730 5688 subitt-

2123 5719 2336 5773 tellecto
2361 5717 2510 5772 Jubie
2554 5719 2790 5774 nomine.
2828 5739 2846 5772 ι
2889 5720 3184 5791 Unicuique
3214 5722 3530 5792 provincia),
3560 5734 3617 5779 et
3648 5726 3728 5780 ci-

2120 5811 2294 5876 vitati
2320 5827 2447 5868 suus
2485 5822 2567 5870 est
2592 5811 2841 5869 deus.....
2886 5821 2942 5868 ut
2989 5812 3323 5873 Mauritaniae
3349 5815 3523 5888 reguli
3550 5818 3658 5874 sui.
3700 5836 3722 5872 ι
