4038 6308
463 271 570 329 575
1777 273 1866 329 DE
1905 271 2167 329 MINUCII
2204 273 2504 332 OCTAVIO
3641 286 3733 339 576

464 404 637 447 ranno
687 388 981 447 detractam
1034 389 1347 461 IEsculapio
1395 390 1649 458 barbam,
1685 401 1738 446 ut
1792 401 1915 459 pote
1967 389 2054 461 qui
2084 392 2133 450 Λ
2162 388 2387 458 Neptuni
2432 402 2486 447 ct
2525 392 2773 450 Minervae
2819 397 3037 463 oculos,
3070 399 3268 470 aliquid
3296 398 3635 468 aCiceronc,
3681 415 3729 458 et

463 483 730 553 Apollinis
759 498 976 555 semper
1005 484 1362 547 imberbis,ut
1393 487 1467 541 ait
1493 487 1702 550 Cicero,
1729 495 1876 542 esset
1904 485 2060 540 ﬁlius.
2172 479 2405 537 Minucio
2450 496 2633 541 nostro
2675 488 2902 557 positum
2952 488 3117 545 luisse
3164 492 3482 557 discrimen,
3532 493 3734 551 forsitan

467 576 584 646 Qua
614 577 682 633 de
711 594 770 634 re
791 577 989 633 videsis
1024 576 1198 633 adhuc
1231 576 1569 646 Ciceronem,
1602 577 1871 634 Valerium
1903 577 2067 633 Mani-
2169 574 2290 644 quia
2320 576 2477 631 unius
2499 579 2685 649 magis,
2724 596 2882 651 quam
2912 582 3137 639 alterius
3164 583 3359 639 virides
3385 595 3566 641 essent
3588 586 3729 641 oculi.

466 684 616 725 mum
644 712 659 735 ,
707 671 1003 725 Arnobium
1052 670 1415 732 Laetautium,
1441 681 1494 725 et
1546 670 1680 726 alios
1735 670 2064 741 complures.
2170 669 2238 721 At
2264 668 2330 721 tle
2360 670 2439 723 bis
2470 669 2720 727 Minervae
2763 675 2934 729 oculis
2960 678 3248 744 Arnobius,
3279 678 3346 733 de
3371 694 3479 749 quo
3526 695 3618 734 nos
3650 695 3737 758 suo

468 759 589 830 Ipse
617 769 794 816 autem
819 760 1028 825 Cicero,
1056 763 1252 833 aliique
1303 762 1520 817 barbam
1552 778 1656 817 non
1685 763 1905 817 cuilibet
1936 761 2063 816 IEs-
2169 760 2288 816 loco
2317 762 2557 829 (Dissert.
2585 766 2637 819 in
2670 766 2860 823 Arnob.
2891 785 3007 840 cap.
3040 770 3127 838 14,
3153 782 3253 826 art.
3286 772 3361 842 1).

472 854 706 923 culapio.
758 855 850 909 sed
889 853 1183 923 Epidauria
1239 856 1510 924 demptam
1564 865 1813 910 asserunt
1842 854 2063 928 (Cicer.,
2240 854 2383 910 Juno
2435 869 2615 913 autem
2663 861 2729 914 ab
2777 859 3049 928 ethnicis,
3107 873 3165 917 ut
3213 863 3282 917 ait
3326 862 3524 918 deinde
3574 875 3737 920 auctor

464 943 559 1000 lib.
587 960 605 1000 ι
634 946 698 999 de
728 943 919 1001 Natur.
954 947 1120 1014 deor.,
1152 962 1272 1017 pag.
1312 947 1432 1014 107,
1460 948 1556 1003 lin.
1584 947 1695 1014 26;
1734 948 1876 1003 Idem
1907 947 2062 1013 ibid.,
2170 959 2373 1015 noster,
2414 950 2694 1006 dicebatur
2729 970 2747 1002 ι
2782 951 2995 1008 bubulis
3023 954 3195 1009 oculis
3226 974 3246 1009 ι
3282 954 3466 1029 (Ηοιιι.
3493 952 3644 1009 Iliad.
3672 971 3735 1022 ιι,

469 1037 563 1093 lib.
596 1054 815 1111 ttt.pag.
847 1039 976 1104 252,
1010 1040 1105 1096 lin.
1140 1040 1251 1105 δίος
1284 1041 1464 1098 Valer.
1512 1041 1677 1101 Max..
1708 1042 1802 1098 lib.
1846 1059 1903 1108 ιι,
1944 1057 2064 1111 cap.
2170 1056 2218 1096 υ.
2248 1041 2353 1113 5).
2422 1043 2493 1098 At
2545 1044 2836 1100 Homerum
2894 1046 3035 1101 haud
3081 1048 3243 1105 dubie
3302 1060 3520 1104 Secutus
3554 1060 3660 1115 est,
3710 1066 3736 1103 a

467 1132 520 1195 1,
551 1133 616 1186 de
649 1132 904 1206 Exter.,§
955 1136 1010 1199 ὅς
1042 1135 1273 1197 Arnob.,
1309 1135 1403 1190 lib.
1434 1152 1488 1190 γι
1525 1136 1698 1191 adver.
1731 1135 1907 1199 Gent.,
1942 1153 2061 1208 pag.

2171 1150 2275 1206 quo
2304 1149 2526 1192 voratur
2551 1157 2564 1193 :
2594 1151 2780 1211 βοῶπις
2810 1144 2981 1199 πότνια.
3013 1133 3137 1213 ιῐρη,
3167 1142 3377 1197 bovinis
3404 1143 3573 1197 oculis
3601 1157 3741 1198 vene-

463 1222 590 1291 206;
616 1225 886 1291 L:ictaut.,
921 1225 1016 1281 lib.
1073 1244 1108 1281 ιι
1150 1226 1354 1295 lauit,
1383 1243 1504 1297 cap.
1534 1229 1586 1292 4,
1617 1244 1735 1298 pag.
1776 1228 1897 1292 157;
1924 1226 2063 1291 Cic...
2170 1231 2335 1284 randa
2390 1230 2532 1286 Juno
2562 1231 2750 1306 (Iliad.
2794 1251 2904 1303 11v,
2948 1251 2997 1290 υ.
3034 1234 3183 1307 159).
3213 1236 3367 1306 Quod
3390 1236 3569 1292 Poeta!
3597 1238 3740 1292 inter-

465 1315 559 1373 lib.
595 1332 649 1375 ιιι
678 1318 821 1373 deor.
857 1319 1006 1384 Ναι..
1038 1335 1155 1391 pag.
1178 1319 1306 1385 252,
1343 1321 1437 1375 lin.
1475 1318 1595 1391 45).
1629 1321 1917 1376 Pausanias
1941 1337 2067 1377 vero
2170 1340 2295 1396 pres
2346 1327 2509 1381 latine
2559 1327 2847 1395 exprimit:
2904 1340 2930 1381 ι
2972 1328 3215 1385 Pulcbris
3255 1331 3430 1385 oculis
3460 1328 3740 1384 veneranda

465 1406 555 1463 ubi
605 1409 673 1465 de
704 1411 974 1476 Pbliasiis,
1020 1411 1140 1467 bmc
1183 1412 1250 1467 de
1290 1411 1585 1482 Esculnpii
1638 1412 1926 1467 simulacro
1957 1429 2069 1469 me-
2169 1418 2329 1474 Juno.
2369 1438 2387 1471 ι
2426 1418 2705 1475 Rationem
2734 1422 2777 1476 si
2800 1436 3033 1492 quzeras,
3065 1422 3510 1495 respondebith
3529 1436 3741 1493 gra-cum

465 1511 639 1556 morat
674 1519 686 1556 ζ
717 1508 993 1561 Κατ-όντων
1020 1509 1068 1560 δὲ
1107 1513 1157 1561 ἐκ
1191 1523 1277 1568 τῆς
1316 1509 1610 1578 ἀκροπόλεως
1654 1515 1781 1562 ἔστιν
1804 1516 2067 1580 Δσκλῃτισὺ

2171 1514 2301 1568 illml
2345 1530 2540 1569 nomen
2572 1516 2639 1570 ab
2684 1531 2750 1569 eo
2774 1518 2853 1571 sic
2895 1516 3195 1582 redditum;
3241 1517 3363 1585 quia
3396 1516 3536 1571 oculi
3585 1516 3741 1569 bubuli

463 1598 572 1654 νάος
596 1601 641 1649 ἰ)
684 1598 835 1665 δεξιᾷ.
863 1602 947 1649 καὶ
992 1600 1193 1666 ἄγαλμα.
1233 1603 1316 1654 aint
1363 1608 1469 1667 (xw
1502 1605 1765 1666 xwyw'id.
1790 1618 1809 1651 (
1856 1600 1966 1666 Qua
1999 1615 2067 1655 ΘΧ

2171 1609 2407 1662 οιιιιιίιιιιι
2470 1607 2815 1676 pulcherrimi
2878 1609 3213 1664 videbantur.
3271 1608 3406 1663 Nam
3459 1626 3486 1660 a
3535 1607 3744 1662 Lneiano

464 1699 589 1741 arce
617 1685 982 1756 dCsCClldilllr,
1015 1689 1311 1759 Esculapii
1335 1692 1480 1746 aedes
1507 1692 1572 1745 ad
1599 1702 1841 1747 dextram
1873 1701 1975 1759 est,
2014 1693 2065 1747 in
2174 1698 2366 1773 (lmag.
2405 1718 2524 1771 pag.
2558 1700 2685 1771 590)
2718 1702 3073 1770 peritissimus
3100 1702 3275 1773 pictor
3300 1701 3551 1767 habetur,
3580 1712 3744 1773 βςῶπιν

464 1792 567 1849 qua
600 1782 810 1852 signum
862 1784 1104 1840 imberbe
1155 1805 1175 1838 ι
1210 1784 1488 1858 (Pansam,
1546 1786 1639 1842 lib.
1696 1802 1755 1853 ll,
1808 1783 2063 1854 Corinth.,

2171 1818 2279 1851 τινα
2300 1819 2504 1859 ποιτσις
2531 1800 2717 1864 «ora»,
2749 1796 2840 1867 qui
2878 1795 3141 1851 lunonem
3177 1815 3195 1849 ι
3231 1795 3373 1851 illam
3401 1795 3607 1851 boviuis
3630 1810 3742 1850 ocu-

466 1889 587 1946 pag.
615 1875 733 1947 56).

2171 1886 2237 1941 lis
2269 1887 2533 1958 pingebat.
2574 1907 2594 1940 ι

537 1973 609 2026 At
652 1972 696 2027 si
723 1989 841 2043 quae
877 1973 1113 2031 Lneiano
1154 1975 1306 2043 ﬁdes,
1340 1977 1529 2047 Apollo
1552 1978 1622 2033 ab
1663 1978 1914 2033 omnibus
1954 1977 2060 2031 im-

467 2060 672 2131 berbis,
724 2067 961 2138 exceptis
990 2069 1362 2124 tantummodo
1410 2072 1662 2143 Assyriis,
1709 2080 2065 2140 reprtcscnta-

471 2155 626 2213 batur
651 2176 664 2213 :
689 2168 749 2214 0!
773 2170 855 2224 ubi
879 2168 973 2233 γὰρ
997 2167 1139 2217 ἄλλοι
1171 2170 1341 2225 πίνας
1356 2168 1617 2218 Απόλλωνα.
1638 2173 1735 2220 νιον
1758 2190 1810 2220 τι
1839 2175 2061 2231 ἥγηνται,

466 2254 549 2323 καὶ
572 2259 817 2321 πρωθήϐην
856 2262 1064 2310 ποιοῦσι·
1087 2263 1253 2324 μοῦνοι
1286 2261 1334 2310 δὲ
1363 2261 1492 2315 οὗτοι
1523 2261 1794 2321 Λπόλλωνος
1816 2268 2065 2329 γον-ιητέω

467 2346 628 2410 ξόανον
655 2349 935 2404 deturbat)“.
966 2366 985 2400 ι
1020 2347 1237 2414 Crateri,
1275 2349 1418 2405 enim
1451 2366 1662 2414 omnes,
1696 2364 1754 2405 ut
1812 2352 1897 2405 ille
1953 2352 2060 2417 ait,

465 2437 768 2507 Apollinem
798 2451 853 2497 et
875 2443 1129 2511 juvenem
1152 2453 1358 2515 putant.
1382 2453 1437 2501 et
1458 2461 1579 2500 cum
1613 2448 1783 2516 prima
1817 2446 2065 2516 lanugine

466 2527 769 2602 efﬁngunt:
800 2536 899 2591 soli
946 2548 1125 2594 autem
1172 2540 1257 2594 isti
1289 2540 1551 2608 Apollinis
1596 2541 1800 2595 barbati
1843 2541 2064 2595 simula-

466 2635 616 2678 crum
639 2626 876 2698 elﬁgiant
913 2648 931 2682 ι
964 2629 1230 2699 (Lucium,
1264 2632 1329 2688 de
1356 2630 1468 2687 Dea
1496 2631 1681 2703 Syria,
1714 2650 1836 2703 pag.
1873 2633 2060 2701 1071).

2240 1979 2418 2050 Pergit
2453 1979 2710 2035 Minucius
2737 1981 2879 2053 (pag.
2916 1981 3045 2053 184)
3075 2000 3089 2034 :
3124 2002 3143 2034 ι
3186 1981 3419 2039 Pedibus
3468 1981 3739 2037 Mercurius

2167 2071 2355 2136 alatis,
2382 2073 2490 2127 Pan
2519 2074 2822 2144 ungulatis,
2856 2074 3122 2132 Saturnus
3149 2077 3495 2147 compeditis.
3536 2095 3555 2128 ι
3578 2074 3742 2130 Nullus

2168 2174 2250 2219 est
2281 2180 2443 2230 sane,
2476 2169 2564 2236 qui
2596 2168 2803 2236 ignoret
2831 2168 3154 2224 Mercurium
3188 2169 3311 2237 ﬁngi
3359 2169 3583 2223 deorum
3627 2182 3742 2221 nun-

2169 2257 2322 2323 tium,
2352 2270 2515 2323 atque
2545 2260 2742 2315 idcirco
2770 2261 2884 2315 alas
2920 2263 2971 2315 in
3010 2263 3188 2332 capite
3222 2274 3272 2317 et
3304 2261 3533 2332 pedibus
3556 2271 3743 2332 gestan-

2170 2360 2298 2404 tem.
2344 2351 2681 2423 Quapmpter
2717 2353 2784 2408 de
2826 2353 2918 2408 illo
2959 2370 2986 2408 a
3028 2354 3160 2410 Jove
3199 2355 3362 2412 misso
3411 2353 3529 2410 llaec
3571 2354 3742 2410 cecinit

2167 2442 2432 2501 Homerus
2468 2464 2481 2500 :

2414 2564 2463 2619 ἀς
2487 2573 2603 2624 ἱφατ’,
2627 2571 2705 2613 οόδ’
2728 2576 2880 2623 hieme
2904 2573 3097 2628 διάκτορος
3118 2568 3371 2631 inrupere“.

2414 2637 2538 2674 Αὺτυι⁸
2556 2636 2680 2683 zmo',
2701 2637 2769 2677 ὕπὸ
2790 2642 2923 2677 ποσσὶν
2947 2636 3106 2689 “deum
3123 2642 3219 2680 ut.
3240 2637 3390 2687 πιδιλι.

2416 2692 2623 2755 διισρόσια,
2644 2701 2812 2752 χρύσωμ’
2837 2705 2885 2741 τά
2905 2717 2965 2751 μιν
2988 2706 3091 2754 φιρον
3160 2705 3222 2753 μιν
3240 2705 3291 2755 ιγ’
3310 2702 3438 2755 ἰιτρῆν,

468 2710 769 2773 Macrobius
797 2729 975 2778 tamen
1013 2722 1141 2779 illud
1174 2740 1279 2778 non
1307 2725 1375 2779 ab
1402 2726 1653 2779 erunibus
1679 2724 1937 2796 As~yriis.
1967 2724 2062 2780 sed

431 2818 438 2825 ‘
469 2811 890 2883 llieropolitanis
928 2816 1126 2873 factum
1145 2833 1267 2874 esse
1294 2818 1512 2873 tradidit
1545 2837 1558 2873 :
1595 2839 1613 2871 ι
1652 2806 2061 2888 ΙΙίοιιιιῖοΙὶιςιιιί,

467 2904 561 2973 ait,
596 2921 717 2976 qua:
756 2917 885 2963 sunt
931 2921 1121 2980 gentes
1164 2912 1530 2983 Assyriorum,
1558 2926 1746 2965 omnes
1803 2910 1945 2966 Solis
1984 2909 2065 2966 ef-

466 2993 671 3062 fectus,
711 3012 874 3069 atque
924 3002 1147 3057 virtutes
1198 3003 1263 3057 ad
1322 3007 1480 3057 unius
1536 3002 1806 3057 simulacri
1857 3002 2064 3057 barbati

468 3090 707 3157 Speciem
749 3092 998 3163 redigunt
1050 3095 1405 3164 eumdcmque
1427 3095 1728 3165 Apollinem
1769 3095 2060 3165 appellant.

469 3180 641 3253 Hujus
689 3183 854 3242 facies
907 3188 1112 3257 prolixa
1145 3191 1195 3244 in
1226 3198 1441 3245 acutum
1475 3190 1636 3245 barba
1666 3189 1888 3261 ﬁgurata
1915 3200 1998 3246 est
2037 3209 2054 3243 ι
2088 3195 2132 3259 C

470 3274 751 3349 (Macrob.,
782 3279 870 3334 lib.
900 3296 913 3334 ι
940 3279 1210 3336 Saturnal.
1244 3300 1363 3352 cap.
1398 3284 1507 3352 17).

545 3368 729 3425 Tertio
770 3370 1072 3429 Minucius:
1108 3394 1128 3427 ι
1160 3374 1438 3444 Neptunus
1467 3376 1669 3448 glaucis
1713 3377 1913 3443 oculis,
1970 3377 2065 3432 Mi-

469 3476 633 3517 nerva
655 3463 830 3518 caesiis
852 3463 1099 3534 (Minuc.,
1132 3485 1252 3539 pag.
1284 3468 1432 3535 181).
1463 3488 1482 3519 ι
1522 3467 1638 3524 Jam
1661 3484 1789 3524 vero
1814 3470 2009 3525 citatus
2035 3486 2063 3525 a

472 3555 627 3609 nobis
650 3554 842 3612 Cicero
870 3573 883 3610 :
915 3578 934 3611 ι
979 3560 1080 3615 hic.
1105 3576 1185 3627 re,
1231 3561 1430 3629 inquit,
1465 3562 1642 3617 licebit
1667 3565 1857 3618 ea-sios
1883 3564 2067 3617 oculos

469 3646 755 3713 Minervae,
803 3652 1064 3707 cmrulcos
1093 3668 1215 3711 esse
1241 3652 1473 3720 Neptuni
1506 3673 1525 3706 ι
1558 3652 1780 3727 (Cicer.,
1820 3655 1910 3710 lib.
1950 3671 1963 3709 I
2006 3656 2069 3709 de

471 3739 664 3796 Nalur.
696 3743 838 3799 deor.
873 3762 993 3816 pag.
1021 3746 1147 3809 207,
1185 3748 1279 3803 lin.
1312 3747 1382 3802 24
1412 3747 1453 3819 ).
1508 3748 1839 3819 Quamquam
1887 3758 2066 3805 autem

474 3831 739 3889 Diodorus
768 3835 983 3891 Siculus
1030 3837 1160 3892 illud
1203 3851 1472 3909 tamquam
1503 3838 1767 3894 insulsum
1792 3855 2071 3895 commen-

477 3932 588 3978 tum
646 3926 888 3996 rejiciat,
942 3937 1196 3999 putetque
1239 3929 1561 3996 Minervam,
1609 3932 1728 4001 quia
1759 3933 1950 4003 glauco
1979 3948 2072 3988 aer

474 4028 694 4089 aspectu
723 4028 824 4084 est,
848 4022 1130 4092 glaneopiu
1158 4022 1283 4094 tingi
1310 4022 1549 4091 (Diodor.
1598 4023 1685 4078 lib.
1724 4039 1771 4086 ι,
1819 4022 2066 4080 Bibliotli.

479 4127 599 4182 pag.
634 4110 769 4182 88);
796 4127 914 4167 eam
946 4127 1120 4170 tamen
1176 4114 1447 4170 anianus
1500 4117 1738 4185 appellat
1762 4119 2068 4188 γλαυκῶπιν,

475 4216 584 4273 quo
608 4202 825 4272 quidem
846 4205 1086 4273 epitheto
1114 4207 1311 4275 passim
1342 4207 1410 4261 ab
1452 4206 1687 4265 Homero
1713 4210 1909 4280 ubique
1938 4227 2074 4263 nuu-

476 4307 723 4366 Cupatur,
786 4297 1026 4369 illudque
1097 4301 1296 4356 latinus
1367 4302 1507 4356 illius
1576 4303 1842 4374 interpres
1913 4303 2074 4359 modo

483 4407 503 4442 ι
531 4390 711 4455 caesii,
749 4410 770 4442 ι
819 4391 980 4448 modo
1008 4412 1026 4444 ι
1057 4393 1260 4463 glaucis
1285 4394 1453 4449 oculis
1484 4395 1711 4451 reddidit
1748 4416 1768 4450 ι
1797 4395 2072 4468 (Lucium,
2179 4393 2279 4448 bus
2321 4408 2333 4447 :
2374 4408 2531 4463 quam
2592 4402 2769 4447 tamen
2829 4393 2898 4447 ob
2947 4408 3163 4448 oausam
3219 4391 3273 4447 id
3323 4390 3521 4446 factum
3577 4385 3740 4449 fuerit,

476 4481 682 4556 DiaIOg.
700 4484 918 4541 Vulcan.
949 4498 996 4542 et
1030 4486 1195 4555 lovis,
1232 4505 1350 4558 pag.
1376 4488 1468 4556 74,
1501 4499 1546 4543 et
1577 4490 1641 4543 de
1669 4491 1917 4557 sacri/ia,
1951 4509 2071 4563 pag,
2179 4486 2444 4554 evplicatu
2478 4485 2579 4539 sibi
2605 4485 2903 4553 jucundum
2929 4501 3036 4540 non
3068 4500 3188 4541 esse
3217 4486 3449 4555 ingenue
3493 4479 3743 4538 conﬁtetur

480 4575 632 4649 185).
665 4577 932 4651 Et’cel'te
956 4578 1162 4635 Latinis
1194 4582 1547 4649 scriptoribus
1571 4581 1710 4636 idem
1741 4590 1826 4638 est
1852 4585 2066 4649 Cit‘SlllS,

2182 4577 2459 4649 (Herodol.
2494 4577 2582 4632 lib.
2604 4595 2659 4640 ιι,
2689 4577 2739 4651 ς.
2770 4577 2881 4650 46).
2918 4579 3021 4633 Sed
3050 4578 3201 4634 adire
3248 4581 3452 4649 poteris
3499 4571 3658 4632 Servii
3700 4570 3741 4622 in

477 4685 571 4726 seu
617 4675 914 4740 cmruleus,
959 4690 1023 4731 ac
1063 4676 1284 4747 glaucus
1327 4676 1497 4742 color,
1530 4676 1748 4747 quales,
1785 4677 2070 4749 inquiunt,
2181 4671 2457 4743 Virgilium
2484 4682 2658 4737 notas,
2689 4684 2744 4728 et
2772 4673 2905 4727 alios
2927 4671 3096 4742 (Serv.
3124 4674 3179 4726 in
3216 4670 3450 4743 Virgil.).

478 4773 605 4819 sunt
640 4765 821 4822 leliutu
853 4768 1014 4823 oculi.
2255 4768 2329 4821 De
2358 4767 2571 4821 Saturni
2619 4766 2811 4820 deinde
2838 4785 2855 4815 ι
2897 4766 3148 4835 pedibus,
3190 4786 3208 4819 ι
3241 4766 3313 4819 uti
3360 4773 3545 4819 auctor
3584 4768 3739 4815 noster

550 4857 689 4926 Quid
744 4876 911 4926 vero,
962 4859 1107 4932 quod
1164 4860 1456 4916 Pausanias
1483 4860 1816 4932 Neptunum,
1857 4862 1925 4918 de
1970 4878 2077 4934 quo
2181 4860 2278 4926 ait,
2310 4878 2327 4912 ι
2362 4858 2701 4928 compeditis,
2744 4878 2762 4911 ι
2791 4859 2906 4914 bzrc
2951 4876 2980 4913 a
3006 4857 3268 4914 Ciierone
3315 4850 3741 4913 litterismandaw

478 4949 563 5006 Mil
592 4951 774 5012 ucius.
808 4953 1050 5025 glaucos,
1084 4954 1225 5009 sicut
1262 4953 1577 5021 Minervam,
1613 4956 1863 5011 habuisse
1894 4957 2079 5011 oculos
2183 4953 2450 5025 legimus:
2506 4971 2525 5004 ι
2580 4952 2741 5008 Vetus
2788 4951 2904 5005 haec
2960 4951 3141 5021 opinio
3194 4949 3455 5007 Graseiam
3505 4941 3740 5016 opplevil.

484 5047 842 5103 testiﬁcatur?
872 5068 890 5101 ι
925 5050 1177 5105 Minervas
1218 5049 1461 5119 signum,
1502 5069 1520 5100 ι
1550 5049 1693 5103 illitis
1724 5049 1884 5105 verba
1916 5059 2076 5115 sunt,
2184 5060 2457 5102 exsectum
2505 5044 2714 5100 Caelum
2757 5060 2786 5097 a
2837 5044 2946 5098 ﬁlio
2991 5043 3259 5107 Saturno,
3315 5042 3546 5097 vinctum
3592 5043 3740 5091 autem

489 5141 664 5212 «quod
694 5142 1345 5209 glaucoshabcaloculos,
1370 5154 1595 5215 γλαυκοὺς
1627 5152 1731 5214 ἔχον
1770 5153 1873 5207 τεοὺς
1901 5147 2067 5213 apaul-

2184 5140 2474 5197 Saturnnm
2529 5141 2700 5209 ipsum
2738 5154 2767 5192 a
2802 5138 2910 5191 ﬁlio
2933 5137 3084 5192 Jove.
3128 5157 3145 5188 ι
3182 5135 3372 5191 Latino
3422 5141 3589 5187 autem
3631 5125 3741 5181 Ora-

483 5244 620 5304 μοὺς,
652 5235 903 5308 Lybicam
934 5236 999 5290 de
1027 5253 1090 5293 ea
1114 5254 1167 5291 re
1194 5236 1424 5293 fabulam
1447 5239 1721 5304 comperio
1747 5258 1758 5291 :
1793 5238 2081 5293 Minervam
2189 5233 2293 5289 toti
2325 5232 2685 5302 suffragantur
2714 5244 2967 5288 anetores
2988 5231 3155 5285 nostri
3185 5230 3567 5299 Athenagoras,
3599 5219 3741 5320 Alba:

483 5330 750 5400 Neptuni.
806 5339 860 5386 et
901 5330 1190 5386 Tritonidis
1238 5331 1448 5401 paludis
1504 5332 1666 5386 ﬁliam
1713 5346 1866 5399 esse,
1924 5340 2083 5400 atque
2189 5329 2396 5387 nasins.
2428 5342 2491 5382 ac
2521 5337 2719 5397 pra'ler
2743 5327 2880 5381 alios
2902 5326 3039 5380 bene
3069 5325 3264 5378 multos
3292 5321 3634 5395 Epiphanius,
3670 5326 3739 5383 qm

486 5425 612 5481 ideo
653 5426 870 5496 glaucos
919 5424 994 5480 illi
1040 5426 1223 5480 itidem
1280 5435 1337 5479 ut
1390 5424 1637 5495 Neptuno
1682 5426 1870 5481 oculos
1921 5440 2081 5482 esse:
2188 5419 2254 5474 ad
2295 5419 2511 5474 Minucii
2543 5421 2708 5473 noswi
2761 5426 2995 5473 mentem
3046 5416 3170 5471 inde
3222 5416 3301 5471 sic
3338 5417 3739 5508 argumentatur:

486 5518 589 5575 Καὶ
641 5522 724 5573 διὰ
775 5525 915 5575 τοῦτο
965 5527 1195 5586 γλαυκοὺς
1246 5521 1367 5574 ἔινσκι
1416 5528 1570 5591 ὥσπερ
1605 5523 1689 5573 καὶ
1727 5532 1794 5589 τῷ
1834 5524 2065 5575 Πςσειδιῖιν

2198 5532 2216 5563 ι
2255 5512 2321 5568 At
2352 5513 2440 5582 qui
2487 5513 2537 5565 itt
2580 5510 2820 5566 custodia
2854 5511 3153 5571 detinetur,
3182 5523 3287 5564 non
3316 5506 3473 5563 modo
3495 5506 3739 5595 patentiort

488 5619 811 5688 ὀφθαλμούς.»
845 5614 899 5666 Si
928 5614 1050 5684 quis
1075 5624 1252 5669 autem
1280 5586 1588 5671 contendat.
1613 5586 1907 5685 probetque
1938 5614 2086 5668 illum
2191 5604 2349 5658 alieni
2377 5605 2682 5671 SllhliCil'Wo
2713 5602 2808 5657 Sed
2837 5603 2907 5655 0"
2945 5599 3268 5657 ῐηπίνίῖθίηηι
3297 5596 3503 5669 ³¹ίί1¹¹⁰ά
3550 5586 3740 5688 “imum

490 5708 562 5764 ibi
593 5708 661 5763 de
702 5708 805 5764 alia
829 5752 842 5769 .
874 5723 1034 5779 quam
1057 5707 1205 5760 citati
1236 5722 1264 5760 a
1309 5707 1461 5760 nobis
1492 5708 1786 5778 scriptores
1807 5747 1822 5771 ,
1854 5707 2067 5762 Mincrv:

2195 5699 2432 5752 coerceri
2460 5698 2591 5752 solet
2619 5718 2637 5748 ι
2661 5695 2868 5769 (Eclog.
2897 5697 2951 5752 2.
2978 5712 3024 5750 υ.
3054 5696 3143 5751 51.
3175 5691 3284 5749 Cic.
3316 5694 3403 5748 lib.
3435 5708 3468 5746 ιι
3494 5688 3553 5744 dc
3575 5683 3736 5779 Natu—r1

490 5801 660 5874 loqui,
691 5819 795 5861 non
826 5772 1264 5874 repugnabitnus.
1294 5798 1466 5857 Nemo
1494 5772 1677 5859 tamen
1708 5800 1923 5874 negabit
1950 5801 2094 5858 inter
2196 5796 2337 5852 deor.
2371 5811 2491 5867 pag.
2522 5793 2650 5861 223;
2679 5794 2931 5866 Allienag.
2963 5792 3116 5864 legat.
3147 5809 3240 5865 pro
3256 5789 3521 5847 Chrislian-
3543 5798 3649 5856 Ρασο
3688 5772 3741 5830 ¹9

2418 2751 2486 2799 118⁸
2511 2765 2566 2801 ὲκ*
2582 2751 2755 2815 inieras
2771 2768 2889 2816 τιῐαν.
2903 2766 2981 2815 ἅμα
3000 2751 3126 2817 «vutg;
3147 2751 3306 2816 ἀνὶμοίο.

2794 2841 2943 2898 (Hom
2990 2840 3166 2904 Odyss.
3195 2853 3305 2899 v,t'.
3327 2840 3457 2891 ιδρι
3483 2837 3634 2904 seqq-l

2261 2962 2345 3011 Sic
2366 2964 2432 3013 ait
2458 2978 2468 3011 :
2490 2962 2665 3026 Neque
2682 2966 2849 3014 renuit
2872 2966 3217 3015 intcrnuncius
3240 2964 3545 3025 Mercurius,

2262 3026 2433 3091 ξιςιιὶιιι
2456 3027 2638 3091 deinde
2669 3027 2877 3091 pedibus
2894 3027 3161 3090 subligavit
3190 3027 3393 3090 pulchra
3423 3038 3469 3078 ta
3493 3029 3608 3082 aria,

2262 3086 2577 3159 l‘uinmrtalia,
2602 3086 2771 3148 aurea,
2798 3104 2910 3153 qua:
2931 3086 3086 3153 ipsum
3112 3086 3341 3159 ferebant
3359 3094 3471 3159 sive
3495 3104 3583 3159 per
3604 3099 3736 3159 mare,

2262 3150 2378 3199 Sive
2405 3163 2494 3214 per
2519 3155 2799 3202 immensam
2818 3150 3009 3203 terer
3032 3156 3217 3216 pariter
3237 3167 3346 3202 cum
3373 3150 3576 3203 ﬂamine
3600 3151 3733 3201 venti.

2633 3237 2822 3301 (Hom,
2859 3240 3055 3304 0dyss.,
3083 3253 3127 3299 ν,
3152 3251 3197 3288 υ.
3222 3238 3344 3289 45c!
3357 3241 3517 3304 seqq.)

2168 3359 2276 3414 Pan
2326 3376 2453 3414 vero
2506 3363 2788 3432 ungulatus
2830 3364 2942 3419 sive
2994 3364 3225 3419 liircinos
3284 3364 3453 3434 pedes
3506 3364 3733 3419 habuisse

2167 3451 2462 3514 ferebatur,
2497 3455 2569 3508 uti
2599 3456 2841 3524 perbibet
2887 3457 2969 3511 bis
3012 3458 3189 3514 verbis
3231 3456 3539 3513 Eusebius:
3578 3477 3596 3509 ι
3622 3455 3737 3524 Quin

2169 3548 2328 3601 etiam
2382 3564 2601 3603 suorum
2656 3552 2753 3620 ipsi
2806 3567 3096 3621 corporullt
3144 3554 3380 3621 speciem
3437 3553 3738 3622 ﬁguramque

2171 3638 2501 3707 describunt,
2537 3643 2679 3697 velut
2705 3646 2819 3713 ipse
2860 3644 2990 3706 Pan,
3023 3647 3113 3716 qui
3138 3646 3443 3716 eujusmodi
3476 3646 3658 3708 fuerit,
3685 3657 3739 3697 cx

2170 3734 2288 3801 ejus
2316 3736 2548 3790 oraculis
2574 3736 2868 3792 docemur:
2898 3738 3134 3792 Mortalis
3174 3754 3304 3810 ergo
3339 3754 3465 3794 eum
3492 3739 3611 3802 sim,
3639 3743 3739 3791 vota

2174 3843 2452 3897 ltttltttttpo,
2508 3838 2628 3883 Πανὶ
2684 3838 2905 3904 συμςέὺτῳ
2964 3838 3091 3903 Θεῷ,
3138 3841 3477 3905 θισσωιέρειτι,
3528 3832 3739 3886 δισσὸποδι

2172 3928 2488 3993 τραγοσκςλεῖ.
2520 3923 2647 3978 Pani
2670 3966 2684 3989 ,
2712 3927 2891 3979 nativo
2918 3925 3020 3978 deo
3041 3967 3055 3989 ,
3079 3941 3248 3979 cornu
3280 3928 3499 3995 gemino
3520 3968 3536 3992 ,
3558 3922 3742 3992 gemino

2176 4016 2331 4086 pede,
2386 4016 2713 4087 hircinisqne
2763 4017 3030 4079 cruribus,
3085 4018 3282 4088 insigni
3353 4017 3737 4086 voluptuarioi

2177 4109 2387 4182 (Euseb.
2420 4109 2507 4163 lib.
2540 4126 2591 4164 ιιι
2639 4108 2880 4179 Prwpar.
2943 4108 3142 4182 Evaug.
3176 4126 3294 4183 cap.
3332 4110 3419 4174 14,
3452 4127 3573 4181 pag.
3606 4104 3741 4175 121).

2177 4202 2398 4258 Fatetur
2456 4204 2672 4273 quidem
2736 4203 3043 4259 Herodotus
3092 4204 3240 4258 illum
3298 4220 3326 4256 a
3386 4201 3665 4272 pictoribus
3699 4204 3745 4251 el

2176 4298 2449 4352 statuariis
2492 4295 2709 4368 ﬁgurari
2738 4300 2957 4368 caprina
3009 4300 3177 4363 l'acie,
3224 4297 3555 4366 bircinisque
3595 4288 3741 4348 cruri-
