4034 6320
274 212 374 269 577

1658 225 2122 289 ΒΙδδΕΙῖΤΑΤΙΟ.

3462 258 3569 318 57S

273 335 315 380 et
335 326 426 391 20;
448 327 694 386 Attianos.
735 333 881 389 Orat.
907 344 1073 391 contr.
1105 337 1254 392 Geat.
1289 338 1316 412 ᾗ
1348 341 1434 407 Η,
1465 357 1583 414 pag.
1613 342 1717 411 12;
1748 344 1874 417 Epi-
1900 351 1953 410 Α
1978 351 2142 406 semel
2205 351 2493 411 pausam”
2545 358 2656 431 ([51,.
2692 375 2794 429 νη,
2829 379 2949 437 pag.
2978 366 3088 425 230
3125 378 3174 425 ρι
3202 371 3330 437 954)
3373 377 3573 449 aliique

275 421 404 449 ..ιη
469 423 712 449 Δ-.-ι.-..-.
766 426 789 449 ρ
845 429 942 449 ,ηρ
1162 434 1277 449 ......
2118 443 2128 449 .
2319 446 2355 449 _

272 421 425 490 plian.
456 423 730 480 Anc/rorat.
842 429 972 491 106,
1006 450 1125 504 pag.
1158 434 1303 505 107).

338 516 494 586 Apud
549 520 842 578 Lucianum
896 541 1058 595 porro
1110 544 1232 583 cum
1277 530 1532 587 sacerdos
1576 534 1865 604 ipsummct

266 607 556 666 Saturnum
591 614 995 691 interrogasset,
1030 635 1155 673 num
1180 635 1210 675 a
1238 620 1373 677 Jove
1408 624 1516 678 ﬁlio
1540 640 1639 681 suo
1664 626 1715 682 in
1756 638 1864 684 taro

268 712 458 769 tarum,
492 707 720 764 vinculis
750 709 993 780 injectis,
1024 712 1212 769 fuisset
1248 732 1433 773 revera
1479 722 1858 790 prtecipitatus,

265 798 548 868 reSpondet
604 801 736 858 ille:
789 821 809 856 ι
863 804 1042 863 Senex
1087 808 1196 875 jam
1252 821 1307 866 et
1362 812 1691 885 podagrosus
1736 832 1858 873 cum

264 903 435 945 essem
464 891 534 946 ob
555 902 790 963 ten-item,
822 898 965 953 unde
996 901 1156 956 etiam
1184 901 1379 958 factum
1407 915 1507 972 est,
1534 919 1588 962 ιιι
1618 911 1860 980 plerique

262 984 387 1041 mihi
412 988 703 1057 compedes
738 1006 859 1048 esse
908 993 1186 1061 ﬁnxerint,
1229 1008 1284 1055 τὸ
1306 1010 1392 1071 μὲν
1429 1009 1537 1057 ὅλον
1579 1013 1721 1077 γέρων
1764 1012 1856 1072 ἤδη

260 1083 339 1134 καὶ
381 1085 618 1155 «edat-[par
646 1089 727 1147 ὢν,
757 1089 831 1139 διὸ
856 1090 941 1142 καὶ
970 1094 1272 1150 utin-365.0%!
1292 1117 1352 1162 με
1374 1103 1418 1149 οἱ
1450 1098 1613 1153 nano)
1637 1105 1852 1167 sinuata,

260 1171 434 1243 impar
457 1188 605 1228 eram
629 1176 833 1233 viribus
858 1180 923 1234 ad
966 1192 1072 1236 tam
1112 1186 1276 1239 multa
1306 1174 1467 1257 hujus
1512 1191 1685 1245 :rtatis
1729 1192 1854 1249 faci-

259 1281 385 1320 nora
417 1267 805 1337 punienda.....
831 1271 1015 1344 Itaque
1042 1276 1170 1330 mihi
1197 1280 1507 1345 con~ulens,
1535 1282 1651 1338 Jovi
1677 1285 1852 1343 locum

256 1357 399 1414 dedi.
441 1378 461 1412 ι
496 1360 646 1415 Alias
672 1363 886 1419 tandem
924 1381 1076 1422 cura
1104 1367 1235 1427 Jove
1275 1373 1447 1429 vietus
1478 1374 1637 1431 fuerit
1663 1393 1853 1436 causas

255 1448 446 1507 Cicero
491 1463 545 1507 et
593 1453 898 1513 Macrobius
944 1459 1175 1517 atterunt
1249 1464 1508 1535 (Lucian.
1575 1469 1848 1527 Saturnal.

253 1560 368 1616 pag.
425 1544 565 1601 1022
612 1557 661 1601 et
712 1565 816 1620 seq.
867 1549 1032 1608 Cicer.
1098 1555 1195 1610 loc.
1266 1558 1353 1612 cit.
1409 1559 1639 1617 Macrob.
1699 1564 1784 1619 lib.
1833 1582 1850 1621 ι

252 1634 523 1693 Saturnal.
556 1655 670 1711 cap.
706 1641 784 1712 8).

1971 443 2283 499 uirminere.
2318 446 2444 501 Eam
2475 449 2652 520 itaque
2683 457 2925 509 venando
2951 459 3059 516 alte
3093 469 3418 524 succinctam
3444 443 3574 541 jure

1968 537 2162 591 merito
2188 538 2312 601 dici,
2346 556 2411 597 ex
2440 541 2523 596 his
2545 545 2735 618 collige
2758 548 2928 605 Ovidii
2965 555 3206 613 versibus
3238 576 3251 613 :

2028 649 2135 733 εἳὲ
2142 652 2290 733 juga,
2302 668 2397 733 per
2417 656 2593 733 sylvas,
2609 660 2915 733 dumosaque
2935 678 3055 733 saxa
3081 677 3285 733 vagatur

2027 712 2165 763 Nuda
2197 712 2332 777 genu
2357 712 2549 769 ves'tem
2581 712 2678 774 ritu
2702 712 2957 777 succincta
2968 712 3161 783 Diab;

2451 805 2639 871 (Ovid.,
2668 808 2701 859 l.
2723 824 2753 860 κ
2788 813 3130 882 Metamorph.,
3150 817 3248 871 fab.
3274 821 3377 885 12.)

1964 908 2030 964 Et
2057 925 2242 965 rursus
2264 912 2410 979 alibi,

2056 1022 2188 1090 Talia
2214 1026 2484 1089 pinguntur
2508 1032 2769 1082 succinctae
2794 1048 2935 1085 crura
2959 1035 3150 1090 Dianae.

2119 1085 2238 1137 Cum
2265 1085 2491 1154 sequitur
2513 1093 2667 1144 fortes
2683 1094 2855 1147 fortior
2881 1085 2991 1162 ipsa
3003 1085 3152 1153 fer-as.
3211 1157 3227 1168 ,

2727 1178 2859 1237 (Lib.
2882 1196 2907 1231 v
2930 1186 3094 1235 Amor.
3117 1184 3274 1255 Eleg.,
3299 1188 3404 1254 2'2.)

1957 1269 2101 1327 Nihil
2156 1289 2377 1332 necesse
2432 1288 2515 1335 est
2555 1281 2657 1336 alia
2712 1283 2953 1353 ejusdem
3008 1286 3217 1355 Ovidii,
3280 1292 3555 1350 l‘rudentii

1963 1364 2131 1435 (epist.
2165 1384 2238 1431 tv,
2264 1372 2439 1441 trgum.
2471 1374 2524 1427 in
2549 1373 2696 1429 Rom.
2729 1392 2775 1431 υ.
2817 1378 2981 1451 257),
3038 1382 3410 1456 aliorumque,
3451 1401 3549 1443 sru

1956 1460 2231 1523 carmina,
2274 1477 2370 1518 seu
2400 1466 2705 1523 testimonia
2752 1469 2820 1525 de
2862 1487 2919 1527 re
2970 1473 3101 1530 satis
3145 1478 3398 1534 omnibus
3428 1490 3553 1537 nota

1954 1553 2126 1607 citari.

2024 1648 2355 1713 Quibusdam
2405 1667 2534 1707 vero
2583 1664 2831 1726 corrupta
2873 1657 3125 1717 videnlur
3178 1666 3452 1735 sequentia
3498 1666 3551 1723 in

320 1729 457 1786 Tum
507 1743 689 1802 postea
728 1733 1028 1793 Minucius:
1059 1759 1078 1791 ι
1122 1740 1289 1798 Janus
1320 1760 1448 1802 vero
1473 1745 1680 1805 frontes
1711 1751 1828 1807 dua:

1952 1737 2138 1792 codice
2179 1754 2365 1797 nostro
2393 1748 2758 1816 manuscripto
2786 1751 2946 1807 verba
2983 1771 2995 1805 :
3029 1772 3048 1804 ι
3088 1754 3351 1826 Ephesia,
3385 1774 3556 1816 mam-

248 1835 443 1894 gestiat,
469 1828 622 1897 quasi
683 1839 740 1883 ut
776 1847 998 1887 aversus
1046 1833 1276 1892 incedat.
1317 1858 1335 1889 ι
1381 1839 1699 1898 Athenaeum
1729 1845 1841 1915 (lib.

247 1933 314 1972 xv
343 1916 694 1990 DcipnosOp/t.
711 1941 765 1994 p.
798 1922 928 1995 592)
950 1926 1093 1981 enim
1120 1928 1365 1998 aliusque
1393 1948 1551 2000 qnam
1584 1935 1844 2003 plurimos

246 2019 304 2067 ιιι
323 2014 819 2082 praetermittamus,
845 2016 1027 2073 Ovidii
1058 2019 1126 2075 de
1149 2022 1239 2075 illo
1262 2021 1378 2079 lucc
1406 2034 1532 2093 sunt
1560 2030 1797 2083 carmina
1825 2048 1839 2085 ς

367 2147 694 2221 Janebiceps
716 2154 834 2221 anni
850 2155 995 2221 tacite
1022 2154 1236 2206 labentis
1250 2160 1410 2221 origo,

431 2211 577 2262 Solus
586 2211 649 2263 de
669 2216 863 2277 superis
880 2218 964 2280 qui
988 2224 1067 2268 tua
1086 2225 1226 2283 terga
1249 2211 1409 2272 vid-Es:
1439 2252 1444 2258 -

372 2313 385 2326 ο
457 2311 472 2326 ο
545 2315 556 2325 I
627 2311 638 2321 ο
710 2314 724 2327 ο
795 2314 806 2325 I
881 2316 891 2328 ι
962 2317 973 2327 1
1044 2316 1057 2328 ο
1126 2319 1139 2329 ι
1206 2318 1221 2332 ο
1295 2323 1307 2333 ο
1375 2322 1388 2335 ο
1462 2324 1472 2336 ι
1544 2324 1556 2335 ο

367 2337 528 2402 Quem
553 2344 720 2402 tamen
748 2353 860 2391 esse
879 2340 1028 2391 deum
1053 2351 1105 2393 te.
1123 2345 1280 2394 dicam
1304 2355 1425 2397 Jane
1451 2348 1672 2402 biformis
1694 2351 1713 2401 ?

428 2399 551 2451 Nam
574 2401 662 2452 tibi
687 2416 774 2466 par
791 2404 978 2454 nullum
1005 2405 1192 2457 Graecia
1213 2422 1394 2460 numen
1417 2399 1586 2463 habet.

739 2486 927 2553 (om,
951 2489 986 2540 1.
1010 2507 1025 2540 ι
1057 2492 1216 2555 Fast.,
1234 2492 1262 2558 ς
1281 2494 1331 2556 t,
1368 2507 1411 2546 υ.
1437 2495 1541 2561 es.)

236 2637 347 2694 Cur
392 2649 572 2697 autem
632 2641 916 2700 bifrontem
968 2660 1090 2702 eum
1145 2647 1412 2717 dixerint,
1462 2653 1505 2707 si
1559 2654 1829 2724 posmles,

235 2732 482 2791 diversas
509 2735 602 2791 tibi
631 2738 866 2794 rationes
891 2739 1116 2797 reddent
1139 2741 1479 2810 Plutarchus,
1512 2747 1831 2817 Macrobius,

231 2824 559 2898 Cyprianus.
590 2837 644 2884 et
676 2830 895 2888 Vossius
920 2832 1211 2906 (Plutarch.
1238 2848 1417 2908 quam.
1453 2838 1674 2896 Roman.
1708 2860 1828 2915 pag.

230 2919 361 2984 279;
397 2920 629 2977 Macrob.
675 2923 763 2978 lib.
812 2941 828 2980 ι
870 2926 1143 2984 Saturnal.
1186 2946 1300 3002 cap.
1338 2932 1369 2986 7
1401 2943 1448 2987 et
1492 2934 1548 2999 9;
1582 2932 1829 3006 Cyprian.

228 3013 320 3069 lib.
361 3014 429 3068 de
454 3016 580 3070 idol.
618 3014 788 3072 Vanit.
826 3036 948 3092 pag.
984 3020 1072 3086 ης
1117 3020 1265 3079 Voss.
1294 3023 1379 3077 lib.
1416 3041 1430 3079 I
1482 3026 1547 3080 de
1587 3025 1735 3099 Orig.
1785 3038 1832 3082 et

1951 1830 2051 1884 mis
2080 1835 2262 1887 nmltis
2301 1846 2354 1892 et
2399 1839 2615 1894 veribus
2644 1852 2937 1900 exstructa.
2982 1864 3003 1898 ι
3039 1846 3096 1901 In
3123 1850 3360 1905 animant
3406 1854 3551 1909 enim

1949 1940 2076 1978 vero
2101 1941 2256 1982 suum
2286 1928 2540 1988 inducere
2586 1934 2803 2002 quidam
2836 1954 2940 1992 nou
2974 1950 3268 2009 potuerunt
3296 1944 3544 2014 Dianam,

1946 2027 2004 2071 ut
2032 2033 2155 2088 pete
2179 2022 2436 2092 virginem
2457 2068 2472 2091 ,
2508 2026 2689 2096 plures
2722 2030 2975 2088 habuisse
3021 2050 3303 2092 mammas.
3350 2038 3551 2097 Putant

1944 2111 2124 2180 itaque
2153 2114 2457 2173 addendam
2490 2134 2611 2176 esse
2637 2137 2847 2186 vocem,
2882 2142 2902 2177 ι
2937 2126 3122 2190 Ceres,
3157 2149 3176 2182 ι
3213 2146 3330 2198 qua:
3374 2149 3548 2190 mam-

1944 2219 2093 2259 mosa
2116 2207 2429 2264 vocabatur.
2468 2212 2570 2266 Alii
2616 2225 2797 2269 autem
2842 2231 2940 2288 pro
2975 2236 2994 2271 ι
3030 2221 3270 2289 veribus,
3307 2242 3325 2274 ι
3362 2225 3545 2295 legen—

1943 2294 2068 2350 dum
2098 2310 2377 2356 autumant
2412 2322 2431 2355 ι
2468 2304 2750 2372 uberibus,
2790 2327 2809 2360 ι
2843 2320 2935 2365 attt
2984 2330 3005 2363 ‹
3045 2314 3344 2372 tuberibus.
3387 2294 3546 2377 {Sed

1942 2388 2229 2446 levissima:
2277 2394 2361 2449 vel
2403 2397 2579 2465 potius
2605 2397 2751 2454 falsa:
2789 2414 2914 2457 sunt
2946 2404 3027 2457 lue
3054 2406 3413 2477 conjecturae,
3446 2426 3546 2469 nec

1941 2484 2193 2539 mutanda
2240 2496 2324 2541 est
2371 2491 2569 2545 veteris
2619 2493 2819 2548 codicis
2861 2498 3029 2552 uestri
3065 2500 3239 2556 lectio.
3273 2501 3541 2577 Hierony-

1940 2591 2059 2629 tuus
2084 2578 2347 2648 siquidem
2372 2581 2424 2637 in
2452 2597 2551 2638 suo
2578 2586 2626 2638 in
2663 2585 2812 2640 Pauli
2837 2588 2902 2642 ad
2936 2588 3202 2659 Ephesios
3230 2594 3527 2663 Epistulam

1938 2675 2324 2727 commentario
2376 2674 2491 2730 haec
2527 2678 2595 2732 de
2642 2672 2868 2748 utraque
2919 2682 3106 2746 Diana,
3152 2694 3209 2741 et
3265 2688 3372 2743 alte
3419 2704 3543 2747 suc-

1937 2766 2142 2834 cincta,
2175 2779 2229 2823 et
2257 2784 2552 2826 mammosa
2588 2773 2847 2829 tradidit:
2881 2793 2900 2825 t
2937 2775 3222 2834 Scribebat
3262 2781 3328 2835 ad
3363 2782 3544 2854 ltphc-

1936 2861 2047 2915 sios
2078 2861 2297 2916 Dianam
2325 2863 2601 2930 colentes,
2654 2883 2759 2921 nou
2819 2868 2957 2924 hanc
3002 2872 3363 2938 venatricem,
3418 2891 3541 2945 quae

1936 2968 2117 3010 arcum
2152 2964 2317 3022 tenet,
2352 2966 2406 3011 et
2437 2960 2708 3015 succincta
2741 2969 2859 3026 est,
2912 2963 3005 3017 sed
3040 2963 3181 3035 illam
3214 2967 3542 3024 multitnam-

1937 3049 2116 3115 miam,
2149 3066 2308 3121 quam
2337 3051 2509 3108 Gra'ei
2554 3057 2862 3124 πολὺμαστον
2895 3068 3129 3125 vocant;
3158 3062 3445 3117 utsiilicct
3470 3079 3537 3119 ex

226 3123 406 3178 progr.
448 3108 600 3173 ἰάσι..
631 3126 746 3180 cap.
782 3110 868 3180 18,
901 3131 1023 3186 pag.
1057 3114 1118 3170 7i
1154 3127 1201 3170 et
1230 3116 1420 3189 seqq.).
1451 3118 1693 3191 Denique
1747 3121 1828 3177 his

1938 3142 2048 3210 ipsa
2079 3158 2295 3212 quoque
2322 3143 2504 3215 elligie
2547 3150 2902 3205 mentirentur
2949 3151 3191 3208 omnium
3243 3153 3536 3213 besdarum

224 3199 545 3270 adjiciemus
590 3200 729 3257 hunc
776 3202 999 3273 Januin,
1054 3207 1242 3263 eodem
1306 3208 1611 3277 Macrobiu,
1665 3226 1827 3286 atque

219 3292 386 3349 etiam
418 3296 713 3363 Augustino
742 3299 989 3366 testibus,
1022 3316 1127 3356 non
1158 3302 1335 3357 solum
1378 3302 1690 3372 bifrontem,
1724 3308 1820 3363 sed

222 3387 387 3442 etiam
419 3387 865 3456 quatrilrontem.
913 3401 964 3447 et
1016 3395 1425 3464 quatril’ortuem
1480 3398 1547 3454 ab
1594 3400 1825 3458 ethnicis

221 3478 507 3549 praedicari
562 3479 842 3550 (Macrob:
882 3482 969 3538 lib.
1022 3500 1038 3539 ι
1090 3484 1271 3541 Satur.
1325 3504 1442 3550 cap.
1507 3488 1560 3546 9.
1605 3492 1820 3565 August.

222 3570 311 3625 lib.
341 3585 420 3625 vti
472 3569 711 3628 deCivit.
743 3591 856 3643 cap.
904 3575 985 3649 4).
1013 3577 1145 3646 Quis
1191 3594 1321 3651 ergo
1369 3597 1473 3637 non
1521 3583 1823 3653 deplurabit

220 3664 548 3721 horrendam
589 3667 730 3725 illam
762 3670 1102 3726 ethnicorum
1126 3676 1446 3743 caecitatem,
1476 3679 1565 3749 qui
1594 3696 1690 3734 nos
1715 3697 1820 3737 non

220 3769 328 3816 tam
378 3760 631 3819 homines
650 3804 664 3828 ,
716 3780 874 3835 quam
905 3764 1183 3822 hominum
1230 3778 1471 3825 monstra
1498 3814 1512 3838 ,
1541 3771 1674 3829 deus
1703 3791 1821 3831 esse

218 3853 640 3920 arbitrabantur,
698 3857 885 3928 eisque
936 3857 1149 3915 divinos
1197 3860 1431 3917 honores
1484 3864 1821 3921 reddebant?

218 3945 336 4002 Non
368 3946 440 4001 ibi
465 3956 642 4004 tamen
693 3950 843 4005 stetit
880 3951 1063 4007 insana
1098 3954 1310 4008 illorum
1344 3958 1671 4026 superstitio.
1711 3959 1817 4016 Sed

220 4038 405 4108 plures
432 4039 609 4095 adhuc
639 4056 745 4096 non
792 4041 968 4098 minus
1012 4043 1240 4102 infames
1296 4047 1546 4104 colebant
1588 4052 1815 4108 altorum

215 4131 445 4188 deorum
490 4132 707 4205 liguras,
753 4152 874 4207 qua:
917 4137 1131 4208 quidem
1162 4141 1435 4210 quomodo
1488 4144 1556 4199 ab
1596 4157 1817 4202 auctore

214 4240 408 4283 nostro
438 4229 773 4300 explicentur
817 4238 872 4285 et
900 4231 1278 4303 explodantur,
1325 4234 1435 4306 jam
1492 4236 1815 4310 investigan-

212 4320 343 4377 dum
373 4329 479 4378 est.

810 4478 1103 4521 ARTICULUS
1143 4479 1199 4520 ll.

211 4602 424 4672 Quanta
464 4602 719 4657 dementia
766 4605 829 4657 ab
858 4604 1071 4661 ethnicis
1097 4605 1366 4661 decantata
1390 4608 1454 4662 sit
1489 4607 1658 4663 Diana
1709 4608 1812 4667 alte

281 4699 572 4764 succincta,
626 4699 884 4763 venatrix,
940 4703 1175 4756 mammis
1225 4704 1395 4757 multis
1447 4704 1700 4775 Ephesia,
1751 4723 1810 4760 ac

284 4788 457 4844 Trivia
503 4791 649 4845 trinis
689 4790 961 4863 capitibus,
1004 4793 1271 4866 multisque
1309 4796 1578 4863 manibus;
1606 4797 1810 4867 Jupiter

280 4882 435 4936 modo
487 4881 727 4938 barbatus
747 4927 759 4944 ,
791 4885 941 4938 modo
982 4884 1215 4939 imberbis
1243 4902 1260 4941 :
1292 4888 1509 4942 Ammon
1539 4906 1653 4944 cum
1692 4907 1807 4945 cor-

281 4975 470 5043 nibus,
502 4975 821 5047 Capitolinas
862 4978 1080 5050 fulmina
1128 4996 1324 5050 gerens.
1356 4980 1580 5038 Latiaris
1632 5001 1810 5041 cruore

278 5069 537 5141 perfusus,
568 5067 830 5124 Feretrius
858 5087 957 5124 non
984 5070 1190 5126 auditus
1213 5112 1228 5140 ,
1260 5077 1407 5144 cujus
1444 5085 1513 5129 tot
1544 5089 1767 5132 monstra
1787 5121 1800 5145 ,

274 5170 399 5231 quot
416 5162 643 5216 nomina.

277 5301 669 5372 Argumentum
708 5315 864 5357 suum
897 5301 1240 5373 prosequitur
1268 5303 1563 5371 Minucius,
1614 5322 1678 5362 ac
1707 5307 1803 5362 tri-

195 5395 401 5469 plicem
453 5395 685 5466 exagitat
740 5393 921 5449 Diana:
969 5395 1197 5451 formam
1232 5413 1245 5449 :
1278 5415 1294 5448 ι
1332 5398 1531 5466 Diana,
1594 5401 1797 5470 inquit,

192 5492 311 5547 alte
334 5487 631 5557 succincta,
679 5491 942 5557 venatrix,
974 5500 1025 5546 et
1054 5490 1287 5562 Ephesia
1321 5496 1568 5549 mammis
1596 5496 1797 5562 multis,

193 5591 251 5639 et
277 5582 536 5639 uberibus
563 5581 770 5656 (codex
809 5602 827 5635 ι
863 5583 1077 5639 veribus
1112 5603 1130 5637 ι
1165 5587 1477 5656 )θκδιιίιειιι
1499 5628 1513 5650 ,
1547 5597 1602 5643 et
1645 5588 1799 5644 trivia

1933 3242 1987 3287 et
2027 3234 2322 3289 viventium
2374 3251 2497 3292 esse
2545 3248 2787 3295 naturam
2826 3260 2846 3294 ι
2879 3241 3209 3317 (Hieronym.
3245 3263 3435 3316 praem.
3467 3249 3538 3304 ad

1932 3324 2101 3394 Epist.
2141 3326 2297 3383 Pauli
2322 3331 2390 3384 ad
2417 3330 2650 3405 Epltes.).

2001 3419 2185 3490 Neque
2209 3439 2400 3492 urgeas
2430 3424 2817 3499 Hieronymum
2849 3428 2920 3484 ibi
2948 3431 3100 3500 sequi
3126 3442 3394 3491 errantem
3427 3435 3530 3493 Mi-

1928 3512 2143 3567 nucium
2173 3525 2437 3581 nostrum,
2470 3527 2633 3588 atque
2662 3524 2715 3574 in
2739 3522 2992 3576 eumdem
3020 3524 3308 3597 impegisse
3329 3530 3534 3588 erroris

1928 3608 2228 3675 scapulum.
2288 3611 2506 3667 Certum
2574 3616 2773 3685 quippe
2829 3625 2906 3671 est
2979 3632 3226 3677 neutrum
3272 3639 3529 3693 errasse;

1927 3700 2359 3769 quaudotptidctn
2409 3715 2621 3760 constat
2680 3707 2902 3763 Dianam
2946 3710 3235 3780 Ephesium
3267 3731 3296 3768 a
3346 3720 3529 3775 multis

1928 3795 2240 3859 memorari,
2267 3795 2421 3865 cujus
2447 3798 2863 3855 celeberrimum
2897 3804 3037 3871 apud
3086 3804 3348 3876 Ephesios
3396 3820 3530 3864 tem-

1926 3885 2071 3953 pltuu
2106 3886 2269 3943 fuisse
2293 3889 2470 3945 nullus
2500 3891 2730 3962 ignorat.
2764 3895 2924 3966 Atqui
2951 3896 3070 3967 ejus
3109 3899 3315 3971 el’ligies
3346 3902 3528 3959 multis

1923 3993 2044 4033 cum
2102 3982 2347 4037 mammis
2398 3983 2503 4038 illic
2556 3988 3069 4056 repraesentabatur,
3127 3991 3203 4046 uti
3252 4001 3399 4061 patet
3452 4009 3523 4051 ex

1919 4073 2083 4125 variis
2114 4072 2253 4127 illius
2295 4075 2594 4132 simulacris
2633 4086 2686 4133 et
2732 4078 3051 4150 imaginibus
3085 4122 3101 4148 ,
3150 4098 3271 4155 quae
3321 4100 3349 4140 a
3401 4086 3526 4144 Fri-

1921 4164 2107 4220 derico
2139 4165 2405 4222 Ubaldino
2438 4171 2487 4223 in
2519 4186 2619 4225 suo
2650 4173 2715 4227 de
2744 4173 3040 4244 syiubolica
3070 4176 3249 4233 Dianae
3274 4179 3523 4249 Ephesia:

1920 4268 2095 4314 statua
2126 4260 2368 4330 exposita
2392 4269 2643 4329 tractatu,
2672 4265 2992 4322 exhibentur
3019 4266 3191 4341 (Tom.
3222 4288 3318 4340 vit,
3349 4272 3517 4333 Graec.

1923 4356 2169 4428 Antiquit.
2202 4374 2319 4429 pag.
2350 4356 2501 4429 564).

1993 4450 2104 4508 Nec
2126 4453 2303 4507 minus
2330 4461 2543 4509 constat
2572 4452 2669 4510 has
2703 4454 2882 4511 Dianm
2902 4498 2916 4524 ,
2961 4457 3097 4513 sicut
3128 4469 3181 4515 et
3216 4460 3350 4518 alias
3389 4463 3521 4520 deo-

1834 4557 1890 4617 D
1916 4562 2034 4602 rum
2057 4555 2262 4602 statuas
2287 4548 2450 4603 rectis
2497 4562 2560 4603 ac
2606 4551 2929 4608 transversis
2971 4561 3301 4611 sustentatas
3349 4556 3518 4615 fuisse

1916 4641 2185 4706 verubus,
2231 4658 2349 4712 quae
2393 4642 2789 4706 sustentacula,
2842 4652 2898 4699 et
2939 4644 3144 4715 fulcra,
3198 4662 3294 4704 seu
3347 4650 3514 4722 virga:

1916 4735 2107 4791 ferreae
2158 4746 2329 4789 erant.
2378 4734 2513 4791 Nam
2570 4735 2621 4790 id
2680 4736 3037 4796 disertissime
3092 4742 3288 4811 prohat
3340 4743 3514 4801 Lucas

1918 4828 2245 4891 llolstenius,
2277 4830 2327 4882 in
2356 4842 2451 4882 sua
2493 4828 2557 4883 ad
2587 4829 2933 4886 Franciscum
2985 4830 3327 4891 Cardinalem
3378 4836 3511 4893 Bar-

1914 4920 2160 4976 berinum
2184 4922 2442 4992 epistola,
2483 4940 2501 4973 t
2536 4922 2603 4978 de
2630 4922 2809 4978 l’ulcris
2844 4925 3027 4980 Dianae
3058 4926 3301 4997 Ephesia:
3346 4930 3513 4985 simu.

1911 5013 2057 5069 lacru
2078 5017 2339 5084 appositis
2369 5035 2387 5069 ι
2420 5016 2582 5087 (Ibid.
2618 5036 2735 5089 pag.
2767 5018 2919 5091 396).
2946 5019 3023 5075 lbi
3045 5032 3222 5078 autem
3251 5026 3511 5096 quasdam

1909 5109 2152 5179 ejusdem
2186 5111 2366 5166 Diante
2393 5126 2514 5168 cum
2544 5116 2657 5168 suis
2700 5113 2917 5179 fulcris,
2952 5115 3295 5188 pluribusque
3339 5136 3509 5176 niam-

1907 5207 2009 5257 mis
2061 5204 2353 5274 imagines,
2408 5206 2460 5259 iu
2515 5207 2933 5263 nuuusmatibus
2984 5210 3222 5279 sculptas
3267 5211 3506 5270 exhibet.

1904 5297 1984 5354 Ex
2038 5297 2122 5354 his
2168 5315 2298 5369 ergo
2344 5299 2623 5357 evidenter
2673 5301 2940 5373 colligitur
3015 5312 3219 5360 textum
3266 5310 3507 5364 auctoris

1908 5392 2100 5457 nostri,
2132 5402 2186 5447 et
2210 5391 2522 5464 Hieronymi
2548 5396 2916 5451 testimonium
2942 5410 2971 5451 a
3001 5399 3275 5455 nonnullis
3316 5401 3510 5459 imme-

1904 5483 2011 5538 rito
2035 5485 2239 5539 vexari.

1979 5576 2200 5633 Dianam
2241 5594 2403 5648 porro
2458 5556 2724 5645 Triviam,
2785 5582 2938 5638 trinis
2989 5584 3276 5655 capitibus,
3324 5596 3383 5643 ut
3432 5589 3508 5646 ait

193 5677 354 5733 trinis
377 5676 643 5749 Capitibus
663 5718 678 5741 ,
710 5676 894 5733 multis
921 5678 1170 5733 manibus
1198 5678 1470 5735 han-ilics.
1513 5699 1532 5732 ›
1572 5680 1795 5737 Dianam
1902 5667 2186 5737 Minucius,
2220 5672 2544 5737 horriﬁcam,
2571 5673 2655 5729 his
2684 5674 2932 5732 versibus
2956 5677 3103 5733 canit
3137 5678 3384 5752 Virgilius
3415 5699 3427 5736 :

193 5772 528 5843 venatricem
577 5770 742 5829 fuisse
789 5773 910 5844 quis
969 5773 1182 5831 nescit?
1232 5773 1379 5834 Illius
1426 5785 1605 5833 autem
1654 5773 1793 5831 haud

1962 5784 2265 5838 Tercentum
2279 5790 2415 5839 tonat
2437 5801 2525 5840 ore
2549 5787 2691 5853 deos,
2717 5790 3078 5858 ereabumque,
3101 5792 3346 5863 chaosque
3362 5831 3378 5861 ,
