4038 6308
496 247 603 314 579
1754 259 1843 317 DE
1881 258 2101 319 MINUCI

2201 260 2472 319 lCTAVlO
3691 271 3780 332 580

559 372 1014 438 Tergemiuamque
1032 369 1292 434 Hecatem,
1316 373 1407 423 tria
1419 373 1622 438 virginis
1638 385 1722 425 ora
1745 373 1935 427 Dianae.

910 455 1133 520 (Virgil.,
1163 456 1195 504 l.
1222 469 1269 506 tv
1283 456 1502 517 JEneid.,
1520 470 1564 506 υ.
1585 457 1681 508 518
1704 465 1757 508 et
1771 458 1909 521 511.)

500 562 646 630 Quos
693 563 745 616 in
790 577 978 618 versus
1030 563 1284 618 observat
1335 562 1554 618 Servius
1600 579 1719 618 eam
1776 580 1879 619 non
1933 563 2098 620 modo

506 657 756 725 Dianam,
806 656 903 712 sed
956 656 1212 712 Lucinam
1269 672 1484 729 quoque
1509 672 1564 713 et
1604 656 1856 714 Hecatem
1887 674 2096 717 nuiicu-

504 751 650 819 pari,
701 766 764 805 ac
812 760 1030 821 propter
1069 750 1338 819 triplicem
1380 759 1732 821 potestatem,
1767 750 1889 819 tingi
1924 750 2097 820 tripli-

502 858 618 899 cem
661 858 724 897 ac
768 842 1097 908 triformem,
1149 853 1307 913 atque
1353 841 1553 897 idcirco
1610 843 1805 913 templa
1849 842 1991 897 illius
2044 841 2099 898 in

504 934 675 991 triviis
705 934 868 990 fuisse
896 950 961 989 co
986 945 1224 990 .structa.
1272 934 1442 990 Varro
1480 945 1657 990 autem
1690 951 1756 991 ex
1786 933 1959 990 Ennio
1987 936 2101 990 ani-

505 1029 787 1083 madvertit
847 1028 991 1083 illam
1032 1030 1209 1083 vocari
1250 1028 1512 1093 Triviam,
1555 1028 1637 1083 vel
1688 1029 1810 1099 quia
1844 1029 1896 1083 in
1942 1028 2100 1084 trivxo

503 1118 709 1188 ponitur
751 1118 864 1173 fere
894 1121 943 1172 iu
975 1120 1184 1191 oppidis
1215 1120 1425 1191 graecis,
1469 1119 1552 1175 vel
1575 1121 1697 1191 quia
1728 1120 1851 1174 luna
1881 1120 2098 1190 dicitur,

501 1226 620 1278 qum
651 1213 700 1263 in
732 1211 873 1265 cmlo
904 1211 1080 1265 tribus
1114 1211 1214 1265 viis
1240 1209 1294 1264 in
1321 1211 1659 1265 altitudinem
1681 1253 1695 1278 ,
1725 1211 2101 1281 latitudinem,

501 1313 555 1358 et
581 1304 969 1376 longitudinem
1031 1317 1280 1360 movetur
1321 1305 1503 1379 (Varr.
1539 1305 1626 1360 lib.
1662 1322 1711 1360 vi
1740 1307 1803 1359 de
1827 1305 1980 1379 Ling.
2007 1308 2099 1362 lat.

502 1413 621 1468 pag.
654 1397 767 1469 74).
797 1397 1033 1452 Primam
1066 1398 1207 1453 haud
1236 1397 1399 1453 dubie
1422 1411 1645 1469 propter
1672 1400 1937 1454 rationem
1966 1400 2104 1455 dixit

501 1488 722 1542 Ovidius
749 1505 762 1541 :

625 1599 721 1667 Ora
741 1602 880 1651 vides
903 1600 1123 1653 Hecates
1144 1603 1193 1652 in
1218 1608 1325 1653 tres
1349 1604 1607 1666 vergentia
1633 1604 1810 1654 formas
1836 1618 1850 1667 ;

690 1663 874 1715 Servet
897 1674 953 1715 ut
974 1668 1024 1715 in
1049 1673 1218 1717 ternas
1239 1663 1607 1729 eouipita‘secta
1634 1669 1737 1717 vias

576 1769 746 1837 Quam
795 1785 928 1826 sane
975 1772 1046 1827 ob
1087 1788 1303 1828 causam
1357 1773 1425 1829 ab
1463 1774 1562 1829 illo
1596 1786 1814 1830 vocatur
1845 1795 1862 1827 ι
1900 1776 2103 1847 triceps
2133 1801 2179 1860 Β

506 1863 728 1929 Hecate,
761 1884 781 1915 ‹
817 1875 874 1921 et
903 1867 969 1921 ali
1015 1867 1268 1935 Horatio,
1307 1877 1361 1923 et
1388 1868 1506 1925 aliis
1533 1888 1551 1919 ι
1591 1869 1720 1923 Diva
1759 1870 2037 1925 triformis.
2075 1890 2096 1922 ι

506 1954 721 2012 Videsis
761 1957 1066 2027 Orpheum,
1102 1960 1455 2028 Pausaniam,
1484 1971 1537 2017 et
1560 1979 1678 2030 quae
1705 1978 1769 2016 ex
1801 1961 2103 2035 Porphyrio

504 2047 771 2103 Eusebius
803 2051 1002 2116 retulit,
1028 2066 1089 2106 ac
1109 2053 1153 2105 si
1179 2051 1313 2107 velis
1340 2053 1501 2108 etiam
1537 2053 1888 2108 Prudentium
1920 2051 2096 2125 (Ovid.

507 2143 594 2197 liti.
623 2142 804 2198 tFast.
853 2143 902 2215 ᾗ.
934 2145 988 2211 '5,
1021 2162 1062 2198 et
1096 2144 1185 2199 lia.
1216 2161 1286 2200 vti
1318 2145 1624 2217 Metamorp.
1659 2150 1764 2219 fab.
1816 2148 1882 2213 5;
1912 2147 2100 2203 Horat.

506 2236 593 2291 lib.
615 2253 671 2304 ιι,
709 2238 820 2294 Ode
844 2239 958 2304 22;
996 2237 1162 2309 Orpli.
1200 2241 1398 2311 Argon.
1427 2250 1472 2295 et
1504 2252 1615 2295 voto
1658 2242 1727 2294 ad
1761 2240 1927 2298 Musa:
1974 2254 2099 2298 tant.

508 2330 712 2387 terc.
742 2343 874 2403 poet.
907 2350 1024 2404 pag.
1059 2335 1163 2389 494
1199 2345 1243 2387 et
1274 2333 1376 2390 501
1408 2349 1423 2400 ;
1456 2332 1688 2389 Pansan.
1725 2335 1814 2390 lib.
1873 2352 1929 2400 ιι,
1978 2353 2102 2408 pag.

506 2423 575 2477 79..
600 2441 614 2488 ;
648 2421 840 2479 Euseb.
872 2424 960 2478 lib.
988 2441 1036 2478 Iv
1063 2422 1303 2495 Prwpar.
1338 2424 1535 2497 Evang.
1564 2444 1678 2499 cap.
1711 2426 1804 2495 25,
1829 2444 1949 2500 pag.
1976 2428 2101 2495 174;

506 2516 759 2571 Prudent.
786 2519 874 2573 lib.
908 2535 922 2573 t
950 2519 1002 2572 in
1035 2519 1299 2591 Symmac.
1360 2520 1388 2593 §
1451 2520 1596 2592 174).

580 2610 695 2665 Νυιι
733 2610 928 2665 mirum
967 2611 1144 2682 itaque
1175 2612 1218 2665 si
1253 2612 1513 2668 ινιΐυιειιιίε
1542 2628 1663 2667 cum
1694 2614 1873 2679 fuerit,
1922 2612 2103 2683 plures

504 2718 720 2772 quoque
763 2719 954 2759 manus
1002 2705 1254 2759 habuisse
1310 2705 1673 2774 perhibeatur.
1725 2707 1790 2761 Et
1828 2717 1975 2763 certe
2007 2707 2101 2761 lli-

505 2797 699 2865 gvltius
728 2795 782 2849 iu
828 2796 968 2852 lumc
997 2797 1214 2853 Μειιιιεὶί
1258 2799 1433 2853 locum
1481 2801 1799 2855 testiﬁcatur
1844 2815 1903 2856 se
1943 2802 2103 2856 talem

506 2889 559 2943 in
590 2900 913 2945 numismate
940 2905 1086 2945 aereo
1111 2891 1249 2961 apud
1295 2889 1491 2946 Joltau.
1526 2892 1816 2962 Baptistam
1914 2896 2102 2949 itiuum

505 2981 722 3038 vidisse.
760 2982 860 3038 Adi
887 2984 1096 3050 adhuc,
1126 2985 1173 3039 si
1202 2984 1369 3051 velis,
1410 2984 1633 3040 Czelium
1666 2985 2097 3057 Rhodingiuum,

504 3073 786 3141 Vossium,
819 3075 1163 3139 Verderium,
1194 3076 1504 3143 Giraldum,
1547 3087 1602 3133 et
1624 3077 1757 3132 alios
1797 3080 1865 3134 de
1912 3078 2100 3135 eadem

2122 380 2171 439 Α
2200 379 2306 434 duo
2335 379 2602 449 ejusmodi
2634 378 2782 436 Jovis
2804 380 3091 439 simulacra
3109 384 3260 455 juxta
3286 386 3504 458 Pel0pis
3535 392 3780 461 templum

2199 473 2268 527 ab
2325 474 2470 530 Eleis
2524 477 2694 545 posita
2725 489 3022 544 memorat,
3054 497 3282 551 quorum
3316 498 3502 549 unum,
3542 502 3561 536 ‹
3593 483 3783 555 Jupiter

2201 575 2285 621 est
2314 568 2582 639 impuber,
2617 574 2699 626 ob:
2726 578 2831 640 ι’χον
2858 579 3037 644 γένεια,
3079 574 3219 631 inter
3248 576 3507 649 Smicytbi
3537 579 3782 636 dona.....

2202 661 2483 716 Paululum
2528 664 2651 717 hinc
2684 673 2826 718 recta
2859 669 3160 739 progressis
3189 670 3334 725 aliud
3379 683 3461 726 est
3494 671 3655 741 Jovis
3704 675 3787 730 im-

2206 756 2422 823 puberis
2465 759 2716 827 signum:
2748 757 3065 816 dedicaruut
3114 763 3300 818 Eleita:
3342 762 3604 838 (Pausan.
3656 768 3787 825 lib.v

2206 846 2432 902 Eliacor.
2467 866 2584 922 pag.
2618 852 2765 923 175).
2794 852 2910 908 Huc
2936 856 3145 913 accedit
3174 866 3232 914 et
3259 858 3423 926 Naso,
3479 877 3508 915 a
3554 878 3664 935 quo
3708 862 3788 919 Ju-

2205 941 2342 1011 piter
2358 939 2573 1011 juvenis
2602 943 2672 998 ita
2696 944 3021 1001 describitur
3053 966 3067 1004 :

2297 1052 2493 1127 Jupiter
2509 1062 2563 1104 et
2586 1056 2801 1127 juvenis,
2816 1059 3064 1127 juveniles
3087 1062 3256 1127 aspice
3289 1063 3486 1127 vultus;

2362 1118 2540 1181 Aspice
2566 1119 2751 1170 deinde
2770 1118 2961 1183 manus,
2989 1118 3189 1175 fulmina
3210 1126 3341 1176 nulla
3362 1118 3520 1179 tenet.

2856 1208 3041 1272 (Ovid,
3067 1210 3099 1260 ι.
3119 1227 3169 1262 ιιι
3190 1214 3327 1281 Fas,
3355 1213 3381 1279 ς
3401 1215 3451 1277 6,
3468 1228 3517 1267 υ,
3542 1216 3677 1282 437.)

2208 1309 2452 1367 Postbmc
2503 1312 2763 1371 Minucius
2807 1315 2941 1372 alias
2985 1331 3230 1397 recenset
3274 1322 3527 1379 ridiculas
3555 1325 3789 1405 ejusdem

2210 1402 2359 1459 Jovis
2411 1405 2647 1478 ﬁguras,
2697 1424 2830 1480 quas
2879 1414 3123 1467 venerari
3181 1414 3426 1471 ethnicos
3478 1402 3792 1497 non'pude-

2208 1497 2300 1551 bat
2332 1515 2345 1551 :
2383 1517 2402 1549 ι
2438 1499 2572 1553 Cum
2630 1502 2891 1570 Ammon,
2954 1504 3155 1575 inquit,
3204 1508 3433 1579 dicitur,
3477 1511 3640 1569 habet
3686 1528 3795 1570 cor-

2207 1604 2345 1656 nua,
2402 1600 2458 1645 et
2512 1607 2633 1646 cum
2697 1593 3062 1666 Capitolinus,
3117 1608 3241 1654 tuuc
3311 1603 3450 1673 gerit
3498 1603 3742 1662 fulmina.
3774 1626 3792 1659 ι

2209 1683 2279 1737 At
2332 1681 2522 1738 Cicero
2574 1696 2730 1739 antea
2779 1687 3030 1744 dixerat:
3072 1709 3091 1741 ‹
3122 1701 3176 1746 et
3218 1694 3434 1765 quidem
3492 1697 3596 1752 alia
3653 1699 3795 1777 (spe.

2208 1775 2341 1847 cies)
2394 1774 2549 1830 nobis
2586 1775 2896 1848 Capitolini,
2952 1782 3053 1837 alia
3095 1784 3241 1840 Afris
3277 1789 3556 1843 Ammonis
3597 1774 3791 1848 iovis.

2208 1869 2392 1936 (Cicer.
2441 1869 2529 1923 lib.
2589 1888 2606 1927 ι
2653 1877 2717 1928 de
2769 1870 2965 1929 Natur.
3009 1877 3153 1935 deor.
3196 1895 3317 1951 pag.
3366 1880 3497 1939 207.
3535 1883 3633 1939 lin.
3688 1885 3792 1957 23).

2205 1959 2313 2016 Cur
2354 1977 2487 2019 vero
2527 1962 2739 2034 Jupiter
2795 1970 3024 2024 Ammon
3077 1986 3275 2029 cornua
3328 1973 3528 2031 habere
3575 1977 3795 2037 aestima-

2208 2053 2394 2119 batur,
2437 2053 2521 2109 bis
2592 2054 2893 2114 Herodotus
2934 2061 3185 2118 edisserit
3235 2066 3460 2121 verbis:
3508 2086 3529 2120 ⁴ι
3566 2068 3794 2125 Thebani

2205 2157 2258 2200 et
2312 2147 2635 2220 quicumque
2689 2162 2907 2222 propter
2954 2155 3076 2211 illos
3116 2156 3311 2213 ovibus
3371 2170 3629 2229 parcunt,
3682 2178 3793 2218 cum

2204 2240 2274 2294 ab
2319 2241 2578 2311 Hercule,
2636 2244 2860 2302 cernere
2906 2264 3029 2329 eum
3090 2253 3331 2320 volente,
3386 2257 3536 2311 cerni
3597 2257 3790 2329 nollet,

2207 2335 2420 2397 tandem
2471 2350 2754 2407 exoratus,
2801 2343 2906 2398 hoc
2958 2355 3299 2403 commentus
3351 2349 3451 2415 sit;
3508 2361 3585 2417 ut,
3616 2366 3794 2422 ampu-

2206 2437 2318 2484 tato
2366 2432 2552 2488 arietis
2593 2437 2802 2503 capite,
2861 2438 3107 2510 pelleque
3155 2442 3379 2510 villosa,
3430 2461 3592 2517 quam
3620 2448 3669 2503 ei
3707 2448 3793 2504 de-

2209 2531 2479 2590 traxerat,
2540 2526 2724 2583 iuduta
2762 2529 2895 2595 sibi,
2940 2532 3011 2586 ita
3052 2548 3172 2588 sese
3205 2534 3417 2592 Herculi
3468 2540 3790 2605 ostenderet,

2205 2627 2261 2672 et
2302 2619 2371 2673 ob
2428 2619 2479 2673 id
2517 2619 2805 2691 Egyptias
2845 2626 3145 2685 instituisse
3168 2627 3316 2683 Jovis
3355 2631 3703 2688 simulacrum
3725 2633 3793 2691 la-

2206 2726 2330 2768 cere
2377 2714 2597 2769 at-ietina
2655 2717 2818 2787 facie,
2855 2723 2953 2774 ἀπὸ
2982 2728 3155 2778 τούτου
3190 2728 3549 2794 κριοωρὸσωπον
3574 2729 3797 2796 τῶγαλμα.

2205 2809 2288 2858 τοῦ
2317 2814 2427 2866 Διος
2469 2813 2697 2875 ποιοῦσι,
2740 2818 2794 2864 et
2840 2811 2908 2865 ab
2955 2809 3224 2884 Egyptiis
3284 2814 3601 2879 Ammonius
3641 2834 3790 2879 acce-

2206 2897 2383 2966 pisse,
2431 2902 2523 2970 qui
2578 2910 2706 2957 suut
2732 2901 3143 2979 Egyptiorum,
3174 2918 3336 2981 atque
3357 2909 3668 2982 (Ethiopian
3708 2928 3790 2973 oo-

2207 2990 2351 3056 loni,
2406 3004 2460 3049 et
2514 2995 2753 3065 linguam
2810 2999 2949 3057 inter
2994 3009 3252 3072 utrmque
3308 3016 3650 3074 usurpantes.
3699 3007 3791 3075 Qui

2205 3085 2370 3139 etiam
2420 3087 2552 3141 milii
2604 3088 2857 3147 videntur
2898 3092 3020 3148 ideo
3058 3109 3118 3155 se
3165 3096 3482 3169 Ammonius
3525 3101 3791 3170 cognoui-

506 3167 672 3222 Diana
698 3170 1033 3239 disputantes
1086 3169 1340 3246 (Rhedig.
1392 3170 1481 3225 lib.
1519 3187 1592 3226 xx
1622 3173 1798 3241 Antig.
1830 3174 1945 3227 lect.
1978 3189 2094 3242 cap.
2128 3199 2174 3262 ρ
2208 3193 2398 3244 nasse,
2455 3181 2598 3250 quod
2625 3180 2867 3254 Egyptii
2893 3183 3083 3241 Jovem
3110 3167 3435 3259 Ammonem
3469 3167 3737 3263 appellent
3768 3212 3788 3245 ι

507 3261 560 3315 ϐ.
601 3260 807 3316 Vossius
832 3262 919 3317 lib.
957 3279 992 3318 ιι
1018 3266 1082 3318 de
1112 3264 1258 3336 Orig.
1290 3273 1334 3319 et
1367 3281 1540 3334 pragr.
1568 3263 1829 3319 idololatr.
1860 3283 1974 3334 cap.
2004 3266 2098 3335 25,

507 3371 627 3426 pag.
658 3354 766 3411 216
806 3368 852 3410 et
892 3357 1079 3429 seqq).
1103 3357 1260 3414 Tales
1288 3373 1417 3429 ergo
1445 3358 1576 3414 deos
1605 3360 1725 3430 quis
1772 3374 1894 3415 cum
1922 3358 2100 3429 Miuu-

504 3451 588 3504 cio
617 3458 804 3505 nostro
827 3466 930 3505 uon
956 3450 1148 3519 rideat,
1182 3466 1246 3507 ac
1273 3452 1615 3507 detestetur?

577 3543 689 3598 Nec
729 3543 913 3600 leviori
953 3554 1057 3600 ictu
1089 3545 1346 3600 Ethnicos
1368 3544 1457 3600 ille
1486 3543 1626 3611 ferit,
1660 3545 1750 3616 qui
1776 3544 1953 3600 varios
1980 3560 2102 3601 esse

506 3638 853 3695 venditabant
894 3639 1043 3695 Jovis
1084 3640 1285 3707 vultus,
1330 3638 1603 3710 [aciesque
1646 3640 1907 3695 diversos.
1962 3639 2102 3708 Quid

503 3735 648 3789 enim
685 3752 704 3785 ε
744 3735 878 3806 ipse,
932 3735 1236 3805 inquiebat,
1282 3733 1491 3805 Jupiter
1524 3736 1739 3791 vester?
1790 3735 1948 3790 Modo
1997 3736 2100 3790 im-

503 3827 685 3884 berbis
738 3832 1010 3898 statuitur,
1076 3829 1236 3899 modo
1293 3829 1544 3885 barbatus
1601 3830 1825 3884 locatur.
1875 3849 1893 3881 ι
1944 3828 2100 3885 Prius

503 3936 630 3976 vero
658 3920 810 3978 Cotta
838 3923 977 3993 apud
1026 3920 1346 3978 Ciceronem
1392 3923 1471 3978 sic
1516 3922 1737 3993 urgebat
1787 3921 2098 3979 Velleium:

507 4034 526 4066 ι
566 4014 672 4069 Isto
701 4015 863 4070 modo
891 4015 1071 4070 dicere
1088 4014 1270 4070 licebit
1297 4013 1483 4070 Jovem
1512 4029 1725 4085 semper
1742 4014 2021 4070 barbatum
2075 4032 2094 4066 ι

503 4106 634 4176 (Cic.
664 4108 755 4164 lib.
790 4124 806 4163 ι
846 4110 909 4162 de
933 4107 1125 4163 Natur.
1158 4110 1301 4164 deor.
1347 4125 1466 4181 pag.
1512 4109 1638 4175 207,
1692 4110 1785 4163 lin.
1835 4107 1952 4180 '26).
1994 4108 2111 4181 Sed

500 4198 770 4255 Lucianus
801 4203 929 4272 petit
958 4203 1172 4256 ubinam
1199 4199 1397 4257 ethnici
1430 4204 1568 4256 hunc
1605 4202 1882 4256 barbatum
1910 4199 2100 4257 Jovem

501 4293 739 4350 viderint
762 4293 1004 4367 (Lucina.
1031 4295 1095 4350 de
1112 4295 1350 4366 Sacriﬁc.
1378 4312 1497 4367 pag.
1529 4294 1695 4366 185)?
1724 4293 1780 4351 Si
1815 4306 1865 4349 tu
1889 4310 2102 4371 quoque

500 4387 553 4444 id
586 4389 845 4459 postules,
871 4389 1220 4460 respondebit
1248 4388 1573 4444 Prudentius
1598 4406 1612 4441 :

686 4504 783 4556 Ars
803 4507 1102 4557 seminandis
1126 4507 1298 4557 efﬁcax
1323 4508 1595 4567 erroribus,

683 4569 894 4620 Barbara
912 4571 1159 4633 rigentem
1183 4571 1299 4619 dum
1321 4568 1459 4620 Jovis
1476 4570 1830 4635 circumplicat.

771 4653 1053 4720 (Prudent.,
1078 4657 1141 4707 de
1162 4659 1364 4708 Roman.
1393 4659 1626 4723 Μανίῳ..
1649 4671 1696 4708 υ.
1714 4657 1850 4723 245.)

499 4783 545 4839 Α
570 4782 798 4855 Virgilio
829 4794 1005 4855 tamen
1036 4785 1224 4840 Anxur
1254 4784 1451 4841 dicitur
1482 4803 1496 4839 :

621 4898 1158 4969 Circaeumquejugum,
1179 4901 1326 4968 queis
1348 4899 1548 4964 Jupiter
1572 4899 1807 4953 Anxurus
1823 4903 1957 4953 arvis

622 4960 882 5013 Przesidet.’

985 5024 1204 5090 (Virgil.,
1227 5026 1265 5075 1.
1294 5041 1357 5079 vn
1384 5026 1594 5087 £neid.,
1618 5040 1661 5078 υ.
1689 5028 1830 5093 799.)

498 5132 704 5189 Nomen
736 5144 914 5191 autem
963 5152 1136 5191 anxur
1187 5135 1326 5189 idem
1381 5150 1444 5190 ac
1488 5136 1748 5191 imberbis
1796 5137 2094 5205 significat,

498 5228 951 5297 quemadmodum
1005 5228 1230 5285 Servius
1267 5227 1320 5282 iu
1351 5228 1452 5283 bos
1510 5227 1717 5300 Virgilii
1768 5246 1953 5285 versus
2003 5246 2100 5288 nos

498 5321 815 5376 admonuit:
850 5341 868 5374 ‹
893 5320 1047 5380 Circa
1094 5328 1260 5390 hunc,
1293 5323 1484 5395 inquit,
1511 5334 1743 5379 lf‘lCitlm
1767 5325 2098 5396 Campaniae,

497 5414 776 5470 colebatur
833 5432 965 5486 puer
1029 5417 1271 5486 Jupiter,
1324 5419 1415 5487 qui
1478 5420 1725 5473 Anxurus
1783 5418 2097 5485 dicebatur,

495 5509 648 5579 quasi
679 5516 787 5564 ἄνευ
817 5519 981 5583 ξυρᾶς,
1012 5510 1064 5566 id
1095 5516 1199 5577 est,
1248 5512 1366 5567 sine
1395 5512 1676 5578 novacula,
1707 5512 1835 5582 quia
1875 5502 2096 5582 barbam

496 5618 786 5673 numquam
846 5605 1100 5671 rasisset,
1142 5623 1161 5656 ι
1205 5615 1427 5675 eratque
1478 5604 1761 5661 imberbis.
1814 5604 1997 5676 Neque
2040 5608 2095 5663 in

492 5695 587 5751 illo
617 5706 820 5752 tantum
845 5699 1152 5770 Campania:
1186 5707 1381 5764 tractu,
1430 5700 1525 5754 setl
1567 5697 1692 5754 alibi
1721 5714 1933 5771 quoque
1994 5702 2093 5759 hac

486 5790 711 5873 juvenili
734 5789 908 5849 forma
935 5792 1448 5864 reprzesentabatur.
1489 5792 1783 5849 Pausanias
1812 5794 2092 5852 enimvero

2210 3274 2512 3345 (Hei-adat.
2560 3276 2649 3331 νώ.
2706 3294 2765 3343 u,
2815 3277 2844 3351 5
2894 3280 2966 3334 4:2
2986 3280 3030 3352 ).
3098 3282 3226 3353 Lude
3274 3283 3517 3354 profecto
3573 3302 3605 3343 a
3654 3286 3788 3349 Grie-

2206 3367 2284 3422 cis
2335 3373 2665 3441 κῳατοφόρος,
2709 3381 2765 3427 et
2807 3388 2838 3427 a
2878 3372 3116 3431 Luciano
3166 3381 3565 3449 κριοπρόσωπος,
3616 3396 3647 3435 a
3687 3380 3787 3439 ω-

2205 3459 2424 3528 crobio,
2470 3471 2524 3516 ct
2579 3463 2847 3531 Arnobio,
2893 3483 2913 3518 ι
2947 3468 3187 3539 arietinis
3239 3472 3523 3539 cornibus,
3557 3493 3585 3525 ι
3644 3484 3787 3545 atque

2204 3566 2235 3604 a
2293 3552 2468 3624 poetis
2522 3552 2713 3611 Ovidio
2756 3557 3051 3631 Claudiano
3102 3563 3329 3635 aliisque
3374 3568 3630 3638 corniger
3672 3567 3787 3624 Am-

2206 3658 2331 3698 m0u
2389 3658 2613 3715 vocatur
2665 3648 2905 3720 (Luciau.
2952 3653 3015 3707 de
3044 3654 3285 3726 Sacri/ie.
3318 3673 3440 3730 pag.
3503 3660 3628 3723 186.
3677 3660 3782 3719 Μαι

2205 3739 2347 3793 crob.
2391 3739 2484 3794 lib.
2514 3756 2529 3794 ι
2560 3740 2834 3800 Saturnal.
2882 3759 3003 3819 cap.
3065 3748 3157 3803 εις.
3205 3750 3399 3808 Arnob.
3445 3751 3535 3808 lib.
3580 3770 3632 3809 vi
3678 3754 3778 3809 adit.

2208 3832 2357 3890 Gent.
2390 3852 2509 3909 pag.
2542 3834 2697 3909 197).

2278 3929 2355 3984 De
2409 3930 2600 3985 eodem
2629 3946 2792 4003 porro
2820 3934 3084 4003 Ammone
3104 3979 3119 4005 ,
3148 3948 3311 4009 atque
3338 3940 3502 3997 etiam
3527 3941 3600 4000 de
3646 3942 3782 4014 Capi-

2206 4022 2404 4090 tolino,
2462 4024 2577 4080 haec
2624 4026 2851 4097 legimus
2904 4027 3106 4085 Lucani
3153 4034 3427 4090 carmina:

2269 4157 2491 4239 Venti-itm“
2502 4160 2697 4239 eratad
2712 4161 2966 4239 templum;
2992 4162 3189 4239 Lybicis
3209 4167 3343 4239 quod
3366 4169 3602 4239 gentibus
3624 4183 3753 4222 unum

2267 4222 2440 4291 inculti
2459 4222 2762 4274 Grammates
2778 4222 2978 4291 habent,
3002 4222 3098 4277 sint
3110 4222 3341 4291 corniger
3366 4222 3465 4281 illic

2265 4283 2559 4350 JUpiter,_ut
2580 4296 2871 4350 memorant,
2888 4290 2975 4338 sed
3002 4304 3096 4339 non
3116 4300 3170 4342 ut
3189 4283 3387 4342 fulinina
3408 4295 3615 4347 vibrant.

2267 4348 2366 4398 Aut
2379 4347 2549 4399 similis
2574 4359 2757 4410 nostro,
2778 4347 2867 4401 sed
2886 4354 3024 4402 tortis
3046 4356 3276 4405 cornibus
3291 4354 3516 4408 Ammon.

3046 4435 3252 4501 (Lucan.
3277 4439 3314 4489 ι.
3344 4454 3416 4502 ix,
3444 4454 3492 4491 υ.
3511 4442 3641 4507 517.)

2124 4561 2662 4663 l)Frequentissima
2722 4565 2870 4623 Jovis
2938 4567 3222 4639 Capitolini
3300 4573 3441 4642 apud
3505 4576 3678 4630 varios
3727 4579 3768 4629 et

2206 4659 2439 4713 maxime
2507 4657 2765 4716 Romamn
2824 4662 3060 4717 historia:
3104 4667 3396 4739 scriptores
3446 4668 3659 4725 mentio.
3709 4668 3767 4723 Eo

2206 4763 2383 4808 autem
2438 4756 2655 4809 nomine
2694 4766 3029 4828 nuncupatus
3074 4768 3192 4823 est,
3252 4761 3375 4830 quia
3422 4763 3567 4818 mdes
3608 4764 3765 4834 ejuset

2205 4847 2384 4918 imago
2428 4846 2479 4901 in
2533 4846 2798 4919 Capitolio
2839 4851 3099 4906 collocata
3146 4851 3263 4908 fuit.
3312 4854 3462 4911 Illius
3507 4858 3765 4914 meminere

2206 4937 2361 4995 Titus
2404 4939 2620 5005 Livius,
2668 4941 2990 5009 Suetonius,
3027 4944 3159 5000 Dion
3191 4948 3429 5015 Cassius,
3459 4949 3761 5027 Plutarcl‘ius,

2207 5032 2452 5099 Plinius,
2512 5034 2756 5092 Valerius
2823 5036 3109 5092 Maximus.
3162 5039 3403 5112 Denique
3454 5044 3762 5109 simulacrum

2205 5126 2323 5193 ejus
2362 5127 2552 5182 visitur
2592 5129 2647 5183 iu
2681 5140 2995 5200 pervetusto
3022 5132 3343 5189 numismate
3391 5137 3620 5193 Aurelia:
3662 5133 3762 5203 Qui-

2205 5221 2337 5276 rina:
2387 5222 2645 5289 Vestalis,
2716 5225 2773 5279 in
2820 5240 2927 5295 quo
2975 5225 3128 5282 sedet
3178 5242 3416 5297 superne
3464 5231 3631 5285 nudus
3675 5241 3761 5281 me-

2205 5319 2291 5373 dia
2341 5318 2588 5389 corporis
2629 5327 2803 5388 parte,
2860 5316 3071 5374 inferne
3112 5320 3372 5387 amictus,
3424 5323 3637 5377 dextera
3680 5316 3761 5372 l‘ul—

2206 5431 2358 5482 men,
2398 5414 2616 5470 sinistra
2658 5424 2927 5486 sceptrum
2977 5430 3202 5486 gerens,
3242 5432 3305 5473 ac
3336 5418 3757 5486 circumscriptum

2205 5525 2399 5566 nomen
2443 5508 2603 5564 liabet
2636 5526 2648 5563 :
2680 5508 2809 5579 Jup.
2870 5507 2993 5579 Opt.
3056 5509 3203 5565 Mam.
3252 5509 3567 5583 Capitolinus
3625 5510 3642 5579 (
3666 5506 3753 5562 Liv.

2201 5602 2292 5659 lib.
2336 5621 2395 5671 ιι,
2430 5602 2457 5676 §
2498 5601 2589 5671 2i;
2626 5601 2843 5658 Sueten.
2878 5604 2967 5658 lib.
3000 5622 3068 5671 ιι,
3098 5621 3219 5678 pag.
3249 5606 3376 5672 5M;
3409 5607 3553 5664 Cass.
3586 5606 3663 5660 lib.
3690 5611 3759 5656 Liv

2201 5698 2355 5754 Itom.
2422 5699 2541 5752 hist.
2592 5713 2712 5769 pag.
2773 5698 2878 5754 598
2925 5708 2972 5753 et
3022 5716 3189 5771 seqq;
3230 5698 3500 5756 Plutarch.
3562 5702 3610 5752 in
3664 5693 3756 5748 Vita

2200 5792 2459 5850 Publicol.
2487 5810 2607 5867 pag.
2656 5794 2779 5859 θοις
2825 5791 2973 5848 Plin.
3023 5796 3110 5852 lib.
3169 5811 3229 5851 ιιι
3287 5794 3429 5852 Hist.
3472 5804 3628 5851 natur.
3654 5801 3751 5860 cap.
