4034 6320
459 261 564 318 583

1744 255 1832 313 DE
1873 256 2134 316 MINUCII
2172 255 2470 316 OCTAVIO

3655 258 3760 314 584

455 392 574 431 rmn
619 373 957 431 ethnicorum
1011 372 1081 430 de
1131 371 1222 429 illa
1275 369 1510 444 Erigone
1562 369 1763 442 opinio,
1799 390 1892 429 seu
1938 390 2047 444 ρο-
2076 380 2124 438 Α
2157 357 2322 428 ternis
2368 376 2545 446 itaque
2597 371 2790 428 diebus
2836 370 3021 427 vivere
3075 368 3202 426 dicti
3248 378 3404 437 sunt,
3434 370 3540 437 vel,
3576 378 3635 424 ut
3689 371 3763 425 ait

459 468 564 522 tius
621 469 817 523 tabula.
871 472 913 523 A
960 468 1282 538 quibu~dam
1323 467 1466 522 enim
1521 467 1716 521 dicitur
1759 469 1862 522 lilia
1924 467 2054 521 Icari

456 562 831 626 Atheniensis,
887 578 1046 640 quem
1091 577 1215 616 cum
1259 561 1442 614 rustici
1475 561 1757 615 temulenti
1826 561 2055 615 occidis-

455 667 599 722 seut,
647 655 733 710 illa
788 664 1025 726 paterna:
1072 657 1218 709 necis
1262 670 1292 707 a
1347 669 1479 708 cane
1510 654 1801 722 admonita,
1835 657 2055 724 visOque

455 750 600 806 illius
656 749 938 814 cadavere,
985 749 1178 818 laqueo
1224 763 1284 802 se
1327 747 1626 818 suspendit.
1669 749 1794 803 Post
1825 760 2051 803 mortem

459 858 588 898 vero
633 845 744 913 ipsa
795 841 963 913 virgo,
995 858 1057 896 ar.
1100 842 1253 896 canis
1290 842 1524 896 monitor
1575 857 1673 898 suo
1733 845 1947 898 nomine
1968 858 2054 914 se-

456 937 577 992 dem
634 935 774 990 inter
798 946 950 1009 astra
1001 933 1200 990 habere
1268 933 1555 1005 tinguntur.

530 1027 859 1083 Fabulantur
901 1027 988 1082 alii
1034 1027 1317 1097 Erigonem
1364 1026 1525 1082 tuisse
1559 1025 1789 1099 Egysti,
1822 1035 1876 1082 et
1927 1027 2051 1099 Cly-

459 1129 767 1177 temnestra:
816 1119 1001 1185 filiam,
1033 1135 1152 1189 quae
1183 1129 1240 1173 nt
1276 1118 1520 1174 Orestem
1547 1127 1844 1182 accusaret,
1887 1118 2054 1174 Athe-

456 1231 552 1271 nas
603 1230 725 1270 cum
772 1213 1024 1285 Tyndaro
1073 1229 1173 1266 avo
1223 1227 1322 1268 suo
1375 1212 1615 1283 profecta
1683 1214 1769 1268 ubi
1809 1214 1878 1268 de
1911 1215 2052 1269 illius

453 1307 790 1363 absolutione
857 1307 1057 1363 certior
1125 1305 1260 1360 facta
1291 1316 1412 1373 est,
1467 1306 1658 1377 laqueo
1730 1308 1889 1360 vitam
1949 1307 2049 1361 sibi

455 1401 674 1458 ademit.

528 1493 791 1548 Minucius
839 1507 971 1547 vero
1029 1471 1200 1563 magis
1250 1501 1523 1563 spectasse
1563 1491 1776 1547 videtur
1821 1491 1886 1546 ad
1943 1491 2052 1561 pri-

452 1603 594 1645 mam
654 1587 1126 1657 Opinionem.qu
1184 1586 1470 1657 Erigonem
1544 1602 1838 1655 carnemque
1901 1586 2048 1639 illum

453 1683 594 1738 inter
625 1690 766 1736 astra
798 1678 1009 1734 censeri
1053 1680 1360 1750 garriebant
1383 1720 1397 1746 ,
1430 1679 1882 1750 quemadmodum
1929 1680 2049 1732 Sta-

452 1775 559 1833 tius
603 1783 912 1831 cantaverat
937 1789 952 1827 :

612 2015 627 2028 .
697 2013 713 2029 .
783 2016 794 2026 .
866 2011 878 2024 .
945 1975 1054 2025 Vim
1078 1977 1252 2038 emptis
1281 1975 1538 2037 indulgent
1578 1981 1728 2034 astra,
1755 1987 1985 2038 meaeque

605 2038 807 2092 Aistifer
831 2040 1072 2102 Erigones
1096 2049 1289 2103 spumat
1305 2044 1455 2088 canis.

1031 2122 1200 2186 (Stat.,
1220 2123 1254 2172 l.
1278 2137 1322 2172 ιν
1355 2119 1612 2183 Thebaid,
1636 2135 1680 2172 υ.
1699 2123 1834 2187 558.)

454 2314 613 2372 Plura
653 2316 696 2368 si
737 2311 1032 2379 desideres,
1115 2309 1416 2374 Nonninm,
1467 2312 1742 2376 Servium,
1809 2313 2051 2383 aliosque

458 2409 610 2466 adire
640 2409 763 2464 lit-et
797 2407 1000 2479 (Noun.
1033 2407 1123 2462 lib.
1158 2423 1300 2462 van
1353 2405 1544 2478 Diony.
1602 2423 1652 2460 v.
1685 2407 1810 2468 600,
1840 2418 1885 2461 et
1911 2425 2046 2478 seqq.

425 2503 684 2560 -Set1r.in
715 2501 801 2555 lib.
846 2517 882 2554 ll
935 2499 1122 2572 Georg.
1181 2498 1364 2571 Virgil.
1415 2516 1461 2553 υ.
1507 2499 1654 2569 588).
1687 2501 2048 2568 Quamobrem

455 2595 708 2652 Tatiauns
755 2593 986 2649 ClillIiClS
1027 2593 1338 2662 objecerat:
1388 2599 1523 2646 Κύων
1564 2599 1589 2646 ὁ
1617 2609 1700 2653 τῆς
1752 2589 1961 2665 ’ριγὸνης
2007 2601 2052 2648 i‘v

453 2694 632 2761 ab,»QO
661 2692 920 2750 δείκνυται,
957 2704 976 2737 ‹
1033 2685 1196 2740 Canis
1253 2684 1509 2756 Erigones
1571 2687 1621 2738 iu
1681 2685 1820 2741 ctelo
1870 2695 2050 2740 osten-

452 2783 599 2839 ditur
636 2799 654 2832 1
693 2779 925 2853 (Tatiat.
963 2778 1110 2834 Orat.
1162 2775 1297 2832 cont.
1348 2778 1516 2834 (ἔνθα.
1564 2793 1683 2849 pag.
1723 2779 1867 2842 M9).

525 2877 826 2932 Observare
863 2889 1024 2945 porro
1075 2875 1158 2930 hic
1198 2875 1352 2944 juvat
1397 2875 1448 2927 in
1497 2883 1684 2928 nostro
1727 2889 1828 2928 ms.
1862 2874 2050 2930 codice

453 2971 613 3040 legit,
650 2988 668 3021 ι
723 2982 775 3024 ut
810 2971 861 3022 in
916 2979 1059 3022 astra
1117 2968 1290 3039 ignata
1321 2969 1388 3022 sit
1424 2985 1444 3020 ›
1502 2967 1850 3038 proculdubio
1889 2968 2051 3022 libra—

455 3065 520 3121 rii
552 3065 725 3134 lapsu.
749 3061 1090 3134 QuaprOpter
1125 3064 1174 3116 in
1199 3059 1359 3117 editis
1393 3062 1650 3130 scriptum
1698 3070 1779 3115 est
1833 3080 1850 3112 ‹
1887 3063 2050 3132 ignita

2079 1786 2128 1846 Β

2162 467 2392 533 l’liuins,
2433 485 2451 518 ι
2491 467 2716 522 alternis
2763 465 2951 518 diebus
3001 463 3242 520 viventes
3297 465 3704 533 morienteswe
3740 482 3757 515 ι

2160 562 2178 633 (
2217 560 2356 615 I’lin.
2392 563 2478 615 lib.
2524 577 2560 616 11
2612 560 2802 614 Natur.
2838 558 2975 614 Hist.
3005 575 3124 631 Cap.
3161 560 3214 626 7,
3250 575 3367 630 pag.
3404 560 3508 614 M3
3628 559 3762 613 Eam

2157 666 2336 710 autem
2391 657 2440 710 in
2505 672 2619 710 rem
2670 655 2930 711 habemus
2980 656 3172 710 citatos
3237 655 3306 709 ab
3365 655 3595 726 Origene
3663 653 3763 708 hos

2160 751 2374 806 llonieri
2429 767 2614 806 versus
2639 767 2652 804 :

2408 935 2547 985 οίλλοτι
2571 947 2634 994 μιν
2658 943 2806 991 ζὸουσκ
2831 946 3054 996 ἱτιρήμιροι,
3077 941 3210 983 in”:
3235 940 3270 982 δ’
3295 939 3383 984 uim

2406 1013 2595 1054 Τιτῆσιν,
2615 1013 2722 1059 τιμήν
2745 1006 2787 1047 δί
2809 1009 3026 1059 laenae“:
3044 1004 3113 1046 in
3139 1009 3265 1046 θωῑσι.

2162 1187 2182 1220 ‹
2217 1167 2492 1224 Interdum
2517 1167 2732 1238 quidem
2761 1169 2945 1223 vivunt
2973 1168 3194 1222 alternis
3224 1167 3436 1231 diebus,
3463 1166 3767 1223 interdum-

2156 1276 2260 1329 que
2293 1275 2476 1314 rursus
2501 1261 2836 1326 moriuntur,
2873 1259 3132 1316 honorem
3162 1269 3340 1315 autem
3373 1261 3550 1316 sortiti
3579 1276 3767 1330 aequa-

2160 1353 2262 1406 lem
2320 1351 2422 1406 diis
2461 1373 2479 1404 1
2517 1353 2536 1416 (
2570 1352 2805 1425 0rigen.,
2855 1354 2892 1408 ι.
2953 1369 3008 1407 111
3056 1363 3220 1408 contr.
3271 1351 3446 1418 Cels.,
3501 1371 3533 1422 p
3614 1353 3764 1417 125;

2157 1444 2396 1511 Horum,
2420 1444 2634 1516 (Μυκη
2669 1456 2706 1500 t.
2738 1462 2794 1500 xl
2844 1461 2889 1499 υ.
2922 1447 3020 1502 551
3059 1457 3104 1501 et
3129 1446 3297 1519 seqq).
3330 1446 3504 1501 lndea
3533 1446 3768 1501 Tatiano

2155 1543 2277 1611 po'st
2325 1540 2571 1594 eumdem
2633 1539 2926 1595 Homerum
2979 1551 3239 1595 vocantur
3272 1544 3579 1610 ἇτερόμμεροι
3621 1544 3768 1593 A16:-

2155 1659 2316 1704 κουροι
2348 1633 2506 1706 (Tati.
2559 1633 2705 1688 Orat.
2740 1645 2874 1688 cont.
2925 1632 3090 1690 Gra’c.
3145 1651 3261 1706 pag.
3296 1635 3402 1690 150
3429 1641 3464 1704 ).
3499 1635 3765 1705 Denique,

2156 1737 2214 1782 ut
2239 1727 2372 1781 alios
2395 1727 2701 1797 complures
2730 1726 3042 1782 omittamus
3062 1769 3078 1795 ,
3109 1727 3178 1782 de
3199 1727 3266 1783 iis
3284 1729 3430 1782 canit
3461 1727 3719 1798 Virgilius
3749 1742 3763 1782 :

2341 1901 2394 1967 _Si
2417 1903 2619 1953 fratrem
2646 1901 2819 1953 Pollux
2845 1903 3039 1954 alterna
3063 1911 3224 1955 morte
3247 1905 3484 1967 redemit,

2341 1965 2502 2029 Itque,
2530 1967 2757 2030 reditque
2784 1970 2909 2016 viam
2934 1971 3102 2018 toties.

2746 2051 2962 2115 (Virgil.,
2990 2051 3022 2101 I.
3051 2067 3096 2103 γι
3118 2052 3326 2114 θρίω..
3347 2067 3392 2103 υ.
3420 2053 3498 2105 121
3515 2055 3554 2117 .)

2155 2226 2262 2282 Sed
2317 2225 2366 2281 id
2411 2225 2663 2282 omnibus
2719 2241 3030 2296 persuasum
3073 2243 3181 2284 non
3228 2228 3398 2286 fuisse
3450 2230 3580 2286 alibi
3612 2231 3767 2288 vide-

2157 2320 2351 2375 bimus.

2231 2411 2431 2468 Dehinc
2481 2426 2612 2468 vero
2657 2411 2941 2479 Minucius,
2999 2424 3161 2485 atque
3197 2415 3358 2470 etiam
3390 2417 3612 2472 totidem
3643 2434 3764 2473 ver-

2156 2506 2238 2560 bis
2284 2506 2616 2577 Cyprianus:
2649 2523 2668 2556 t
2726 2504 3075 2577 Esculapius
3127 2519 3186 2562 ut
3222 2507 3272 2562 in
3323 2509 3488 2564 Deum
3543 2521 3760 2578 surgat,

2156 2597 2470 2653 fulminatur
2503 2617 2522 2651 ι
2559 2599 2576 2669 (
2612 2599 2860 2670 Cypriun.
2887 2601 2975 2654 lib.
3008 2602 3072 2654 de
3104 2599 3242 2657 ldol.
3284 2599 3455 2656 Vanit.
3488 2618 3607 2674 pag.
3646 2605 3763 2672 ll).

2156 2693 2288 2762 Quis
2356 2693 2456 2747 iste
2503 2692 2593 2756 sit,
2627 2707 2670 2746 sn
2712 2708 2741 2746 a
2773 2694 3032 2748 Cicerone
3063 2695 3387 2765 postulabis,
3441 2713 3762 2763 responsum

2155 2789 2224 2841 ab
2273 2801 2338 2840 eo
2376 2787 2646 2854 accipies:
2686 2804 2704 2836 1
2754 2784 3101 2856 ιΕεοιιΙιιιιίιιδ
3162 2789 3466 2853 secundus,
3538 2790 3763 2846 secundi

2155 2877 2406 2934 Mercurii
2439 2878 2647 2933 frater:
2683 2879 2728 2934 is
2769 2879 2991 2935 fulmine
3043 2896 3329 2950 percussus
3352 2924 3367 2945 ,
3415 2883 3615 2937 dieitur
3665 2884 3766 2937 litt-

2157 2984 2332 3026 matus
2372 2987 2492 3027 esse
2513 2971 2812 3044 Cynosuris
2842 2993 2861 3026 »
2884 2972 3068 3046 (Cicer.
3100 2974 3186 3027 tib.
3221 2989 3278 3029 Ill
3307 2975 3371 3028 de
3399 2973 3590 3030 Natur.
3617 2976 3762 3032 deor.

2157 3080 2278 3134 pag.
2309 3063 2458 3135 948).

454 3159 544 3226 sit,
595 3177 613 3212 ι
661 3158 712 3213 id
774 3167 896 3222 est,
951 3167 1009 3210 ut
1051 3156 1282 3227 Erigone
1335 3155 1475 3210 inter
1525 3166 1670 3210 astra
1728 3157 1883 3226 ignea
1935 3156 2126 3250 θυι-Ο
2229 3156 2338 3212 Cur
2388 3167 2566 3212 autem
2617 3155 2840 3212 fulmine
2883 3172 3170 3228 percussus
3211 3157 3399 3225 fuerit,
3457 3161 3504 3215 si
3549 3127 3763 3216 rursinn

455 3255 747 3310 loearetur.
797 3249 907 3306 Nec
955 3249 1112 3320 plane
1169 3248 1459 3314 rejicieuda
1516 3248 1630 3302 haec
1703 3248 2050 3314 emendatio,

455 3361 576 3417 qua:
625 3344 804 3400 citatis
855 3342 1010 3397 Statii
1069 3351 1123 3396 et
1176 3340 1383 3396 Tatiani
1455 3341 1631 3395 verbis
1683 3339 1826 3407 haud
1875 3341 2055 3411 inepte

455 3439 684 3495 stabiliri
736 3445 930 3508 potest.
978 3435 1252 3491 Gronovio
1297 3443 1473 3490 tamen
1517 3450 1622 3488 non
1668 3437 1902 3505 placuit,
1933 3451 2054 3491 cor-

457 3534 664 3606 rigique
691 3532 878 3587 maluit
915 3549 933 3584 ι
965 3529 1168 3602 signata
1193 3529 1283 3599 sit,
1307 3549 1325 3582 ι
1361 3529 1411 3584 id
1438 3541 1522 3585 est
1552 3529 1743 3584 locata.
1773 3529 1875 3584 Sed
1910 3531 2056 3596 prius

458 3626 744 3684 ostendere
789 3623 1020 3678 debebat
1073 3622 1289 3676 ubinam
1338 3621 1599 3675 Minucius
1654 3626 1755 3677 hoc
1801 3621 2056 3691 loquendi

457 3721 621 3777 modo
666 3728 864 3774 utatur.
917 3717 1181 3772 Caeterum
1254 3729 1607 3785 quaecumque
1673 3715 1742 3768 sit
1821 3717 2053 3786 genuina

459 3815 601 3871 illius
632 3813 810 3874 lectio.
841 3813 1182 3882 apertis~ime
1227 3810 1490 3879 significat
1519 3809 1807 3864 absurdam
1833 3813 2056 3866 omnino

458 3923 578 3966 esse
625 3906 904 3979 gentilium
953 3904 1020 3958 de
1063 3902 1167 3958 diis
1222 3905 1333 3957 suis
1391 3901 1731 3972 opinionem,
1797 3902 1884 3972 qui
1941 3904 2058 3958 Eri-

457 4019 651 4076 gonem
700 4010 1046 4072 posteaquam
1091 3999 1283 4069 laqueo
1318 3996 1480 4051 vitam
1529 3998 1740 4062 Iinivit,
1791 4009 1847 4053 et
1876 3997 2054 4067 deam,

459 4111 514 4156 et
561 4100 699 4153 inter
736 4106 877 4150 astra
938 4093 1164 4164 positam
1208 4093 1351 4148 serio
1409 4092 1792 4162 praedicabant.

527 4192 656 4248 Post
683 4191 797 4245 lucc
831 4188 1124 4250 Minucius,
1160 4197 1214 4242 et
1241 4197 1520 4257 sequester
1568 4186 1684 4258 ejus
1719 4185 2056 4258 Cyprianus:

466 4304 484 4337 ι
532 4285 787 4343 Castores
811 4328 825 4352 ,
867 4304 884 4336 1
916 4283 1020 4339 hoc
1067 4293 1149 4339 est
1171 4325 1184 4349 ,
1215 4282 1405 4338 Castor
1430 4291 1484 4338 et
1537 4282 1720 4336 Pollux
1741 4325 1754 4344 ,
1788 4301 1805 4332 ‹
1839 4281 2060 4337 alternis

460 4378 786 4444 moriuntur,
821 4385 878 4430 ut
903 4377 1084 4430 vivant
1115 4395 1132 4429 ι
1158 4375 1425 4446 (Cyprian.
1459 4373 1546 4428 lib.
1591 4374 1655 4427 de
1679 4372 1816 4429 Idol.
1883 4373 2055 4428 Venit.

462 4489 582 4545 pag.
636 4472 698 4527 ll
732 4471 773 4540 ).
829 4470 960 4538 Qua:
1010 4468 1225 4539 quidem
1279 4467 1436 4538 paulo
1486 4467 1704 4522 uberius
1749 4483 1778 4522 a
1833 4467 2061 4522 Lactan-

2159 3249 2486 3314 scisciteris,
2546 3251 2836 3320 respondet
2886 3252 3150 3306 Diodorus
3219 3252 3484 3308 Siculus:
3547 3272 3566 3305 ‹
3606 3254 3768 3310 Pluto

2161 3343 2438 3411 querelam
2472 3341 2541 3397 de
2573 3341 2886 3414 ιλΕεειιΙιῳίο
2909 3386 2924 3410 ,
2954 3344 3094 3415 quod
3127 3345 3374 3400 videlicet
3399 3347 3766 3405 medieatione

2160 3436 2278 3505 ejus
2311 3444 2644 3491 mortuorum
2674 3452 2930 3491 numerus
2951 3437 3181 3492 subinde
3205 3438 3567 3506 decresceret,
3621 3441 3765 3511 apud

2159 3526 2347 3583 Jovem
2403 3529 2628 3584 inStituit
2657 3570 2674 3597 ,
2723 3544 2958 3600 eumque
2996 3529 3064 3586 de
3094 3529 3354 3585 diminuta
3384 3533 3533 3603 regni
3564 3533 3763 3589 inferni

2161 3623 2393 3692 potentia
2422 3623 2707 3678 acetisavit.
2765 3622 2877 3678 lloc
2909 3625 3075 3678 iratus
3123 3623 3335 3692 Jupiter
3368 3625 3613 3680 fulminis
3655 3627 3764 3682 ictu

2159 3719 2526 3787 {Esculapium
2583 3719 2809 3774 necavit.
2852 3723 3237 3790 Πειραευνοένη,
3277 3726 3360 3775 καὶ
3403 3730 3766 3792 κςραιυνώσιντα

2159 3801 2428 3874 Ᾰσιιληπιὸν
2475 3818 2743 3886 θιαφθεῖραι
2780 3833 2798 3865 1
2837 3814 3077 3885 (Diodor.
3108 3815 3275 3870 Sicul.
3306 3816 3394 3870 lib.
3432 3832 3480 3870 Iv
3516 3815 3762 3872 Bibliotlt.

2160 3925 2281 3981 pag.
2313 3909 2474 3981 l90).
2521 3912 2588 3964 At
2623 3909 2776 3964 Plato
2802 3909 2985 3964 scribit
3005 3909 3153 3964 illum
3185 3911 3304 3966 ideo
3332 3910 3551 3967 fulmine
3580 3914 3767 3979 ictum,

2161 4006 2283 4076 quia
2309 4003 2531 4058 avaritia
2561 4018 2802 4073 auroque
2833 4015 3122 4074 corruptus
3142 4045 3156 4069 ,
3187 4021 3206 4054 ‹
3237 4003 3549 4074 opulentum
3575 4021 3765 4074 quem-

2163 4095 2295 4151 dam'
2337 4096 2507 4150 virum
2557 4096 2740 4150 lethali
2783 4095 2974 4150 morbo
3013 4097 3384 4163 laborantem,
3438 4106 3491 4152 et
3529 4099 3768 4153 animam

2168 4202 2413 4262 agentem
2442 4191 2715 4245 curaverit
2742 4208 2760 4242 ι
2791 4187 2989 4261 (Plato.
3022 4190 3110 4244 lib.
3142 4205 3200 4245 111
3225 4190 3288 4244 de
3317 4190 3511 4262 Repnb.
3548 4201 3673 4246 tom.
3711 4192 3765 4247 it.

2166 4298 2284 4352 pag.
2316 4280 2466 4352 408).
2539 4281 2644 4336 Aut
2671 4280 2828 4336 sicuti
2854 4281 3105 4352 Virgilius
3135 4283 3369 4338 cecinit:
3399 4283 3534 4351 Quia
3564 4283 3770 4355 Hippo—

2166 4376 2367 4447 l_vtmn,
2411 4390 2652 4431 noverca:
2683 4390 2796 4430 sme
2837 4385 2952 4431 arte
2982 4376 3219 4430 occisum
3248 4419 3262 4443 ,
3306 4375 3372 4432 ad
3411 4387 3572 4431 vitam
3607 4393 3767 4434 revo-

2167 4470 2374 4525 caverit
2414 4467 2632 4539 (Virgil.
2694 4469 2782 4523 lib.
2838 4484 2911 4522 vn
2965 4467 3182 4523 zEueid.
3250 4486 3295 4524 ι’.
3350 4470 3455 4526 765
3508 4480 3556 4524 et
3604 4471 3769 4542 seqq).

463 4569 537 4624 tio
583 4567 663 4623 sic
711 4575 1092 4637 exponuntur:
1140 4581 1158 4615 ι
1195 4563 1388 4619 Castor
1429 4572 1484 4619 et
1511 4562 1697 4617 Pollux
1747 4562 1875 4618 dum
1928 4563 2059 4618 alie-
2091 4588 2143 4648 Ι)
2174 4562 2373 4619 Eadem
2403 4564 2535 4618 dixit
2567 4562 2832 4618 Pindarus
2867 4563 3115 4619 laudatus
3143 4581 3170 4617 a
3197 4563 3559 4636 Tertulliano,
3589 4569 3771 4624 Arno-

462 4677 560 4718 nas
613 4674 841 4732 Sponsas
889 4659 1128 4728 rapiunt,
1179 4673 1300 4713 esse
1349 4657 1547 4728 gemini
1598 4655 1896 4712 desierunt.
1928 4656 2061 4711 Nam

464 4757 654 4814 dolore
695 4756 908 4827 injuria:
933 4754 1234 4808 concitatus
1281 4751 1398 4806 Idas
1427 4741 1662 4805 alterum
1686 4750 1863 4817 gladio
1887 4760 2066 4806 trans-

462 4851 799 4916 verberavit,
827 4859 880 4903 et
897 4847 1114 4904 eosdem
1139 4855 1310 4916 poeta:
1335 4845 1562 4899 alternis
1606 4844 1786 4899 vivere
1803 4884 1816 4908 ,
1841 4843 2064 4897 alternis

461 4947 596 5002 mori
629 4953 852 5000 narrant
881 4961 900 4996 1
936 4942 952 5011 (
987 4940 1224 4996 Lactant.
1264 4938 1348 4992 lib.
1391 4953 1427 4992 1.
1461 4952 1581 5007 cap.
1635 4936 1723 5003 10,
1758 4953 1872 5006 pag.
1912 4937 2059 5007 150).

461 5037 761 5108 Fingebant
807 5035 953 5092 enim
991 5033 1269 5088 Castorem
1306 5040 1362 5086 et
1395 5031 1698 5090 Pollucem.
1756 5030 1982 5086 Plunbes
2007 5039 2063 5084 et

463 5129 682 5187 Talaita:
709 5128 938 5184 liliarum
965 5127 1366 5198 Leucippi,qnae
1384 5124 1602 5196 Lynceo
1623 5133 1674 5180 et
1702 5123 1803 5178 Idm
1829 5124 2061 5193 despon-

463 5231 596 5280 sata:
645 5221 886 5288 fuerant,
941 5232 1126 5276 amore
1167 5229 1372 5289 captos.
1430 5218 1790 5286 Quamobrem
1814 5216 2004 5272 Castor
2033 5235 2060 5273 a

464 5315 713 5390 Lynceo,
761 5325 820 5369 ut
867 5313 1082 5386 quidam
1119 5321 1419 5380 autumant,
1469 5313 1552 5367 vel
1606 5312 1673 5366 ab
1719 5313 1846 5378 Ida,
1900 5312 1982 5368 vel
2032 5327 2061 5366 a

463 5408 767 5480 Meleagro,
819 5406 903 5462 vel
953 5423 980 5461 a
1025 5406 1296 5472 Policine,
1355 5414 1414 5461 ut
1464 5405 1554 5460 alii
1606 5405 1928 5474 upinantur,
1980 5407 2063 5458 in-

465 5503 721 5560 terfectus
751 5510 854 5557 est.
903 5501 1091 5557 Pollux
1145 5517 1272 5558 vero
1309 5517 1339 5556 a
1381 5501 1513 5558 Jove
1559 5512 1710 5573 patre
1738 5517 1835 5556 suo
1886 5501 2063 5572 petiit,

469 5605 528 5653 ut
568 5595 846 5651 Castorem
902 5594 1302 5650 immortalitate
1357 5594 1602 5649 donaret.
1661 5593 1764 5649 Sed
1811 5593 1859 5648 id
1895 5593 2066 5662 impe-

468 5697 609 5744 trare
658 5701 778 5742 cum
809 5702 915 5741 non
950 5685 1241 5756 potuisset,
1271 5687 1503 5741 obtinuit
1548 5695 1607 5741 ut
1647 5685 2068 5742 immortalitatis

468 5779 747 5840 dimidium
798 5777 923 5848 uni,
951 5786 1007 5834 et
1053 5779 1206 5836 alteri
1247 5779 1526 5837 dimidium
1555 5779 1944 5852 impertiretur.
1975 5779 2067 5838 Al-

2172 4659 2294 4724 bio,
2349 4658 2711 4730 Athenagora.
2767 4658 2858 4728 qui
2921 4659 3213 4714 secundum
3255 4669 3444 4714 testem
3476 4659 3772 4716 llesiodum

2170 4753 2381 4814 accivit,
2442 4767 2472 4804 a
2520 4766 2627 4820 quo
2673 4761 2850 4804 tamen
2906 4750 3456 4807 hominisamortuis
3521 4754 3774 4810 excitatis

2170 4861 2368 4901 nomen
2399 4845 2652 4900 recitatur
2677 4843 3011 4914 (Tertullian.
3035 4845 3303 4918 Apologet.
3334 4858 3455 4917 cap‘.
3488 4847 3576 4904 11,
3608 4858 3654 4902 ct
3677 4848 3766 4904 lib.

2170 4955 2206 4994 n
2237 4939 2303 4992 ad
2333 4935 2549 4992 Nation.
2575 4952 2696 5007 cap.
2732 4938 2796 4992 Η
2823 4953 2838 5001 ;
2872 4938 3060 4992 Arnob.
3093 4939 3180 4993 tib.
3216 4955 3286 5004 tv,
3313 4955 3434 5010 pag.
3463 4941 3589 5008 MS;
3616 4940 3775 4996 Athe-

2157 5051 2288 5104 .nag.
2323 5032 2500 5102 Legat.
2547 5049 2638 5102 pro
2665 5031 2941 5087 Christian.
2997 5050 3117 5105 pag.
3148 5035 3247 5099 53;
3283 5033 3499 5089 Pindar.
3548 5036 3659 5090 Ude
3690 5037 3768 5107 '5).

2173 5127 2389 5196 Legesis
2473 5136 2730 5195 prmterea
2796 5127 3120 5193 Lucianum,
3190 5129 3510 5197 Origeuctn,
3589 5134 3772 5186 Arno~

2173 5218 2338 5274 binm.
2367 5217 2726 5282 Lactantium,
2759 5218 3184 5286 Theodoretum,
3206 5236 3268 5275 ac
3291 5221 3332 5275 si
3358 5237 3522 5293 grave
3547 5239 3652 5277 non
3678 5226 3771 5292 sit,

2172 5328 2291 5382 quze.
2321 5327 2349 5364 a
2376 5312 2531 5365 nobis
2559 5313 2609 5366 in
2641 5312 2910 5382 superiori
2931 5324 3075 5368 tumo
3091 5324 3344 5370 annotata
3377 5325 3500 5370 sunt
3524 5315 3769 5387 (Lucian.

2169 5403 2311 5460 Dial.
2340 5403 2482 5458 deor.
2512 5419 2632 5476 pag.
2658 5405 2748 5461 78.
2783 5405 2929 5478 Orig.
2952 5408 3039 5461 lib.
3066 5423 3122 5462 ιιι
3147 5419 3283 5463 cont.
3332 5410 3464 5464 Cels.
3494 5425 3617 5481 pag.
3646 5409 3770 5478 l25;

2169 5498 2357 5552 Arnob.
2391 5498 2478 5552 lib.
2509 5514 2584 5566 tv,
2617 5514 2734 5570 pag.
2777 5500 2914 5564 M5;
2949 5499 3181 5556 Lactant.
3233 5503 3321 5557 lib.
3355 5519 3369 5557 1
3413 5502 3590 5558 lustit.
3646 5519 3767 5572 cap.

2171 5597 2259 5659 l7,
2295 5594 2520 5666 pag.84;
2549 5593 2851 5650 Theodoret.
2877 5597 3040 5650 Serm.
3078 5597 3131 5659 8.
3153 5597 3217 5651 de
3248 5597 3464 5669 Min-lyr.
3495 5613 3612 5667 pag.
3639 5597 3769 5664 595,

2173 5686 2318 5741 Tom.
2356 5703 2372 5742 1
2403 5688 2597 5758 Appar.
2635 5686 2723 5742 lib.
2755 5703 2836 5752 Ill,
2871 5686 3139 5744 Disseruit.
3166 5705 3203 5754 1,
3237 5704 3353 5759 cap.
3379 5687 3538 5752 9,art.
3569 5692 3620 5743 l.
3647 5703 3766 5760 pag.

2172 5779 2322 5852 751).
2357 5779 2523 5837 Recte
2551 5781 2730 5854 igitur,
2764 5780 3328 5850 Plato,Tertulliauus,
3351 5790 3408 5842 et
3435 5779 3768 5851 Lactantius,
