4034 6320
313 217 417 272 585

1722 222 2186 284 DISSERTATIO.

3503 257 3609 313 586

315 334 384 386 uti
415 346 514 387 suo
567 331 687 388 loco
731 331 1052 397 videbimus,
1095 333 1221 390 inde
1261 347 1382 391 cum
1438 343 1657 394 auctore
1721 350 1905 395 nostro
1932 346 1980 402 A
2009 358 2126 396 rum
2157 342 2302 413 paria
2355 347 2677 418 composuit,
2729 353 2985 410 sauciavit
3037 354 3325 429 Venerem,
3379 363 3602 426 Martem

315 425 641 482 concludunt
687 425 1060 497 [Esculapium
1112 427 1216 482 dici
1265 443 1369 483 non
1397 444 1555 500 posse
1586 430 1680 485 Dei
1709 431 1898 486 filium.

378 518 516 586 Quid
551 519 698 588 plura
721 520 746 572 ?
785 538 803 570 ι
839 519 1116 585 Hercules,
1152 540 1172 572 ι
1217 524 1449 578 auctoris
1479 523 1653 579 adhuc
1711 525 1902 592 nostri,

308 612 636 684 totidemque
660 613 910 686 Cypriani
939 615 1098 670 verba
1118 625 1260 682 sunt,
1293 635 1312 668 ‹
1345 627 1400 672 ut
1423 618 1691 674 hominem
1718 629 1898 685 exuat,

304 704 486 761 Oeteis
509 707 632 778 (ms.
663 706 791 778 Reg.
822 706 1084 776 Henneis,
1122 709 1218 764 sed
1248 710 1410 780 male)
1442 711 1653 783 ignibus
1677 728 1902 769 concre-

303 808 500 855 matur.
543 819 561 853 ι
612 801 719 857 Res
765 811 908 867 tota,
961 818 1056 859 seu
1096 804 1212 860 haec
1249 803 1424 861 fabula
1472 821 1502 861 a
1557 805 1788 863 Diodoro
1818 807 1901 863 Si-

302 897 461 963 culo,
520 913 678 967 quem
735 897 956 954 Servius
1001 899 1273 969 sequitur,
1333 901 1475 956 hunc
1544 911 1792 957 narratur
1844 903 1897 958 in

300 991 542 1046 modum.
594 991 882 1062 Postquam
930 992 1187 1048 Hercules
1239 994 1555 1060 interulam,
1597 994 1898 1065 aDejanira

298 1083 504 1155 philtro
529 1084 807 1152 Centauri,
833 1084 898 1140 ad
919 1085 1209 1157 perniciem
1233 1097 1565 1158 comparato,
1585 1102 1897 1159 perunctam

297 1179 590 1244 induisset,
653 1179 705 1234 in
737 1179 1031 1244 exitialem,
1080 1180 1163 1236 vel
1214 1189 1270 1236 ιιι
1301 1191 1481 1237 narrat
1511 1183 1806 1251 Arnobius,
1844 1186 1895 1240 in

295 1275 623 1330 comitialem
662 1276 909 1330 morbum
957 1276 1137 1331 statim
1189 1277 1394 1331 incidit.
1457 1278 1658 1334 Dehinc
1711 1280 1899 1335 morbo

297 1370 703 1441 ingravescente
722 1407 738 1435 ,
771 1378 826 1424 et
863 1369 1010 1425 omni
1060 1371 1443 1440 recuperandae
1469 1371 1654 1427 salutis
1682 1387 1777 1444 spe
1803 1373 1896 1430 ab-

288 1462 458 1532 jecta,
515 1477 734 1533 pyram,
786 1473 844 1518 ut
891 1463 1148 1534 Delphico
1191 1465 1412 1520 oraculo
1471 1465 1890 1536 obtemperaret,

292 1555 628 1610 conscendit.
659 1555 791 1612 Huic
818 1557 993 1627 ignem
1023 1557 1250 1628 subjecit
1279 1557 1628 1624 Philoctetes,
1661 1576 1893 1632 moxque

291 1647 608 1704 fulminibus
653 1658 791 1706 taeta
847 1651 898 1706 in
945 1651 1156 1706 cineres
1195 1665 1317 1706 cum
1349 1651 1597 1708 Herculis
1662 1670 1892 1724 corpore

2009 434 2198 496 vinxit,
2238 438 2553 502 vulneravit,
2589 441 2803 514 fugavit.
2855 446 3043 505 Jovem
3088 464 3269 510 narrat
3306 471 3336 510 a
3386 458 3606 516 Briareo

2010 524 2314 594 liberatum,
2343 545 2411 586 ne
2433 546 2462 584 a
2485 531 2586 588 diis
2616 536 2826 592 etcteris
2857 538 3128 612 ligaretur,
3161 555 3216 600 et
3235 545 3604 619 Sarpedonem

2009 614 2194 685 filium,
2219 623 2468 690 quoniam
2495 627 2658 680 morti
2702 644 2809 684 non
2849 643 3058 701 poterat
3102 614 3606 708 eripere-cruentis

2005 708 2265 769 imbribus
2305 716 2539 785 ﬂevisse,
2584 730 2638 776 et
2670 720 2786 777 loro
2810 723 3036 784 Veneris
3071 731 3329 803 illectum,
3374 736 3606 811 ﬂagran-

2007 804 2110 860 tius
2142 821 2301 876 quam
2329 811 2382 865 in
2432 813 2705 870 adulteras
2753 818 2948 885 soleat,
3001 837 3122 880 cum
3172 827 3382 886 Juuonc
3438 804 3604 890 uxore

2004 902 2380 959 concumbere.
2409 925 2427 956 ι
2463 907 2661 964 Eadem
2693 912 2869 980 plane,
2891 914 2984 970 sed
3018 918 3135 974 aliis
3164 923 3341 978 verbis
3370 928 3606 997 scripse-

2003 1001 2088 1046 rat
2115 992 2478 1054 Tertullianus
2507 1015 2521 1053 :
2551 1019 2569 1051 ‹
2605 1001 2710 1057 Sed
2739 1019 3031 1064 conversus
3054 1010 3120 1066 ad
3145 1013 3348 1072 litteras
3375 992 3603 1088 vestras,

2004 1085 2196 1155 quibus
2242 1088 2606 1149 informamini
2636 1097 2702 1151 ad
2740 1100 3102 1173 prudentiam,
3134 1117 3189 1161 et
3215 1108 3455 1167 liberalia
3485 1085 3605 1169 olli-

2002 1177 2107 1278 cia,
2139 1191 2335 1250 quanta
2374 1184 2589 1241 invenio
2632 1187 2902 1248 ludibria?
2945 1196 3084 1254 Deos
3111 1200 3248 1257 inter
3277 1220 3336 1260 se
3387 1217 3594 1278 propter

2002 1269 2266 1372 Trojauos
2295 1285 2350 1330 et
2375 1278 2626 1346 Achivos,
2658 1294 2716 1338 ut
2742 1285 3099 1355 gladiatorum
3140 1297 3304 1364 paria,
3348 1269 3603 1372 Cong-rep

2002 1375 2091 1418 sos
2118 1364 2482 1438 depugnasse:
2514 1372 2773 1431 Venerem
2796 1378 3025 1438 humana
3053 1387 3242 1456 sagitta
3273 1364 3560 1448 sauciatam
3587 1413 3603 1462 ;

2000 1455 2224 1514 Martem
2244 1461 2501 1519 tredecim
2525 1469 2800 1526 mensibus
2829 1472 2880 1526 in
2907 1455 3133 1531 vinculis
3153 1495 3287 1548 pene
3313 1455 3604 1558 consump;

2003 1559 2142 1617 tum;
2175 1555 2364 1610 Jovem
2390 1573 2460 1614 ne
2485 1561 2730 1617 eamdem
2761 1565 2865 1620 vim
2889 1582 2918 1620 a
2964 1573 3173 1626 caeteris
3211 1575 3479 1631 etelitibus
3512 1555 3608 1635 ex-

1998 1642 2290 1714 periretur,
2349 1665 2510 1720 opera
2578 1655 2857 1726 cujusdam
2900 1663 3124 1717 monstri
3179 1665 3498 1736 liberatum;
3553 1684 3611 1728 et

290 1741 516 1797 redacta
559 1751 660 1797 εει,
694 1742 884 1798 postea
913 1757 1186 1798 veroo...“
1215 1758 1337 1799 ossa
1386 1745 1526 1800 illius
1560 1745 1758 1802 frustra
1809 1749 1893 1805 ιο-
1926 1758 1974 1818 Β
2005 1753 2146 1794 nunc
2173 1741 2387 1798 flentem
2417 1745 2742 1818 Sarpedonis
2764 1766 2968 1816 casum,
2999 1771 3140 1812 nunc
3155 1757 3299 1816 fcede
3328 1763 3607 1821 subantem

290 1836 413 1892 laus
449 1836 861 1907 conquisivisset
886 1877 901 1902 ,
958 1837 1097 1892 fama
1146 1837 1452 1908 percrebuit
1493 1839 1641 1895 illum
1671 1840 1736 1896 ad
1764 1842 1897 1898 deos

289 1929 636 1985 convolasse.
667 1930 997 2002 Augustinus
1026 1946 1154 1987 vero
1185 1932 1383 1987 indicat
1410 1932 1520 1999 ubi,
1546 1941 1600 1987 et
1627 1950 1733 2006 quo
1763 1945 1896 1991 tctu-

291 2038 428 2094 pore
473 2023 524 2078 id
579 2022 799 2088 factum,
847 2034 899 2079 et
936 2025 1056 2095 quis
1101 2024 1193 2080 ille
1239 2025 1495 2082 Hercules
1544 2027 1724 2082 fuerit.
1759 2028 1895 2085 Tum

292 2115 424 2172 inde
473 2125 531 2171 et
580 2117 646 2172 ad
695 2120 932 2174 auctoris
978 2119 1147 2173 nostri
1196 2129 1429 2174 mentem
1481 2121 1762 2192 apposite,
1822 2123 1893 2178 ita

289 2221 747 2282 argumentatur:
793 2231 811 2263 ι
845 2213 1125 2280 Quomodo
1157 2230 1298 2270 nunc
1353 2215 1568 2286 quidem
1621 2225 1734 2281 est,
1787 2232 1892 2273 non

288 2305 456 2360 video
477 2319 585 2376 quo
617 2317 773 2376 pacto
800 2306 888 2361 ille
931 2307 1222 2373 Hercules,
1275 2308 1357 2363 cui
1390 2309 1440 2362 in
1493 2319 1673 2366 monte
1713 2309 1895 2366 Oetaeo

289 2399 472 2454 allatae
511 2399 784 2470 lampades
814 2399 1057 2469 fuerunt,
1114 2411 1170 2456 ut
1213 2403 1289 2456 ait
1359 2403 1542 2470 Acius,
1574 2404 1624 2457 iu
1676 2404 1894 2460 domum

291 2503 553 2549 attentam
607 2492 803 2562 patris,
835 2491 1016 2554 lovis.
1059 2509 1124 2548 ex
1156 2495 1248 2549 illo
1286 2495 1482 2550 ardore
1509 2496 1830 2565 pervenerit.
1868 2515 1887 2549 ι

291 2587 478 2644 Adisis
504 2587 774 2654 Ovidium,
805 2587 898 2642 lib.
933 2603 986 2642 Ix
1015 2588 1368 2660 Metamorph.
1403 2588 1577 2644 fabula
1606 2591 1659 2654 5;
1685 2589 1895 2659 SOpho-

293 2683 432 2738 clem
461 2683 513 2736 in
547 2680 869 2748 Trachiniis,
898 2689 1031 2736 tom.
1066 2698 1104 2738 ll
1158 2683 1308 2739 Poet.
1334 2682 1533 2750 Graec;
1577 2683 1892 2740 Ciceronem

292 2779 390 2834 lib.
456 2795 492 2832 ιι
552 2777 838 2833 Tusculan.
903 2794 1017 2848 pag.
1067 2779 1205 2844 138;
1265 2777 1525 2834 Senecam
1564 2777 1618 2832 in
1661 2777 1895 2834 Hercule

292 2873 509 2938 Oetaeo;
571 2873 838 2929 Justinum
883 2871 1188 2944 Martyrem,
1238 2871 1466 2942 Apolog.
1511 2887 1565 2937 ι,
1614 2885 1731 2942 pag.
1792 2870 1891 2936 76;

292 2966 715 3038 Athenagoram,
737 2965 920 3038 Legat.
948 2981 1044 3036 pro
1069 2964 1355 3020 Christian.
1387 2980 1503 3036 pag.
1537 2964 1626 3032 55;
1645 2961 1895 3018 Theodo-

291 3072 489 3128 retum,
513 3061 689 3118 Serm.
707 3063 761 3124 5,
776 3061 843 3116 de
859 3060 1204 3132 Angel.,pag.
1232 3059 1359 3122 510,
1379 3070 1433 3116 et
1457 3059 1624 3113 fusius
1643 3058 1889 3115 Sermon.

2003 1831 2055 1885 iu
2085 1848 2348 1903 sororem,
2381 1840 2482 1895 sub
2506 1849 3023 1907 commemoratione
3051 1868 3157 1906 non
3186 1855 3256 1909 ita
3285 1856 3604 1916 dilectarum

1993 1922 2319 2024 jampridem
2377 1934 2668 1991 amicarum
2724 1958 2743 1991 ›
2779 1939 3010 2010 (Tertul.
3043 1944 3286 2019 Apolog.,
3335 1965 3453 2022 cap.
3492 1954 3606 2024 14).

1997 2016 2207 2090 Integra
2236 2023 2446 2080 Minucii
2469 2030 2636 2083 nostri
2668 2046 2731 2086 ac
2757 2033 3073 2090 Tertulliani
3099 2016 3226 2094 loca
3264 2016 3424 2098 simul
3459 2016 3606 2102 retu-

2004 2108 2201 2179 limus;
2227 2123 2337 2170 tum
2360 2119 2484 2187 quia
2522 2122 2624 2177 sibi
2667 2123 2895 2181 invicem
2927 2132 3306 2189 mutuolucem
3335 2136 3602 2207 afferunt;

2002 2209 2114 2256 tum
2146 2207 2268 2275 quia
2299 2208 2436 2264 adeo
2473 2212 2672 2269 similia
2705 2227 2849 2284 sunt,
2881 2227 2939 2274 ut
2969 2237 3062 2276 sua
3108 2223 3372 2284 Minucius
3397 2244 3428 2284 a
3477 2230 3607 2286 Ter-

2002 2295 2222 2351 tulliano
2244 2310 2516 2359 mutuatus
2547 2306 2803 2363 videatur.

2070 2388 2199 2457 Qua:
2221 2403 2398 2449 autem
2428 2395 2792 2456 Tertullianus
2821 2417 2887 2458 ex
2907 2406 3243 2464 ethnicorum
3273 2411 3469 2470 litteris
3506 2432 3603 2486 ge-

2000 2485 2254 2540 neraliter
2285 2497 2510 2559 tantum,
2570 2494 2683 2549 lucc
2733 2495 2992 2554 Minucius
3037 2512 3220 2560 noster
3257 2523 3324 2562 ex
3370 2485 3604 2567 Homero

1999 2577 2316 2651 deprompta
2345 2597 2466 2638 esse
2491 2584 2748 2643 declarat.
2781 2593 2954 2662 Atque
2976 2592 3102 2650 hinc
3129 2595 3474 2669 intelligimus
3507 2618 3603 2660 cur

2000 2670 2098 2739 illi,
2129 2672 2324 2744 aliique
2345 2677 2654 2735 christiana:
2683 2683 2959 2754 religionis
2982 2687 3294 2748 defenspres
3319 2692 3480 2752 hasce
3510 2697 3605 2752 ab-

1999 2763 2362 2834 surdissimas,
2391 2769 2584 2842 visque
2627 2775 2720 2829 ulli
2758 2790 2902 2833 sanan
2924 2785 3120 2837 mentis
3148 2784 3350 2841 homini
3371 2790 3607 2846 credibi-

1999 2853 2078 2910 les
2105 2856 2334 2926 fabulas,
2363 2861 2593 2919 ethnicis
2633 2868 2880 2923 omnibus
2908 2871 2974 2925 ad
3031 2872 3190 2931 falsas
3231 2877 3440 2934 illorum
3479 2883 3604 2939 reli-

1997 2950 2183 3020 giones
2213 2953 2566 3011 destruendas
2589 2958 2906 3028 objecerint.
2935 2963 3104 3020 Tanto
3132 2970 3274 3024 enim
3308 2972 3360 3026 in
3399 2973 3605 3032 honore

1999 3043 2138 3112 apud
2163 3043 2282 3099 illos
2307 3056 2424 3100 erat
2464 3047 2748 3118 Homerus,
2778 3063 2834 3108 ut
2855 3071 3053 3126 pueros
3093 3058 3370 3117 decantata
3411 3065 3479 3120 ab
3509 3067 3606 3123 illo

291 3155 325 3211 3
377 3156 448 3212 de
502 3155 746 3227 Many,”
777 3170 896 3226 pag.
929 3155 1054 3220 595,
1087 3163 1338 3224 elseqqo;
1373 3153 1706 3209 Laclamium
1738 3152 1828 3208 ιη),
1875 3160 1964 3224 ις
1999 3136 2222 3192 deorum
2253 3138 2480 3194 ludibria
2532 3141 2810 3213 docerent,
2845 3148 3040 3218 aliique
3086 3151 3227 3207 illius
3273 3157 3606 3216 carminibus

289 3250 522 3307 lustitut.
547 3251 928 3322 divin.,cap.9;
951 3258 1110 3320 atque
1127 3247 1390 3319 Hyginum
1411 3245 1886 3316 etApollodorum,

289 3345 381 3416 qui
425 3343 494 3400 de
516 3344 598 3399 his
624 3345 852 3415 aliisque
898 3342 1209 3398 memoratis
1239 3339 1519 3412 gentilium
1547 3337 1888 3407 opinionibus

292 3440 442 3511 plura
479 3439 680 3511 scripto
734 3437 1090 3495 tradiderunt.

890 3567 1181 3608 ARTICULUS
1208 3567 1278 3608 IV.

288 3672 389 3730 Cur
417 3691 479 3729 ac
504 3673 754 3744 quomodo
773 3670 1030 3726 Minucius
1051 3673 1282 3725 ostendat
1302 3672 1462 3743 falsos
1483 3684 1589 3725 esse
1609 3668 1887 3723 Gentilium

357 3772 499 3833 deos,
533 3766 767 3822 lectitatis
790 3767 854 3820 ab
883 3763 1112 3820 omnibus
1142 3767 1210 3819 ad
1233 3767 1345 3820 vita:
1367 3779 1662 3829 morumque
1685 3761 1885 3816 institu-

357 3867 544 3920 tionem
601 3862 741 3917 libris
795 3857 1022 3927 Homeri,
1081 3860 1260 3929 quibus
1317 3858 1656 3912 decantantur
1718 3853 1908 3912 Venus.

353 3960 605 4025 sauciata,
662 3956 805 4011 Mars
861 3956 1056 4010 vinctus
1103 3963 1148 4008 et
1197 3952 1521 4016 vulneratus;
1567 3947 1775 4016 Jupiter
1850 3963 1883 4000 a

355 4055 568 4110 Briareo
610 4051 872 4116 liberatus,
925 4047 1275 4121 Sarpedonem
1321 4044 1532 4114 deﬂens,
1590 4042 1886 4112 illectusque

366 4148 570 4204 Veneris
597 4148 726 4211 loro,
761 4143 1008 4200 Hercules
1037 4152 1257 4197 stercora
1297 4153 1524 4211 egerens,
1565 4135 1764 4192 Admeti
1795 4149 1882 4205 pe-

352 4262 444 4300 cus
475 4259 687 4315 pascens
723 4240 928 4311 Apollo,
965 4237 1235 4308 Neptunus
1260 4250 1433 4287 muros
1463 4230 1693 4300 reﬁciens
1743 4227 1880 4283 Lao-

352 4338 624 4402 medontis,
675 4335 868 4406 fulmen
908 4331 1206 4386 Jovibcnm
1244 4325 1432 4382 zEnew
1469 4323 1623 4378 armis
1658 4321 1881 4393 fabrica-

353 4445 482 4500 tum,
512 4431 694 4487 Martis
757 4427 1062 4495 Venerisque
1109 4421 1437 4484 adulterium,
1477 4415 1798 4487 Ganymedes
1849 4429 1881 4465 a

351 4524 479 4578 Jove
519 4528 715 4590 raptus,
744 4533 804 4570 ac
829 4530 981 4586 quam
1007 4511 1184 4566 merito
1219 4506 1470 4562 Homerus
1495 4520 1528 4558 a
1562 4502 1779 4556 Platone
1817 4514 1880 4554 ea:

353 4617 552 4671 civitate
578 4629 670 4668 sua
691 4613 876 4682 ejectus
905 4608 988 4662 sit.

355 4751 611 4824 Deplorat
651 4746 912 4804 Minucius
960 4742 1212 4798 miseram
1256 4750 1475 4809 prorsus
1502 4742 1557 4790 et
1610 4731 1878 4788 infelicem

277 4850 616 4910 ethnicorum
661 4843 1050 4906 conditionem,
1091 4837 1182 4909 qui
1217 4835 1387 4890 aniles
1417 4832 1483 4888 de
1509 4830 1612 4886 diis
1653 4829 1765 4885 suis
1801 4827 1880 4881 fa—

274 4946 431 5004 bulas
459 4959 487 4998 a
519 4941 826 5014 parentibus
849 4935 1046 5001 edocti,
1083 4946 1223 5004 pene
1252 4945 1374 4986 cum
1419 4928 1556 4982 lacte
1599 4931 1875 4981 suxerant.

275 5041 422 5110 Quin
443 5038 600 5094 etiam
627 5033 943 5106 grandiores
972 5027 1118 5093 facti,
1171 5045 1189 5079 ι
1229 5024 1360 5093 ipsis
1391 5021 1583 5078 studiis
1629 5029 1684 5076 et
1712 5018 1876 5075 disci-

273 5135 462 5208 plinis,
497 5151 516 5185 ι
547 5145 641 5186 eas
671 5134 944 5199 poetarum
989 5137 1052 5177 ac
1095 5120 1430 5192 potissimum
1479 5112 1879 5208 Homerididi-

275 5204 468 5287 cerant
493 5221 843 5280 carminibus.
885 5217 944 5272 In
973 5216 1039 5270 iis
1066 5215 1210 5271 enim
1249 5226 1368 5282 quae
1390 5207 1625 5281 jucunda
1657 5207 1758 5262 sibi
1792 5204 1878 5259 vi-

273 5321 562 5384 debantur,
592 5329 796 5371 venena
840 5310 1102 5374 bibentes,
1153 5304 1350 5361 auditis
1389 5301 1611 5358 deorum
1658 5312 1879 5354 suorum

273 5411 513 5485 flagitiis,
564 5422 745 5464 mores
792 5419 918 5459 suos
969 5405 1344 5470 corruperunt.
1394 5393 1530 5464 Quid
1576 5392 1718 5448 enim
1767 5405 1877 5485 non

273 5483 550 5566 fecissent,
571 5500 847 5558 audientes
870 5497 1160 5551 llomcrum
1189 5491 1364 5552 illum,
1395 5497 1455 5543 ut
1484 5487 1558 5541 ait
1587 5483 1875 5549 Minucius,

281 5599 618 5672 «inclytum,
685 5594 977 5659 laudatum,
1043 5595 1377 5651 coronatum,
1415 5604 1433 5635 ›
1493 5582 1560 5638 ab
1629 5578 1878 5635 omnibus

274 5696 514 5772 populis,
542 5693 631 5765 qui
663 5712 681 5743 ι
709 5691 851 5748 bello
876 5687 1072 5744 Troico
1095 5686 1246 5750 deos,
1281 5682 1382 5738 etsi
1415 5679 1570 5772 ludos
1619 5675 1765 5772 facit,
1801 5684 1881 5729 ta-

277 5767 402 5852 men
445 5790 497 5846 iu
531 5785 804 5845 hominum
831 5782 996 5838 rebus
1031 5787 1089 5835 et
1132 5776 1341 5834 actibus
1361 5769 1617 5830 miscuit?
1662 5767 1758 5824 Hic
1787 5781 1881 5824 eo-

762 5879 1043 5959 Ps'rnou.
1090 5871 1202 5936 ΙΙΙ.

1901 4568 1956 4629 D

2002 3247 2020 3279 ‹
2059 3231 2124 3285 ad
2148 3231 2510 3302 prudentiam,
2549 3255 2567 3286 ι
2625 3247 2680 3291 ιιι
2705 3239 2778 3293 ait
2805 3239 3186 3312 Tertullianus,
3225 3266 3244 3298 ‹
3273 3259 3324 3304 et
3361 3249 3604 3310 liberalia

1992 3326 2167 3382 ofticia
2212 3346 2231 3380 ι
2294 3328 2734 3387 informarentnr.
2791 3334 2975 3407 Itaque
3023 3337 3106 3394 his
3145 3356 3174 3394 a
3227 3344 3398 3411 prima
3442 3357 3602 3406 aetate

1990 3418 2201 3487 imbuti,
2233 3429 2507 3494 tantoque,
2539 3426 2612 3479 uti
2645 3427 2922 3496 putabant,
2974 3430 3091 3486 viro
3137 3433 3294 3490 fidem
3339 3437 3600 3512 derogare

1991 3512 2141 3567 nefas
2163 3514 2439 3586 ducentes,
2466 3516 2621 3575 facile
2647 3522 2994 3578 crediderunt
3012 3525 3146 3582 tales
3164 3543 3285 3584 esse
3309 3531 3441 3589 deos
3459 3552 3597 3593 suos

1987 3607 2172 3678 quales
2214 3608 2282 3665 ab
2318 3626 2384 3666 eo
2427 3621 2482 3667 et
2517 3613 2636 3668 aliis
2686 3617 2858 3686 poetis
2903 3617 3030 3686 ficti,
3077 3620 3131 3675 in
3179 3623 3401 3681 theatris
3445 3639 3598 3698 post-

1989 3701 2242 3768 modum,
2287 3717 2350 3758 ac
2377 3706 2669 3776 mysteriis,
2715 3717 2774 3763 ut
2804 3709 2938 3764 infra
2979 3713 3342 3782 ostendemus,
3387 3722 3599 3788 publice

1988 3796 2534 3862 reprmseutabautur.
2565 3799 2925 3867 Quamobrem
2966 3823 2983 3854 ι
3041 3805 3143 3871 his,
3187 3809 3265 3863 ait
3306 3811 3594 3874 Minucius.

1987 3898 2146 3959 atque
2174 3889 2482 3959 lmjusmodi
2509 3893 2802 3964 figmentis,
2830 3906 2884 3951 et
2921 3900 3216 3958 mendaciis
3260 3903 3594 3967 dulcioribus

1987 3994 2400 4052 corrumpuntur
2447 3985 2659 4056 ingenia
2703 4004 3010 4059 puerorum,
3059 4003 3113 4049 et
3168 3995 3355 4054 iisdem
3396 4000 3591 4060 fabulis

1986 4073 2395 4145 iolla-rentibus,
2427 4078 2493 4134 ad
2525 4095 2694 4150 usque
2720 4098 2946 4139 summae
2973 4089 3149 4142 aetatis
3191 4091 3353 4149 robur
3391 4109 3592 4156 consc-

1985 4180 2232 4237 nescunt,
2263 4185 2385 4225 eum
2413 4171 2486 4226 sit
2520 4173 2716 4229 veritas
2756 4175 2934 4241 obvia,
2967 4179 3062 4233 sed
3102 4185 3518 4252 requirentibus.
3561 4211 3580 4244 ι

1986 4261 2067 4317 Ad
2108 4263 2222 4319 hinc
2249 4279 2379 4320 vero
2424 4266 2634 4320 tametsi
2669 4266 2952 4333 Homerus,
2998 4271 3194 4343 aliique
3247 4288 3419 4346 poetae
3477 4292 3582 4337 tam

1985 4355 2213 4412 nefanda
2239 4359 2520 4428 turpiaque
2559 4357 2626 4414 de
2671 4359 2774 4414 diis
2803 4362 3041 4418 carmina
3075 4364 3318 4436 fecerint,
3366 4371 3466 4442 ipsi
3499 4384 3584 4430 ta-

1984 4465 2130 4516 men,
2156 4449 2297 4505 sicut
2326 4453 2400 4504 ait
2422 4452 2772 4522 Augustinus,
2797 4453 3134 4512 ethnicorum
3167 4459 3402 4533 theologi
3432 4467 3583 4523 dice-

1983 4543 2176 4599 bantur
2207 4544 2533 4616 (Augustin.,
2570 4545 2660 4601 lib.
2695 4562 2843 4615 xvnt,
2875 4548 2940 4602 de
2965 4547 3140 4615 Civit.,
3183 4567 3302 4624 cap.
3336 4557 3423 4621 14,
3457 4575 3580 4632 pag.

1982 4634 2135 4708 498).
2168 4635 2284 4692 Non
2310 4639 2501 4692 mirum
2543 4639 2723 4710 igitur,
2761 4641 2804 4694 si
2834 4641 3093 4700 Minucius
3130 4657 3334 4716 noster,
3376 4652 3577 4724 aliique

1982 4731 2329 4786 vetustiSsimi
2363 4733 2621 4788 Ecclesiae
2662 4733 2848 4791 Patres
2898 4736 3036 4793 hanc
3085 4739 3298 4798 Homeri
3345 4758 3576 4803 cmtero-

1981 4839 2211 4892 rumque
2241 4831 2518 4894 poetarum
2552 4829 2950 4896 auctoritatem,
2989 4828 3116 4886 licet
3157 4832 3395 4890 ridiculis
3442 4837 3580 4895 adeo

1981 4913 2176 4971 fabulis
2207 4916 2499 4984 fundatam,
2529 4919 2672 4974 serio
2694 4919 2997 4991 saepiusque
3028 4923 3422 4996 profligaverint
3451 4971 3464 4985 .

2053 5010 2187 5076 Quia
2226 5026 2355 5065 vero
2402 5010 2662 5068 Minucius
2686 5021 2740 5066 ct
2792 5013 3152 5070 Tertullianus
3199 5017 3419 5076 Homeri
3478 5039 3579 5081 nec

1981 5105 2168 5162 libros.
2194 5120 2293 5160 nec
2321 5106 2456 5173 loca,
2496 5105 2584 5160 ubi
2613 5107 2728 5160 haac
2754 5122 2875 5176 quae
2917 5118 3154 5171 narrant,
3203 5113 3400 5184 scripta
3435 5116 3576 5187 sint,

1980 5201 2302 5266 citaverunt,
2345 5199 2515 5254 nostri
2569 5199 2772 5254 idcirco
2821 5199 2982 5254 officii
3033 5216 3154 5256 esse
3196 5203 3464 5272 duximus,
3514 5226 3580 5268 ea

1981 5291 2293 5362 singillatim
2325 5290 2583 5356 indicare,
2616 5292 2860 5361 aliosque
2912 5293 3211 5363 appellare,
3243 5298 3460 5367 quibus,
3509 5318 3579 5358 au

1981 5383 2230 5439 similiter
2258 5383 2563 5445 laudantur,
2594 5383 3114 5440 autconfirmautur.
3148 5387 3222 5442 De
3254 5388 3463 5447 Venere
3485 5409 3582 5450 au-

1982 5487 2088 5534 tem
2147 5478 2403 5544 sauciata,
2449 5478 2700 5532 uitnirttm
2740 5494 2768 5533 a
2823 5479 3098 5545 Diomede,
3147 5483 3288 5554 quod
3347 5487 3582 5556 primum

1983 5571 2245 5626 Minucius
2275 5579 2558 5633 memorat,
2590 5571 2725 5626 illud
2770 5573 2993 5642 legimus
3034 5574 3085 5628 in
3135 5578 3318 5645 quinta
3363 5579 3583 5638 Homeri

1982 5664 2133 5721 Iliad.
2163 5681 2217 5720 v.
2247 5665 2373 5732 555,
2397 5674 2450 5719 et
2473 5679 2625 5734 seqq.
2673 5663 3001 5735 citatumque
3038 5665 3135 5721 fuit
3163 5683 3191 5721 a
3220 5668 3462 5738 Platone,
3488 5674 3584 5730 lib.

1980 5779 2034 5822 ιχ
2092 5761 2345 5833 Sympos.
2397 5758 2683 5828 Quaest.4,
2732 5774 2852 5832 pag.
2903 5759 3047 5826 759;
3090 5758 3344 5833 Virgilio,
3396 5764 3494 5822 lib.
3553 5784 3592 5830 ιι
