4038 6308
519 253 627 310 587
1778 252 1867 310 DE
1888 251 2099 312 MINUC

2210 254 2489 318 )CTAVIO
3682 275 3766 336 588

517 369 732 428 1Eucid.
760 386 818 426 v.
849 370 987 441 277;
1019 369 1229 427 Justino
1266 369 1520 443 Martyre,
1550 368 1771 425 Cobort.
1822 372 1890 427 ad
1945 371 2121 429 Grrcc.
2150 375 2201 437 Α
2228 393 2290 432 ex
2314 378 2424 449 jam
2461 380 2644 444 citato,
2678 390 2733 435 et
2765 380 2869 436 alio
2900 381 3182 454 Augustini
3208 382 3328 441 Ioco
3353 382 3445 441 lux
3470 385 3627 459 aliqua
3653 405 3765 459 pra)-

518 480 641 536 pag.
672 466 730 532 5;
760 465 1120 537 Athenagora,
1152 464 1338 534 Legat.
1386 478 1484 533 pro
1517 462 1834 530 Christian.,
1876 480 1994 536 pag.
2026 464 2119 530 2I;
2226 468 2352 523 ferri
2385 480 2559 541 potest
2590 471 2696 539 bis,
2726 488 2845 543 quae
2872 473 2939 530 de
2965 475 3152 530 eadem
3201 475 3461 546 Apollinis
3503 482 3723 539 servitute
3743 500 3768 540 ι

516 555 794 612 Clemente
844 556 1230 621 Alexandrino,
1249 554 1522 609 Admonit.
1552 553 1619 609 ad
1660 552 1861 617 Graec.,
1892 556 2120 627 pag.23;
2222 560 2503 619 Clemente
2534 565 2902 621 Alexandrino
2933 569 3150 639 scriptis
3196 570 3387 626 tradita
3437 571 3550 627 alibi
3589 586 3771 631 annota-

514 650 832 718 Athauasio,
864 651 1016 706 Orat.
1048 662 1224 705 contr.
1253 648 1453 715 Grate.,
1486 648 1513 721 §
1548 648 1632 716 12,
1668 650 1786 721 pag.
1834 650 1957 705 112.
2224 654 2398 709 vimus
2428 654 2608 725 (Tum.
2642 673 2657 711 ι
2687 658 2963 729 Apparat.,
3025 659 3120 716 lib.
3168 676 3245 728 ιιι,
3276 660 3485 717 dissert.
3506 662 3558 731 2,
3579 678 3679 737 cap.
3699 666 3768 736 14,

590 745 664 799 De
692 740 860 799 Marte
885 744 1046 799 etiam
1078 741 1256 798 vincto
1282 751 1337 797 et
1369 742 1648 798 vulnerato
1677 742 1817 813 quod
1860 742 2122 798 Minucius
2224 755 2327 800 art.
2364 747 2415 809 1.
2447 763 2566 820 pag.
2603 749 2787 822 1090).

515 839 775 907 narravit,
807 837 1147 894 decantatum
1180 836 1427 892 invenies
1461 834 1649 893 eadem
1694 837 1913 893 Homeri
1956 836 2122 892 Iliade
2294 837 2475 911 Pergit
2526 841 2805 911 Minucius,
2863 842 3203 919 ethnicisque
3246 850 3575 921 exprobrat:
3617 851 3772 913 «Jovis

510 949 564 988 ν.
600 932 730 1001 585,
763 941 817 989 et
846 948 998 1004 seqq.
1039 932 1108 989 de
1136 948 1241 1003 quo
1291 932 1454 989 etiam
1510 930 1767 988 Clemens
1814 930 2117 987 Alexandr.
2222 930 2425 989 fulmen
2473 950 2594 991 cum
2646 934 2837 994 Encas
2884 942 3051 997 armis
3097 942 3150 997 in
3198 943 3392 1000 incude
3430 943 3769 1005 labricatumn

509 1028 918 1084 etAtbanasius
944 1027 1123 1083 citatis
1149 1028 1303 1095 locis,
1333 1043 1399 1084 ac
1422 1026 1713 1099 Gregorius
1748 1025 2120 1083 Nazianzenus
2223 1025 2448 1083 Vulcani
2498 1028 2567 1085 de
2612 1030 2807 1089 incude
2843 1035 3029 1105 procul
3088 1035 3252 1091 dubio
3295 1037 3544 1107 loquitur.
3598 1042 3659 1097 At
3691 1041 3773 1099 IIo-

508 1121 661 1177 Orat.
712 1120 768 1188 5,
807 1128 982 1178 contr.
1013 1120 1307 1187 Julianum,
1340 1134 1459 1193 pag.
1486 1119 1615 1190 258,
1642 1127 1697 1177 et
1733 1120 1883 1176 Orat.
1910 1122 1964 1188 4,
1995 1135 2115 1192 pag.
2222 1134 2405 1176 merus
2434 1130 2616 1178 narrat
2646 1124 2918 1195 quomodo
2952 1127 3004 1182 in
3034 1127 3124 1184 illa
3176 1128 3320 1185 idem
3369 1129 3645 1200 Vulcanus,
3690 1148 3774 1191 non

506 1214 631 1271 503.
2222 1210 2416 1268 {Eueae
2440 1213 2683 1283 quidem,
2706 1215 2803 1272 sed
2834 1219 3062 1275 Achillis
3090 1236 3241 1275 arma
3272 1220 3606 1280 fabricaverit
3627 1223 3774 1297 (Hom.

526 1306 787 1366 OCeciuit
820 1308 997 1365 adhuc
1031 1308 1322 1376 Homerus,
1374 1324 1534 1381 quem
1576 1308 1838 1365 Minucius
1890 1307 2119 1365 subinde
2222 1302 2384 1358 Iliad.
2432 1322 2581 1375 xvm,
2618 1324 2671 1360 v.
2706 1309 2812 1365 454
2853 1316 2909 1367 et
2958 1312 3157 1385 seqq.).
3218 1311 3475 1386 Expende
3501 1316 3646 1387 igitur
3677 1335 3777 1376 num

504 1412 674 1467 notat,
705 1404 893 1461 Jovem
923 1421 952 1460 ε
984 1404 1208 1460 Briareo
1236 1404 1540 1472 liberarum,
1565 1403 1729 1460 Iliade
1762 1419 1801 1467 ι,
1828 1419 1880 1457 ν,
1910 1402 2037 1466 399,
2065 1410 2120 1459 et
2221 1410 2408 1454 auctor
2435 1410 2622 1456 noster
2641 1402 2712 1457 ibi
2745 1418 2851 1459 non
2874 1405 3049 1462 solum
3081 1406 3146 1462 ad
3177 1406 3468 1466 Homerum
3497 1412 3773 1483 respexerit,

499 1511 680 1568 seqq.;
729 1496 801 1553 de
867 1514 975 1569 quo
1012 1509 1194 1568 postea
1244 1497 1487 1553 Justinus
1539 1497 1740 1569 Martyr
1782 1494 2004 1553 Cobort.
2050 1495 2117 1551 ad
2219 1492 2313 1546 sed
2353 1493 2515 1548 etiam
2546 1493 2613 1550 ad
2641 1495 2949 1569 Virgilium,
3001 1501 3091 1571 qui
3125 1502 3339 1571 quidem
3384 1504 3575 1559 cecinit
3615 1504 3777 1561 Vulca-

408 1568 449 1587 ”’
498 1588 700 1657 Graec,
725 1605 847 1662 pag.
879 1568 936 1656 ‘5;
972 1599 1029 1646 ct
1045 1591 1263 1647 Servius
1288 1591 1339 1645 iu
1368 1591 1462 1646 lib.
1490 1606 1544 1646 vr
1584 1568 1804 1646 Eneid.
1831 1605 1955 1662 pag.
1984 1588 2113 1645 415.
2220 1598 2345 1638 num
2377 1584 2709 1657 Cyclopibus
2750 1568 2988 1647 fulmina
3018 1568 3156 1649 Jovi
3176 1592 3577 1660 fabricantibus,
3614 1611 3780 1668 praece-

570 1683 777 1739 Debinc
809 1700 939 1740 vero
968 1685 1110 1756 apud
1142 1685 1392 1741 eumdem
1436 1683 1727 1740 Homerum
1779 1683 1942 1739 Iliade
2000 1700 2101 1750 xvi1

2221 1678 2384 1747 pisse,
2443 1691 2505 1739 ut
2561 1682 2625 1737 iis
2677 1683 2882 1741 relictis
2933 1702 3080 1742 arma
3127 1703 3245 1758 qua:
3303 1688 3485 1745 Venus
3548 1690 3779 1761 poscebat,

495 1790 552 1829 v.
599 1774 727 1841 667,
768 1786 824 1832 et
877 1791 1029 1848 seqq.
1073 1776 1124 1832 id
1166 1775 1427 1847 reperies,
1466 1774 1607 1846 quod
1653 1775 1720 1831 de
1761 1776 1950 1832 eodem
1980 1775 2114 1832 Jove
2144 1783 2192 1843 Β
2222 1771 2411 1829 ΛΕιιρκ
2436 1774 3029 1851 coniicerent(VirgiI.,
3056 1779 3148 1836 lib.
3181 1797 3293 1837 vni.
3325 1779 3565 1851 1Eneid.,
3605 1799 3654 1842 v.
3680 1780 3783 1855 ηε,

496 1880 552 1925 et
593 1869 911 1940 Sarpedone
958 1880 1142 1926 narrat
1202 1886 1307 1926 non
1363 1870 1537 1926 solum
1592 1870 1873 1936 Minucius,
1926 1885 2112 1926 verum
2219 1876 2273 1923 et
2297 1868 2509 1940 seqq.).

496 1963 656 2019 etiam
686 1965 1077 2035 Athenagoras.
1105 1964 1290 2035 Legat.
1323 1979 1421 2035 pro
1464 1962 1757 2019 Christian.
1784 1978 1902 2034 pag.
1932 1963 2025 2028 21,
2060 1971 2115 2019 et
2292 1959 2362 2016 At
2388 1960 2810 2031 deprehensum,
2837 1966 2995 2022 sicuti
3028 1966 3205 2024 adhuc
3227 1966 3494 2027 Minucius
3522 1974 3689 2026 noster
3720 1969 3783 2025 Io-

500 2055 751 2112 Clemeus
778 2055 1191 2122 Alexandrinus,
1242 2054 1462 2111 Coltort.
1495 2055 1561 2109 ad
1610 2054 1811 2124 Grazc.;
1842 2071 1872 2110 a
1920 2056 2115 2127 quibus
2217 2052 2432 2122 quitur,
2467 2055 2535 2109 ab
2563 2055 2827 2126 Vulcano,
2883 2059 3066 2115 Martis
3117 2070 3172 2115 et
3222 2059 3452 2118 Veneris
3507 2062 3784 2118 adulterium

495 2151 604 2207 duo
636 2151 854 2208 Homeri
881 2151 1117 2206 carmina
1151 2149 1467 2220 transcripta
1501 2159 1645 2204 sunt.
2219 2145 2486 2205 Homerus
2509 2159 2565 2204 et
2590 2150 2816 2207 Ovidius
2835 2164 3191 2212 cantaverant
3227 2154 3477 2231 (Homer.
3510 2154 3714 2231 Odysse.
3739 2152 3782 2223 8,

577 2243 816 2314 Denique
843 2243 911 2299 de
934 2243 1051 2299 loro
1085 2260 1180 2300 seu
1210 2243 1445 2315 cingulo,
1478 2259 1585 2313 quo
1613 2242 1819 2307 Venus,
1868 2241 2007 2297 sicut
2035 2243 2113 2296 ait
2218 2254 2268 2293 v.
2301 2240 2442 2307 267;
2468 2242 2647 2310 Ovid.,
2685 2245 2778 2300 lib.
2807 2261 2845 2301 ιι
2899 2246 2967 2302 de
2999 2248 3116 2303 Art.
3171 2251 3388 2305 amand.
3426 2260 3545 2307 ante
3595 2249 3717 2321 lin).
3740 2247 3785 2306 Si

502 2346 691 2393 auctor
718 2346 923 2405 uoster,
956 2335 1144 2392 Jovem
1184 2336 1381 2400 illexit,
1413 2345 1721 2391 cantantem
1761 2334 1948 2390 audies
1994 2334 2107 2389 Ho-

492 2448 699 2488 merum
730 2431 879 2487 Iliad.
908 2446 1032 2499 xiv,
1065 2447 1118 2486 v.
1163 2430 1271 2488 201
1298 2440 1351 2485 et
1394 2445 1546 2501 seqq.
1586 2430 1880 2500 Gregorius
1928 2441 2108 2485 autem

490 2526 858 2582 Nazianzenus
887 2524 1015 2580 illud
1048 2525 1102 2580 in
1132 2524 1403 2592 ethnicos,
1458 2525 1616 2579 sicuti
1647 2524 1934 2592 Minucius,
1984 2540 2107 2580 ver-

492 2623 555 2677 tit
580 2620 730 2678 Orat.
762 2622 818 2686 ‘5,
850 2620 1112 2675 adversus
1136 2619 1438 2697 Julianum,
1473 2634 1595 2689 pag.
1636 2618 1760 2674 258.
1795 2617 2008 2673 Videsis
2038 2618 2111 2673 ibi

495 2721 650 2769 notas
679 2712 842 2777 Billii,
884 2712 975 2783 qui
1004 2711 1161 2783 hujus
1199 2722 1371 2782 pectre
1396 2712 1658 2779 carmina,
1700 2711 1767 2767 de
1800 2710 1893 2766 illo
1926 2709 2105 2767 Vene-

490 2806 569 2863 ris
589 2806 726 2873 loro,
757 2804 938 2861 latinis
962 2805 1213 2861 versibus
1239 2802 1495 2859 reddidit.

563 2899 678 2972 Age
703 2915 851 2967 vero,
884 2908 1044 2969 atque
1068 2898 1170 2953 alia
1191 2898 1469 2953 videamus
1503 2912 1608 2951 non
1639 2896 1817 2953 minus
1843 2897 2095 2967 absurda,

491 2994 611 3049 aliis
650 2993 852 3063 pariter
878 2991 1098 3046 Homeri
1152 2991 1398 3046 versibus
1419 2989 1574 3063 haud
1604 2990 1769 3047 dubie
1807 2990 2097 3062 descripta,

488 3100 607 3156 qua:
650 3082 913 3139 Minucius
943 3098 1049 3138 non
1074 3080 1375 3152 designavit
1409 3103 1421 3139 ;
1474 3100 1496 3133 ‹
1534 3068 1814 3150 Hercules,
1852 3103 1871 3136 ι
1906 3084 2100 3155 inquit,

2216 2331 2455 2388 Luciano
2508 2344 2687 2390 autem
2729 2336 3022 2405 credimus,
3074 2340 3303 2397 saltator
3339 2342 3557 2413 quidam
3616 2356 3702 2412 per
3740 2356 3786 2396 se

2214 2425 2334 2481 sine
2361 2428 2675 2498 strepitibus
2701 2438 2757 2485 et
2785 2430 2950 2497 tibiis,
2993 2434 3089 2489 scd
3130 2435 3273 2490 saltu
3324 2445 3529 2492 tantum
3571 2451 3630 2492 ac
3666 2444 3786 2505 gestu

2216 2518 2352 2574 illud
2388 2523 2652 2577 nefarium
2677 2523 2906 2579 deorum
2933 2526 3255 2584 adulterium
3286 2532 3554 2601 expressit
3580 2530 3784 2601 (Lucian.

2214 2610 2283 2666 de
2312 2612 2503 2679 Saltat,
2537 2630 2659 2687 pag.
2692 2617 2840 2690 515).
2874 2618 3003 2675 Inde
3029 2621 3197 2677 Porro
3223 2621 3481 2680 Clemens
3510 2621 3785 2680 Alexandri-

2212 2720 2313 2759 nus
2355 2705 2567 2763 dicebat
2600 2729 2614 2763 :
2644 2705 2880 2782 rimam
2932 2714 3007 2769 ἔπ’
3028 2701 3145 2785 ίρει
3170 2722 3568 2788 κατῃσχυμμξνη,
3602 2714 3788 2772 «Venus

2211 2810 2432 2870 prepter
2479 2803 2702 2860 Martem
2760 2814 2844 2861 est
2894 2808 3097 2877 probro
3132 2818 3190 2865 et
3240 2810 3512 2867 dedecore
3556 2810 3781 2866 auecta.»

2212 2896 2288 2953 De
2304 2914 2370 2954 eo
2392 2899 2660 2956 Arnobius
2682 2910 2738 2958 et
2757 2902 3089 2972 Lactantius,
3115 2906 3191 2960 uti
3222 2920 3323 2961 nos
3350 2906 3491 2962 infra
3518 2905 3785 2963 notabimus

2209 2990 2406 3064 (Clem.
2433 2994 2588 3049 Alex.
2607 2995 2883 3051 Adiuonit.
2908 2998 2974 3052 ad
3005 3009 3151 3070 gent.
3179 3014 3303 3072 pag.
3328 2999 3427 3056 21.
3461 2999 3720 3055 Dissertat.
3743 2998 3785 3051 in
3827 3002 3831 3006 '

2209 3087 2437 3151 Arnob.,
2456 3102 2575 3157 cap.
2592 3087 2680 3157 10,
2711 3099 2815 3145 art.
2846 3091 2901 3159 1,
2924 3100 2979 3146 et
3000 3093 3051 3147 in
3070 3091 3340 3160 Lactant.,
3356 3106 3484 3164 cap.
3507 3093 3594 3157 51,
3611 3099 3702 3147 art.
3724 3091 3785 3160 1).

496 3194 518 3230 ι
560 3185 799 3232 stercora
852 3175 1042 3247 egerit,
1089 3184 1143 3230 et
1173 3176 1365 3246 Apollo
1413 3175 1644 3230 Admeto
1690 3190 1853 3246 pecus
1906 3178 2109 3249 pascit,
2138 3182 2184 3246 C
2288 3179 2570 3235 Postremo
2600 3182 2740 3252 apud
2773 3182 3066 3240 Homerum
3108 3186 3322 3257 legitur,
3351 3185 3503 3256 quod
3538 3186 3611 3240 ait
3649 3182 3788 3239 Iliun-

491 3270 843 3327 Laomedonti
898 3284 1081 3324 muros
1130 3267 1407 3340 Neptunus
1436 3269 1685 3324 instituit.
1723 3288 1741 3322 ι
1774 3274 1844 3325 At
1878 3273 2096 3341 quintus
2200 3277 2357 3333 eius:
2391 3293 2411 3329 ‹
2448 3276 2503 3331 1η
2534 3275 2913 3347 Ganimedem,
2960 3278 3107 3335 Jovis
3143 3290 3417 3351 stuprum,
3444 3279 3583 3338 cmlo
3627 3292 3785 3334 conse-

491 3381 522 3422 a
549 3364 786 3420 Diodoro
810 3363 995 3419 Sicqu
1016 3362 1331 3433 perhibetur
1359 3360 1606 3417 Ilerculis
1629 3360 1803 3430 labor,
1838 3379 1944 3434 quo
1983 3369 2094 3419 Au-

2210 3382 2426 3427 cratum.
2465 3392 2484 3425 ι
2526 3373 2593 3428 Et
2639 3384 2785 3430 certe
2837 3375 3129 3431 Pausanias
3180 3391 3196 3430 τ
3244 3357 3371 3431 ἐστι
3403 3380 3457 3430 δὲ
3503 3369 3670 3446 ὀμῆρῳ
3716 3390 3785 3428 κιο

490 3460 591 3530 giae
631 3457 775 3529 regis
830 3455 1100 3511 stabulum
1150 3456 1478 3511 stercoribus
1524 3456 1787 3527 purgavit.
1840 3456 2095 3512 Pluribus

2210 3474 2473 3535 ποιημὲνα,
2512 3474 2572 3528 ὡς
2597 3472 2861 3539 ἁρπασθείη
2875 3494 2926 3524 τε
2949 3476 3041 3525 ὑπὸ
3062 3479 3171 3527 θεῶν
3188 3474 3475 3539 Γανυμῑδης
3498 3473 3785 3540 smmum.

493 3549 609 3605 hinc
636 3550 725 3606 ille
753 3549 1006 3620 explicat,
1057 3565 1161 3604 non
1207 3563 1363 3604 secus
1407 3564 1471 3604 ac
1518 3549 1832 3617 Pausanias,
1889 3551 2099 3607 Natalis
2208 3578 2226 3611 ι
2265 3560 2528 3617 Homerus
2568 3563 2899 3619 carminibus
2943 3563 3217 3618 mandavit
3251 3564 3364 3619 suis
3406 3572 3616 3634 raptum
3642 3577 3669 3615 a
3702 3559 3785 3615 diis

491 3644 688 3701 Comes
736 3654 790 3700 et
835 3645 926 3700 alii
973 3644 1113 3701 bene
1151 3645 1305 3701 multi
1351 3645 1617 3718 (Diodor.
1671 3646 1868 3717 Sicul.,
1919 3649 2012 3706 lib.
2046 3666 2098 3706 IV
2203 3652 2591 3725 Ganymedem,
2625 3653 2743 3709 Jovi
2772 3664 2829 3710 ut
2854 3656 3040 3724 pocula
3084 3655 3441 3722 ministraret,
3478 3670 3576 3726 pro
3599 3668 3659 3709 eo
3681 3665 3784 3708 vero

489 3736 762 3804 Biblioth.,
811 3746 932 3809 pag.
981 3738 1108 3804 151,
1152 3747 1205 3792 et
1232 3753 1409 3809 seqq.;
1459 3739 1715 3808 Pausan.,
1750 3741 1841 3797 lib.
1872 3758 1927 3809 v,
1976 3759 2095 3815 pag.
2203 3761 2372 3815 equos
2410 3746 2560 3815 Troi,
2591 3767 2609 3800 ι
2655 3748 2771 3819 ejus
2800 3748 3006 3803 scilicet
3041 3749 3205 3818 patri,
3241 3767 3259 3799 ι
3293 3748 3453 3805 datos
3484 3769 3507 3802 ι
3550 3748 3781 3821 (Minue,

490 3832 645 3904 118).
701 3831 835 3887 Vide
861 3841 1041 3888 autem
1075 3839 1251 3887 utrum
1290 3842 1479 3888 auctor
1527 3844 1710 3890 uoster
1762 3836 1830 3891 ad
1880 3836 2099 3894 Homeri

489 3926 642 3984 Iliad.
672 3944 726 3995 ιι,
753 3941 811 3981 v.
842 3925 968 3992 095,
997 3936 1050 3981 et
1080 3941 1233 3998 seqq.
1257 3926 1547 3983 collincare
1572 3928 1822 3984 voluerit.

563 4022 747 4094 Longe
794 4031 974 4077 autem
1017 4020 1216 4077 clarius
1252 4020 1345 4076 ille
1388 4022 1585 4077 cecinit
1651 4032 1978 4080 memoratos
2033 4027 2100 4081 ab

492 4130 714 4175 auctore
757 4126 944 4171 nostro
988 4115 1316 4187 Apollinem,
1349 4114 1439 4185 qui
1486 4130 1648 4185 pecus
1680 4117 1824 4186 pavit
1853 4117 2098 4183 Admeti;

492 4220 550 4268 et
590 4210 919 4281 Neptunum,
970 4209 1058 4280 qui
1104 4208 1340 4278 Trojano
1367 4208 1717 4264 Laomedonti
1764 4225 1945 4267 muros
1970 4227 2103 4267 con-

491 4305 707 4361 struxit.
742 4302 983 4358 Primum
1035 4303 1315 4357 enimvero
1359 4302 1593 4358 occurrit
1652 4302 1817 4360 Iliade
1869 4305 2102 4361 secunda

493 4412 551 4453 v.
587 4396 696 4452 780
727 4406 782 4452 et
808 4409 1002 4466 seqq.;
1029 4393 1324 4450 secundum
1346 4411 1475 4451 vero
1522 4395 1686 4452 Iliade
1713 4413 1821 4464 xxi,
1871 4414 1924 4454 v.
1972 4399 2102 4469 415,
2212 4402 2303 4459 lib.
2336 4420 2377 4467 1,
2416 4417 2469 4456 ν.
2511 4400 2638 4456 516.

492 4503 628 4561 quas
660 4486 951 4544 Pausanias
978 4487 1177 4542 citasse
1202 4487 1399 4558 legitur
1430 4486 1706 4560 (Pansam,
1734 4490 1828 4545 lib.
1860 4508 1952 4557 vn,
1985 4508 2101 4563 pag.
2283 4496 2360 4551 Ex
2386 4505 2492 4552 tota
2519 4511 2683 4566 porro
2723 4496 2811 4551 illa
2838 4496 3074 4552 auctoris
3100 4493 3273 4550 nostri
3325 4490 3780 4566 argumentatione,

489 4580 643 4655 226).
674 4581 751 4636 De
781 4588 1013 4649 utroque
1042 4586 1221 4634 autem
1254 4581 1521 4649 Apolline,
1558 4590 1609 4636 et
1634 4580 1885 4652 Neptuno
1913 4584 2100 4642 Lucia-
2126 4586 2180 4647 D
2207 4591 2358 4647 vides
2381 4606 2513 4647 sane
2541 4606 2700 4662 quam
2735 4591 2928 4647 merito
2970 4590 3071 4661 ipsi
3111 4590 3367 4662 probetur
3402 4588 3662 4646 sententia
3686 4585 3783 4641 Pla-

491 4689 618 4743 nus,
643 4673 713 4729 de
740 4671 1030 4729 Sacrificiis
1053 4687 1172 4741 pag.
1219 4671 1343 4727 188.
1378 4673 1647 4728 Arnobius
1674 4674 1768 4729 Iib.
1807 4691 1860 4729 ιν
1890 4680 2103 4733 advers.
2207 4686 2366 4751 tonis,
2398 4686 2486 4756 qui
2518 4685 2830 4752 Homerum,
2869 4684 3152 4756 inclytum,
3182 4692 3241 4739 ut
3268 4683 3532 4749 diximus,
3569 4700 3589 4734 ‹
3632 4676 3783 4734 lauda-

490 4767 674 4834 Gent.,
702 4780 822 4836 pag.
864 4763 990 4830 144;
1027 4764 1335 4820 Lactantius
1362 4765 1451 4821 lib.
1489 4783 1529 4831 ι,
1576 4782 1693 4837 cap.
1748 4767 1857 4838 10;
1894 4769 2101 4827 Tertul-

2210 4787 2319 4833 lum
2356 4788 2410 4834 et
2440 4786 2779 4841 coronatum,
2818 4794 2838 4828 ι
2889 4791 2996 4848 quo
3034 4775 3198 4833 etiam
3241 4776 3408 4831 verbo
3455 4771 3784 4831 Tertullianus

486 4859 662 4914 lianus
689 4857 943 4927 Apolog.,
987 4869 1106 4927 cap.
1148 4857 1237 4922 14;
1261 4854 1581 4928 Cyprianus,
1616 4859 1708 4915 lib.
1736 4861 1804 4917 de
1833 4862 2098 4919 idolorum
2204 4888 2332 4927 usus
2355 4881 2455 4939 est,
2487 4882 2706 4943 propter
2728 4871 2815 4926 illa
2834 4870 3166 4925 exsecranda
3187 4868 3641 4939 detestabilian
3662 4875 3784 4919 eum

490 4949 1596 5021 Ἶιιιιῑιειιειιθε-11;Αυὲιιειίιιυεο¹ίί)ιιιι
1650 4953 1716 5009 σε
1741 4955 1929 5025 Οἱνῖῐ·,
1978 4973 2096 5029 031)-
2204 4978 2385 5022 menta
2442 4982 2472 5022 e
2504 4967 2722 5021 civitate
2765 4979 2862 5019 sua
2929 4964 3110 5034 ejecit,
3176 4972 3447 5031 tamquam
3498 4958 3785 5017 licentitect

489 5044 559 5111 2,
590 5052 644 5099 et
673 5043 765 5100 lib.
796 5058 944 5111 xmi,
995 5058 1116 5114 cap.
1165 5044 1270 5109 1‘5;
1303 5044 1526 5103 Servius
1561 5046 1611 5100 in
1652 5047 1745 5103 lib.
1783 5065 1859 5104 ιιι.
1900 5049 2097 5123 Georg.
2203 5061 2495 5133 impietatis
2533 5059 2869 5130 magistrum,
2913 5066 2973 5112 ut
3012 5058 3087 5111 ait
3126 5055 3529 5121 Theodoretus,
3559 5052 3639 5108 vel
3667 5060 3783 5103 tant-

490 5137 696 5208 Virgilii
731 5152 787 5191 v.
810 5137 845 5191 2
865 5179 878 5203 ,
913 5146 1074 5203 atque
1102 5137 1154 5191 in
1185 5136 1609 5206 Iib.1.1Eneid.,
1639 5156 1690 5195 v.
1718 5142 1841 5210 554;
1875 5142 2098 5202 Vossius
2202 5171 2360 5224 quam
2386 5156 2681 5225 jnveututis
2711 5161 2941 5224 pestem,
2977 5152 3115 5206 sicut
3143 5150 3404 5220 Origenes
3442 5156 3591 5204 recte
3615 5142 3780 5215 arguit.

491 5231 585 5289 lib.
618 5247 637 5287 ι
666 5230 733 5286 de
782 5229 929 5301 Orig.
967 5239 1021 5285 et
1060 5245 1241 5301 progr.
1276 5229 1436 5300 IdoI.,
1469 5246 1587 5300 cap.
1616 5234 1706 5299 15,
1735 5250 1857 5306 pag.
1906 5238 1973 5292 I6
1999 5281 2013 5301 ,
2042 5249 2099 5296 et

2210 5246 2304 5305 Sed
2337 5250 2450 5320 ipse
2486 5249 2643 5305 Plato
2679 5260 2976 5316 omnesque
3021 5244 3248 5299 omnino
3273 5242 3475 5299 ethnici
3507 5241 3664 5295 hosce
3700 5235 3781 5289 do-

486 5324 583 5381 lib-
613 5340 672 5392 ιι,
731 5338 851 5394 caP-
897 5322 984 5387 ης
1017 5338 1137 5394 1³³8·
1171 5322 1295 5379 18⁷·
1338 5324 1413 5379 De
1444 5325 1693 5395 Αροηίηθ
1723 5328 1935 5383 tandem
1965 5329 2094 5387 0θί-
2201 5350 2445 5398 cantatos
2494 5341 2561 5397 ab
2619 5340 2853 5396 Homero
2895 5338 3178 5400 scelestos,
3232 5336 3475 5406 aliosque
3520 5328 3782 5389 Gentilium

490 5418 759 5474 limacbus
813 5414 927 5471 Ode
969 5413 1026 5482 2,
1059 5416 1113 5471 in
1158 5415 1500 5486 Apollinem;
1557 5418 1841 5491 Euripides
1881 5425 2103 5496 prologo
2204 5434 2337 5492 deos
2382 5449 2488 5491 ηοη
2539 5450 2667 5500 una,
2700 5432 2794 5490 sed
2825 5431 2972 5488 omni
2998 5431 3214 5487 civitate
3240 5444 3304 5485 ac
3333 5440 3486 5501 parte
3511 5419 3783 5489 mundicji-

485 5512 542 5567 in
572 5510 867 5569 Alcestim;
899 5507 1140 5602 Nannius
1169 5508 1264 5564 lib.
1294 5510 1664 5602 1.4Dionys.v.
1693 5512 1819 5581 523;
1851 5514 2093 5585 Ovidius,
2197 5545 2322 5586 cere
2376 5530 2643 5586 debebam
2693 5526 2967 5602 (Tenum,
3027 5525 3119 5581 tib,
3177 5541 3250 5593 ιι,
3294 5523 3360 5578 ad
3400 5520 3525 5577 Ναί,
3572 5533 3687 5590 cap.
3736 5512 3781 5573 7;

485 5604 580 5662 lib.
608 5621 647 5660 ιι
667 5603 734 5659 de
756 5602 888 5657 Arte
917 5599 1150 5666 amandi,
1177 5615 1300 5671 pag.
1325 5600 1457 5670 447;
1484 5602 2087 5680 Atheuagoras,Legat.
2201 5623 2502 5692 Theodon,
2549 5599 2714 5680 sem,
2745 5621 2782 5676 2
2806 5620 2874 5677 de
2919 5618 3215 5689 principio,
3250 5631 3370 5690 με,
3415 5615 3545 5682 485;
3575 5612 3773 5683 Origen.

483 5697 911 5771 proCbristian.,
941 5709 1061 5766 pag.
1093 5692 1185 5760 22;
1219 5693 1477 5752 Tatianus
1497 5696 1646 5755 Orat.
1675 5710 1849 5757 contr.
1880 5702 2087 5773 Graec,
2196 5714 2289 5775 ιίι),
2322 5732 2376 5774 ιν
2424 5726 2599 5776 contr,
2634 5713 2805 5783 Cels.,
2834 5726 2955 5785 pag.
2991 5710 3142 5784 186).

484 5811 607 5869 pag.
638 5792 762 5863 159;
799 5787 1064 5848 Eusebius
1090 5787 1144 5846 in
1170 5786 1371 5847 Chron.
1402 5790 1499 5849 lib.
1550 5803 1590 5863 ι,
1635 5808 1755 5867 pag.
1792 5795 1880 5854 19.
1913 5799 2089 5871 Atque

2203 3853 2326 3909 pag.
2355 3838 2481 3895 208.
2509 3839 2668 3895 Hom.
2704 3840 2878 3895 llliad.
2906 3839 3000 3907 20,
3041 3855 3093 3894 v.
3122 3839 3221 3895 251
3255 3849 3310 3896 et
3351 3853 3513 3912 seqq.
3541 3849 3592 3895 et
3617 3836 3781 3910 Hymn.

2206 3935 2258 3990 in
2282 3937 2546 3992 Venerem
2583 3952 2597 4001 ;
2626 3934 2993 4002 Pausan.,lib.
3024 3950 3078 3999 ν,
3108 3949 3229 4004 pag.
3259 3934 3410 4005 173).
3438 3933 3545 3991 Sed
3572 3931 3782 3989 Gnaeum

2206 4030 2495 4099 ipsummet
2533 4027 2673 4098 apud
2704 4036 2935 4099 poetam,
2967 4028 3012 4081 si
3058 4027 3229 4092 Iubet,
3267 4027 3482 4097 poteris
3511 4026 3628 4083 loco
3652 4040 3677 4078 a
3701 4037 3784 4079 nec

2207 4122 2289 4177 bis
2315 4122 2480 4177 citato
2501 4121 2650 4177 adire
2682 4163 2697 4186 ,
2738 4132 2792 4176 et
2811 4120 3081 4186 Ovidium,
3130 4120 3223 4176 lib.
3257 4135 3292 4174 ι
3319 4119 3544 4175 Metam.
3567 4161 3581 4184 ,
3614 4116 3713 4172 fab.
3735 4114 3778 4177 5;

2209 4215 2251 4269 Τ
2256 4212 2729 4286 beocrituninyI.
2756 4213 2842 4285 1‘2,
2871 4230 2921 4266 ν.
2942 4213 3032 4278 55,
3058 4222 3301 4284 etseqq.;
3326 4207 3783 4283 Apollonium,Ar-

2208 4318 2426 4379 gonaut.
2456 4308 2551 4363 lib.
2572 4324 2650 4375 ιιι,
2686 4324 2740 4363 v.
2785 4307 2891 4362 114
2916 4315 2972 4363 et
2995 4321 3150 4378 seqq.
3194 4320 3258 4362 ac
3286 4303 3537 4361 Nonnum
3567 4303 3778 4373 Dionys,
