4034 6320
185 281 312 340 589
1592 279 2070 341 DISSERTATIO.
3414 290 3520 348 590

1849 398 1900 459 A
1928 412 2117 453 verum
2148 396 2331 463 etiam,
2362 414 2381 451 ι
2405 400 2566 456 castis
2584 394 2897 472 virginibus,
2919 399 3169 457 nimirum
3190 401 3520 473 Vestalibus,

1926 489 2219 562 multisque’
2258 490 2553 547 honoribus
2591 507 2653 548 ac
2689 493 2994 549 nominibus
3025 496 3361 552 sacerdotum
3395 517 3441 565 ι,
3470 498 3526 554 id

1928 591 2029 645 est.
2046 582 2348 654 stipendiis,
2369 583 2649 653 reditibus,
2673 585 3115 656 immunitatibus,
3133 605 3197 645 ac
3213 590 3524 662 privilegiis.

1930 674 2154 731 Etbunc
2183 676 2396 747 quidem
2425 692 2545 734 esse
2588 679 2822 735 auctoris
2866 682 3034 738 nostri
3067 697 3281 739 sensum
3301 724 3317 750 ,
3349 701 3378 739 a
3407 686 3529 755 qui-

1930 768 2155 824 busdam
2187 770 2405 826 minime
2434 780 2779 844 perceptum,
2811 774 3117 831 conﬁrmari
3151 786 3324 848 potest
3369 778 3529 850 Sym-

1933 860 2109 917 machi
2141 861 2320 918 itidem
2339 863 2570 934 gentilis,
2598 875 2759 936 atque
2786 867 3051 923 Ambrosii
3075 870 3121 923 ei
3150 869 3531 940 respondentis

1933 951 2271 1010 auctoritate.
2303 951 2357 1009 In
2398 970 2491 1010 sua
2514 956 2789 1013 enimvero
2820 959 3173 1031 Symmachus
3195 961 3261 1017 ad
3294 960 3534 1018 Valenti-

1937 1046 2153 1103 niauum
2197 1047 2575 1119 Imperatorem
2627 1050 2905 1106 Relatione
2958 1051 3040 1108 his
3083 1068 3204 1108 eum
3246 1053 3537 1126 compellat

1936 1140 2161 1197 verbis:
2202 1160 2219 1193 ι
2245 1140 2613 1198 IIouoraverat
2638 1143 2726 1199 lex
2766 1153 3046 1215 parentum
3089 1145 3331 1202 Vestales
3373 1146 3538 1217 virgi-

203 1250 225 1284 ι
267 1233 424 1288 ultra
475 1232 605 1288 solis
647 1233 780 1299 vias,
810 1240 865 1287 et
894 1233 1061 1304 ipsius
1087 1232 1287 1289 Oceani
1334 1233 1531 1289 limites
1566 1252 1585 1286 ι
1640 1248 1838 1304 propa—
1941 1250 2057 1300 nes,
2114 1248 2177 1289 ac
2215 1234 2492 1291 ministros
2530 1234 2753 1292 deorum
2792 1237 2930 1292 victu
2980 1237 3213 1305 modico,
3268 1238 3553 1317 justisun

197 1337 401 1399 gntum
427 1370 443 1394 ,
480 1328 603 1398 quia
659 1342 768 1383 non
797 1326 1007 1397 aliquos
1034 1334 1263 1396 tantum,
1319 1324 1414 1382 sed
1444 1341 1637 1382 omnes
1680 1318 1834 1395 deos,
1939 1328 2236 1401 privilegiis
2266 1350 2286 1382 ι
2326 1330 2666 1403 (Symmacb.
2700 1329 2842 1404 apud
2872 1331 3060 1388 Ambr.
3118 1333 3291 1388 Relat.
3342 1332 3369 1407 §
3424 1333 3491 1388 I4
3518 1376 3537 1403 ,

202 1422 590 1491 universaque
622 1420 841 1475 numina
868 1421 957 1491 pio
1006 1434 1224 1490 semper
1252 1418 1400 1474 cultu
1446 1434 1508 1475 ac
1550 1435 1676 1475 vera
1707 1418 1836 1474 reli-
1878 1434 1900 1469 δ
1941 1434 2063 1492 pag.
2096 1418 2195 1477 831
2227 1417 2271 1494 ).
2292 1418 2387 1476 Cui
2422 1420 2709 1494 respondet
2730 1422 3083 1479 Ambrosius:
3112 1444 3130 1476 ι
3160 1424 3542 1483 Sacerdotibus

200 1514 383 1584 gione
404 1513 709 1569 coluerunt.
737 1511 923 1583 Neque
956 1510 1008 1567 id
1032 1511 1181 1589 Solus
1208 1511 1294 1567 ille
1319 1509 1566 1567 chilius
1605 1510 1839 1567 asseruit
1943 1517 2057 1572 suis
2106 1524 2161 1573 et
2206 1517 2465 1572 ministris
2516 1527 2817 1589 queruntur
2867 1518 3122 1574 alimenta
3177 1518 3383 1590 publica
3433 1536 3544 1575 non

204 1604 651 1673 venditavitque,
680 1603 773 1659 sed
802 1604 891 1658 alii
920 1604 1084 1659 etiam
1108 1603 1354 1674 plerique
1380 1616 1569 1658 omnes
1610 1602 1835 1671 ethnici,
1945 1608 2249 1666 deberi...._
2280 1610 2449 1664 Nemo
2494 1617 2674 1666 tamen
2712 1609 2935 1666 donaria
2979 1610 3217 1667 delubris
3242 1653 3257 1678 ,
3288 1622 3342 1667 et
3370 1611 3546 1685 legata

203 1708 384 1769 atque
411 1698 699 1768 “imprimis
751 1696 997 1753 Valerius
1046 1694 1329 1753 Maximus.
1372 1695 1499 1753 Haec
1544 1697 1686 1752 enim
1727 1696 1841 1766 ipsa
1945 1706 2281 1778 aruspicibus
2331 1706 2614 1777 denegavit
2655 1724 2669 1760 :
2717 1706 2829 1762 sola
2873 1705 3082 1762 sublata
3128 1717 3254 1764 sunt
3304 1706 3547 1779 praedia,

203 1801 345 1850 sum
379 1792 532 1848 illius
560 1791 721 1847 verba
752 1809 766 1846 ε
798 1809 818 1843 ι
855 1789 974 1845 Non
1022 1791 1240 1857 mirum.
1274 1791 1317 1846 Si
1361 1805 1457 1863 ρτο
1502 1804 1569 1846 εο
1614 1788 1838 1876 ἱιηροτῖο
1868 1803 1916 1864 Β
1945 1804 2069 1875 quia
2101 1819 2205 1858 non
2234 1802 2483 1873 religiose
2524 1802 2810 1859 utebantur
2837 1801 2926 1867 iis,
2972 1818 3089 1876 qua:
3130 1801 3405 1873 religionis
3427 1802 3553 1875 jure

785 394 1015 456 CAPUT
1044 396 1231 455 XVIII.

190 550 561 591 EXAIINATL'R
587 549 796 591 CECILII
858 550 1214 591 ARGUMENTUI
1238 549 1343 600 QUO
1375 548 1665 592 GENTILIUH
1692 547 1824 589 DEOS

270 645 583 685 EXSISTERE
611 645 678 685 ΕΟ
706 645 945 686 ΡΒΟΒᾹΒΕ
977 645 1214 698 Νιτιτυῐι,
1247 644 1369 694 ουΙᾹ
1392 644 1588 685 κοιιΑΝι
1618 643 1702 686 ριο
1727 643 1825 686 ΕΟ·

271 738 395 779 RUH
425 739 601 780 CULTU
644 738 898 779 IMPERIUI
926 738 1119 779 TOTIUS
1157 737 1319 778 ιιυΝυι
1352 737 1677 778 HERUERINT.

766 878 1059 920 ARTICULIJS
1078 878 1289 919 Ριωιυε.

480 1000 770 1074 Exponitur
809 1003 943 1059 illud
971 1001 1165 1059 chilii
1190 1011 1562 1074 argumentum.

275 1139 584 1197 Contendit
632 1138 880 1196 Caecilius
934 1140 1297 1196 Romanorum
1359 1140 1644 1210 imperium
1712 1138 1834 1195 ideo

208 1887 479 1960 augendo
504 1883 961 1955 custodiendoque
989 1884 1236 1955 pertinax
1286 1882 1507 1939 deorum
1560 1874 1844 1953 indulgen-

209 1983 285 2036 tia
312 1994 546 2048 semper
572 1977 846 2044 excubuit,
877 1976 1021 2048 quod
1047 1987 1153 2032 tam
1184 1976 1499 2047 scrupulosa
1532 1992 1681 2040 cura.
1716 1992 1842 2046 par-

211 2076 349 2131 vula
382 2087 603 2143 quoque
632 2077 902 2127 momenta
931 2069 1212 2143 religionis
1249 2070 1560 2125 examinare
1597 2068 1843 2139 videtur;

214 2173 351 2244 quia
387 2184 683 2241 numquam
729 2176 972 2224 remotos
1016 2168 1085 2224 ab
1119 2167 1463 2223 exactissimo
1493 2166 1638 2223 cultu
1679 2182 1848 2221 caere-

216 2264 545 2321 moniarum
568 2262 753 2319 oculos
773 2260 1026 2316 habuisse
1056 2271 1237 2315 nostra
1271 2261 1459 2317 civitas
1481 2258 1848 2316 existimanda

218 2368 309 2414 est
348 2375 373 2409 ι
408 2354 621 2429 (Valer.
661 2353 804 2410 Max.
833 2351 1073 2425 Exempl.
1106 2352 1407 2419 memorab.,
1437 2367 1555 2425 cap.
1610 2355 1662 2419 Ι,
1722 2351 1750 2424 §
1791 2353 1847 2421 8,

218 2466 356 2523 pag.
388 2448 500 2520 8).
550 2449 777 2504 Tantam
820 2456 996 2505 autem
1051 2447 1277 2505 Romani
1305 2463 1402 2503 sua
1458 2448 1510 2504 in
1560 2446 1689 2504 deos
1740 2447 1852 2518 pie-

221 2554 343 2602 tate
375 2542 685 2600 mercedem
712 2544 957 2616 accipere
986 2559 1092 2599 non
1139 2553 1451 2614 potuerunt,
1502 2543 1631 2616 quin
1663 2542 1719 2599 hi
1775 2542 1850 2600 dii

224 2655 432 2697 revera
461 2639 785 2704 exstiterint,
812 2653 1131 2709 summaque
1158 2639 1318 2695 fuerit
1358 2654 1548 2695 eorum
1591 2646 1850 2709 potestas.

303 2736 425 2792 Sed
455 2732 586 2804 quid
606 2733 724 2799 sibi,
755 2733 986 2804 inqiiies,
1007 2733 1179 2788 voluit
1199 2731 1467 2798 Caecilius,
1488 2733 1580 2804 qui
1610 2732 1736 2788 dum
1765 2749 1857 2789 va-

226 2829 312 2886 ria
350 2827 614 2882 Romanae
660 2826 803 2882 illius
835 2826 1051 2897 pietatis
1105 2826 1281 2883 oﬂicia
1313 2827 1634 2883 insolentius
1663 2828 1857 2897 praedi—

227 2932 348 2991 cat,
383 2921 529 2977 haud
550 2920 865 2976 dubitanter
884 2929 1163 2977 asseverat
1191 2920 1410 2977 eosdem
1442 2920 1716 2979 Romanos
1750 2938 1857 2979 non

230 3016 360 3072 sola
395 3029 493 3069 sua
516 3014 744 3083 pietate,
776 3012 872 3068 sed
908 3014 1106 3069 virtute
1148 3012 1311 3068 etiam
1340 3014 1530 3071 bellica
1563 3015 1856 3071 maximum

234 3108 385 3167 illud
407 3108 479 3163 ab
500 3107 605 3162 diis
625 3107 737 3161 suis
759 3107 1076 3178 impetrasse
1120 3106 1479 3163 beneﬁcium?
1512 3106 1582 3163 At
1622 3116 1858 3165 mentem

1948 1895 2302 1953 defenderent
2330 1915 2348 1947 ι
2382 1895 2658 1972 (Ambros.
2682 1894 2855 1967 Epist.
2891 1895 2979 1957 I8.
3008 1895 3035 1967 §
3067 1893 3287 1968 13-16).

2022 1989 2290 2045 Audacter
2336 1988 2513 2044 adhuc
2545 1986 2794 2043 Caecilius
2837 1996 3171 2044 contestatur
3199 1988 3329 2044 deos
3364 1986 3552 2045 tulisse

1950 2083 2307 2138 certissimum
2338 2079 2592 2136 Romanis
2616 2082 2895 2151 auxilium,
2930 2100 2949 2134 ‹
2979 2080 3104 2137 dum
3134 2081 3364 2149 obsessi,
3395 2090 3451 2137 et
3476 2082 3555 2137 ci-

1955 2183 2034 2230 tra
2074 2174 2398 2245 Capitolium
2444 2175 2607 2245 capti,
2646 2175 2829 2229 colunt
2874 2176 3027 2243 deos,
3074 2192 3209 2246 quos
3258 2175 3395 2231 alius
3439 2177 3554 2249 jam

1952 2269 2242 2340 sprevisset
2275 2270 2459 2337 iratos,
2488 2277 2542 2325 et
2578 2285 2671 2340 per
2704 2268 2976 2325 Gallorum
3024 2269 3167 2325 acies
3190 2312 3203 2335 ,
3236 2270 3551 2328 mirantium

1953 2361 2349 2434 superstitionis
2393 2360 2692 2429 audaciam,
2736 2370 2965 2432 pergunt
2994 2362 3114 2417 telis
3146 2362 3381 2419 inermes
3408 2405 3422 2429 ,
3454 2362 3555 2419 sed

1953 2453 2098 2508 cultu
2116 2453 2389 2523 religionis
2401 2456 2614 2519 armati,
2630 2452 2758 2509 dum
2780 2453 2951 2524 captis
2964 2452 3247 2510 hostilibus
3265 2455 3560 2524 moenibus,

1956 2545 2131 2601 adhuc
2152 2545 2445 2602 ferociente
2475 2545 2719 2611 victoria,
2751 2547 2971 2625 numina
2994 2548 3131 2603 victa
3154 2559 3500 2605 venerantur.
3524 2569 3547 2602 ι

1958 2641 2035 2696 De
2080 2640 2384 2696 Senonibus
2416 2638 2595 2711 procul
2633 2637 2796 2694 dubio
2825 2639 3078 2709 loquitur,
3122 2642 3210 2712 qui
3248 2652 3401 2711 capta
3434 2642 3569 2699 urbe

1958 2726 2163 2798 Roma,
2185 2732 2500 2804 Capitolium
2533 2729 2870 2787 obsidebant.
2891 2729 2998 2786 Nec
3018 2730 3275 2788 dubitavit
3307 2734 3563 2807 Symma-

1958 2817 2092 2881 chus
2124 2826 2286 2881 hebes
2307 2823 2665 2895 obtusumque
2693 2821 2822 2877 illud
2856 2822 3018 2878 telum
3043 2824 3093 2878 in
3117 2824 3456 2883 Christianos
3479 2827 3566 2885 bis

1962 2918 2304 2990 paucioribus
2332 2917 2511 2973 verbis
2535 2914 2711 2970 adhuc
2749 2925 3000 2985 torquere
3031 2935 3044 2972 :
3074 2936 3091 2967 ι
3121 2916 3243 2973 Πτεε
3266 2934 3417 2997 sacra
3448 2922 3564 2975 An-

1961 3013 2195 3068 nibalem
2225 3028 2252 3067 a
2271 3012 2561 3078 moenibus,
2582 3025 2611 3064 a
2639 3007 2903 3079 Capitolio
2932 3009 3175 3067 Senonas
3200 3014 3512 3084 repulerunt
3538 3033 3559 3067 ι

1962 3104 2296 3179 (Symmach.
2322 3104 2492 3160 Relat.
2524 3102 2554 3175 §
2586 3102 2643 3170 9,
2677 3114 2799 3174 pag.
2830 3098 2957 3168 850,
2995 3114 3052 3159 et
3084 3104 3335 3162 Ambros.
3385 3106 3562 3178 Epist.

234 3215 589 3270 sensumque
619 3196 759 3255 illius
782 3199 925 3255 haud
956 3213 1145 3270 magna
1171 3199 1521 3270 proculdubio
1548 3199 1863 3258 difficultate
1889 3204 1934 3269 (1
1969 3199 2060 3268 I8,
2084 3198 2112 3270 §
2139 3199 2196 3266 ι,
2226 3214 2346 3269 pag.
2375 3194 2528 3272 854).

235 3295 549 3366 intelliges,
577 3293 623 3349 si
652 3293 799 3364 prius
825 3295 1119 3349 observare
1162 3293 1300 3350 velis
1327 3311 1342 3349 :
1380 3314 1398 3347 ι
1419 3295 1476 3350 In
1507 3301 1867 3369 oppugnatio-

242 3390 416 3445 nibus
444 3408 465 3442 ι
501 3387 713 3443 urbium
735 3430 750 3454 ,
792 3385 1248 3457 quemadmodum
1283 3397 1405 3457 post
1440 3387 1688 3445 Verrium
1718 3390 1873 3447 Flac-

249 3498 385 3539 cum
409 3480 602 3537 scribit
624 3478 848 3545 Plinius,
888 3497 908 3531 r
935 3479 1151 3535 solitum
1169 3494 1198 3534 a
1214 3478 1477 3537 Romanis
1500 3481 1871 3539 sacerdotibus

247 3575 485 3632 evocari
510 3573 697 3640 deum,
722 3572 879 3643 cujus
906 3573 958 3627 in
992 3572 1157 3628 tutela
1173 3572 1428 3645 Oppidum
1452 3584 1618 3641 esset,
1645 3576 1873 3645 promit-

243 3669 405 3741 tique
446 3664 526 3722 illi
568 3664 840 3731 eumdem,
892 3675 986 3723 aut
1034 3666 1353 3736 ampliorem
1396 3665 1537 3737 apud
1594 3665 1873 3724 Romanos

246 3766 488 3822 cultum.
508 3763 576 3818 Et
598 3762 776 3831 durat,
791 3780 811 3814 ι
836 3762 1164 3833 pergi'tille,r
1185 3760 1238 3817 in
1253 3760 1567 3833 pontiﬁcum
1591 3761 1873 3833 disciplina

249 3859 307 3915 id
336 3872 560 3913 sacrum
584 3896 598 3919 ,
626 3864 948 3926 constatque
977 3855 1099 3911 ideo
1126 3854 1449 3911 occultatum
1472 3896 1488 3923 ,
1518 3855 1574 3909 in
1613 3856 1766 3924 cujus
1793 3865 1875 3910 tu-

250 3953 365 4010 tela
395 3952 570 4008 Roma
599 3958 767 4017 esset,
794 3964 859 4005 ne
878 3949 970 4021 qui
999 3947 1234 4005 hostium
1258 3944 1598 4004 similimodo
1615 3957 1833 4018 agerent
1850 3968 1869 4001 ι

256 4044 434 4117 (Plin.
479 4042 575 4099 lib.
630 4055 807 4098 xxvnt
848 4041 1043 4096 Natur.
1084 4038 1223 4096 Hist.
1268 4056 1389 4112 cap.
1437 4040 1494 4107 2,
1531 4056 1653 4112 pag.
1699 4040 1802 4098 559
1831 4040 1872 4114 ).

260 4137 480 4193 Eadem
506 4143 693 4192 narrat
718 4134 1043 4203 Macrobius,
1076 4132 1469 4204 formulamque
1500 4135 1739 4203 exhibet,
1773 4150 1876 4206 qua

256 4230 501 4288 Romani
530 4229 585 4284 in
608 4227 822 4284 urbium
854 4226 1223 4284 obsidionibus
1249 4227 1506 4284 tutelares
1534 4243 1721 4283 earum
1745 4227 1877 4285 (Icos

260 4338 524 4387 evocare,
556 4323 791 4392 ipsisque
820 4321 1018 4391 templa
1058 4335 1122 4375 ac
1161 4319 1319 4377 ludos
1349 4336 1547 4377 vovere
1582 4336 1877 4379 consueve—

264 4427 395 4476 rant
431 4415 692 4492 (Macrob.
742 4415 837 4472 lib.
866 4431 924 4471 Ill
957 4413 1225 4471 Saturnal.
1261 4431 1381 4487 cap.
1408 4416 1484 4486 9).
1513 4412 1697 4489 Itaque
1737 4417 1880 4473 hunc

266 4510 639 4585 proculdubio
669 4509 737 4565 ob
761 4507 1013 4564 bellicum
1038 4523 1242 4563 morem
1272 4509 1467 4565 asserit
1494 4508 1740 4564 Caecilius
1768 4507 1879 4564 Ro-

2036 3294 2119 3350 .At
2146 3293 2452 3350 Gronovius
2489 3303 2608 3365 post
2641 3296 2852 3369 aliquos
2880 3297 3013 3354 alios
3054 3296 3107 3351 in
3134 3295 3371 3352 auctoris
3403 3296 3577 3354 nostri

1977 3396 2145 3451 textu.
2176 3403 2240 3443 ac
2262 3397 2447 3444 contra
2479 3392 2827 3463 manuscripti
2859 3391 3026 3449 nostri
3065 3390 3268 3447 codicis
3290 3390 3447 3447 {idem
3472 3406 3574 3462 pro

1982 3501 2000 3534 ‹
2024 3482 2190 3538 iratos
2216 3501 2263 3548 ι,
2293 3482 2576 3554 legendum
2617 3485 2906 3551 ominatur,
2951 3486 3177 3540 «iratus.
3211 3505 3231 3539 ι
3265 3483 3381 3540 Non
3429 3486 3579 3542 enim

1977 3573 2227 3642 Romani,
2242 3594 2260 3628 ι
2277 3576 2466 3647 inquit,
2479 3595 2497 3628 ι
2519 3577 3104 3648 contempseruntdeos
3129 3578 3316 3645 iratos,
3336 3594 3365 3633 a
3380 3579 3581 3649 quibus

1976 3683 2037 3724 se
2063 3669 2313 3739 castigari
2339 3669 2661 3726 sentiebant.
2691 3670 2909 3727 Minucri
2949 3672 3125 3742 itaque
3156 3669 3299 3727 hunc
3323 3674 3580 3741 Opinatur

1977 3778 2099 3820 esse
2128 3777 2344 3819 sensum
2379 3781 2393 3816 :
2446 3763 2673 3819 Romani
2702 3766 2889 3822 colunt
2916 3765 3049 3822 deos
3086 3780 3233 3832 suos,
3278 3782 3414 3837 quos
3438 3767 3578 3823 alius

1978 3854 2045 3909 iis
2071 3868 2230 3924 opem
2275 3868 2424 3911 suam
2458 3856 2775 3925 negantibus
2799 3875 2818 3909 ‹
2842 3858 3028 3923 iratus,
3057 3877 3075 3909 ι
3120 3857 3232 3928 jam
3261 3858 3583 3929 sprevisset.

1979 3944 2178 4001 Verum
2195 3946 2385 4002 melior
2406 3947 2756 4018 proculdubio
2773 3949 2874 4004 erit
2894 3964 3108 4017 sensus,
3128 3949 3172 4005 si
3191 3950 3370 4021 legas:
3401 3950 3585 4017 «Quos

1980 4040 2116 4094 alius
2137 4038 2248 4110 jam
2276 4040 2570 4110 sprevisset
2598 4041 2765 4096 iratos
2791 4059 2840 4109 ι,
2863 4042 3073 4113 sibique
3097 4041 3297 4098 idcirco
3317 4041 3583 4100 auxilium

1981 4148 2090 4187 non
2137 4130 2391 4188 Ierentes.
2441 4132 2578 4198 Quid
2629 4148 2880 4204 namque,
2913 4132 2960 4188 si
2989 4134 3059 4189 ibi
3087 4148 3282 4192 nomen
3316 4154 3335 4187 ι
3363 4135 3529 4191 iratos
3554 4156 3578 4190 ι

1982 4232 2282 4297 opponatur
2333 4224 2472 4279 rdiis
2517 4224 2782 4295 pr0pitiis,
2820 4245 2838 4279 ι
2872 4226 2941 4282 de
2990 4227 3186 4297 quibus
3234 4228 3386 4298 plura
3436 4228 3586 4300 apud

1982 4317 2313 4373 Brissonium
2354 4317 2457 4388 legi
2489 4318 2791 4388 possunt?»
2827 4318 3090 4390 (Brissou.
3126 4320 3263 4377 lib.1
3297 4321 3365 4377 de
3394 4320 3583 4377 Farm.

1983 4428 2102 4484 pag.
2138 4412 2242 4468 120
2269 4422 2323 4468 et
2353 4410 2532 4483 seqq.)
2572 4412 2700 4481 Quae
2753 4418 2916 4485 porro
2969 4411 3215 4469 Caecilius
3262 4415 3328 4470 de
3358 4415 3580 4487 Capito-

1984 4504 2057 4559 lio
2085 4521 2113 4559 a
2140 4505 2448 4563 Senonibus
2478 4506 2730 4572 obsesso,
2777 4515 2938 4578 atque
2965 4506 3328 4563 Romanorum
3362 4510 3413 4564 in
3453 4508 3588 4566 deos

272 4616 469 4661 manus
515 4617 545 4658 a
577 4603 682 4657 diis
733 4601 1064 4658 obstinuisse
1113 4602 1278 4657 totius
1332 4600 1518 4657 mundi
1571 4602 1877 4673 imperium.
1906 4608 1960 4673 Ι)
1988 4599 2245 4670 religione
2275 4607 2512 4666 enarrat,
2538 4598 2652 4654 haec
2674 4614 2704 4654 a
2728 4598 2849 4655 Tito
2881 4600 3053 4668 Livio,
3085 4600 3302 4658 Valerio
3330 4601 3585 4670 Maximo,

273 4694 564 4765 Quomodo
590 4703 769 4750 autem
799 4693 852 4749 id
876 4692 1105 4764 probare
1131 4700 1357 4750 conatus
1386 4695 1485 4759 sit,
1513 4694 1880 4763 attendamus,

277 4789 325 4845 si
352 4788 550 4861 placet.
582 4787 846 4854 Primum,
870 4803 890 4838 ι
915 4785 1042 4841 dum
1058 4795 1367 4852 exercent,»
1393 4786 1618 4856 inquit,«
1642 4788 1691 4841 in
1721 4786 1886 4842 armis

278 4884 538 4938 virtutem
560 4880 868 4951 religiosam
892 4897 938 4943 ι,
979 4879 1202 4934 deorum
1232 4877 1440 4935 scilicet
1478 4881 1584 4949 pia,
1629 4879 1702 4934 uti
1744 4878 1887 4933 dixi-

284 4992 428 5043 mus,
456 4975 787 5039 evucatione,
820 4960 1081 5044 factisque
1126 4971 1459 5029 solemnibus
1503 4972 1641 5027 votis
1662 5016 1676 5039 ,
1709 4973 1885 5042 preci-

284 5069 412 5136 bus,
437 5077 493 5125 et
518 5068 820 5123 sacriﬁciis.
854 5064 1106 5122 Secundo
1131 5109 1144 5131 ,
1184 5084 1203 5117 ι
1232 5065 1359 5121 dum
1392 5064 1603 5132 urbem,
1637 5065 1886 5135 Romam,

292 5163 543 5219 muniunt
588 5174 865 5217 sacrorum
910 5159 1324 5232 religionibus,»
1383 5172 1490 5216 tam
1539 5162 1679 5229 suis,
1728 5175 1890 5230 quam

288 5256 519 5311 aliarum
546 5271 575 5310 a
603 5269 663 5312 se
683 5254 1017 5311 devictarum
1047 5252 1308 5325 gentium.
1339 5252 1473 5309 Nam
1497 5255 1562 5308 iis
1585 5253 1886 5322 debellatis,

290 5350 509 5406 illarum
547 5354 669 5406 cum
701 5349 853 5414 deos,
898 5354 1008 5404 tum
1044 5362 1296 5416 sacrum,
1328 5362 1423 5404 seu
1455 5349 1632 5418 potius
1661 5347 1894 5418 propina-

290 5460 424 5501 num
448 5445 848 5517 nefanduntque
884 5444 1086 5499 cultum
1127 5442 1354 5498 Romam
1395 5441 1763 5513 asportabant.
1794 5442 1893 5497 At-

290 5555 402 5612 que
447 5538 692 5595 eamdem
736 5539 806 5594 ob
839 5552 1056 5594 causam
1099 5536 1327 5607 subjecit
1381 5533 1633 5591 Cmcilius
1664 5550 1677 5587 :
1714 5554 1732 5587 ί
1761 5535 1897 5590 Dum

293 5633 537 5706 undique
554 5633 796 5703 hospites
826 5631 958 5687 deos
986 5637 1251 5702 quaerunt,
1283 5637 1339 5686 et
1365 5643 1491 5685 suos
1518 5629 1738 5685 faciunt.
1766 5647 1785 5682 ›

369 5727 723 5799 Prosequitur
752 5725 844 5782 ille
861 5767 876 5795 ,
917 5725 1098 5796 aitque
1122 5722 1394 5779 Romanos
1418 5738 1524 5779 non
1551 5722 1635 5778 his
1663 5730 1899 5779 tantum-

298 5820 465 5880 modo
494 5821 596 5892 piis
625 5819 900 5891 sacrisque
921 5819 1110 5875 ritibus
1151 5818 1339 5875 urbem
1379 5832 1531 5874 suam
1561 5817 1856 5875 munivisse
1884 5857 1899 5885 ,

1990 4692 2175 4757 Floro,
2209 4692 2438 4763 aliisque
2469 4692 2734 4762 explicata
2765 4692 3005 4749 invenies
3041 4692 3184 4765 (Liv.
3214 4694 3308 4750 lib.
3338 4709 3392 4760 v,
3424 4693 3453 4765 §
3490 4693 3584 4759 :56,

1988 4794 2209 4857 etseqq.
2238 4784 2416 4840 Valer.
2442 4784 2580 4841 Max.
2610 4785 2701 4841 lib.
2730 4800 2770 4852 ι,
2793 4800 2912 4856 cap.
2952 4801 2991 4851 ι.
3024 4784 3053 4858 §
3088 4785 3175 4855 I0,
3209 4796 3263 4843 ct
3302 4786 3393 4853 II;
3439 4784 3589 4841 Flor.

1990 4878 2084 4936 lib.
2114 4894 2152 4945 t,
2182 4894 2303 4949 cap.
2331 4878 2433 4945 I5;
2464 4876 2595 4933 ibid.
2625 4894 2745 4949 pag.
2775 4877 2893 4950 5t).

2063 4972 2143 5027 Ad
2168 4975 2283 5027 haec
2307 4986 2434 5027 vero
2457 4970 2705 5027 Caecilius
2728 4970 2876 5027 aliud
2909 4971 3181 5043 religionis
3219 4971 3591 5030 Romanorum

1992 5076 2200 5124 certum
2230 5081 2349 5121 esse
2380 5075 2532 5137 putat
2557 5073 2954 5135 argumentum,
2993 5084 3011 5117 ι
3041 5064 3168 5121 dum
3198 5081 3319 5122 aras
3340 5076 3597 5125 extruunt

1994 5161 2192 5232 ignotis
2222 5161 2532 5217 numinibus
2553 5171 2607 5216 et
2634 5161 2902 5217 Manibus.
2926 5180 2943 5213 ι
2996 5162 3072 5217 De
3101 5164 3288 5232 primis
3311 5161 3427 5218 haec
3468 5174 3598 5221 sunt

1996 5254 2315 5311 Tertulliani
2345 5256 2512 5310 verba
2556 5273 2569 5308 :
2619 5273 2639 5305 ‹
2670 5253 2890 5310 Invenio
2921 5255 3079 5325 plane
3121 5256 3315 5327 ignotis
3344 5258 3445 5313 diis
3472 5274 3595 5315 aras

1999 5348 2332 5419 prostitutas.
2380 5346 2486 5402 Sed
2522 5346 2681 5401 attica
2726 5345 3027 5425 idololatria
3068 5358 3169 5403 est.
3215 5348 3345 5405 Item
3374 5350 3598 5407 incertis

1999 5441 2124 5508 diis,
2146 5442 2240 5497 sed
2264 5440 2574 5512 superstitio
2601 5440 2841 5496 Romana
2870 5448 2972 5496 est.
3005 5440 3172 5497 Porro
3196 5442 3383 5499 incerti
3405 5443 3477 5499 dii
3498 5445 3597 5500 mis

2001 5551 2103 5591 nus
2126 5536 2259 5604 noti,
2292 5544 2348 5590 ut
2376 5534 2553 5589 minus
2572 5533 2739 5600 certi;
2784 5542 2837 5589 et
2867 5532 3090 5605 proinde
3131 5534 3315 5605 ignoti,
3338 5538 3461 5606 quia
3491 5538 3599 5593 mi-

2004 5643 2104 5683 nus
2149 5626 2283 5683 certi
2321 5625 2571 5699 (Tertull.
2613 5625 2708 5681 lib.
2747 5635 2884 5680 cont.
2926 5625 3091 5681 Marc.
3115 5641 3233 5700 cap.
3265 5628 3342 5700 9).
3390 5629 3601 5697 Quibus

2006 5731 2183 5779 autem
2205 5721 2381 5778 verbis
2402 5720 2568 5793 ignoti
2588 5720 2661 5775 illi
2687 5718 2758 5776 dii
2779 5720 3173 5790 invocarentur,
3193 5726 3234 5779 si
3257 5724 3394 5780 scire
3410 5740 3597 5792 aveas,

2008 5816 2231 5880 Gellius,
2255 5814 2577 5883 Macrobius,
2607 5827 2671 5870 ac
2695 5813 3003 5873 Brissonius
3042 5824 3095 5872 te
3125 5813 3393 5874 docebunt
3438 5816 3604 5889 (Gell.
