4034 6320
505 271 603 327 5n!

503 493 621 544 cap.
653 477 708 540 9;
741 473 980 528 Brissmt.
1011 472 1106 527 lib.
1144 487 1179 534 ι,
1213 471 1274 524 de
1301 468 1536 522 Formul.
1571 483 1689 537 pag.
1722 465 1870 534 120).

573 566 852 621 Miraberis
881 565 1098 620 forsitan
1149 564 1200 617 in
1248 571 1480 616 mentem
1529 559 1844 629 quibusdam
1884 559 2097 614 venisse

501 661 858 719 adulteratam
881 675 1002 715 esse
1024 657 1154 712 illud
1174 655 1373 712 Caecilii
1397 655 1709 717 verbum,et
1734 673 1750 704 ι
1783 653 2042 718 Manibus,
2073 672 2091 705 ι

501 773 565 812 ac
590 772 689 827 pro
715 756 804 810 illo
833 751 1176 809 scribendum
1213 770 1229 801 ι
1255 750 1526 805 inanibus.
1552 768 1569 800 ι
1604 749 1740 803 Nihil
1760 749 1957 820 quippe
1987 765 2095 801 tua-

500 853 581 923 gis
611 862 793 907 contra
817 849 1186 905 auctoritatem
1217 862 1318 902 ms.
1347 846 1548 901 codicis
1574 845 1736 917 regii,
1768 855 1822 900 et
1864 843 2096 899 auctoris

501 953 735 998 mentem
779 942 904 1012 fingi
955 941 1143 1011 potuit.
1192 939 1324 1008 Quis
1368 939 1509 993 enim
1538 939 1637 992 nisi
1668 937 1985 993 somniando
2008 953 2098 991 su-

497 1038 732 1107 spicatus
758 1046 841 1092 est
865 1034 1160 1098 Caecilium,
1193 1035 1282 1105 qui
1312 1034 1382 1088 ibi
1415 1033 1615 1088 ethnici
1646 1032 1880 1087 hominis
1909 1040 2095 1086 contra

499 1130 859 1183 Christianum
889 1136 1067 1198 partes
1097 1127 1226 1197 agit,
1255 1126 1396 1180 serio
1419 1125 1616 1180 dixisse
1639 1140 1670 1179 a
1693 1123 1946 1179 Romanis
1974 1139 2096 1179 aras

495 1220 597 1275 diis
631 1219 918 1274 «inanibus
948 1238 966 1270 ι
1008 1218 1171 1273 fuisse
1197 1216 1534 1272 exstructas?

487 1327 490 1330 '
567 1315 636 1367 At
681 1327 957 1382 quorsum,
989 1311 1254 1381 inquiunt,
1281 1310 1350 1364 ibi
1392 1329 1409 1361 ι
1436 1308 1666 1363 Manium
1700 1330 1717 1361 ι
1751 1310 1971 1370 mentio,
2005 1316 2096 1361 aut

493 1406 578 1462 eui
603 1405 855 1475 incogniti
879 1420 998 1460 esse
1024 1403 1311 1473 poterant?
1353 1401 1488 1470 Quid
1514 1417 1664 1471 ergo,
1696 1403 1739 1456 si
1771 1400 2092 1467 adjecdvum

501 1516 521 1549 ‹
553 1499 744 1570 ignotis
765 1517 813 1564 ι,
856 1495 923 1552 ad
959 1495 1131 1550 solum
1159 1494 1550 1549 substantivum
1583 1511 1602 1543 ι
1631 1493 1936 1547 numinibus
1960 1513 1978 1544 ι
2011 1508 2095 1546 re-

494 1591 732 1647 feratur?
761 1589 991 1644 Manium
1021 1597 1199 1642 autem
1228 1587 1298 1642 ibi
1326 1584 1572 1641 Cmcilius
1597 1585 1798 1640 idcirco
1825 1584 2092 1649 meminit,

493 1690 619 1758 quia
651 1687 851 1743 ethnici
876 1685 1070 1754 smpius
1096 1699 1189 1738 eos
1219 1682 1557 1745 invocabant,
1589 1679 1955 1749 saeriliciaqne
1988 1678 2095 1732 illis

1804 256 1892 312 DE
1935 254 2190 312 BIINECII
2212 251 2509 311 OCTAVIO

499 385 594 438 lib.
626 399 682 449 Il,
715 379 867 435 Nact.
901 379 1054 434 Attic.
1076 391 1195 448 cap.
1227 374 1569 441 9.8;Macrob.
1596 373 1688 429 lib.
1722 389 1799 436 ut,
1825 372 2092 429 Saturnal.
2124 374 2176 432 Α

3695 247 3797 304 599.

2855 379 3150 422 ARTICULUS
3189 382 3246 421 ll.

2204 506 2470 571 Quomodo
2523 505 2779 559 Minucius
2816 503 3006 558 Caecilii
3062 502 3264 574 refellat
3303 508 3692 572 argumentum,
3742 517 3798 554 ac

2287 601 2595 653 demonstret
2640 599 2990 654 Romanorum
3033 597 3323 662 imperium,
3353 595 3646 666 neutiquam
3686 593 3799 648 illo-

2272 709 2385 746 rum
2412 692 2464 745 in
2494 694 2615 746 deos
2643 693 2908 763 religione,
2937 689 3025 745 sed
3046 691 3303 760 impietate
3331 699 3377 744 et
3403 689 3676 744 sceleribus
3699 706 3801 745 esse

2270 788 2561 856 fundatum,
2595 785 2893 857 nullumque
2920 785 3099 838 iisdem
3126 783 3375 838 Romanis
3403 783 3472 836 ad
3496 799 3792 854 propagan-

2273 881 2365 933 dos
2396 881 2538 950 regni
2557 880 2684 947 ﬁnes
2705 878 2960 933 auxilium
2986 877 3106 931 deos
3139 877 3334 939 tulisse,
3374 893 3464 930 nec
3500 878 3669 946 primo
3697 877 3802 946 qui-

2277 973 2391 1025 dem
2422 971 2731 1042 peregrinos,
2769 980 2812 1024 et
2843 970 3085 1034 advenas,
3122 967 3343 1022 Martem
3370 967 3678 1036 Thracium,
3707 967 3800 1022 Jo-

2273 1083 2380 1120 vem
2409 1065 2685 1132 Creticum,
2717 1064 2973 1119 lunonem
3013 1064 3283 1132 Argivam,
3328 1062 3582 1128 Sentium,
3611 1071 3658 1116 et
3692 1061 3802 1117 Pae-

2271 1174 2389 1211 nnm
2408 1199 2424 1223 ,
2448 1173 2535 1210 nec
2565 1155 2789 1210 Dianam
2819 1155 3110 1218 Tauricam,
3144 1165 3232 1210 aut
3258 1154 3458 1210 Idteam
3483 1155 3723 1211 Matrem.

2275 1294 2568 1349 Ridiculam
2598 1295 2962 1351 Romanorum
2987 1295 3040 1351 in
3063 1295 3193 1352 deos
3215 1311 3341 1351 suos
3365 1298 3577 1367 pietatis
3601 1297 3806 1368 jactan—

2201 1387 2326 1440 tiam
2361 1395 2506 1441 tanta
2540 1387 2799 1442 facilitate
2824 1387 3090 1443 Minucius
3113 1390 3386 1458 reprimit,
3410 1400 3608 1458 quanta
3644 1389 3808 1448 teme?

2197 1479 2355 1533 ritate
2376 1477 2723 1532 venditabant
2752 1493 2810 1533 se
2849 1479 3103 1550 singulari
3134 1480 3547 1551 castissimoque
3585 1496 3806 1537 eorum-

2197 1570 2319 1626 dem
2356 1571 2580 1627 deorum
2607 1573 2751 1628 cultu
2785 1573 3049 1628 meruisse
3079 1574 3239 1628 totius
3285 1577 3466 1630 mundi
3498 1577 3806 1645 imperium.

2198 1663 2411 1720 Nullius
2453 1666 2596 1721 enim
2647 1667 2822 1737 gentis
2866 1667 2980 1722 sive
3021 1666 3139 1737 ejus
3168 1666 3489 1736 primordia,
3523 1669 3640 1724 sive
3681 1685 3809 1741 pro-

492 1786 782 1841 l'aciebant.
832 1780 1015 1851 Neque
1059 1779 1221 1833 etiam
1271 1777 1407 1831 adeo
1453 1786 1628 1839 erant,
1685 1775 1837 1828 sicuti
1885 1773 2086 1838 volunt,

2201 1772 2418 1827 gressus
2438 1766 2671 1828 Spectes,
2705 1758 2872 1828 major
2901 1758 3018 1825 fuit,
3037 1774 3194 1829 quam
3224 1759 3590 1815 Romanorum
3617 1762 3810 1832 impie-

493 1879 742 1931 omnibus
774 1874 991 1945 cogniti.
1022 1871 1154 1927 Nam
1196 1872 1304 1932 alii,
1364 1867 1814 1940 quemadmodum
1843 1868 2093 1923 observat

495 1968 734 2032 Servius,
763 1968 881 2020 illus
903 1965 1170 2027 caelestes,
1198 1963 1289 2017 alii
1321 1962 1556 2016 infernos
1578 1961 1732 2027 deos,
1765 1961 1852 2014 alii
1874 1971 2089 2014 noctur-

495 2081 615 2130 nos,
648 2074 805 2131 atque
835 2063 972 2116 inter
999 2061 1192 2116 caelum
1223 2067 1279 2112 et
1310 2066 1507 2112 terram
1546 2056 1723 2125 vagari
1753 2054 2088 2108 arbitraban-

495 2167 600 2210 tnr.
638 2157 712 2211 De
739 2154 821 2208 his
847 2155 997 2224 plura
1045 2152 1296 2216 Servius,
1329 2160 1384 2204 et
1424 2149 1590 2203 Lilius
1620 2147 1886 2219 Gyraldus
1912 2145 2088 2218 (Serv.

491 2248 544 2302 in
573 2247 663 2302 lib.
695 2263 772 2312 ιιι,
804 2243 1018 2299 /Eneid.
1057 2243 1202 2313 Virg.
1237 2258 1355 2313 pag.
1379 2241 1514 2306 9.66,
1549 2239 1769 2313 Gyrald.
1813 2239 2086 2311 Syntagm.

495 2343 549 2407 7,
579 2342 642 2395 de
671 2340 808 2394 Hist.
839 2340 980 2394 deor.
1007 2355 1127 2410 pag.
1157 2336 1309 2408 205).
1336 2336 1479 2391 Nihil
1506 2337 1663 2408 igitur
1695 2336 2005 2390 mutandum
2036 2336 2088 2390 in

492 2434 726 2488 auctoris
754 2433 923 2488 nostri
956 2440 1102 2487 textu
1131 2473 1145 2494 ,
1200 2430 1318 2485 sive
1345 2429 1588 2500 cognitos
1610 2470 1624 2495 ,
1654 2429 1767 2483 sive
1790 2429 2091 2500 incognitus

486 2525 671 2582 Manes
698 2527 916 2581 dixeris.

567 2617 803 2688 Denique
833 2616 1104 2672 concludit
1129 2613 1377 2670 Caecilius
1407 2631 1418 2667 :
1456 2632 1474 2663 ε
1511 2612 1601 2669 Sic
1629 2612 1752 2667 dum
1776 2655 1788 2678 ,
1824 2613 2089 2680 Romani,

489 2710 859 2764 tmiversarum
906 2707 1144 2778 gentium
1189 2720 1340 2761 sacra
1367 2705 1701 2774 suscipiunt,
1734 2704 1894 2759 etiam
1925 2720 2089 2776 regna

491 2811 856 2858 meruerunt.»
895 2800 1094 2855 Verum
1123 2798 1337 2869 quidem
1365 2805 1449 2852 est
1477 2797 1723 2851 universa
1746 2797 1980 2866 gentium
2003 2812 2089 2851 sa-

490 2910 583 2949 cra
614 2911 642 2947 a
673 2893 928 2948 Romanis
953 2899 1202 2961 suscepta
1230 2889 1415 2946 fuisse.
1439 2889 1571 2944 Nam
1601 2889 1820 2945 Ovidius
1848 2889 1898 2944 id
1930 2892 2088 2945 unico

493 2990 595 3044 hoc
626 3002 782 3043 versu
813 2985 1009 3041 cecinit
1039 3002 1052 3037 :

551 3126 746 3190 Dignus
781 3124 933 3175 Roma
949 3121 1101 3182 locus,
1128 3134 1224 3186 quo
1244 3121 1384 3170 Deus
1399 3121 1558 3169 omnis
1583 3129 1680 3169 eat.

1081 3203 1272 3266 (Ovid.,
1293 3202 1327 3252 l.
1351 3202 1393 3264 ι,
1421 3201 1686 3265 Fast.,§3,

485 3339 591 3396 Sed
622 3338 689 3394 de
717 3337 800 3391 his
837 3336 972 3390 alius
1001 3333 1156 3390 nobis
1195 3331 1408 3388 dicendi
1449 3331 1599 3386 locus
1630 3330 1756 3386 erit.

561 3432 810 3489 (hecilius
843 3444 1008 3502 porro
1036 3428 1235 3499 aliique
1261 3427 1488 3498 gentiles
1537 3440 1604 3480 ex
1633 3423 1890 3478 hactenus
1927 3420 2084 3477 dictis

486 3528 679 3584 confici
708 3539 866 3597 posse
887 3524 1143 3594 putabant
1168 3523 1296 3577 deos
1323 3535 1449 3576 suos
1477 3535 1658 3575 revera
1690 3519 1942 3585 existere,
1961 3520 2082 3589 quia

483 3619 736 3686 Romani,
769 3618 927 3674 «dum
948 3617 1370 3680 universarum,»
1395 3614 1467 3667 uti
1487 3613 1578 3668 ille
1601 3612 1921 3684 garriebat,t
1948 3629 2080 3680 gen-

487 3717 617 3770 tium
649 3728 799 3770 sacra
823 3711 1138 3780 suscipiunt,
1167 3709 1326 3764 etiam
1355 3722 1518 3778 regna
1558 3715 1885 3762 meruerunt.
1923 3726 1941 3758 ι
1974 3705 2082 3761 Ne.

483 3808 601 3879 gari
624 3818 802 3862 autem
847 3820 950 3859 non
979 3813 1188 3875 potest,
1235 3803 1373 3857 hanc
1411 3801 1928 3871 argumentationem
1975 3815 2080 3854 non

483 3903 690 3960 minimi
747 3899 985 3972 profecto
1027 3913 1148 3954 esse
1202 3895 1489 3967 ponderis,
1535 3896 1580 3949 si
1636 3904 1778 3949 tanta
1834 3894 2078 3961 veritate,

485 4007 682 4066 quanta
737 3995 968 4049 falsitate
1023 3992 1306 4046 niteretur.
1349 3988 1468 4043 Vim
1508 3988 1650 4042 illius
1701 3988 1856 4058 plane
1914 3987 2083 4042 sensit

480 4088 862 4152 Tertullianus,
885 4101 1109 4156 eamque
1137 4083 1282 4139 hisce
1305 4082 1436 4136 nihil
1468 4082 1650 4151 utique
1693 4079 2080 4136 dissimulando

483 4179 766 4252 proliosuit
815 4177 1045 4233 verbis:
1100 4194 1117 4225 ι
1166 4173 1284 4228 Non
1334 4174 1572 4228 omittam
1620 4171 2074 4241 congressionem,

481 4288 642 4342 quam
677 4280 930 4341 provocat
959 4271 1042 4323 illa
1086 4268 1432 4346 praesumptio
1459 4265 1745 4322 dicentium
1766 4308 1780 4331 ,
1809 4265 2078 4318 Romanos

485 4382 582 4437 pro
615 4366 804 4420 merito
834 4362 1193 4434 religiositatis
1215 4360 1638 4431 diligentiss'imm
1667 4360 1716 4412 in
1750 4366 1952 4412 tantum
1992 4372 2078 4409 su-

475 4460 752 4514 blimitatis
778 4458 969 4523 elatos,
990 4465 1046 4510 ut
1073 4455 1256 4511 orbem
1288 4455 1620 4523 occuparint,
1653 4461 1706 4507 et
1729 4451 1865 4506 adeo
1888 4451 2077 4521 dignos

2203 1859 2302 1903 tas.
2327 1849 2512 1904 Sciunt
2539 1865 2669 1905 sane
2693 1865 2884 1906 omnes
2903 1852 3129 1921 primam
3161 1851 3378 1907 illorum
3402 1852 3666 1925 originem
3698 1873 3804 1912 non

2196 1942 2416 1998 aliunde
2444 1942 2680 2010 ductam,
2711 1959 2870 2014 quam
2901 1959 2934 1999 a
2965 1945 3315 2015 perditorum,
3350 1947 3804 2018 facinorosorum,

2196 2035 2547 2100 incestarum,
2578 2037 2922 2106 sicariorum,
2953 2049 3007 2094 et
3034 2049 3402 2110 grassatorum
3438 2041 3804 2111 multitudine,

2198 2129 2248 2184 in
2277 2132 2480 2203 asylum
2511 2143 2856 2204 congregata,
2883 2148 2946 2189 ac
2972 2134 3261 2189 Romulum
3291 2136 3582 2206 parricidio
3602 2137 3805 2207 jecisse

2194 2223 2343 2279 urbis
2368 2241 2480 2280 suae
2510 2225 2854 2282 fundamenta
2891 2226 3138 2298 (August.
3168 2229 3260 2284 lib.
3293 2245 3372 2295 ιιι,
3413 2231 3477 2284 de
3507 2229 3659 2286 Civit.
3684 2247 3807 2303 cap.

2194 2319 2248 2385 6,
2275 2335 2393 2390 pag.
2417 2319 2507 2375 ϐε.
2538 2319 2718 2375 Livius
2739 2329 2794 2376 et
2825 2320 2960 2393 alii).
2985 2321 3106 2376 Mox
3134 2321 3220 2378 ille
3255 2341 3274 2373 ι
3303 2323 3528 2390 alienas,
3556 2344 3575 2376 ι
3612 2327 3686 2381 uti
3710 2327 3806 2381 Mi-

2195 2411 2386 2466 nucius
2437 2412 2532 2477 ait,
2565 2430 2583 2462 t
2626 2411 2873 2484 Virgines
2901 2417 3017 2468 sine
3056 2429 3206 2470 more
3225 2435 3272 2479 ι,
3320 2413 3373 2470 id
3416 2425 3518 2482 est,
3551 2419 3669 2474 sine
3699 2420 3806 2475 ullo

2195 2505 2465 2574 exemplo,
2510 2513 2604 2560 aut
2640 2505 2784 2560 bono
2836 2521 3008 2572 more,
3045 2525 3064 2560 ‹
3093 2509 3290 2578 rapuit.
3318 2527 3336 2560 ι
3387 2508 3502 2575 Quo
3548 2509 3807 2583 loquendi

2194 2597 2355 2652 modo
2379 2597 2446 2652 ad
2484 2597 2615 2653 illud
2648 2597 2995 2669 Virgilianum
3022 2601 3212 2657 alludit
3242 2619 3255 2655 :

2554 2751 2566 2762 .
2630 2714 2692 2765 Et
2710 2720 2875 2778 raptas
2893 2718 3003 2767 sine
3027 2731 3166 2768 more
3191 2719 3427 2770 Sabinas.

2711 2797 2932 2862 (Virgil.,
2956 2815 3037 2850 vm
3063 2800 3280 2864 {Eneidq
3304 2817 3347 2853 v.
3372 2805 3509 2865 655.)

2265 2898 2400 2954 Tum
2427 2899 2620 2956 deinde
2668 2901 2929 2958 Romulus
2961 2905 3158 2960 bellum
3206 2907 3402 2971 intulit,
3438 2929 3457 2959 ι
3485 2925 3672 2966 earum
3704 2927 3801 2980 pa-

2193 2991 2454 3057 rentibus,
2488 2995 2542 3049 id
2568 3003 2672 3059 est,
2706 2998 2909 3052 soceris
2938 2998 3106 3053 suis.)
3139 2999 3268 3067 Quae
3297 3001 3512 3072 quidem
3541 3005 3702 3060 verba
3746 3006 3832 3068 in,

2193 3084 2344 3156 regio
2367 3087 2553 3142 codice
2580 3088 2847 3159 leguntur.
2892 3090 3000 3145 Cur
3044 3107 3171 3162 ergo
3202 3091 3292 3147 illa
3328 3094 3546 3164 quidam
3592 3112 3805 3168 praepo-

2117 3172 2162 3234 C
2195 3186 2338 3234 stere
2389 3179 2556 3234 textui
2602 3180 2799 3236 inserta
2849 3182 3165 3249 ariolentur,
3208 3201 3312 3239 non
3347 3186 3612 3243 videmus.
3645 3188 3799 3246 Adde

2192 3286 2321 3326 vero
2349 3271 2465 3328 hrec
2489 3275 2800 3329 conﬁrmari
2827 3275 3080 3347 Cypriani
3110 3277 3440 3346 testimonio,
3464 3281 3554 3349 qui
3585 3297 3647 3337 ea
3679 3298 3802 3337 om~

2191 3363 2302 3429 nia,
2336 3364 2596 3422 hactenus
2627 3375 2925 3423 memorata
2945 3409 2960 3433 ,
2990 3385 3055 3424 ex
3085 3370 3186 3424 hoc
3238 3370 3355 3441 ipso
3399 3373 3636 3427 auctoris
3683 3376 3804 3432 loco

2188 3455 2446 3512 delibavit
2475 3459 2661 3530 (Cypr.
2690 3459 2780 3514 lib.
2814 3460 2878 3514 de
2900 3459 3039 3515 Idol.
3091 3478 3208 3516 van.
3252 3477 3368 3534 pag.
3408 3463 3521 3536 l6).
3544 3464 3679 3521 Cum
3705 3484 3806 3521 au-

2190 3557 2296 3604 tem
2330 3549 2446 3605 hzec
2475 3553 2690 3608 nemine
2735 3553 3064 3610 reclamante
3103 3556 3211 3610 sint
3253 3558 3588 3625 certissima,
3619 3577 3682 3616 ex
3715 3561 3804 3618 his

2187 3650 2335 3696 recte
2362 3641 2629 3700 Minucius
2671 3656 2859 3701 c0ntra
2903 3645 3178 3702 Caecilium
3212 3649 3487 3706 concludit
3516 3653 3650 3707 nihil
3676 3670 3805 3712 esse

2187 3731 2270 3788 his
2321 3733 2686 3791 Romanorum
2741 3738 2906 3793 initiis
2967 3758 2986 3790 ‹
3023 3739 3378 3812 irreligiosius
3419 3762 3467 3811 ι,
3519 3747 3805 3818 magisque

2185 3828 2508 3884 sceleratum
2533 3839 2588 3886 et
2613 3831 2856 3902 impium.

2256 3919 2436 3991 Pergit
2463 3921 2574 3989 ille,
2607 3933 2661 3978 et
2686 3925 2922 3980 ostendit
2963 3925 3235 3982 Romanos
3286 3928 3511 3994 eadem,
3553 3948 3661 4002 qua
3687 3949 3804 3990 ca:-

2183 4021 2392 4080 peraut.
2422 4013 2692 4082 impietate
2735 4017 3018 4086 imperium
3058 4035 3213 4074 suum
3263 4035 3630 4093 prOpagasse,
3665 4041 3801 4096 pro-

2183 4102 2354 4156 ximas
2377 4103 2625 4159 videlicet.
2651 4106 2894 4163 civitates
2918 4151 2930 4171 ,
2972 4125 3094 4164 cum
3139 4112 3252 4166 suis
3279 4114 3492 4184 templis
3519 4125 3574 4170 et
3601 4117 3794 4172 altari-

2183 4193 2283 4250 bus
2309 4197 2607 4253 evertendo
2627 4240 2640 4262 ,
2679 4209 2866 4271 captos
2891 4202 3072 4258 hostes
3099 4205 3340 4276 cogendo
3362 4208 3473 4264 suis
3498 4210 3800 4269 sceleribus

2179 4289 2394 4355 sociari,
2433 4311 2451 4343 ι
2474 4293 2774 4365 templaque
2795 4297 2973 4352 omnia
2998 4297 3065 4354 de
3086 4301 3372 4367 manubiis,
3394 4301 3446 4358 id
3465 4314 3572 4370 est,
3589 4305 3661 4361 de
3679 4309 3800 4362 rui-

2180 4379 2264 4434 nis
2293 4381 2518 4447 urbium,
2539 4402 2558 4436 ι
2592 4385 2806 4441 Minucii
2837 4390 2996 4444 verba
3016 4399 3162 4459 sunt,
3194 4412 3212 4443 ‹
3241 4393 3309 4448 de
3329 4396 3516 4465 spoliis
3540 4397 3795 4467 deorum,

2181 4470 2249 4527 de
2278 4474 2521 4530 ccedibus
2545 4478 2910 4548 sacerdotum,
2943 4484 3327 4540 construendo.
3353 4505 3372 4538 ι
3404 4486 3792 4557 Quamobrem,

480 4567 624 4618 esse,
651 4559 708 4606 ut
750 4546 1494 4653 przeterncazterolsmllurepnt,
1543 4544 1632 4653 qui
1685 4544 1788 4598 illis
1831 4542 2073 4653 officit)":
2100 4571 2154 4630 υ
2188 4583 2206 4616 ι
2233 4567 2412 4634 toties,
2447 4587 2465 4620 ι
2501 4579 2557 4624 ul
2586 4570 2678 4627 me
2721 4542 3018 4642 adhuc'ait,
3053 4595 3071 4628 ι
3105 4542 3792 4653 Romanisimpiatum

477 4655 676 4716 praeter
701 4654 924 4698 cancros
949 4641 1148 4696 faciunt
1175 4638 1419 4710 (Tertull.
1446 4637 1667 4708 Apolog.
1696 4652 1814 4706 cap.
1831 4635 1946 4706 25).
1969 4634 2074 4691 Sed

472 4738 576 4792 hoc
606 4735 1000 4792 eruditissimus
1032 4733 1118 4787 ille
1159 4731 1439 4786 Africanus
1475 4731 1705 4800 scriptor
1734 4729 1902 4794 falso,
1937 4721 2073 4784 sicut

477 4847 576 4886 suo
617 4831 734 4884 loco
782 4826 1113 4890 videbimus,
1161 4823 1343 4878 falsius
1381 4837 1499 4878 esse
1546 4823 1893 4878 demonstrat.
1923 4821 2073 4876 Nunc

479 4933 657 4977 autem
708 4918 979 4991 quomodo
1015 4917 1115 4971 hoc
1154 4916 1326 4985 ipsum
1355 4924 1727 4985 argumentum
1765 4930 1794 4970 a
1842 4913 2073 4970 Minucio

479 5021 666 5070 nostro
694 5010 984 5079 refellatur,
1011 5005 1422 5064 exatninandum
1445 5015 1546 5062 est.

2177 4661 2386 4731 quoties
2414 4664 2816 4734 triumphatum.
2851 4667 2952 4723 Tot
2979 4669 3046 4726 de
3068 4670 3169 4726 diis
3193 4673 3386 4743 spolia,
3411 4685 3546 4745 quot
3567 4677 3634 4733 de
3657 4694 3793 4750 gen-

2178 4755 2321 4811 tibus
2349 4765 2401 4810 et
2444 4767 2698 4829 tropma.)
2735 4760 2890 4818 Unde
2938 4763 3075 4820 hanc
3103 4767 3452 4823 meritissimo
3473 4769 3596 4839 jure
3640 4772 3792 4829 elicit

2176 4849 2583 4906 conclusionem
2612 4869 2624 4905 :
2664 4872 2683 4905 ‹
2714 4853 2877 4924 Igitur
2905 4855 3134 4913 Romani
3163 4874 3270 4915 non
3304 4860 3428 4917 ideo
3456 4863 3610 4930 tanti,
3640 4867 3788 4936 quod

2176 4943 2432 5012 religiosi,
2466 4944 2561 5000 sed
2591 4946 2734 5016 quod
2764 4949 2982 5018 impune
3008 4951 3314 5022 sacrilegi.»

2247 5034 2554 5106 Perpendas
2585 5048 2762 5094 autem
2789 5040 2973 5107 velim,
2993 5053 3174 5098 utrum
3206 5043 3492 5116 Minucius,
3515 5063 3638 5105 cum
3669 5049 3790 5108 haec

2170 5128 2453 5198 scriberet,
2478 5130 2544 5186 ad
2567 5130 2885 5188 Tertulliani
2906 5136 3311 5208 Apologeticum
3330 5156 3436 5197 non
3456 5148 3783 5213 reSpexerit.

2171 5220 2304 5277 Nam
2338 5224 2388 5278 in
2413 5223 2514 5281 hoc
2551 5225 2690 5282 libro
2717 5237 2998 5300 postquam
3033 5231 3280 5288 eamdem
3319 5233 3658 5292 ethnicorum
3692 5237 3784 5308 ja-

2170 5316 2460 5372 ctationem
2492 5319 2820 5390 exagitavit,
2853 5329 3014 5392 atque
3057 5325 3360 5395 oppressit,
3401 5340 3784 5399 argumentum

2170 5423 2326 5464 suum
2380 5411 2479 5467 hac
2520 5413 2683 5468 simili
2730 5417 3077 5474 conclusione
3112 5420 3344 5477 absolvit
3381 5439 3396 5476 :
3439 5441 3461 5476 σ
3497 5423 3641 5496 Ergo
3670 5442 3780 5483 non

2167 5513 2294 5559 ante
2320 5505 2554 5576 religiosi
2583 5508 2841 5577 Romani,
2871 5527 3032 5584 qttam
3061 5516 3272 5585 magni,
3298 5515 3530 5588 ideoque
3569 5535 3674 5575 non
3703 5523 3780 5578 ob

2168 5594 2271 5652 hoc
2299 5599 2497 5670 magni,
2527 5603 2648 5672 quia
2676 5603 2934 5676 religiosi.
2964 5608 3122 5678 Atqui
3149 5609 3421 5680 quomodo
3441 5610 3513 5666 ob
3544 5612 3780 5684 religio-

2165 5705 2287 5746 nem
2321 5696 2518 5764 magni,
2551 5698 2743 5767 quibus
2771 5701 3080 5771 magnitudo
3107 5701 3176 5760 de
3207 5686 3605 5777 irreligiositate
3644 5723 3777 5777 pro-

2164 5787 2355 5845 venit?
2379 5789 2442 5848 Ni
2471 5791 2626 5850 fallor
2658 5795 2835 5864 enim,
2883 5784 3064 5855 omne
3088 5814 3311 5871 regnum
3359 5801 3442 5858 vel
3485 5803 3776 5875 imperium
