4038 6308
274 352 386 410 593

1713 331 2183 393 DISSERTATIO.

3468 324 3575 382 59d

274 467 434 525 bellis
459 464 736 536 quaeritur,
777 470 833 518 et
858 459 1097 517 victoriis
1137 465 1476 530 propagatur.
1518 453 1688 510 Porro
1730 450 1872 507 bella
1900 448 1952 507 A
1980 448 2316 515 numina,sed
2342 458 2606 521 portenta,
2628 447 2894 519 iuverant.
2912 465 2930 499 ι
2957 445 3063 500 Eos
3083 442 3356 500 enimvero
3376 441 3577 497 Roma-

273 571 332 617 et
364 557 600 614 victoria:
634 556 806 627 captis
833 565 888 610 et
927 552 1129 609 eversis
1158 549 1448 622 plurimum
1494 545 1718 602 urbibus
1749 558 1878 599 con-

272 662 449 713 stant.
479 651 536 708 Id
565 650 839 723 negotium
867 648 985 704 sine
1013 646 1237 703 deorum
1266 641 1458 711 injuria
1487 655 1591 695 non
1620 646 1724 694 est.
1755 635 1878 691 Ere-

273 748 403 805 dem
451 755 658 817 strages
707 741 963 800 mtenium
1004 749 1061 796 et
1110 737 1450 807 templorum,
1502 746 1660 803 pares
1705 728 1881 786 cmdes

272 841 478 898 civium
508 850 562 896 et
590 836 930 894 sacerdotum
955 877 969 898 ,
1002 847 1102 890 nec
1127 829 1417 887 dissimiles
1460 827 1659 897 rapime
1704 836 1885 878 sacra-

274 953 402 992 rum
435 932 738 991 divitiarum
792 938 847 986 et
888 926 1248 999 profanarum.
1287 923 1392 979 Tot
1417 922 1578 992 igitur
1603 917 1884 988 sacrilegia

278 1030 672 1093 Romanorum,
702 1035 834 1098 quot
858 1031 1057 1093 tropaea
1093 1039 1106 1076 :
1142 1028 1215 1074 tot
1238 1017 1304 1072 de
1328 1015 1433 1070 diis
1462 1056 1478 1080 ,
1508 1023 1636 1086 quot
1660 1010 1729 1068 de
1754 1025 1886 1081 gen-

278 1124 429 1180 tibus
458 1118 710 1190 triumphi
745 1136 757 1172 :
804 1126 881 1171 tot
920 1113 1223 1179 manubiae,
1273 1117 1404 1180 quot
1445 1114 1665 1163 manent
1710 1104 1887 1160 adhuc

274 1215 571 1272 simulacra
597 1210 931 1283 captivorum
976 1206 1201 1263 deorum
1241 1223 1259 1256 ι
1296 1199 1548 1275 (Tertull.
1578 1196 1733 1271 Apol.
1763 1210 1884 1267 cap.

273 1309 379 1375 25,
408 1324 528 1380 pag.
558 1306 676 1374 28).

356 1402 511 1471 Quod
531 1409 710 1456 autem
742 1396 1005 1454 Minucius
1020 1409 1084 1450 ex
1110 1390 1345 1448 hostium
1367 1387 1686 1458 urbiumque
1704 1392 1889 1455 capta-

274 1511 411 1552 rum
454 1492 719 1550 manubiis
745 1489 943 1558 templa
977 1490 1203 1542 deorum
1235 1498 1267 1538 a
1298 1480 1556 1537 Romanis
1595 1477 1889 1533 victoribus

275 1596 595 1648 constructa
624 1585 811 1650 refert,
842 1582 893 1639 id
920 1581 1065 1636 Flori
1089 1576 1398 1635 testimonio
1424 1574 1730 1630 luculenter
1753 1583 1887 1625 con-

280 1683 554 1739 ﬁrmatur.
604 1679 681 1735 De
718 1674 1011 1745 Tarquinio
1053 1670 1253 1729 etenim
1289 1666 1534 1739 Superbo
1583 1665 1700 1720 hzec
1726 1662 1795 1718 ab
1821 1675 1889 1717 eo

279 1773 572 1833 memoria:
593 1768 842 1827 mandata
869 1767 1094 1838 legimus
1126 1783 1141 1820 :
1171 1783 1190 1815 ι
1222 1763 1296 1817 De
1325 1758 1594 1816 manubiis
1608 1765 1886 1826 captarum

1982 556 2170 598 norum
2196 543 2359 597 armis
2388 544 2586 610 victos,
2638 541 3050 612 proﬂigatosque
3100 537 3261 593 fuisse
3300 551 3459 593 nemo
3495 544 3581 592 est

1982 636 2073 707 qui
2104 636 2325 691 neseiat.
2354 636 2711 705 Quamobrem
2754 634 3089 708 Cyprianus,
3134 632 3222 702 qui
3272 631 3458 687 eadem
3511 646 3577 687 ex

1984 728 2089 784 hoc
2108 738 2325 784 auctore
2347 739 2529 785 nostro
2545 730 2759 799 repetit,
2784 728 3122 784 continenter
3142 725 3337 795 adjecit
3367 742 3381 781 :
3420 724 3580 794 «Qum.

1986 820 2169 890 utique
2189 821 2235 876 si
2259 820 2386 892 quid
2424 822 2706 891 potestatis
2736 820 3083 884 habuissent,
3127 835 3220 874 sua
3262 833 3325 873 ac
3360 832 3580 872 suorum

1986 929 2149 984 regna
2171 923 2475 970 servassent
2499 933 2518 966 ι
2541 912 2725 986 (Cypr.
2747 914 2837 970 lib.
2856 914 2919 969 de
2934 913 2958 967 I
2967 914 3132 969 dolor.
3153 912 3321 971 Vanit.
3337 910 3583 982 pagJS).

2060 1008 2211 1064 Scire
2241 1017 2417 1064 autem
2451 1008 2495 1063 si
2524 1008 2644 1077 quis
2673 1008 2886 1077 cupiat,
2916 1008 3007 1079 qui
3034 1008 3140 1062 sint
3168 1006 3278 1074 illi,
3309 1020 3445 1077 quos
3473 1005 3584 1059 Mi—

1990 1101 2177 1158 nucius
2202 1110 2448 1172 portenta
2473 1100 2751 1156 numinum
2777 1101 3081 1171 appellavit,
3098 1099 3340 1155 dicemus
3360 1098 3585 1153 Martem

1991 1194 2113 1251 ideo
2142 1194 2429 1250 Thracium
2474 1194 2875 1266 cognominari,
2902 1194 3023 1265 quia
3064 1191 3305 1248 nonnulli
3346 1206 3468 1247 eum
3518 1205 3587 1245 ex

1990 1289 2216 1345 Thracia
2263 1288 2548 1344 oriundum
2580 1297 2902 1359 putaverunt
2923 1329 2937 1351 ,
2969 1286 3043 1341 uti
3073 1302 3101 1340 a
3134 1285 3286 1341 nobis
3315 1284 3442 1339 alibi
3490 1283 3588 1339 ob—

1991 1391 2260 1439 servatum
2310 1390 2394 1438 est
2440 1380 2620 1453 (Tom.
2652 1396 2669 1435 ι
2709 1385 2962 1450 Apparat,
2994 1378 3087 1433 lib.
3121 1394 3213 1444 ιιι,
3254 1377 3525 1442 dissertal,
3550 1391 3591 1442 ι,

1991 1493 2109 1550 cap.
2133 1477 2188 1544 9,
2209 1486 2309 1532 art.
2332 1493 2367 1543 ι,
2393 1491 2515 1548 pag.
2535 1473 2685 1549 755).
2704 1474 2783 1531 Ad
2817 1475 2933 1529 haec
2961 1489 3089 1529 vero
3115 1472 3428 1528 Ammianus
3458 1469 3594 1524 Mar-

1992 1572 2219 1628 cellinus
2240 1571 2530 1645 (Ammian.
2556 1570 2648 1626 lib.
2669 1585 2832 1636 xxvn,
2858 1584 2974 1637 cap.
2991 1570 3046 1631 4,
3071 1581 3191 1637 pag.
3209 1564 3335 1635 482)
3368 1564 3594 1619 Martem

1994 1663 2295 1720 Thracibus
2313 1665 2545 1720 maximo
2562 1661 2754 1718 honori
2775 1660 3049 1731 cultuique
3068 1658 3533 1713 fuisse‘testiiicatu
3543 1672 3590 1710 r.

2068 1759 2146 1813 De
2200 1758 2339 1814 Jove
2394 1767 2571 1814 autem
2607 1756 2839 1822 Cretico,
2888 1770 3046 1826 quem
3093 1753 3297 1808 scilicet
3339 1754 3392 1807 in
3436 1748 3594 1806 Creta

277 1871 502 1927 urbium
538 1865 794 1937 templum
824 1863 1006 1919 erexit
1038 1880 1058 1914 ι
1090 1858 1260 1933 (Flor.
1305 1855 1398 1911 lib.
1432 1870 1448 1909 ι
1485 1852 1612 1907 Ber.
1652 1867 1684 1903 a
1730 1848 1885 1903 Rom.
1917 1846 1966 1906 B
1994 1860 2178 1906 natum
2205 1859 2261 1906 et
2286 1852 2550 1922 sepultum
2579 1849 2858 1916 ferebant,
2886 1845 3334 1918 quemadmodum
3362 1844 3595 1908 lunone,

279 1974 481 2037 gestar.
521 1975 641 2030 cap.
685 1958 781 2029 7).
822 1953 1214 2013 Tertulliannm
1250 1964 1382 2006 vero
1420 1961 1543 2002 mox
1587 1941 1890 1998 audivimus

281 2057 565 2115 dicentem
610 2052 974 2108 Romanorum
1029 2044 1311 2103 manubias
1379 2055 1502 2097 esse
1556 2038 1889 2109 captivorum

280 2152 517 2208 deorum
542 2146 845 2202 simulacra.
877 2144 949 2199 At
1000 2142 1102 2197 hoc
1118 2139 1334 2211 quidem
1363 2150 1471 2193 non
1501 2133 1681 2191 minus
1708 2138 1894 2202 aperte

288 2243 383 2300 his
410 2239 683 2298 Prudentii
721 2236 965 2294 versibus
993 2234 1258 2290 asseritur
1282 2248 1295 2284 :

392 2374 686 2425 Innumeros
705 2377 815 2437 post
846 2368 1038 2437 deinde
1060 2367 1202 2437 deos,
1228 2365 1414 2437 virtute
1431 2361 1647 2437 subactis

397 2424 627 2498 Urbibus,
653 2424 721 2486 οἱ
741 2434 888 2484 claris
904 2430 1100 2498 peperit
1114 2424 1207 2481 sibi
1228 2426 1378 2498 Roma
1402 2424 1677 2498 triumphis,

394 2501 535 2551 Inter
557 2491 803 2548 fumantes
826 2491 1120 2558 templorum
1138 2497 1322 2558 armata
1347 2491 1516 2558 ruinas

392 2550 620 2613 Dextera
644 2560 856 2618 victoris,
882 2550 1137 2607 simulacra
1159 2552 1355 2604 hostilia
1378 2550 1528 2618 cepit,

394 2612 461 2677 Et
481 2625 669 2689 captiva
684 2612 899 2682 domum,
926 2628 1174 2671 venerans
1187 2628 1279 2667 seu
1296 2614 1494 2664 numina
1514 2612 1672 2661 vexit.

400 2726 549 2801 Roma
939 2715 1296 2811 quotiesducis
1317 2711 1504 2811 inclyta.
1515 2710 1714 2787 currum

400 2813 663 2863 Plausibus
684 2801 903 2870 eicerit.
932 2801 1086 2857 toties
1112 2804 1283 2855 altaria
1306 2801 1472 2870 divum

401 2860 1105 2937 lddidit,ﬁﬁetspoliisVsibimet
1127 2880 1251 2916 nova
1277 2866 1477 2914 numina
1487 2860 1624 2911 fecit.

865 2952 1149 3018 (Prudent.,
1176 2948 1213 2998 l.
1229 2963 1279 3009 ιι,
1303 2942 1606 3012 Symmach.,
1633 2939 1752 3005 ἐξ.)

220 3074 233 3083 ’
305 3087 383 3144 At
407 3085 619 3143 brevius
650 3080 959 3140 Lactantius
986 3088 1043 3137 et
1064 3077 1281 3147 templa,
1304 3084 1358 3130 et
1384 3072 1668 3131 simulacra
1698 3066 1901 3139 signiﬁ-

307 3194 468 3236 casse
488 3179 717 3234 videtur.
749 3175 849 3233 Ubi
878 3175 1023 3231 enim
1055 3172 1291 3228 hostium
1324 3169 1484 3224 urbes
1513 3164 1680 3221 armis
1703 3162 1876 3217 Roma
1894 3189 1908 3202 -

1997 1954 2111 2000 tum
2155 1944 2372 2016 Argiva,
2420 1958 2543 2000 cum
2584 1942 2760 1999 Samia
2806 1941 2950 1997 haud
2999 1940 3165 1996 semel
3209 1937 3601 2010 disputavimus

1996 2036 2497 2107 (Tom.tApparat.
2536 2035 2627 2091 lib.
2660 2052 2752 2105 ιιι,
2785 2050 2905 2106 cap.
2932 2035 2987 2101 7,
3012 2043 3114 2089 art.
3142 2035 3200 2101 4,
3236 2048 3353 2104 pag.
3388 2029 3513 2096 750,
3547 2037 3605 2084 et

1997 2144 2116 2200 cap.
2140 2130 2194 2197 8,
2225 2139 2325 2185 art.
2360 2146 2399 2195 ι,
2422 2145 2544 2201 pag.
2579 2130 2707 2195 7'55,
2734 2137 2789 2183 et
2816 2142 2935 2199 cap.
2966 2129 3056 2194 14,
3083 2135 3187 2181 art.
3219 2126 3271 2188 5.
3299 2140 3417 2197 pag.
3444 2122 3599 2194 827).

2070 2222 2186 2278 llue
2211 2222 2429 2279 accedat
2470 2223 2659 2278 Cicero
2701 2220 2901 2294 (Cicer.
2934 2220 3028 2276 lib.
3060 2237 3077 2274 ι
3116 2219 3184 2274 de
3219 2218 3404 2274 Natnr.
3445 2216 3601 2271 deor.

2002 2329 2122 2386 pag.
2154 2314 2309 2385 207).
2333 2316 2423 2385 qui
2449 2314 2517 2371 de
2545 2316 2714 2385 prima
2735 2313 2947 2371 Junone
2968 2314 3082 2367 haec
3097 2310 3326 2381 posteris
3351 2308 3602 2363 tradidit:

2008 2425 2027 2459 ι
2062 2407 2131 2462 At
2152 2423 2258 2462 non
2288 2417 2373 2464 est
2424 2408 2578 2473 talis,
2609 2422 2672 2463 ac
2700 2406 2911 2477 Sospita
2936 2448 2949 2472 ,
2982 2403 3202 2471 Argiva,
3233 2416 3333 2457 nec
3360 2401 3606 2456 Romana

2001 2501 2167 2562 Juno.
2198 2503 2337 2573 Ergo
2364 2503 2465 2558 alia
2482 2504 2695 2572 species
2720 2497 2949 2556 Junonis
2974 2494 3319 2568 Argivis,alia
3342 2492 3564 2548 Latinis.
3580 2510 3600 2544 ι

2007 2602 2084 2659 De
2110 2601 2212 2657 hac
2237 2608 2416 2655 autem
2443 2596 2656 2653 lunone
2694 2591 2824 2650 illud
2854 2590 3059 2663 Virgilii
3088 2603 3307 2645 carmen
3332 2585 3558 2657 legimus
3589 2598 3605 2635 :

2223 2713 2406 2766 Junoni
2430 2710 2625 2777 Argivas
2643 2710 2804 2774 iustos
2825 2705 3082 2758 adolemus
3102 2704 3335 2754 honores.

2081 2816 2292 2876 Videsrs
2323 2816 2638 2872 Pausaniam
2666 2813 2924 2885 (Pausan.
2955 2810 3046 2865 lib.
3070 2826 3127 2875 ιι,
3163 2824 3283 2879 pag.
3317 2806 3406 2874 59,
3438 2813 3493 2860 et
3516 2803 3610 2861 lib.

2008 2932 2086 2983 ιιι,
2109 2931 2226 2988 pag.
2253 2913 2369 2983 95),
2392 2912 2685 2968 Luciannm
2704 2907 3031 2982 (Lucian.de
3045 2903 3287 2962 Sacriﬁc.
3317 2917 3435 2973 pag.
3461 2898 3617 2973 185),

2011 3021 2065 3067 et
2090 3008 2415 3065 Strabonem
2467 3003 2671 3076 (Strab.
2725 3001 2820 3056 lib.
2864 3015 2921 3067 v,
2961 3013 3080 3071 pag.
3132 2996 3261 3059 215,
3310 3005 3364 3049 et
3408 2993 3500 3049 lih.
3536 3009 3618 3060 vr,

2013 3117 2137 3174 pag.
2166 3099 2320 3171 252),
2347 3100 2434 3170 qui
2464 3098 2792 3154 mentionem
2817 3093 2964 3149 illius
2989 3090 3128 3147 haud
3151 3088 3316 3146 semel
3348 3089 3612 3153 fecerunt,

2015 3196 2156 3250 sicut
2183 3201 2238 3248 et
2266 3192 2353 3246 alii
2384 3190 2716 3247 recentiores
2745 3186 2883 3242 bene
2914 3184 3087 3240 multi.

316 3288 509 3329 norum
533 3271 820 3327 subversas
838 3275 1124 3332 memorat,
1147 3263 1218 3320 ibi
1246 3262 1587 3318 continenter
1602 3255 1905 3327 subiungit:
1936 3244 1982 3308 C
2189 3244 2601 3340 Eudon‘e1gro
2640 3244 2821 3337 Samia
2863 3277 2976 3333 haec
3004 3284 3185 3331 mer
3210 3273 3448 3331 Eum“
3474 3272 3617 3345 apud

321 3386 342 3420 ι
380 3362 831 3422 Consecrantdiis
851 3359 1152 3425 manubias,
1179 3366 1236 3440 et
1263 3355 1481 3424 rapinas
1504 3365 1630 3408 suas
1667 3369 1686 3402 ι
1730 3347 1908 3418 (Lact.

316 3462 410 3517 lib.
444 3458 656 3514 tlmu't.
688 3472 804 3528 cap.
864 3455 920 3520 6,
960 3468 1082 3524 pag.
1130 3451 1254 3507 170.
1296 3449 1518 3503 Dissert.
1564 3445 1619 3500 in
1666 3441 1910 3497 Lactant.

318 3567 439 3623 cap.
463 3552 555 3613 55,
588 3559 687 3605 art.
717 3549 797 3619 4).
843 3547 919 3603 Ex
969 3542 1235 3600 manubiis
1273 3538 1573 3610 siquidem,
1602 3534 1654 3590 id
1685 3541 1787 3598 est,
1821 3545 1914 3602 pe-

319 3646 492 3702 cuniis
519 3661 584 3700 ex
612 3643 827 3699 vendita
862 3640 1093 3696 hostium
1123 3650 1367 3702 suorum,
1391 3642 1451 3688 ut
1474 3631 1597 3686 alibi
1624 3626 1917 3699 explicabi-

322 3754 462 3803 mus,
481 3735 658 3808 przrda
673 3734 894 3799 coactis,
916 3747 1055 3787 nova
1077 3729 1302 3785 deorum
1325 3723 1659 3781 aediﬁcabant
1682 3718 1915 3789 templa;

320 3845 387 3885 ac
415 3837 585 3900 rapta,
613 3841 903 3897 secumque
931 3825 1153 3879 Romam
1198 3826 1467 3889 asportata
1496 3815 1719 3870 deorum
1747 3812 1918 3867 simu-

322 3922 487 3989 lacra,
518 3929 573 3974 et
598 3920 649 3973 in
681 3917 894 3989 templis
923 3915 1035 3972 suis
1050 3914 1308 3970 collocata
1333 3909 1513 3965 denuo
1532 3904 1923 3962 consecrabant

326 4029 458 4069 orna
468 4018 721 4084 hantque.

401 4106 577 4163 Testis
603 4119 815 4175 quoque
846 4102 1000 4157 nobis
1024 4108 1107 4156 est
1131 4096 1323 4154 Cicero
1349 4094 1648 4151 detractum
1675 4105 1703 4145 a
1728 4089 1925 4159 Diony-

330 4202 415 4258 sio
444 4210 674 4272 tyranno
701 4197 1013 4261 amiculum,
1036 4208 1142 4264 quo
1175 4192 1362 4247 Jovem
1388 4196 1603 4242 ornarat
1635 4200 1699 4239 ex
1732 4196 1925 4237 mauu-

332 4297 436 4353 biis
455 4291 957 4364 Carthaginensium
985 4298 1243 4361 tyrannus
1267 4283 1421 4341 Gelo.
1444 4279 1685 4350 Quadam
1708 4277 1930 4345 insuper

333 4389 389 4443 in
441 4385 740 4442 Oratione:
781 4381 881 4451 Qui
925 4396 1047 4438 cum
1086 4377 1306 4442 Etolis,
1349 4374 1444 4442 ait,
1489 4371 1664 4427 Ennio
1706 4367 1929 4434 comite,

2015 3377 2349 3435 Clementem
2396 3373 2818 3431 Alexandrinum
2863 3368 3139 3443 (Clemens
3171 3366 3457 3429 Alexandr.
3505 3367 3617 3421 Ad-

2017 3472 2204 3529 monit.
2240 3470 2306 3525 ad
2336 3469 2492 3526 Gent.
2524 3483 2641 3539 pag.
2676 3463 2769 3538 30)
2799 3471 2932 3526 :ng
2962 3471 3147 3531 Σαμίας
3178 3451 3305 3532 ripa;
3327 3501 3342 3526 ,
3384 3467 3445 3520 ῶς
3480 3484 3621 3530 pum

2016 3574 2229 3630 Aiﬂlrsg,
2269 3567 2493 3635 rrptirspsv
2531 3571 2617 3631 μὶν
2663 3566 2720 3624 ἧν
2753 3568 2879 3621 σανίς
2939 3561 3124 3627 ﬁas-spei!
3162 3558 3212 3608 δὲ
3241 3557 3321 3609 ἐπὶ
3362 3555 3624 3624 Προκλέους

2018 3666 2262 3733 ἄρχοντος,
2294 3658 2669 3728 ἀνδριαντοειδὲς
2698 3659 2900 3722 (plura.
2942 3667 2962 3702 ι
2991 3648 3186 3704 Samia:
3215 3646 3441 3703 Junonis
3476 3645 3625 3714 prius

2023 3753 2235 3823 quidem
2264 3760 2381 3805 erat
2404 3746 2601 3810 tabula.
2634 3753 2814 3814 postea
2835 3751 3037 3807 autem,
3066 3737 3338 3794 Archonte
3364 3736 3588 3792 Procleo
3614 3789 3632 3815 ,

2024 3843 2075 3899 in
2105 3843 2333 3898 formam
2360 3850 2553 3897 statuae
2580 3837 2758 3895 el'llcta
2779 3848 2916 3893 est.»
2949 3833 3103 3891 Unde
3131 3841 3274 3901 patet
3302 3847 3459 3902 quam
3481 3830 3625 3885 anti-

2025 3951 2128 4007 qua
2152 3935 2251 3991 fuit
2285 3934 2428 3989 illius
2462 3930 2603 4004 apud
2641 3930 2886 3986 ethnicos
2912 3926 3207 3983 veneratio.
3237 3924 3381 3995 Lege
3410 3923 3586 3979 adhuc
3606 3965 3624 3989 ,

2024 4032 2068 4088 si
2117 4031 2270 4096 velis,
2298 4027 2617 4084 Pausaniam
2669 4022 2923 4095 (Pausan.
2971 4020 3065 4075 lib.
3093 4033 3188 4083 vn,
3222 4033 3342 4088 pag.
3377 4015 3508 4087 209)
3530 4057 3545 4081 ,
3573 4024 3631 4072 et

2027 4125 2309 4195 Origenem
2338 4121 2506 4196 (Orig.
2530 4118 2904 4183 lib.tv,contr.
2923 4114 3066 4172 Cels.
3095 4127 3219 4185 pag.
3244 4109 3394 4183 196).
3419 4108 3632 4165 Utrius-

2029 4236 2135 4291 que
2158 4233 2319 4289 porro
2346 4217 2487 4272 illius
2513 4213 2770 4279 lunonis,
2809 4227 2872 4269 ac
2912 4210 3083 4265 tertiae
3104 4250 3119 4275 ,
3151 4222 3271 4277 quae
3316 4203 3508 4270 Pwna,
3533 4218 3633 4260 seu

2031 4310 2468 4383 Carthaginensis
2518 4308 2832 4373 vocabatur,
2884 4304 2968 4360 bis
3006 4301 3260 4373 Virgilius
3301 4296 3633 4357 carminibus

2037 4409 2281 4468 meminit
2309 4426 2323 4462 :

338 4482 559 4540 bellavit
591 4479 814 4535 Fulvius
838 4517 851 4541 .
882 4491 987 4532 non
1017 4472 1279 4529 dubitavit
1308 4467 1591 4525 manubias
1613 4464 1778 4521 Musis
1798 4476 1932 4518 con-

335 4589 554 4632 secrare
604 4571 802 4645 (Cicer.
832 4569 925 4625 lib.
956 4583 1013 4623 ιιι
1038 4566 1102 4620 de
1126 4563 1326 4619 Natur.
1360 4562 1503 4617 deor.
1531 4573 1653 4630 pag.
1680 4556 1809 4619 252,
1835 4552 1933 4608 lin.

339 4670 429 4736 87,
454 4679 508 4725 et
531 4643 678 4723 0.4...
710 4681 805 4737 pro
828 4662 1035 4727 Archia,
1064 4675 1184 4732 pag.
1213 4658 1322 4715 390
1345 4699 1358 4722 ,
1381 4656 1476 4712 lin.
1497 4653 1616 4726 εδ).
1962 4643 2016 4703 1)

416 4763 595 4834 Pergit
621 4758 895 4822 Octavius,
926 4765 1085 4827 atque
1123 4769 1224 4809 suo
1267 4760 1322 4807 et
1354 4749 1787 4807 Christianorum
1830 4748 1937 4797 'no-

344 4856 490 4913 mine
516 4855 584 4909 ab
608 4849 918 4908 adversario
952 4862 1086 4913 suo,
1117 4845 1342 4913 aliisque
1375 4839 1626 4903 ethnicis,
1658 4835 1792 4908 pctit
1816 4834 1942 4904 qui-

345 4965 469 5006 nam
495 4948 567 5003 dii
598 4944 855 5002 Romanis
880 4940 1128 5014 pr0pitii,
1155 4949 1316 5010 atque
1350 4939 1404 4992 in
1442 4934 1598 4991 bellis
1637 4931 1702 4988 ad
1745 4944 1941 5002 propa-

344 5042 551 5116 gandos
604 5039 743 5095 ﬁnes
791 5036 998 5107 imperii
1042 5033 1125 5089 sui
1167 5032 1442 5103 adjutores
1483 5026 1760 5092 venerint,
1814 5038 1942 5081 num
2203 5026 2365 5057 ι’τιιιιει
2387 5026 2518 5068 (tum
2540 5026 2602 5053 δυ

348 5072 551 5116 Βᾰιιιυυδ
605 5072 743 5095 unca
793 5072 998 5107 Inruimu-
1042 5072 1125 5089 συ.
1167 5072 1369 5103 -ιιδιιιυ,
1383 5072 1442 5085 νυ
1496 5072 1638 5085 ...η-ν.
1653 5072 1760 5092 ...-,
1815 5072 1902 5081 -..η

348 5133 617 5207 peregrini
647 5143 701 5188 et
728 5129 972 5195 advenae,
1005 5126 1093 5182 vel
1124 5125 1321 5195 proprii
1352 5137 1414 5177 ac
1440 5118 1754 5176 vernaculi?
1785 5119 1905 5185 Atqt

2636 5083 2820 5147 (Ἧι-κη
2837 5081 2902 5131 1.ι
2927 5074 3144 5136 dinem,
3167 5088 3213 5126 υ.
3242 5072 3343 5138 16.)

2127 5199 2160 5207 -
2242 5197 2252 5207 .
2416 5192 2431 5207 .
2496 5192 2544 5207 ..
2697 5183 2993 5207 μμ,
3046 5181 3253 5207 MM,“
3324 5191 3343 5207 ε

350 5172 617 5207 Ιηυιιθιιιη
648 5172 701 5188 ν,
728 5172 972 5195 uuvv-uw,
1017 5172 1093 5182 νυ.
1126 5172 1273 5195 γ-νγ-
1290 5172 1321 5179 .-
1353 5172 1412 5177 ..ν
1452 5172 1709 5176 -v---_s-,,_,
1875 5172 1885 5185 '

349 5227 484 5284 nulli
507 5242 569 5281 ex
598 5225 664 5280 iis
685 5238 845 5294 opem
875 5219 1132 5277 Romanis
1158 5218 1301 5273 ferre
1341 5220 1645 5285 potuerunt.
1686 5209 1801 5266 Non
1843 5208 1953 5278 pri-
2127 5197 2364 5260 Denique
2399 5192 2469 5248 de
2496 5192 2664 5247 Matre
2697 5187 2835 5243 Idam
2863 5183 2997 5239 intra
3043 5181 3284 5243 dicetur,
3324 5176 3464 5232 sicut
3496 5182 3551 5229 et
3579 5172 3650 5229 de

2332 5288 2342 5294 .
2444 5286 2487 5294 ._
2608 5283 2635 5294 Δ.
2940 5293 2943 5294 ,
2979 5274 3154 5294 κλμ---
3197 5270 3438 5294 ---..--εηι-
3479 5267 3621 5294 ,ειμι-ιι

352 5323 427 5379 mi
458 5319 695 5391 quidem.
719 5267 854 5373 ἆραι
878 5311 1150 5386 quomodo
1192 5267 1449 5366 Romanis
1480 5304 1694 5377 propitii
1737 5267 1952 5373 adjuto-
2054 5288 2377 5350 monstrosis
2421 5283 2797 5356 Egyptiorum
2847 5274 3157 5333 numinibus
3195 5270 3441 5342 superius
3476 5267 3652 5324 disse-

2125 5386 2136 5391 -
2335 5379 2392 5391 η-
2436 5377 2447 5391 -
2474 5377 2486 5389 -
2608 5374 2741 5391 -ιςμ
2810 5370 2874 5391 ,ηε
2919 5369 3135 5391 μην...
3165 5372 3283 5391 ......
3337 5375 3467 5391 mm.
3513 5358 3652 5391 et..."

352 5358 427 5379 IIII
458 5358 695 5391 Ἰιιιυυιυσ
719 5358 854 5373 ιιι-η.
880 5358 1147 5386 ‘iu‘IIDIVV‘a-v
1194 5358 1446 5366 --w---—----
1484 5358 1530 5377 ιγ.
1552 5358 1653 5376 ,τίκ
1684 5358 1693 5359 κ
1803 5358 1821 5373 ,

352 5427 550 5483 resque
580 5410 838 5472 luiSsent,
866 5408 954 5477 qui
980 5418 1271 5475 numquam
1291 5411 1512 5471 potuere
1538 5397 1763 5454 clientes
1787 5393 1957 5450 culto-
2057 5386 2282 5442 ruimus.
2335 5379 2400 5434 Et
2436 5377 2491 5431 hi
2532 5374 2748 5446 quidem
2803 5370 2877 5426 dii
2914 5369 3136 5437 demque
3165 5372 3309 5429 sunt,
3336 5375 3471 5431 quos
3513 5358 3655 5412 sicut

2094 5479 2129 5483 --
2431 5471 2485 5483 ιη
2548 5482 2553 5483 ,
2698 5466 2731 5483 η
2784 5481 2815 5483 μ
2862 5463 3071 5483 A..-_!---
3107 5472 3258 5483 -_.....
3291 5453 3542 5483 ητα-.-.ἀρ
3575 5459 3655 5483 In-

354 5453 550 5483 ......,....
581 5453 838 5472 .........,..-,
868 5453 954 5477 η-.
980 5453 1270 5475 ..----γηη
1293 5453 1339 5471 Γ
1492 5453 1503 5455 -
1554 5453 1557 5454 ,

354 5524 553 5578 resque
576 5520 703 5561 suos
732 5511 917 5559 contra
959 5499 1193 5554 hostium
1237 5510 1455 5551 suorum
1502 5494 1732 5561 impetus
1774 5488 1909 5544 tueri
1942 5505 1955 5541 :
2061 5479 2226 5534 alium
2266 5471 2593 5545 quemlibet,
2623 5466 2822 5522 nullam
2855 5463 3076 5519 omnino
3103 5472 3261 5530 opem
3291 5453 3544 5510 Romanis
3575 5459 3659 5506 tu-
3741 5464 3747 5470 '

2062 5572 2095 5578 -.
2217 5568 2280 5578 .-.
2396 5566 2406 5577 .
2576 5570 2609 5578 ,.
2630 5576 2639 5578 _
2682 5557 2901 5578 -_-__-_:.
2950 5555 3058 5578 nr-..
3092 5554 3252 5578 1-....-
3280 5548 3436 5578 ..ιζιωη
3461 5545 3658 5578 «tinnit-

365 5545 553 5578 Ιῠδιιηυ
577 5545 703 5561 σιιυο
734 5545 876 5559 ειν-ι..
891 5545 917 5555 κ
961 5545 1193 5554 ------τ--.---
1238 5545 1355 5551 __--
1372 5545 1454 5549 π---
1505 5545 1534 5547 ,ἡ
1581 5545 1604 5561 r

365 5621 385 5654 ι
406 5601 589 5672 Neque
601 5599 742 5655 enim
761 5611 874 5660 eos,
891 5614 911 5648 ι
934 5595 1007 5649 ait
1026 5592 1307 5653 Minucius,
1337 5608 1354 5641 ι
1376 5588 1631 5643 adversus
1644 5597 1770 5638 suos
1788 5579 1962 5636 homi-
2062 5572 2192 5626 lisse
2216 5566 2476 5623 Minucius
2502 5570 2648 5617 recte
2676 5557 2926 5615 asseruit.
2950 5555 3060 5610 Nec
3092 5554 3253 5623 longe
3279 5548 3436 5603 aliter
3461 5545 3658 5599 adver-

1922 5671 1925 5672 ,
2175 5662 2204 5672 η
2429 5657 2442 5672 ι
2591 5654 2608 5672 Α
2640 5653 2702 5672 ut
2722 5652 2889 5672 Δ,.ε...
2916 5657 3092 5672 -..-ι-..
3117 5647 3514 5672 -..ι-...κληιηιηο
3542 5645 3623 5672 ac!
3646 5651 3658 5665 ι

363 5709 482 5756 nes,
504 5645 746 5760 inquibus
764 5688 1099 5749 colebantur,
1130 5682 1213 5739 vel
1241 5681 1380 5737 Mars
1401 5677 1683 5741 Thracius,
1706 5673 1789 5728 vel
1811 5671 1963 5742 Jupi-
2065 5679 2158 5721 sus
2173 5657 2555 5735 Symmachum
2579 5652 2894 5710 Ambrosius
2916 5657 3097 5719 postea
3117 5647 3517 5716 argumentatus
3542 5645 3627 5692 est
3646 5651 3662 5689 τ

366 5735 482 5756 ..νη
504 5735 534 5747 ..
554 5735 745 5760 ηψπ..-
768 5735 865 5744 η.-
1084 5735 1099 5749 ,
1171 5735 1211 5739 μ
1242 5735 1281 5737 _,
1672 5735 1680 5741 ,
1885 5735 1898 5742 _

366 5799 450 5844 ter
502 5785 766 5851 Creticus,
807 5782 891 5837 vel
932 5778 1071 5836 Juno
1119 5775 1335 5846 Argiva,
1385 5785 1527 5828 nunc
1578 5769 1762 5833 Pruna,
1822 5778 1966 5820 nunc
2074 5777 2093 5811 ι
2128 5757 2314 5815 Utrum
2347 5752 2559 5817 volunt,
2590 5749 2805 5819 eligant.
2837 5744 2893 5800 Si
2927 5744 2977 5797 in
3010 5739 3264 5796 Romanis
3300 5735 3545 5789 vicerunt
3579 5742 3666 5785 sa-

370 5821 439 5844 uzl
503 5821 766 5851 νιιριιυιω,
817 5821 891 5837 ιν.
932 5821 1069 5836 ἰιιιν
1119 5821 1335 5846 ...ομ-Ἰ
1385 5821 1524 5828 ην---
1578 5821 1761 5833 ---ν-κ,

370 5881 534 5937 Diana
562 5877 807 5933 Taurica.
836 5874 919 5927 vel
950 5879 1121 5927 mater
1145 5869 1303 5933 Idam,
1332 5866 1411 5922 vel
1445 5862 1714 5934 Egyptia,
1742 5859 1831 5916 illa
1858 5873 1965 5915 non
2069 5866 2184 5919 cra,
2214 5850 2266 5905 in
2315 5841 2823 5913 Carthaginiensibus
2873 5852 3000 5908 ergo
3039 5841 3286 5905 superata
3330 5836 3454 5882 sunt
3480 5841 3492 5878 :
3524 5823 3569 5879 si
3608 5821 3663 5876 in

2193 4503 2323 4554 Urbs
2344 4504 2541 4565 antiqua
2564 4497 2659 4549 fuit
2694 4495 2848 4561 (Tyrii
2872 4501 3089 4546 tenuere
3105 4490 3262 4542 coloni

2195 4565 3385 4628 Carthago.........

2196 4668 2350 4752 Quam
2372 4663 2503 4739 Juno
2525 4663 2685 4752 fertur
2710 4660 2858 4752 terris
2881 4656 3038 4752 magis
3060 4656 3286 4752 omnibus
3308 4656 3453 4729 unam

2193 4742 2480 4805 Posthabita
2503 4750 2713 4800 coluisse
2744 4749 2890 4798 Samo
2916 4761 2928 4794 :
2958 4742 3041 4795 hic
3066 4742 3198 4793 illius
3215 4753 3349 4790 arma

2196 4804 2290 4869 Hic
2302 4804 2480 4868 currus
2500 4812 2593 4863 fuit
2614 4828 2625 4862 :
2655 4812 2747 4864 hoc
2766 4822 2978 4870 regnum
3001 4807 3097 4857 dea
3112 4804 3348 4870 gentibus
3380 4813 3515 4854 esse.

2197 4865 2371 4943 Siqua
2396 4876 2492 4927 fata
2513 4879 2693 4931 sinant,
2715 4865 2938 4937 jam't'um
2962 4865 3222 4931 tenditque
3246 4865 3503 4928 fovetque.

2202 4983 2365 5057 Prinia
2387 4979 2518 5068 quod
2540 4976 2602 5053 ad
2623 4974 2817 5062 'l‘i‘ojain
2841 4974 2931 5061 pro
2951 4964 3374 5055 cli'arisgess'erat'
3387 4964 3548 5049 Argis.
