4034 6320
402 294 512 352 59:;
1700 286 1787 341 DE
1827 282 2082 343 NINUCII
2121 284 2298 345 OCTA
2313 287 2419 343 VII)
3614 292 3716 349 596

404 405 920 479 Carthaginiensibus
967 405 1312 474 triumphata,
1372 418 1472 459 nec
1522 403 1780 461 Romanis
1827 404 2009 477 utique
2036 404 2088 465 Α
2117 403 2208 470 tia,
2234 406 2440 476 inquit,
2472 406 2728 463 Romanis
2763 408 2972 465 cmlites
3004 409 3075 464 ita
3119 408 3285 476 velle,
3317 418 3376 464 ut
3404 423 3522 465 mea
3551 410 3716 465 Roma

403 502 730 577 proluerunt
762 520 780 553 ι
818 498 1092 573 (Ambros.
1124 497 1297 569 Epist.
1330 495 1419 562 18,
1452 496 1480 569 §
1506 496 1558 562 6,
1590 512 1708 571 pag.
1734 496 1885 569 854).
2115 507 2275 567 caput
2299 498 2447 555 orbis
2479 508 2743 555 terrarum
2770 501 2859 557 sit.
2900 500 3135 557 Proinde
3179 516 3292 561 rem
3321 502 3611 559 militarem
3636 518 3723 558 co-

478 598 646 654 Recte
672 611 800 666 ergo
825 592 1086 648 Minucius
1110 606 1175 646 ex
1198 590 1354 645 dictis
1381 589 1653 647 concludit
1677 589 1804 645 nihil
1836 588 2007 659 magis
2115 588 2249 655 lant,
2295 590 2574 662 sciantque
2605 601 2661 648 et
2706 594 2779 648 ita
2828 594 3058 663 posteris
3102 594 3336 663 tradant,
3389 594 3567 650 nullas
3593 610 3725 666 opes

408 691 558 748 dictu
583 686 893 753 absurdum,
920 699 1080 757 quam
1110 682 1177 739 ab
1201 680 1573 753 hujuscemodi
1600 681 1703 737 diis
1728 690 1783 738 et
1808 680 2012 737 deabus
2118 684 2380 741 humanas
2408 686 2574 742 armis
2603 686 2860 742 Romanis
2890 688 3146 743 resistere
3170 703 3345 759 posse.
3368 688 3516 753 liae,
3538 690 3725 758 inquit,

404 784 658 839 desertos
680 791 1073 853 oppressosque
1118 776 1353 830 cultores
1379 789 1538 841 suos.
1565 783 1623 830 υι
1652 774 1878 831 Romani
1903 774 2009 828 ἰιιιο
2117 778 2351 844 locutus,
2381 780 2627 835 sublimis
2656 780 2806 835 abiit.
2833 780 3023 836 Mirum
3061 792 3318 851 quantum
3345 782 3423 837 illi
3455 782 3572 835 viro
3599 798 3729 836 nun»

407 877 550 950 perii
592 875 726 929 ﬁnes
773 870 1144 926 dilatarcntur.
1202 866 1462 923 Eumdem
1499 867 1656 937 plane
1700 868 1754 923 in
1797 865 2014 925 modum
2119 872 2273 929 tianti
2302 872 2416 931 lucc
2440 872 2576 931 ﬁdes
2617 872 2799 939 fuerit,
2841 890 3109 945 quamque
3158 876 3485 931 desiderium
3519 876 3729 932 Romuli

410 971 559 1028 idem
597 963 917 1022 Ambrosius
962 960 1223 1017 adversus
1252 959 1635 1032 Symmachum
1680 959 2012 1031 disputavit:
2120 966 2259 1036 apud
2289 966 2500 1035 plebem
2528 968 2949 1038 exercitumque,
2984 969 3118 1024 facta
3147 969 3254 1024 lide
3285 969 3728 1035 immortalitatis,

420 1083 441 1115 ι
471 1059 684 1117 Νιηιιίθ
701 1054 1021 1117 Senonibus.
1039 1073 1057 1106 ι
1076 1070 1235 1124 supra
1268 1069 1295 1107 a
1317 1053 1568 1115 Minucio.
1595 1052 1735 1109 sicut
1762 1052 2015 1121 vidimus,

2169 1061 2343 1117 :nitum
2371 1071 2441 1117 stt
2469 1081 2489 1114 ι
2524 1061 2687 1134 (Liv.
2735 1060 2933 1119 Decod.
2975 1079 3015 1130 ι,
3060 1064 3154 1120 lib.
3188 1064 3237 1125 l,
3281 1063 3311 1136 ᾗ
3346 1064 3459 1133 16).
3487 1064 3595 1120 Sed
3623 1064 3733 1119 ham.

413 1156 577 1213 tacito
600 1163 775 1209 tamen
809 1151 1044 1216 nomine,
1087 1148 1398 1220 designatis,
1430 1166 1448 1199 ι
1480 1149 1610 1219 quid
1646 1148 1855 1219 loquar,
1881 1163 2019 1220 quos
2123 1152 2343 1213 Ovidius
2387 1154 2569 1225 (Ovid.
2620 1156 2712 1209 lib.
2764 1172 2801 1210 ll
2834 1155 3038 1211 Fauor.
3090 1172 3212 1225 pag.
3251 1156 3375 1222 L92,
3444 1166 3501 1211 et
3535 1156 3733 1228 seqq.l,

416 1245 670 1320 Capitolii
710 1253 915 1300 secreta
962 1251 1308 1314 penetrantes
1350 1241 1608 1297 Romana:
1648 1243 1887 1308 reliquia:
1911 1259 2019 1299 non
2126 1246 2414 1319 Dionysius
2465 1248 2905 1305 Halicarnasseus
2956 1249 3200 1322 (Dionys.
3250 1249 3343 1304 lib.
3390 1265 3427 1305 ιι
3486 1250 3737 1320 Antiqua.

419 1344 694 1408 tulissent,
725 1339 828 1397 nisi
865 1352 959 1393 cos
991 1335 1185 1407 pavido
1215 1350 1375 1391 anser
1408 1335 1633 1407 strepitu
1656 1336 2020 1405 prodidisset?
2126 1338 2279 1395 Rom.
2314 1355 2434 1415 pag.
2472 1340 2595 1402 118,
2630 1349 2685 1395 et
2714 1339 2864 1412 lit),
2898 1341 3225 1396 Plutarchus
3252 1342 3624 1413 (Plutarch.in
3659 1341 3741 1395 Vi-

417 1434 503 1493 En
531 1436 717 1507 quales
770 1432 968 1501 templa
1007 1429 1247 1485 Romana
1288 1427 1543 1498 prmsules
1582 1426 1869 1484 habebant.
1920 1427 2023 1489 Ubi
2128 1441 2180 1490 ta
2211 1432 2420 1489 Romul.
2450 1448 2571 1504 pag.
2594 1435 2687 1504 55)
2723 1434 2883 1503 paulo
2909 1434 3112 1501 fusius,
3142 1436 3360 1490 brevius
3392 1451 3522 1490 vero
3551 1435 3742 1491 Florus

416 1540 550 1585 tunc
576 1535 693 1583 erat
737 1524 985 1595 Jupiter?
1012 1524 1095 1579 An
1124 1523 1175 1577 in
1205 1536 1397 1578 ansere
1422 1520 1742 1590 loquebatur
1768 1522 1829 1576 ἳι
1852 1520 2025 1594 (Idem
2130 1525 2351 1598 (Florus
2379 1527 2472 1582 lib.
2498 1543 2537 1592 ι,
2565 1543 2681 1597 cap.
2720 1528 2791 1597 l),
2820 1528 3130 1583 Lactantius
3162 1528 3405 1595 (Lactan.
3436 1529 3530 1585 Id).
3556 1544 3597 1594 t,
3627 1543 3743 1599 cap.

418 1622 450 1695 ᾗ
477 1623 530 1690 5,
553 1622 714 1693 Supr.
759 1627 863 1673 art.
901 1618 952 1672 1.
983 1614 1003 1689 )
1043 1614 1120 1671 Ex
1150 1614 1429 1671 Annibalis
1462 1614 1697 1670 victoriis
1719 1613 1879 1670 simili
1911 1628 2026 1670 nio-
2130 1619 2221 1686 15,
2257 1634 2376 1690 pag.
2408 1618 2523 1691 87),
2551 1629 2605 1674 et
2630 1620 2964 1688 Augustinus
2991 1621 3236 1693 (Αιιςυει,
3279 1621 3371 1677 lib,
3401 1638 3483 1687 ιη,
3515 1620 3743 1677 deam,

421 1714 496 1771 do
525 1713 756 1785 gentiles
789 1709 1069 1783 premebat
1102 1726 1114 1763 :
1153 1727 1172 1761 ε
1205 1709 1429 1763 Annibal
1461 1708 1554 1763 diu
1591 1708 1757 1763 sacris
1796 1709 2024 1765 insulta-
2130 1728 2248 1782 cap.
2282 1714 2371 1781 15,
2400 1730 2517 1785 pag.
2550 1713 2642 1785 70)
2669 1714 2991 1770 retulerunt.
3037 1716 3338 1787 Cyprianus
3364 1716 3648 1788 (Cyprian.
3686 1716 3749 1769 de

419 1809 501 1864 vit
524 1804 803 1871 Romanis,
837 1812 891 1859 et
932 1804 1034 1857 diis
1077 1811 1263 1858 contra
1303 1818 1361 1858 se
1405 1801 1820 1868 dimicantibus,
1860 1817 2027 1877 usque
2056 1804 2105 1873 Β
2133 1806 2275 1863 Idol.
2319 1811 2476 1875 venit,
2500 1822 2620 1878 pag.
2646 1808 2857 1875 l5)pro
2882 1823 3033 1863 more
3053 1808 3553 1878 sequiturauctoris
3577 1810 3743 1862 nostri

421 1901 493 1957 ad
535 1914 718 1955 muros
747 1897 892 1953 urbis
923 1895 1213 1951 vincendos
1243 1896 1504 1966 pervenit.
1536 1896 1644 1951 Cur
1682 1911 1742 1952 se
1795 1895 2029 1951 obsideri
2136 1900 2378 1969 vestigia.
2419 1899 2778 1967 Quamobrem
2832 1899 3198 1956 Tertullianus
3248 1900 3498 1972 (Tertull.
3526 1900 3745 1971 Apolog.

420 1994 570 2069 passi
600 1999 723 2045 sunt
746 2032 760 2053 ,
795 2005 890 2060 pro
917 1989 1111 2060 quibus
1133 1988 1358 2043 deorum
1386 2004 1606 2045 suorum
1640 2003 1790 2044 arma
1830 2004 2034 2061 pugna-
2135 2007 2254 2062 cap.
2282 1992 2375 2064 2|)
2398 1992 2465 2050 de
2488 1991 2685 2049 Christi
2712 1993 2973 2049 inctnlum
2995 2008 3219 2049 ascensu
3243 1994 3547 2064 loqueuszc
3590 1994 3749 2048 Multo

424 2084 593 2143 bant?
617 2103 637 2136 ι
672 2081 880 2154 (Ambr.
907 2081 1038 2136 ibid.
1071 2080 1197 2152 §«l.)
1224 2080 1344 2147 Adi,
1370 2081 1415 2137 si
1452 2082 1599 2137 lubet
1622 2089 1676 2141 et
1692 2089 1865 2146 vacat,
1914 2097 2035 2152 qua:
2136 2086 2384 2152 melius,»
2428 2086 2524 2149 ait,
2563 2101 2755 2155 «quam
2780 2085 2921 2153 apud
2947 2100 3043 2141 vos
3066 2099 3381 2140 asseverare
3405 2084 3475 2139 de
3505 2085 3750 2141 Proculis

426 2174 1265 2236 ibidemannotavimns.Nullum
1288 2176 1446 2247 igitur
1467 2174 1691 2230 Romani
1710 2174 2032 2242 subsidium,
2138 2183 2372 2233 solent.»
2412 2178 2750 2247 Quapropter
2790 2176 3047 2232 Tatianus
3096 2177 3333 2246 (Tatian.
3383 2175 3537 2239 Orat.
3584 2187 3747 2231 contr.

430 2289 541 2345 quo
568 2272 851 2345 imperium
882 2286 1035 2325 suum
1064 2281 1370 2343 augeretur,
1401 2286 1431 2326 a
1460 2270 1758 2343 peregrinis
1784 2269 1889 2325 diis
1937 2285 2039 2326 nec
2142 2267 2309 2322 Gram.
2341 2282 2460 2339 pag.
2497 2268 2620 2338 149)
2651 2282 2938 2340 suppresso
2980 2267 3193 2322 Romuli
3232 2269 3452 2331 nomine
3484 2268 3702 2323 dicebat
3734 2286 3747 2321 :

433 2381 771 2438 comparare,
805 2379 902 2420 nec
930 2380 1148 2436 sperare
1194 2374 1502 2436 potuerunt.
1536 2364 1719 2435 Neque
1763 2364 1924 2419 etiam
1969 2364 2039 2436 ah

2169 2368 2263 2423 Γοῢς
2292 2369 2546 2433 βασιλέας,
2578 2366 2746 2429 μισθοῦ
2778 2368 2809 2425 ἢ
2840 2361 2899 2419 δι’
2923 2364 3165 2430 λκιορκίις
3204 2385 3275 2423 τις
3304 2370 3413 2423 τοὺς
3439 2369 3571 2421 θεοὺς
3602 2384 3752 2415 κατει-

430 2459 741 2516 vernaculis
761 2473 826 2515 ac
854 2458 1104 2531 propriis,
1130 2459 1272 2529 quod
1298 2458 1408 2528 jam
1433 2459 1810 2516 excutiendum
1826 2466 1928 2514 est.

2172 2464 2315 2518 ιλῶν,
2369 2460 2434 2516 εἷς
2464 2465 2542 2510 τόν
2580 2459 2769 2525 obpetva
2811 2459 3144 2514 ἀνεληὶυοξνκι
3193 2470 3365 2524 φήσας,
3412 2466 3752 2511 πεπίστευται.

1032 2587 1326 2630 “uenus
1363 2588 1441 2627 ιη,
2150 2567 2169 2599 ε
2202 2548 2376 2618 Reges
2399 2547 2525 2603 olim
2564 2547 2824 2617 quosdam
2854 2547 3107 2605 mercede
3151 2548 3401 2607 nimirum
3432 2550 3753 2613 conductus,

584 2709 595 2721 _
694 2708 731 2721 __
896 2708 908 2720 ο
1019 2709 1031 2721 _
1352 2707 1365 2721 .
1465 2708 1477 2720 ,
1631 2708 1663 2721 η
1703 2708 1729 2721 Α
2145 2654 2199 2699 et
2228 2643 2473 2713 peierans
2499 2641 2617 2717 (eos
2641 2642 2691 2697 in
2721 2642 2922 2701 cmlum
2953 2642 3283 2715 ascendisse)
3315 2643 3567 2700 homines
3592 2644 3682 2716 qui
3708 2644 3756 2698 id

437 2708 595 2763 Nulli
623 2725 654 2763 ιι
684 2708 935 2763 Romanis
963 2709 1031 2761 ad
1062 2707 1423 2778 propagando:
1458 2708 1663 2776 imperii
1691 2708 1819 2776 ﬁnes
1847 2708 2042 2763 auxilio
2146 2707 2431 2790 crc'dérem
2462 2707 2720 2789 iu'venim

513 2803 675 2873 fuisse
701 2800 1000 2855 vernaculos
1027 2800 1167 2865 deos,
1207 2799 1508 2862 Romulum,
1546 2801 1807 2871 peierante
1843 2800 2043 2855 Procu-

513 2894 588 2961 lo,
618 2894 717 2948 diis
755 2893 1092 2964 adscriptum,
1126 2890 1329 2957 Picum,
1370 2890 1689 2958 Tiberinum,
1716 2891 2039 2959 Pilmnnmn,

515 2985 847 3048 Pirumnum,
879 2986 1121 3048 ('onsttnt,
1168 2984 1484 3049 Cloacinam,
1532 2983 1803 3051 Pavorem,
1858 2985 2045 3041 Pallo-

512 3097 641 3146 rem,
676 3078 909 3144 Febrem,
949 3077 1206 3142 Morbum,
1232 3077 1417 3133 Accam
1445 3078 1795 3144 Laurentium,
1828 3088 1875 3133 et
1922 3078 2048 3134 Flo-

2222 2825 2302 2881 Ad
2328 2827 2464 2881 alios
2488 2835 2668 2880 autem
2706 2826 3071 2881 Romanorum
3101 2826 3233 2882 deos
3259 2827 3401 2896 quod
3428 2826 3658 2891 attinet,
3697 2825 3764 2881 ab

2151 2921 2452 2991 Augustino
2477 2919 2734 2974 discimus
2767 2921 2816 2972 in
2844 2917 3031 2974 falsum
3065 2919 3355 2989 ﬁctumque
3382 2934 3572 2975 eorum
3612 2918 3764 2973 ordi-

2151 3027 2276 3073 nem
2302 3014 2445 3069 serio
2472 3021 2786 3082 aggregatos
2818 3011 3038 3078 Picum,
3070 3021 3125 3067 et
3172 3011 3482 3069 Tiberinum
3513 3010 3764 3081 (August.

2152 3107 2247 3165 lib.
2300 3122 2355 3162 tv
2401 3106 2465 3162 de
2505 3105 2655 3161 Civil.
2706 3122 2827 3176 esp.
2862 3106 2953 3173 23,
2983 3122 3101 3177 pag.
3136 3105 3262 3166 I04.
3289 3105 3383 3163 lib.
3416 3121 3490 3170 vr,
3522 3120 3646 3174 cap.
3680 3105 3768 3171 10,

518 3191 629 3227 ram
657 3192 668 3227 :
696 3173 1042 3271 uiride-sacris
1061 3171 1458 3242 Larentialibus,
1477 3184 1523 3228 et
1540 3173 1674 3228 ludis
1687 3173 2045 3242 Consualibus,
2075 3202 2121 3265 ρ
2157 3215 2275 3271 ρας,
2312 3198 2552 3264 159,111),
2584 3214 2739 3261 xm],
2771 3171 2892 3269 cap.
2923 3171 3012 3261 lii,
3036 3171 3156 3269 pag.
3178 3198 3331 3267 499).
3361 3196 3517 3265 Quod
3547 3171 3769 3265 quidem

521 3278 671 3337 αιίιαε
698 3266 1014 3323 Είοναίίθκεο
2157 3266 2349 3349 ξιιι-ἰηο
2382 3303 2569 3363 postea
2605 3291 2689 3347 his
2713 3266 3063 3351 conlirmatur
3084 3266 3343 3351 Varronis
3372 3289 3553 3345 verbis
3586 3308 3599 3343 :
3638 3309 3659 3341 ς
3686 3289 3773 3344 Pio

526 3382 743 3437 Transit
775 3379 1036 3435 Minucius
1060 3380 1127 3436 ad
1158 3380 1474 3435 vernaculos
1498 3380 1862 3435 Romanorum
1893 3379 2049 3448 deos,
2158 3403 2279 3457 ςυιιι
2309 3427 2323 3451 ,
2372 3385 2794 3454 Tiber-inanique
2850 3380 3114 3437 Romulus
3174 3380 3531 3437 (’OIISCCI‘aVII.
3567 3399 3586 3432 ι
3646 3381 3779 3449 Quis

451 3475 721 3547 planeque
741 3483 1012 3528 asseverat
1043 3472 1140 3528 hos
1167 3487 1273 3527 non
1298 3472 1363 3527 ad
1394 3466 1601 3542 majus,
1626 3487 1782 3544 quam
1811 3473 2054 3544 pcregri-
2157 3489 2336 3537 autem
2387 3477 2564 3542 Picus,
2608 3487 2663 3533 et
2708 3492 2814 3547 quo
2860 3486 3098 3545 tempore
3141 3476 3461 3544 regnaverit,
3505 3483 3679 3541 atque
3708 3477 3759 3528 in

451 3586 576 3635 nos,
626 3567 933 3639 praesidium
979 3575 1174 3638 prmsto
1205 3566 1395 3621 iisdem
1424 3566 1680 3621 Romanis
1707 3565 1888 3620 fuisse.
1922 3566 2053 3621 Tam
2163 3571 2388 3633 deorum
2410 3570 2590 3624 album
2624 3570 2852 3633 relatus,
2885 3569 2999 3639 ipse
3021 3567 3128 3622 alio
3156 3567 3205 3620 in
3236 3567 3374 3621 libro
3406 3566 3551 3623 hunc
3590 3575 3776 3621 narrat

453 3673 663 3719 certum
694 3676 824 3717 vero
852 3661 978 3715 illud
1017 3675 1137 3716 esse
1179 3660 1419 3730 putavit,
1451 3670 1509 3713 ut
1556 3658 1699 3714 nulla
1740 3659 2057 3729 probatione
2165 3668 2221 3725 in
2254 3663 2468 3721 modum
2503 3681 2515 3715 :
2546 3682 2565 3714 ι
2592 3662 2919 3733 Laurentqu
2948 3661 3162 3717 Saturni
3188 3661 3329 3724 [ilius
3354 3660 3514 3716 Picus
3552 3675 3779 3730 regnum

454 3757 889 3828 indigeret,nec
926 3752 1068 3808 aliud
1116 3752 1415 3823 agendum,
1446 3768 1605 3822 quam
1643 3751 1776 3806 deos
1803 3752 1921 3807 illos
1948 3751 2060 3807 suis
2165 3760 2368 3830 primus
2422 3758 2669 3826 accepit,
2716 3755 2991 3825 iudieante
3052 3752 3194 3825 apud
3252 3751 3508 3807 Ilcbmus
3578 3752 3784 3807 femina

456 3852 737 3924 appellare
767 3849 1092 3905 nominibus.
1127 3847 1292 3902 Primi
1324 3848 1501 3917 itaque
1526 3848 1593 3900 ah
1630 3846 1751 3911 illo,
1783 3862 1844 3902 ac
1876 3856 2060 3917 postea
2167 3853 2522 3908 Deliora......
2585 3850 2659 3906 De
2705 3849 2865 3919 hujus
2910 3847 3020 3905 Pici
3061 3855 3216 3919 patre
3256 3844 3494 3901 Saturno
3522 3845 3784 3909 viderint,

455 3961 488 4001 a
516 3946 808 4017 Cypriano,
858 3957 963 3996 non
1007 3941 1293 3996 observato
1343 3948 1521 3994 tamen
1560 3938 1816 4009 temporis
1850 3937 2060 4003 ordine,
2170 3945 2295 4017 quid
2322 3945 2557 3999 sentiant
2584 3942 2766 3997 talium
2794 3940 3018 3995 deorum
3050 3939 3308 4007 cultores,
3338 3938 3427 4009 qui
3461 3946 3666 4007 negant
3691 3936 3789 3991 ho-

456 4049 818 4096 recensentur
843 4025 1128 4099 Romulus,
1158 4033 1335 4100 Picus,
1366 4030 1673 4098 Tiberinus,
1701 4030 1911 4087 Consus
1932 4073 1947 4098 ,
1976 4030 2065 4086 Pi-
2170 4042 2371 4097 minem
2404 4038 2599 4100 fuisse;
2632 4037 2701 4092 de
2727 4051 2835 4106 quo
2865 4034 2952 4091 alii
2977 4034 3331 4105 scripserunt,
3363 4030 3508 4100 quod
3538 4040 3671 4086 ante
3699 4030 3787 4085 Pi-

458 4134 681 4189 lumnus
709 4173 724 4197 ,
784 4138 839 4185 et
886 4128 1177 4185 Picumnus
1225 4125 1411 4200 (Cypr.
1459 4125 1554 4179 lib.
1600 4125 1663 4179 de
1721 4121 1857 4179 Idol.
1890 4121 2043 4178 Vanit

2171 4150 2294 4191 cum
2314 4133 2476 4190 lilium
2495 4145 2651 4187 suum
2667 4130 2718 4184 in
2734 4127 2881 4185 Italia
2903 4127 3017 4196 ipse
3040 4126 3342 4196 regnaverit
3363 4124 3536 4194 (Idem
3559 4122 3750 4193 ibid.).
3765 4141 3784 4173 ι

460 4241 586 4299 ι’ίιεο
619 4222 732 4296 ¹¹)·
1930 4246 1940 4257 ’
2173 4228 2403 4285 lionitos
2431 4234 2610 4285 autem
2658 4236 2757 4285 nos
2797 4220 2925 4275 facit
2964 4220 3101 4275 hanc
3141 4217 3433 4277 secundam
3470 4216 3791 4286 opinionem

536 4316 828 4375 Romulum
860 4324 1039 4372 autem
1071 4313 1329 4370 Romanae
1354 4313 1531 4385 gentis
1565 4320 1614 4368 et
1651 4310 1843 4378 Urbis,
1873 4309 1948 4365 uti
1972 4323 2043 4364 ne

2178 4322 2248 4385 ab
2283 4319 2426 4377 illius
2459 4315 2719 4388 patronis,
2757 4311 3163 4381 Virgilioque,_a
3189 4309 3343 4366 nobis
3379 4324 3506 4363 ntox
3547 4307 3791 4370 citando,

462 4428 557 4471 mo
603 4411 796 4477 nescit,
840 4408 1198 4475 conditorem,
1232 4407 1458 4462 deorum
1508 4419 1734 4460 numero
1777 4405 2069 4474 ascriptum
2178 4411 2415 4484 pmbari.
2463 4409 2701 4477 Denique
2739 4404 2856 4460 haec
2899 4402 3148 4458 addidit:
3183 4421 3203 4456 ι
3230 4401 3390 4456 Picus
3419 4398 3671 4457 Faunum
3698 4413 3788 4468 ge.

462 4507 674 4565 Ennius
702 4502 842 4575 apud
869 4503 1184 4559 Ciceronem
1213 4518 1320 4557 uno
1347 4501 1450 4557 hoc
1475 4515 1638 4556 versu
1651 4499 1953 4556 decantavit
1980 4516 1995 4553 :

2180 4507 2319 4573 nuit,
2359 4504 2692 4567 Laurentum
2729 4514 2911 4571 regem
2942 4497 3238 4557 secundum
3270 4513 3284 4551 :
3313 4495 3478 4551 etiam
3510 4493 3619 4548 iste
3660 4492 3799 4548 deus

660 4620 899 4675 Romulus
923 4622 975 4670 in
998 4618 1125 4671 caelo
1150 4630 1260 4668 cum
1282 4617 1378 4668 diis
1395 4618 1499 4680 agit
1522 4629 1701 4668 aevum.
2092 4606 2145 4666 D
2174 4605 2277 4660 illis
2303 4610 2407 4666 est,
2451 4599 2533 4655 vel
2563 4597 2681 4655 fuit.
2730 4595 2839 4650 llos
2867 4604 2993 4649 ante
3017 4591 3309 4661 Troianum
3335 4588 3542 4645 bellum
3571 4587 3800 4643 divinos
3825 4612 3831 4617 τ

1014 4702 1154 4767 (Cic.,
1171 4699 1207 4752 l.
1232 4718 1248 4751 ι
1277 4696 1495 4763 TuscaL,
1522 4716 1571 4766 p.
1594 4700 1704 4764 ll9,
1728 4701 1816 4752 lin.
1839 4699 1947 4763 55.)
2177 4698 2415 4754 honores
2442 4693 2669 4753 mortuis
2694 4688 3002 4749 hominibus
3042 4684 3371 4741 detulerunt.
3402 4702 3420 4734 ι

467 4816 674 4871 Atnon
716 4807 819 4864 nisi
866 4804 1227 4877 rpejeranter
1277 4803 1525 4870 Proculo,
1556 4811 1615 4859 ut
1651 4813 1839 4859 auctor
1889 4810 2075 4858 noster
2251 4790 2526 4846 Laudatus
2573 4796 2753 4842 autem
2799 4783 2868 4840 ab
2915 4779 3212 4852 Augustino
3244 4775 3503 4847 Virgilius
3548 4773 3620 4830 de
3658 4774 3796 4830 Pico

468 4917 629 4961 antea
659 4902 888 4966 dixerat,
924 4917 944 4952 ‹
973 4899 1113 4953 Deus
1144 4896 1462 4953 Romulus.»
1510 4897 1641 4952 Rem
1668 4898 1746 4952 sic
1772 4906 1955 4952 narrat
1985 4894 2078 4952 Ti-
2178 4887 2296 4943 ιιωο
2324 4883 2526 4941 θεοὶιιὶι
2553 4897 2566 4934 ε

468 5006 560 5052 tus
613 4995 815 5053 Livius.
860 4991 993 5051 Cum
1034 4990 1171 5046 varii
1222 4988 1291 5045 de
1334 4988 1551 5045 Romuli
1601 4999 1776 5047 morte
1828 5003 2075 5045 rumores
2278 5039 2289 5050 ,
2396 5038 2406 5048 ,
2508 5031 2522 5045 ,
2619 4993 2789 5044 Fauno
2814 4992 2962 5042 Picus
2984 4993 3149 5055 pater,
3178 4988 3321 5049 isque
3339 4988 3609 5049 parentem

469 5100 780 5156 manarent,
827 5103 891 5143 ac
925 5084 1142 5158 quidam
1179 5082 1331 5138 illum
1380 5091 1686 5137 senatorum
1710 5081 1958 5136 manibus
1994 5079 2077 5135 di-
2274 5064 2366 5124 Τθο
2394 5061 2626 5118 δθωτηθν

474 5130 780 5156 ...............,
827 5130 891 5143 ....
926 5130 1141 5158 .,....._...
1380 5130 1956 5137 _---_---_---_--_-_-___
1999 5130 2043 5135 __

474 5195 753 5253 scerptum
774 5184 937 5239 tacito
952 5192 1230 5235 murmure
1242 5173 1694 5232 disseminarent:
1717 5193 1737 5226 ι
1758 5173 2038 5239 Proculus,

2705 5137 2926 5204 (Virgil.,
2955 5134 3163 5195 Aiacid.,
3186 5134 3221 5186 l.
3247 5149 3329 5195 vu,
3352 5146 3403 5186 v.
3429 5130 3535 5193 48.)

471 5276 552 5331 uti
584 5251 677 5329 ille
697 5274 793 5338 ait,
821 5293 840 5325 ι
859 5271 1031 5327 Julius
1045 5268 1508 5328 sollicitacivitate
1532 5265 1805 5322 desiderio
1831 5265 1995 5335 regis,
2026 5273 2083 5321 et
2184 5251 2394 5308 Ῑῖιιΐευε
2427 5263 2521 5304 Ver
2524 5262 2555 5301 0
2587 5261 2600 5296 ³

476 5367 687 5424 inlcnsa
716 5364 985 5431 Patribus,
1017 5363 1222 5433 gravis,
1253 5369 1310 5418 ut
1327 5359 1574 5426 traditur,
1597 5357 1841 5428 quamvis
1870 5373 2081 5428 magna
2373 5384 2487 5444 Ipse
2512 5380 2745 5442 Quirina“
2770 5378 2902 5444 ιίωοΔ
2921 5387 3165 5440 parvaque
3212 5372 3425 5444 ερρρικη

479 5460 563 5516 rei
604 5467 791 5514 auctor
833 5458 888 5512 in
938 5456 1254 5511 concionem
1292 5452 1472 5526 prodit
1509 5468 1524 5507 :
1560 5450 1852 5516 Romulus,
1886 5448 2043 5518 inquil

2372 5437 2662 5497 Succinctus
2685 5444 2869 5497 trabea,
2891 5437 3116 5501 lzevaque
3142 5437 3312 5501 ancyle
3335 5437 3553 5498 gerebat
3721 5495 3734 5506 .

2373 5510 2523 5555 Picus
2543 5520 2723 5555 conum
2748 5506 2976 5555 domitor.
2999 5515 3148 5555 quem
3173 5506 3314 5555 capta
3352 5498 3590 5555 cupidine
3618 5508 3816 5555 coniux

480 5510 579 5563 η’.
606 5510 780 5561 in"
834 5510 845 5512 ’
982 5510 989 5511 ί
1058 5510 1065 5511 ί
1095 5510 1119 5559 ί
1156 5510 1191 5511 '7
1257 5510 1309 5559 .'
1489 5547 1499 5557 ε
1753 5543 1763 5554 ο
1838 5510 1849 5516 ⁷
1962 5510 1975 5518 ’
2065 5510 2077 5516 ⁷
2373 5510 2523 5558 Picus
2543 5520 2723 5570 equum
2748 5510 2976 5563 dontitor,
2999 5515 3148 5565 quem
3173 5510 3314 5564 capta
3352 5510 3590 5560 cuptdtnc
3618 5510 3734 5558 con]

479 5552 740 5620 Quirites,
766 5561 961 5619 parens
989 5548 1139 5604 urbis
1179 5547 1369 5618 huius,
1420 5560 1590 5617 prima
1640 5543 1898 5598 hodierna
1940 5542 2081 5633 luce,
2380 5571 2543 5620 Aurea
2568 5580 2854 5633 ρρηηὲξιηη
2883 5566 3049 5633 νίτμὶ
3072 5574 3373 5633 versum“?
3408 5562 3617 5633 ven-mis

480 5645 627 5702 ctelo
654 5651 874 5713 repente
902 5640 1176 5710 delapsus,
1209 5656 1272 5697 se
1316 5640 1447 5696 mihi
1478 5638 1695 5693 obvium
1739 5635 1911 5691 dedit.
1950 5632 2083 5689 Cum
2388 5633 2531 5683 Fecit
2547 5623 2691 5681 avem
2714 5629 2871 5686 Circe,
2899 5623 3178 5713 sparsitque
3191 5623 3449 5713 celeribus
3466 5623 3589 5713 alas.

482 5704 737 5808 perfusus
769 5732 997 5789 horrore
1046 5732 1567 5800 venerabundusque
1614 5730 1941 5795 astitissem,
1988 5742 2043 5798 pe

2906 5708 3086 5774 (Idem,
3113 5721 3159 5759 u.
3184 5706 3298 5767 187,
3317 5712 3372 5756 et
3390 5704 3564 5768 seqq.)

477 5840 604 5887 tens
635 5825 906 5900 precibus,
930 5835 987 5882 ut
1012 5832 1202 5883 contra
1229 5825 1428 5884 intueri
1450 5824 1534 5882 las
1559 5833 1705 5881 esset
1738 5840 1751 5877 :
1785 5822 1923 5893 Abi,
1946 5836 2087 5878 nun-
2190 5822 2347 5882 Plura
2376 5820 2443 5878 de
2471 5819 2571 5876 hac
2611 5815 2721 5873 Pici
2754 5816 2805 5870 in
2850 5828 3000 5870 avent
3059 5811 3509 5868 transmutatione
3553 5808 3809 5874 Ovidius,
