4038 6308
281 278 387 335 597
1677 280 2150 342 DISSERTATIO.
3484 295 3590 352 598

282 408 441 468 quem
471 394 652 467 legere
690 393 916 465 poteris,
944 398 1084 453 sicut
1110 402 1169 451 et
1200 395 1445 461 Servium
1472 395 1523 452 in
1548 394 1640 453 illa
1670 396 1879 468 Virgilii
1905 399 1961 463 Α
1984 408 2353 471 quassatorem
2376 404 2692 476 nuncupari,
2722 420 2953 478 eumque
2974 406 3148 480 ipsum
3179 424 3318 478 esse,
3344 410 3397 467 in
3432 411 3589 483 cujus

280 488 521 544 carmina
572 488 751 562 (Ovid.
804 488 899 546 lib.
943 506 1031 546 x1v
1061 488 1272 545 Metam.
1326 490 1435 561 §7,
1489 504 1611 562 pag.
1655 490 1779 559 517,
1832 501 1887 548 et
1988 494 2246 552 honorem
2295 498 2450 555 ludos
2488 515 2648 570 supra
2698 512 3026 559 memoratos
3060 503 3321 561 Romulus
3360 506 3591 563 instituit

280 596 433 657 seqq.
459 582 614 641 Serv.
650 582 705 639 in
729 581 915 654 Virgil.
942 598 1061 654 pag.
1094 582 1250 655 457).
1985 587 2227 661 (Diunys.
2254 590 2439 664 Halyc.
2476 593 2565 651 lib.
2600 610 2637 651 ιι
2667 596 2915 667 Antiquit.
2944 597 3099 655 Rom.
3129 615 3248 671 pag.
3273 599 3424 673 100).
3537 619 3560 646 τ

350 676 428 733 De
455 675 713 735 Tiberino
741 692 954 749 quoque
982 677 1124 735 idem
1170 687 1325 759 poeta
1372 678 1473 737 hos
1502 677 1629 736 fecit
1655 694 1882 739 versus:
2059 681 2225 754 Magis
2272 693 2452 741 autem
2495 686 2859 744 Tertullianus
2903 691 3122 747 eosdem
3161 694 3455 765 scriptores
3504 693 3590 752 his

326 786 329 787 ⁷
369 790 502 858 Buic
514 791 659 858 Deus
680 793 789 857 ipse
810 792 905 843 loci
928 794 1108 844 ﬂuvius
1122 793 1402 858 Tyberinus
1416 806 1607 845 amaeno

1987 777 2169 832 verbis
2217 778 2357 836 inter
2406 795 2465 837 se
2495 784 2784 839 conciliat:
2822 802 2841 838 ι
2880 783 3096 842 Exinde
3140 786 3249 843 ludi
3300 788 3589 847 Consualia

369 854 619 924 Ρορωθπ
640 854 770 945 illi?"
786 859 951 945 ξξθηίξπ
973 870 1030 907 δε
1055 854 1285 945 amri?”
1311 858 1530 945 “994%
1676 942 1684 945 _
1985 867 2134 931 dicti,
2158 871 2247 942 qui
2295 872 2449 927 initio
2496 873 2798 945 Neptunum
2842 876 3270 939 houorabant....
3302 879 3588 938 Consualia

659 938 874 1005 (Virgil.,
894 941 929 991 l.
955 956 1035 991 Vill
1054 938 1265 1002 :Eneid,
1288 955 1335 992 υ.
1362 943 1443 1002 51,
1468 948 1511 995 et
1533 942 1693 1008 seqq.)

1984 960 2216 1017 Romulo
2245 964 2565 1031 defendunt,
2594 969 2737 1038 quod
2780 984 2842 1025 ea
2873 971 3048 1029 Conso
3088 973 3345 1033 dicaverit
3371 975 3493 1042 deo,
3530 986 3591 1032 ut

279 1068 380 1138 Qui
406 1067 479 1124 de
504 1067 603 1125 illo
626 1068 778 1138 plura
804 1068 1152 1134 desiderabit,
1183 1070 1232 1126 is
1267 1070 1513 1126 consulat
1560 1071 1865 1143 Dionysium

1981 1059 2187 1125 volunt,
2219 1060 2453 1124 consilii,
2504 1061 2622 1132 ejus
2665 1064 2891 1132 scilicet,
2934 1081 3040 1137 quo
3086 1074 3217 1124 tunc
3263 1067 3584 1132 Sabinarum

276 1164 739 1220 Πειῑειιοηιςδθωη
785 1164 879 1219 (ib,
931 1180 948 1219 ι
1002 1164 1319 1235 Antiquam.
1385 1165 1545 1220 nom,
1613 1180 1732 1236 [mg
1785 1165 1876 1231 57;
1981 1150 2249 1223 virginum
2279 1153 2518 1224 rapinam
2548 1154 2806 1211 militibus
2830 1158 2942 1215 suis
2972 1158 3022 1216 in
3052 1160 3392 1219 matrimonia
3421 1176 3588 1217 cxco-

275 1258 482 1315 Livium
506 1258 605 1314 lib.
636 1274 674 1325 t,
709 1274 833 1331 pag.
856 1259 914 1326 2;
949 1262 1238 1316 Auctorem
1258 1259 1353 1317 lib.
1374 1260 1444 1317 de
1470 1260 1703 1333 Origene
1726 1269 1865 1333 gent.

1981 1243 2259 1315 gitavit....
2288 1245 2355 1300 Et
2382 1262 2524 1303 nunc
2555 1262 2644 1303 ara
2664 1248 2843 1306 Conso
2872 1250 2949 1304 illi
2981 1252 3033 1306 in
3061 1252 3207 1308 circo
3233 1252 3459 1322 (defossa
3502 1264 3589 1311 est

280 1352 435 1408 Rom,
469 1361 527 1406 ει
551 1352 707 1408 alios,
1984 1338 2051 1393 ad
2103 1340 2299 1409 primas
2329 1351 2499 1397 melas
2542 1343 2643 1398 sub
2671 1354 2835 1412 terra,
2891 1360 3014 1402 cum
3052 1346 3400 1417 inscriptione
3428 1345 3589 1416 hujus

347 1444 422 1501 De
445 1444 699 1502 puum”
723 1457 903 1503 amem
922 1446 1203 1519 Virginum
1232 1449 1408 1505 adhuc
1436 1449 1735 1519 audiamus,
1765 1449 1881 1507 (me
1985 1432 2130 1488 modi
2158 1452 2172 1488 :
2198 1431 2406 1490 Consus
2435 1436 2684 1503 consilio,
2705 1437 2846 1494 Mars
2876 1439 3081 1505 Duello,
3104 1440 3271 1497 Lares
3295 1440 3454 1497 ouillo
3487 1456 3588 1512 po-

277 1547 565 1596 ωιεηιειη
603 1560 617 1596 ε
1986 1534 2180 1581 tentes.
2215 1527 2529 1585 Sacrificant
2555 1532 2695 1597 apud
2737 1547 2857 1588 eam
2892 1532 3059 1590 Nonis
3103 1534 3229 1590 Julii
3272 1536 3586 1593 sacerdotes

1986 1619 2203 1689 publici,
2237 1622 2307 1676 12
2335 1623 2546 1679 calend.
2602 1626 2958 1696 Septembres;
2989 1625 3183 1683 flamen
3215 1628 3506 1697 Quirinalis
3533 1637 3590 1687 et

1983 1711 2219 1783 virgines
2252 1714 2497 1785 (Terlul.
2541 1717 2633 1773 lib.
2664 1717 2740 1772 De
2766 1718 2943 1789 Spect.
2984 1733 3104 1790 Cap.
3138 1720 3193 1787 5,
3228 1736 3349 1793 pag,
3390 1720 3519 1792 92).
3559 1739 3579 1775 ι

1897 1794 1946 1854 Β
1976 1803 2115 1877 Lege
2144 1808 2341 1875 adhuc,
2386 1810 2430 1862 si
2458 1809 2657 1877 lubeat,
2717 1811 3017 1866 Arnobium
3053 1810 3143 1867 lib.
3176 1828 3234 1867 ιιι
3270 1811 3391 1868 adv.
3422 1811 3587 1869 Gent.

1866 1896 1876 1905 “
1980 1914 2102 1971 pag.
2162 1902 2285 1967 H5;
2327 1902 2712 1975 Hieronymum
2745 1903 2798 1959 in
2842 1902 2961 1960 Vita
2993 1904 3282 1961 Hilarionis
3327 1919 3449 1978 pag.
3491 1904 3584 1972 8i;

1976 1993 2334 2065 Augustinum
2364 1996 2457 2053 lib.
2491 2013 2563 2063 ιν,
2615 1998 2684 2054 de
2721 1998 2882 2054 Civil.
2913 2013 3035 2070 cap.
3092 2000 3182 2067 il,
3231 2014 3352 2071 pag.
3398 1999 3500 2066 97;
3532 2009 3589 2056 et

1977 2085 2223 2142 Servium
2248 2088 2299 2142 in
2324 2088 2415 2143 lib.
2442 2105 2551 2144 vin.
2576 2090 2792 2147 Aineid.
2829 2089 3016 2161 Virgil.
3048 2106 3169 2164 pag.
3197 2092 3326 2149 525.

2048 2185 2161 2254 Age
2192 2197 2352 2250 vero,
2387 2193 2545 2253 atque
2576 2184 2769 2239 iterum
2798 2184 3024 2255 prodeat
3052 2185 3450 2253 Tertullianus,
3486 2187 3584 2259 qui

1976 2276 2110 2331 alios
2141 2276 2505 2331 Romanorum
2538 2276 2669 2332 deos
2699 2292 2729 2332 a
2760 2277 2992 2333 Minucio
3028 2278 3359 2348 appellatos,
3399 2277 3582 2335 Conso

974 1657 1111 1708 Luco
1136 1664 1238 1709 tum
1261 1658 1386 1709 forte
1412 1644 1632 1723 parentis

489 1717 708 1771 Pilumni
725 1719 923 1772 Turnus
941 1731 1131 1773 sacrata
1151 1722 1281 1775 valle
1305 1717 1532 1773 sedebat.

947 1805 1079 1868 (Lib.
1108 1820 1158 1859 ut
1180 1804 1453 1868 alcidae.
1480 1807 1512 1859 3
1537 1814 1589 1861 et
1608 1808 1683 1871 1.)

276 1906 445 1977 Atque
470 1908 670 1964 iterum
702 1908 840 1964 libm
864 1919 1123 1980 sequente
1153 1929 1167 1965 :

360 2017 625 2085 indignum
651 2028 727 2071 est
746 2021 896 2071 italos
918 2022 1112 2085 Troiam
1138 2024 1444 2073 circumdare
1468 2025 1677 2075 ﬂammis

360 2080 682 2151 ﬁngentem,
708 2092 762 2134 et
785 2086 938 2149 patria
957 2080 1178 2151 'l'tirnum
1200 2090 1473 2151 consistere
1498 2097 1650 2151 terra,

362 2142 447 2196 Cui
464 2142 721 2197 Pilumnus
744 2142 881 2207 avus,
905 2150 982 2199 cui
1001 2149 1113 2199 diva
1137 2148 1331 2199 Venilia
1354 2158 1529 2201 mater.

1085 2254 1217 2321 (Lib.
1233 2270 1287 2317 κ,
1308 2269 1356 2308 υ.
1380 2257 1462 2319 74,
1482 2261 1526 2309 et
1559 2256 1716 2324 seqq.)

270 2354 434 2413 Porro
463 2366 647 2415 autem
685 2356 907 2416 Servius
946 2359 1000 2417 in
1028 2360 1235 2431 priores
1263 2360 1362 2417 hos
1387 2377 1576 2418 versus
1627 2362 1873 2418 animad-

276 2451 427 2508 vertit
455 2450 785 2519 Pilumnum,
812 2453 901 2523 qui
932 2453 1073 2509 idem
1106 2455 1458 2525 proculdubio
1487 2466 1570 2511 est
1593 2464 1752 2528 atque
1779 2456 1865 2512 Pi-

270 2561 509 2610 cumnus,
567 2558 623 2604 et
666 2548 733 2623 ab
775 2559 997 2605 auctore
1037 2558 1224 2607 nostro
1251 2551 1466 2621 parvula
1497 2551 1869 2608 immutatione

269 2641 335 2696 ita
362 2650 606 2709 vocatur,
640 2641 857 2698 fratrem
886 2641 1051 2701 fuisse
1086 2642 1380 2699 Pithumni.
1424 2642 1522 2698 Hic
1551 2651 1728 2699 autem
1756 2643 1865 2699 fer-

1975 2368 2245 2440 adjungit:
2272 2388 2291 2421 ι
2319 2367 2461 2438 Βίῳ
2493 2369 2688 2441 inquit,
2714 2370 2909 2426 «homo
2930 2370 3090 2427 deum
3107 2372 3580 2439 commentabitur,

1974 2462 2249 2532 quomodo
2276 2462 2539 2519 Romulus
2564 2461 2799 2519 Consum
2817 2503 2833 2531 ,
2860 2474 2915 2521 et
2940 2464 3130 2521 Tatius
3153 2463 3497 2531 Cloacinam,
3524 2473 3583 2520 et

1974 2554 2234 2611 Hostilius
2262 2555 2520 2610 Pavorem
2546 2575 2564 2611 ι
2601 2554 2789 2626 (Idem
2823 2555 2912 2611 lib.
2942 2573 2959 2613 ι
2995 2568 3133 2613 cont.
3167 2557 3423 2613 Marcion.
3457 2573 3575 2627 cap.

1975 2649 2042 2705 l8
2084 2649 2125 2720 ).
2179 2648 2441 2704 Minucius
2488 2649 2751 2722 siquidem
2798 2649 2961 2707 dixit:
2997 2650 3349 2707 «Cloacinam
3393 2650 3579 2707 Tatius

268 2742 371 2801 tur,
397 2735 573 2806 inquit
606 2735 748 2790 ident
794 2736 1035 2800 Servius,
1090 2751 1244 2791 usum
1292 2738 1563 2795 invenisse
1613 2753 1866 2810 agrorum
1970 2750 2026 2797 et
2057 2742 2259 2797 invenit
2287 2751 2341 2797 ct
2366 2742 2565 2808 coluit,
2596 2741 2859 2798 Pavorem
2890 2741 3183 2810 Hostilius,
3212 2753 3372 2814 atque
3401 2741 3578 2799 Pallo—

267 2827 755 2893 stercorandorum,
785 2837 942 2900 atque
970 2827 1171 2885 idcirco
1194 2830 1499 2899 impositum
1524 2829 1600 2885 illi
1628 2831 1869 2901 Sterqui-
1970 2850 2116 2890 rem:
2151 2850 2281 2889 mox
2312 2850 2339 2887 a
2371 2834 2555 2889 nescio
2585 2850 2691 2905 quo
2721 2835 2912 2892 Febris
2941 2835 3208 2891 dedicata.
3246 2854 3267 2888 ι
3298 2836 3430 2903 Quae
3459 2835 3577 2905 qui-

268 2919 375 2975 linii
443 2936 668 2976 nomen.
734 2921 945 2977 Primus
1006 2937 1221 2994 quoque
1281 2923 1478 2978 dicitur
1531 2924 1866 2995 excogitasse
1970 2926 2093 2981 dem
2147 2925 2372 2981 totidem
2426 2926 2606 2982 verbis
2655 2941 2685 2981 a
2737 2924 3009 2998 Cypriano
3060 2928 3380 2998 transcripta
3435 2938 3583 2983 sunt

274 3032 291 3064 ι
319 3013 562 3084 pinsendi
613 3013 863 3069 frumenti
896 3035 915 3068 ι
975 3027 1169 3085 artem,
1218 3016 1446 3090 ideoque
1499 3033 1529 3072 a
1577 3018 1867 3090 pistoribus
1974 3019 1993 3091 (
2012 3019 2172 3093 Cypr.
2199 3021 2288 3075 lib.
2319 3021 2381 3074 de
2406 3018 2606 3076 Idolor.
2646 3018 2817 3079 Vanit.
2847 3038 2969 3092 pag.
3003 3020 3131 3092 10).
3162 3020 3365 3077 Horum
3393 3031 3575 3077 autem

268 3105 386 3162 coli.
416 3105 631 3177 Adjecit
656 3116 833 3162 tamen
867 3105 1086 3164 Servius
1116 3120 1398 3180 utrumque
1430 3109 1774 3164 Pithumnum
1812 3119 1868 3166 ct
1902 3181 1927 3184 ξ
1968 3112 2319 3169 ridiculorum
2367 3114 2647 3167 numinum
2670 3154 2687 3180 ,
2734 3121 2894 3184 atque
2936 3113 3098 3169 etiam
3145 3112 3577 3182 supradictorum

266 3197 567 3255 Pilumnum
593 3201 911 3271 quibusdam
942 3202 1160 3258 eosdem
1183 3205 1389 3258 censeri
1419 3219 1481 3259 ac
1505 3204 1780 3260 Castorem
1807 3213 1861 3261 et
1886 3181 1930 3244 Ο
1963 3206 2110 3269 Pici,
2140 3215 2194 3260 et
2219 3204 2506 3277 Tyberini,
2542 3204 2710 3260 Varro
2736 3204 2755 3276 (
2792 3181 2938 3260 Verr.
2968 3203 3055 3261 lib.
3089 3219 3179 3272 tv,
3208 3181 3271 3258 de
3296 3203 3446 3275 Ling.
3477 3204 3573 3258 lat.

268 3290 559 3359 Pollucem,
602 3294 672 3348 ab
714 3295 835 3350 aliis
883 3311 1015 3352 vero
1048 3296 1287 3352 Laudum
1334 3297 1484 3362 deos,
1523 3314 1658 3369 quos
1698 3299 1859 3354 etiam
1968 3315 2089 3371 pag.
2126 3296 2193 3352 18
2217 3339 2229 3362 ,
2260 3307 2307 3351 et
2332 3295 2480 3369 seq.)
2511 3295 2651 3366 apud
2682 3295 3037 3366 Augustinum
3090 3294 3216 3367 (lib.
3246 3311 3300 3350 tv
3333 3295 3396 3349 de
3421 3294 3573 3350 Civil.

270 3384 431 3442 Varro
459 3388 772 3458 coniugales
801 3388 935 3447 deos
955 3405 1075 3445 esse
1104 3392 1425 3462 suspicatur.
1452 3393 1508 3447 ln
1532 3394 1862 3463 posteriores

270 3479 453 3539 deinde
480 3492 657 3553 poeta:
686 3498 896 3551 versus,
920 3484 1101 3541 denuo
1128 3485 1348 3543 Servius
1373 3488 1624 3543 observat
1650 3499 1861 3544 utrum-

271 3590 369 3648 que
412 3578 480 3634 ab
532 3577 724 3634 eodem
760 3578 1005 3635 Varrone
1032 3580 1136 3635 dici
1169 3581 1446 3637 infantium
1472 3582 1623 3646 deos,
1674 3583 1863 3652 eisque

272 3684 363 3738 pro
390 3685 654 3742 puerpera
686 3672 883 3728 lectum
908 3673 1099 3741 sterni,
1122 3672 1248 3728 dum
1274 3676 1601 3744 exploretur,
1624 3691 1691 3730 an
1718 3675 1864 3731 utilis

1964 3407 2080 3463 cap.
2117 3390 2186 3445 10
2210 3432 2224 3457 ,
2260 3407 2380 3462 pag.
2416 3389 2564 3461 l59)
2616 3389 2946 3445 mentionem
2978 3387 3125 3444 facit.
3160 3392 3229 3445 At
3259 3388 3574 3444 nominatim

1963 3485 2029 3540 de
2050 3484 2300 3541 Cloacina
2331 3478 2639 3538 Lactantius
2655 3499 2674 3537 :
2693 3501 2711 3535 ι
2735 3480 3025 3549 Cloacinae,
3047 3503 3066 3535 ι
3090 3483 3294 3553 inquit,
3320 3482 3574 3538 «simula-

1962 3594 2146 3645 crum,
2190 3578 2242 3632 in
2285 3574 2485 3631 Cloaca
2533 3576 2765 3631 maxima
2806 3585 3113 3645 repertum,
3154 3574 3341 3629 Tatius
3385 3587 3578 3630 conse-

1964 3672 2164 3737 cravit,
2194 3679 2247 3726 et
2276 3670 2401 3739 quia
2429 3669 2585 3739 cujus
2612 3678 2745 3728 esset
2793 3667 2992 3736 efﬁgies
3024 3667 3331 3738 ignorabat.
3359 3681 3423 3723 ex
3454 3666 3575 3722 loco

271 3760 354 3827 ait,
381 3763 470 3833 qui
500 3771 665 3818 natus
689 3772 791 3818 est.
826 3763 1069 3834 Denique
1096 3765 1188 3820 ille
1209 3781 1307 3821 nos
1326 3766 1575 3821 admonet
1601 3766 1863 3837 quosdam
1965 3765 2054 3821 ille
2106 3778 2303 3819 nomen
2338 3763 2594 3832 imposuit
2622 3777 2642 3815 ι
2679 3761 2941 3832 (Lactant.
2973 3760 3059 3815 lib.
3090 3776 3107 3816 ι
3135 3762 3196 3815 de
3222 3759 3371 3815 Falx.
3401 3760 3573 3831 Relig.

273 3853 467 3923 opinari
498 3855 752 3912 Pilumno
776 3871 970 3913 nomen
1000 3857 1200 3914 idcirco
1218 3856 1421 3925 datum,
1454 3858 1577 3929 quia
1609 3859 1745 3915 mala
1776 3858 1864 3912 in-
1968 3875 2084 3930 cap.
2114 3858 2184 3913 20
2204 3900 2221 3925 ,
2251 3874 2371 3928 pag.
2403 3856 2506 3913 101»
2527 3858 2568 3927 ).
2613 3856 2714 3911 Adi
2766 3855 2975 3919 adhuc,
3004 3854 3051 3911 si
3090 3854 3258 3921 velis,
3288 3853 3573 3910 Tertullia-

272 3943 442 4005 lantiae
471 3948 664 4019 pellit:
696 3948 790 4005 sed
827 3949 951 4023 huic
978 3950 1395 4009 nomenclatioui
1425 3959 1532 4006 tam
1567 3961 1755 4032 aperte
1782 3966 1867 4008 re-
1970 3967 2096 4007 num
2125 3950 2246 4023 loco
2274 3949 2519 4019 proxime
2547 3948 2713 4003 citato
2743 3947 2763 4021 (
2789 3946 3095 4004 Tertulliun.
3141 3946 3221 4003 loc
3260 3946 3348 4000 cit.
3390 3954 3439 3999 et
3480 3944 3571 3999 lib.

274 4036 523 4111 fragatur,
554 4056 712 4112 quam
741 4042 892 4099 alteri
919 4043 1175 4100 libentius
1201 4044 1509 4102 subscribit.
1972 4047 2033 4101 de
2063 4045 2205 4101 Pali.
2239 4060 2357 4116 cap.
2390 4041 2485 4114 4),
2534 4042 2748 4112 alioque
2798 4043 2853 4097 in
2903 4041 3071 4106 libro,
3120 4049 3175 4096 et
3219 4038 3572 4111 Augustinum

338 4130 418 4188 Ad
443 4133 685 4191 Consum
714 4134 929 4193 tandem
958 4137 1123 4193 Deum
1153 4137 1295 4204 quod
1351 4146 1578 4206 Spectat,
1614 4138 1808 4194 litteris
1831 4153 1864 4194 a
1977 4140 2112 4214 (lib.
2144 4155 2200 4194 ιν
2245 4140 2307 4193 de
2357 4137 2510 4192 Cicit.
2541 4153 2659 4207 cap.
2690 4135 2760 4201 8,
2792 4153 2909 4207 pag.
2944 4136 3017 4192 93
3041 4177 3057 4205 ,
3088 4143 3134 4189 et
3161 4152 3277 4205 cap.
3309 4133 3381 4191 25
3401 4176 3417 4201 ,
3448 4149 3572 4206 pag.

277 4224 555 4284 Plutarcho
574 4229 825 4285 traditum
857 4230 1083 4302 legimus
1101 4232 1372 4288 solemnes
1406 4233 1577 4300 ludos,
1599 4233 1650 4288 in
1673 4233 1865 4301 quibus
1970 4233 2151 4304 1111).
2184 4233 2274 4303 qui
2304 4247 2411 4288 non
2443 4231 2617 4288 solum
2647 4230 2717 4286 de
2745 4228 2998 4285 Cloacina
3019 4272 3034 4296 ,
3066 4230 3161 4286 sed
3191 4220 3388 4287 notalis
3428 4230 3575 4284 insu-

276 4318 475 4381 Sabina:
501 4324 732 4397 virgines
759 4328 1343 4396 raptaesunt,indictos
1374 4328 1539 4385 fuisse
1564 4330 1861 4396 aRomnlo,
1967 4342 2065 4399 per
2114 4341 2145 4381 a
2193 4323 2428 4381 Minucio
2478 4331 2665 4383 nostro
2713 4321 2954 4391 Pavore,
3006 4321 3250 4391 Pallore,
3301 4329 3356 4378 et
3400 4318 3574 4377 Febre

275 4426 544 4489 postquam
598 4421 890 4481 invenisset
937 4420 1204 4481 defossam
1253 4423 1355 4478 sub
1403 4432 1544 4481 terra
1587 4423 1866 4494 cujusdam
1967 4419 2227 4491 disputat.

276 4505 358 4564 dei
386 4524 554 4578 aram,
581 4528 741 4584 quem
770 4512 1007 4573 Consum
1038 4515 1322 4571 vocabant.
1350 4516 1484 4572 Eum
1520 4526 1700 4573 autem
1741 4532 1865 4573 esse
2042 4515 2159 4570 Non
2188 4514 2383 4570 desunt
2409 4526 2606 4585 porro,
2636 4511 2729 4583 qui
2755 4510 3067 4567 existimant
3090 4510 3235 4566 illam
3262 4509 3570 4567 Cloacinam

279 4611 420 4668 putat
452 4605 572 4661 sive
601 4605 952 4663 consiliorum
981 4607 1282 4678 praesidem,
1337 4623 1366 4663 a
1398 4610 1659 4677 ’consilio,
1714 4610 1801 4666 vel
1830 4624 1862 4666 a
1885 4602 1940 4663 D
1966 4623 2088 4665 esse
2114 4607 2359 4664 eamdem
2384 4648 2401 4675 ,
2430 4622 2549 4677 qua:
2576 4621 2607 4663 a
2638 4605 2810 4661 Plinio
2837 4604 3023 4662 Venus
3061 4605 3314 4661 Cloacina
3354 4604 3439 4659 his
3478 4620 3572 4675 ap-

278 4698 576 4755 consulibus
603 4699 683 4754 sic
707 4700 1159 4771 cognominatum,
1194 4703 1308 4759 sive
1346 4702 1653 4770 Neptunum
1694 4718 1860 4774 eque-
1969 4704 2198 4774 pellatur
2224 4702 2437 4759 verbis:
2478 4720 2496 4753 ι
2523 4700 2775 4757 Traditur
2801 4710 3005 4773 myrtea
3035 4700 3267 4755 verbena
3301 4699 3572 4756 Romanos

279 4794 431 4847 stretn
456 4791 749 4863 (Plutarch.
774 4793 827 4848 in
866 4791 982 4847 Vita
1009 4791 1237 4851 Romuli.
1273 4810 1392 4865 pag.
1414 4794 1531 4864 9.5).
1584 4797 1649 4852 Et
1680 4796 1865 4853 Livius
1967 4796 2341 4867 Sabinosque,
2389 4809 2513 4851 cum
2557 4802 2779 4865 propter
2816 4802 2998 4865 raptas
3036 4793 3273 4864 virgines
3312 4792 3572 4849 dimicare

279 4883 481 4952 quidem
510 4887 731 4942 eosdem
769 4885 947 4952 ludos,
977 4888 1068 4958 qui
1095 4888 1367 4945 censualia
1420 4890 1778 4960 appellantur,
1809 4892 1864 4946 in
1968 4888 2305 4949 voluissent,
2336 4885 2598 4957 depositis
2625 4886 2790 4942 armis
2822 4895 3078 4957 purgatos
3106 4886 3156 4939 in
3185 4900 3251 4940 eo
3277 4884 3397 4940 loco
3416 4925 3431 4947 ,
3461 4899 3571 4955 quo

280 4975 494 5049 Neptuni
525 4981 803 5052 Equestris
832 4980 1096 5041 honorem
1124 4999 1152 5037 a
1182 4982 1414 5039 Romulo
1442 4992 1656 5053 paratos
1684 4984 1863 5041 decla-
1968 4996 2109 5037 nunc
2135 4982 2287 5052 signa
2319 4980 2544 5037 Veneris
2569 4978 2841 5034 Cloacinae
2867 4978 3047 5033 habet.
3079 4977 3275 5033 Cluere
3299 4977 3443 5033 enim
3470 4992 3570 5033 an-

282 5078 357 5124 rat
394 5071 597 5145 (Livius
629 5074 720 5129 lib.
750 5090 790 5140 1,
823 5073 853 5145 §
886 5073 965 5146 9).
1004 5074 1387 5133 Verumtamen
1424 5076 1616 5133 Varro:
1669 5096 1687 5129 ι
1718 5079 1863 5132 Con-
1969 5075 2102 5146 tiqui
2151 5090 2380 5146 purgare
2428 5073 2680 5143 dicebant
2723 5073 2743 5144 (
2773 5071 2916 5127 Plin.
2949 5072 3040 5127 lib.
3073 5088 3164 5127 xv.
3197 5071 3388 5128 Natur.
3425 5070 3565 5127 Hist.

281 5163 454 5232 sualia,
483 5166 676 5236 inquit,
705 5165 869 5233 dicta,
894 5183 922 5222 a
941 5171 1136 5233 Comm,
1169 5169 1312 5239 quod
1337 5179 1448 5226 tum
1469 5170 1611 5225 ierim
1636 5170 1865 5241 publica:
1968 5186 2086 5238 cap.
2115 5168 2222 5236 29,
2254 5186 2376 5242 pag.
2410 5169 2518 5224 212
2541 5166 2584 5240 ).
2637 5165 2747 5222 Sed
2775 5180 2896 5222 cum
2930 5169 3047 5222 lucc
3075 5167 3259 5224 Venus
3292 5168 3571 5239 purgatrix

283 5254 328 5313 vi
350 5256 469 5324 deo,
490 5268 544 5314 et
578 5260 631 5317 in
654 5260 801 5316 circo
826 5261 894 5315 ad
923 5274 1070 5317 aram
1097 5260 1213 5332 ejus
1240 5277 1268 5315 a
1314 5263 1682 5318 sacerdotibus
1732 5265 1866 5319 liunt
1967 5262 2129 5318 fuerit
2154 5304 2167 5326 ,
2199 5262 2341 5318 male
2370 5277 2489 5317 cum
2519 5276 2581 5318 ea
2606 5301 2622 5331 ,
2652 5260 2720 5316 de
2746 5276 2849 5332 qua
2878 5261 3087 5334 agimus
3112 5303 3125 5329 ,
3156 5260 3405 5321 Cloacina
3434 5277 3568 5320 con—

284 5341 384 5401 ludi
429 5348 525 5413 illi,
576 5350 771 5421 quibus
818 5352 1054 5420 virgines
1101 5351 1316 5408 Sabina:
1365 5365 1536 5424 raptae
1585 5354 1766 5428 (Varr.
1801 5355 1864 5411 de
1962 5356 2112 5411 fundi
2144 5356 2380 5411 videtur.

284 5432 427 5507 Ling.
459 5440 569 5506 ιιι,
624 5456 738 5512 pag.
800 5443 916 5515 50).
969 5443 1027 5500 ln
1067 5444 1305 5501 animum
1340 5455 1517 5501 tamen
1556 5456 1704 5502 tuum
1753 5462 1859 5502 non
2043 5448 2118 5503 De
2146 5448 2268 5504 aliis
2299 5456 2477 5505 autem
2505 5449 2838 5521 portentosis
2861 5450 3167 5506 numinibus
3195 5464 3225 5505 a
3252 5448 3484 5506 Minucio
3512 5457 3570 5505 et

282 5526 349 5584 ita
376 5531 523 5590 facile
549 5533 773 5590 inducas
806 5552 1050 5607 magnam
1088 5536 1252 5595 fuisse
1282 5537 1379 5593 hos
1405 5538 1544 5592 inter
1572 5539 1862 5608 SCI‘iplOl‘CS
1965 5544 2247 5600 Lactantio
2294 5543 2489 5599 ibidem
2536 5544 2881 5613 memoratis,
2912 5544 3116 5602 Pavorc
3137 5587 3152 5612 ,
3184 5544 3430 5611 Pallore,
3463 5542 3566 5599 Fe-

286 5620 683 5686 dissensionem.
719 5629 895 5689 Testis
942 5630 1205 5700 siquidem
1256 5630 1411 5689 nobis
1450 5639 1534 5687 est
1580 5632 1862 5704 Dionysius
1966 5638 2064 5694 bre
2108 5647 2162 5692 et
2205 5636 2393 5693 lllorbo
2460 5637 2587 5692 alibi
2634 5636 2987 5694 disseruimus
3030 5637 3272 5709 (Tomi
3314 5638 3565 5709 Apparet.

289 5713 741 5789 Halicarnasseus,
790 5736 947 5793 quem
995 5723 1230 5779 Consum
1288 5724 1511 5779 Romani
1580 5725 1863 5789 vocabant,

1978 5729 2058 5784 lib.
2090 5744 2145 5784 ιιι
2168 5772 2181 5796 ,
2212 5730 2415 5785 dissert.
2446 5749 2499 5798 ι,
2527 5746 2642 5804 cap.
2677 5730 2712 5787 9
2733 5773 2747 5799 ,
2776 5740 2872 5787 art.
2902 5731 2969 5798 4,
3000 5747 3123 5804 pag.
3155 5730 3260 5787 764
3301 5740 3351 5786 et
3380 5746 3485 5801 seq.
3510 5729 3567 5801 ),

290 5806 420 5869 hunc
450 5830 478 5872 a
504 5816 701 5876 Grzccis
734 5823 999 5876 ῐιυσειδῶνει
1024 5828 1338 5893 στειστχθονα,
1366 5819 1671 5893 Neptunum
1712 5829 1865 5880 terra:

1978 5823 2420 5898 ostendimusquo
2461 5822 2549 5879 illa
2592 5823 2664 5880 ab
2702 5822 2929 5881 ethnicis
2958 5823 3012 5881 in
3043 5824 3265 5881 deorum
3297 5825 3569 5881 Averrun-
