4034 6320
441 296 548 355 599

441 521 529 561 ma
561 508 860 566 insulsitate
886 520 1288 568 annumeratos.

515 624 708 682 Totum
734 636 912 684 autem
937 636 1044 683 tam
1068 628 1414 685 ridiculorum
1441 630 1661 687 deorum
1685 645 1874 704 agmen
1901 632 2040 688 clau-

440 718 608 775 dunt:
642 740 662 773 ι
692 722 828 779 Acca
860 723 1144 778 Laurentia
1173 733 1228 779 et
1252 722 1445 791 Flora,
1478 727 1825 795 meretrices,
1871 737 1925 801 ut
1965 728 2040 784 ait

439 822 631 868 auctor
673 825 877 883 noster,
928 815 1294 885 propudiosae,
1339 819 1477 874 inter
1523 820 1739 875 morbos
1769 821 2038 876 Romano-

439 919 559 960 rum
592 916 644 961 ct
669 907 800 963 deos
826 910 1223 979 computandae.
1256 931 1276 965 ι
1309 912 1440 981 Qua:
1465 914 1681 985 quidem
1731 926 1792 971 ut
1839 916 2036 972 intelli-

436 1009 638 1071 gantur
666 1002 1060 1059 observandum
1101 1014 1218 1074 est,
1260 1016 1352 1061 aut
1394 1009 1653 1064 memoria
1685 1011 2034 1080 repetendum

440 1093 584 1161 quod
616 1103 829 1151 veteres
859 1097 1199 1154 tradiderunt
1226 1100 1513 1156 Romulum
1544 1113 1597 1158 et
1628 1103 1852 1160 Remum
1879 1105 2036 1162 adul-

436 1187 613 1242 terino
642 1189 824 1246 Martis
848 1193 1139 1249 concubitu
1168 1209 1195 1247 a
1225 1195 1371 1251 Rhea
1405 1196 1583 1269 Sylvia
1617 1198 1811 1255 Vestali
1840 1200 2035 1270 editos,

436 1287 619 1351 atque,
652 1293 711 1337 ut
737 1285 951 1354 quidam
980 1286 1164 1354 aiunt,
1193 1304 1223 1343 a
1252 1290 1407 1361 lupa,
1438 1301 1529 1346 aut
1554 1292 1709 1349 sicuti
1739 1294 1828 1349 alii
1859 1296 2036 1351 verius
2064 1324 2114 1385 Β

438 1384 681 1442 narrant,
711 1391 739 1428 a
768 1376 1058 1435 Laurentia
1084 1382 1365 1447 educatos,
1393 1401 1554 1454 quam
1573 1430 1588 1455 ,
1620 1387 1793 1459 inquit
1818 1388 2032 1454 Livius,

436 1464 654 1530 vulgato
691 1484 921 1537 corpore
952 1476 1129 1543 lupam
1162 1476 1301 1533 inter
1334 1489 1575 1547 pastores
1604 1491 1849 1537 vocatam
1880 1493 2034 1553 puta-

435 1569 631 1613 verunt
670 1562 689 1633 (
722 1563 835 1618 Liv.
873 1564 1066 1622 Decad.
1097 1584 1147 1635 ι,
1179 1570 1267 1623 lib.
1304 1572 1353 1638 1,
1389 1571 1418 1644 ς
1445 1575 1477 1629 4
1498 1572 1543 1644 ).
1570 1573 1914 1647 Quapropter
1943 1592 2039 1646 pu-

435 1649 637 1708 blicum
682 1668 925 1714 scortum
961 1677 991 1714 a
1033 1661 1369 1719 Tertulliauo
1413 1676 1637 1722 vocatur
1684 1668 2033 1743 (Tertullian.

438 1744 709 1820 Apologet.
751 1770 869 1824 cap.
915 1756 1015 1821 13,
1047 1773 1168 1830 pag.
1207 1757 1332 1831 15).
1376 1759 1481 1816 Sed
1524 1761 1574 1816 id
1619 1777 1723 1817 non
1765 1763 2040 1835 prohibuit

436 1844 726 1913 quominus
758 1847 810 1903 iu
842 1848 1064 1907 dearum
1095 1866 1381 1925 aggregata
1412 1853 1573 1912 fuerit
1604 1873 1887 1914 numerum
1913 1902 1927 1922 ,
1960 1868 2040 1914 at-

437 1949 542 2005 que
572 1936 625 1992 in
663 1940 780 2009 ejus
810 1940 1073 2000 honorem
1106 1944 1301 2001 festum
1333 1957 1388 2002 et
1416 1963 1566 2003 sacra
1586 1992 1598 2012 ,
1641 1966 1761 2020 qua:
1801 1949 2041 2005 Lauren-

437 2027 584 2083 tialia
617 2032 976 2102 vocabantur,
1014 2037 1252 2094 instituta
1296 2040 1423 2095 sint.
1469 2041 1670 2098 Horum
1710 2044 1953 2099 omnium
1994 2044 2041 2099 si

438 2131 608 2179 testes
639 2127 860 2194 produci
890 2132 1162 2199 posmles,
1196 2133 1290 2188 tibi
1324 2144 1521 2204 praeter
1550 2136 1761 2192 Livium
1794 2138 2042 2193 dabimus

439 2214 752 2287 Dionysium
807 2220 1272 2280 Halicarnasseum
1334 2226 1425 2282 lib.
1494 2245 1512 2283 ι
1572 2229 1753 2300 Antiq.
1804 2230 2038 2287 Roman.

439 2322 561 2379 pag.
590 2308 694 2377 εδ,
725 2322 780 2366 et
809 2313 899 2380 70;
932 2315 1279 2372 Plutarchum
1308 2318 1361 2373 in
1390 2320 1509 2375 Vita
1538 2321 1751 2379 Romuli
1781 2341 1899 2396 pag.
1936 2325 2004 2381 19
2024 2368 2039 2395 ,

439 2409 495 2456 et
521 2401 722 2468 Qurcst.
755 2403 982 2462 Roman.
1009 2425 1128 2481 pag.
1159 2410 1287 2475 272;
1316 2410 1562 2467 Ovidium
1609 2415 1703 2470 lib.
1738 2433 1795 2473 ut
1828 2416 2041 2479 Fastor.

437 2491 855 2559 init.;Servium
896 2501 949 2554 in
997 2500 1092 2555 lih.
1141 2518 1159 2557 1
1206 2501 1422 2558 Aineid.
1476 2505 1665 2574 Virgil.
1698 2525 1749 2563 v.
1796 2509 1936 2575 278,
1990 2519 2045 2567 et

438 2599 593 2658 seqq.
642 2598 697 2643 et
746 2591 920 2659 ipsum
974 2593 1255 2664 Virgilium
1300 2596 1395 2655 lib.
1447 2614 1543 2654 vttt
1574 2599 1793 2656 IEneid.
1827 2617 1882 2658 v.
1913 2603 2041 2670 650,

437 2689 494 2736 et
523 2696 701 2753 seqq.;
733 2684 965 2740 Plinium
998 2686 1090 2739 lib.
1122 2704 1237 2750 vut,
1258 2704 1379 2759 cap.
1413 2691 1500 2759 17,
1539 2709 1658 2764 pag.
1689 2693 1825 2760 163;
1859 2676 2041 2753 etlib.

437 2789 531 2837 xv,
559 2790 678 2846 cap.
708 2776 806 2842 18,
838 2793 954 2847 pag.
1003 2778 1128 2835 197.
1156 2781 1481 2839 Macrobium
1508 2785 1599 2841 lib.
1631 2803 1647 2840 ι
1673 2786 1892 2844 Saturn.
1920 2804 2042 2862 cap.

439 2865 530 2931 10;
568 2870 631 2922 A.
665 2868 926 2937 Gellium,
959 2872 1052 2928 lib.
1088 2889 1139 2928 vt
1170 2873 1324 2932 Noct.
1357 2878 1518 2932 Attic.
1571 2894 1693 2951 cap.
1726 2882 1780 2948 7;
1815 2882 2046 2940 Lactan-

437 2959 572 3014 tium
597 2961 693 3017 lib.
726 2978 760 3016 tt
780 3002 795 3029 ,
820 2978 940 3033 cap.
964 2964 1067 3029 20,
1102 2981 1220 3037 pag.
1248 2967 1345 3023 101
1376 2980 1430 3024 et
1451 2971 1587 3037 102,
1615 2974 1770 3030 sicuti
1798 2990 1897 3032 suo
1922 2977 2044 3034 loco

440 3052 820 3118 ostendemus;
852 3058 1209 3125 Augustinum
1239 3060 1331 3117 lib.
1359 3077 1485 3119 xvm
1514 3064 1581 3121 de
1610 3064 1768 3123 Civit.
1797 3084 1917 3140 cap.
1945 3069 2039 3137 21,

438 3156 564 3213 pag.
600 3144 727 3211 505;
761 3120 1038 3202 Aurelium
1068 3148 1343 3207 Victorem
1386 3169 1480 3209 seu
1512 3120 2041 3217 Auctorem‘vlirbide
2068 3120 2113 3183 Ο

440 3232 589 3305 Orig.
623 3235 782 3293 Geni.
816 3237 972 3294 Rom.
1007 3250 1131 3297 ante
1162 3241 1355 3312 finem,
1390 3256 1441 3301 et
1471 3247 1540 3304 de
1569 3249 1711 3306 Viris
1743 3250 2043 3310 illustribus

398 3391 409 3403 ο
444 3340 567 3397 cap.
602 3328 654 3382 1.

516 3418 708 3489 Flora,
742 3422 912 3492 inquit
938 3424 1231 3494 Minucius,
1259 3429 1426 3486 altera
1450 3430 1549 3487 fuit
1576 3435 1897 3504 prepudiosa
1929 3453 2043 3494 me-

442 3514 610 3569 retrix
633 3556 647 3575 ,
677 3531 796 3586 quae
827 3526 963 3574 teste
989 3522 1128 3592 apud
1157 3522 1386 3579 Gellium
1408 3568 1422 3592 ,
1451 3526 1524 3581 M.
1555 3527 1782 3595 Catone,
1824 3550 1843 3582 ί
1868 3531 2041 3601 palam

444 3621 675 3678 corpore
726 3613 1007 3681 pecuniam
1044 3635 1063 3667 ι
1098 3617 1348 3687 quaesivit
1392 3616 1571 3689 (Gell.
1621 3621 1708 3676 lib.
1754 3639 1828 3678 tx.
1881 3623 2039 3679 Noct.

445 3700 601 3757 Attio.
626 3718 724 3772 cap
754 3746 767 3759 .
814 3704 920 3769 20,
972 3723 1093 3777 pag.
1140 3709 1310 3782 485).
1358 3710 1692 3782 Turpissimo
1733 3724 1908 3771 autem
1954 3716 2044 3771 illo

442 3802 650 3863 quaestu
676 3810 796 3850 cum
826 3812 1075 3866 magnas,
1105 3799 1182 3854 ait
1208 3800 1519 3858 Lactantius
1538 3846 1553 3870 ,
1581 3818 1712 3875 opes
1736 3821 2044 3875 comparas-

439 3894 552 3947 set.
585 3901 769 3943 earum
804 3889 1071 3946 haeredem
1114 3894 1366 3963 populum
1407 3895 1706 3953 Romanum
1745 3914 1807 3955 ea
1851 3901 2043 3955 condi-

443 3979 589 4036 tione
621 3982 876 4048 instituit,
913 3993 970 4038 ut
999 3984 1208 4039 illarum
1240 3988 1413 4043 reditu
1444 3990 1554 4058 ipsa
1587 3991 1778 4047 natalis
1806 3993 1922 4048 dies
1948 4010 2043 4049 sua

441 4076 731 4142 quotannis
784 4075 1065 4143 ludorum,
1123 4094 1259 4149 quos
1310 4081 1585 4150 Florales,
1642 4084 1757 4141 sive
1813 4086 2045 4143 Floralia

440 4178 918 4243 nuncupaverunt,
942 4170 1177 4225 editione
1217 4172 1582 4230 celebraretur
1604 4175 1623 4249 (
1644 4175 1879 4232 Lactant.
1913 4180 2046 4236 lib.t

438 4257 675 4317 Institul.
736 4279 853 4333 cap.
913 4265 1012 4331 10,
1059 4283 1179 4335 pag.
1242 4267 1410 4340 105).
1464 4269 1570 4325 Sed
1617 4272 1739 4341 quia
1789 4273 2047 4340 temporis

440 4351 593 4425 lapsu
628 4355 741 4410 hmc
774 4356 1018 4413 ludorum
1049 4362 1200 4429 origo
1232 4361 1571 4430 turpissima,
1604 4371 1658 4417 et
1689 4362 1901 4417 infamis
1933 4364 2043 4419 visa

441 4455 555 4511 cst,
590 4447 858 4503 tinxerunt
886 4449 1032 4504 illam
1064 4466 1186 4506 esse
1215 4450 1370 4506 deam
1391 4495 1405 4519 ,
1437 4468 1557 4523 quae
1600 4452 1852 4520 floribus,
1902 4456 2044 4512 velut

441 4543 516 4596 ait
543 4541 905 4614 Augusﬁnus,
941 4543 1257 4600 florentibus
1288 4545 1569 4600 frumentis
1598 4548 1945 4616 praesidebat,
1981 4566 2045 4607 ac

443 4644 648 4689 mutato
692 4635 858 4707 priori
902 4634 1169 4690 Chloridis
1215 4639 1433 4693 nomine
1479 4636 1693 4693 Floram
1738 4642 2044 4710 appellave-

436 4738 561 4782 runt
611 4730 630 4797 (
658 4730 874 4800 August.
906 4728 994 4782 lib.
1029 4745 1077 4783 tv
1108 4730 1171 4783 de
1197 4727 1345 4785 Civil.
1377 4747 1493 4800 cap.
1526 4731 1581 4799 8,
1612 4749 1733 4806 pag.
1761 4733 1831 4789 94
1853 4734 1893 4806 ).
1925 4735 2041 4792 Me-

436 4824 670 4879 retricize
699 4838 828 4879 vero
853 4823 996 4878 illius
1019 4824 1151 4879 artis
1178 4825 1493 4880 memoriam
1521 4841 1641 4881 cum
1670 4828 1883 4897 penitus
1908 4829 2041 4884 abo-

436 4916 552 4973 lere
582 4933 687 4972 non
721 4927 974 4988 possent,
1006 4917 1297 4973 commenti
1327 4914 1454 4973 sunt
1485 4935 1602 4974 eam
1632 4935 1735 4975 non
1763 4921 1831 4977 ab
1859 4924 2041 4994 aliquo

435 5010 685 5075 homine,
724 5010 832 5065 'sed
881 5025 909 5063 a
962 5008 1210 5081 Zephyro
1253 5007 1357 5063 dco
1404 5008 1569 5065 fuisse
1612 5020 2038 5081 constupratam.

433 5103 595 5171 Quasi
626 5118 758 5159 vero
789 5111 1034 5173 stuprum
1068 5101 1154 5156 dei
1186 5101 1395 5167 minus,
1426 5119 1583 5173 quam
1618 5102 1881 5170 hominis,
1914 5119 2039 5175 pro~

432 5196 652 5249 brosum
679 5194 785 5249 dici
812 5194 1012 5265 queat?
1039 5194 1121 5249 Ab
1145 5193 1338 5248 Ovidio
1364 5203 1543 5248 tamen
1572 5194 1686 5249 haec
1704 5237 1719 5257 ,
1752 5210 1858 5249 non
1886 5210 2041 5252 secus

428 5296 590 5357 atque
615 5287 717 5341 alia
743 5287 848 5342 diis
873 5289 984 5343 suis
1011 5303 1108 5359 per
1130 5304 1289 5359 quam
1313 5288 1630 5359 dignissima
1651 5288 2036 5346 decantanlur:

582 5465 774 5530 Chloris
797 5479 952 5522 eram,
975 5481 1087 5530 quae
1108 5467 1255 5517 Flora
1279 5481 1448 5526 vocor,
1475 5472 1708 5529 corrupta
1729 5466 1883 5518 latino

642 5526 866 5592 Ifiomiuis
890 5526 1145 5592 estgnostri
1171 5530 1336 5581 littera
1357 5543 1520 5592 graeca
1544 5526 1686 5592 sono.

578 5586 771 5656 Chloris
795 5603 931 5656 eram
949 5590 1173 5656 Nymphe
1195 5586 1558 5656 campi‘felicis,
1586 5591 1667 5640 ubi
1709 5590 1846 5639 audis

644 5646 765 5697 Rem
791 5646 1055 5701 fortunatis
1076 5646 1192 5703 ante
1216 5646 1369 5702 fuisse
1390 5655 1526 5703 viris.

576 5712 699 5777 Qua:
726 5710 884 5777 fuerit
906 5715 1025 5762 mihi
1049 5713 1222 5775 forma,
1256 5728 1411 5777 grave
1433 5724 1513 5765 est
1529 5725 1734 5763 narrare
1760 5714 2028 5769 modestae:

636 5774 737 5822 Sed
762 5788 1007 5840 generum
1034 5778 1180 5840 matri
1198 5774 1425 5840 repperit
1463 5776 1734 5837 illadeum.

574 5835 675 5886 Ver
694 5845 803 5887 crat
830 5852 841 5885 :
873 5835 1124 5887 Erraham.
1147 5835 1400 5901 Zephgrus
1416 5835 1675 5902 conspexit
1700 5851 1712 5886 :
1743 5838 1933 5889 abibam
1959 5854 1973 5889 :

1717 302 1805 360 DE
1844 299 2102 359 MINUCII
2128 297 2428 361 OCTAVIO

436 425 623 468 eorum
645 457 661 482 ,
708 415 822 472 sive
863 415 991 471 mali
1016 415 1364 487 depulsurum
1391 430 1552 490 grege
1581 432 1688 474 non
1719 418 1836 478 sine
1861 417 2033 475 maxi-
2056 417 2111 479 A

2068 4502 2123 4562 D

3635 320 3746 374 000

2382 420 2700 488 Insequitur;
2725 424 2862 490 fugio
2888 440 2900 476 :
2926 428 3096 479 fortior
3119 429 3204 482 ille
3222 428 3332 482 fuit.

2546 506 2733 571 (0vid.,
2754 509 2791 560 l.
2816 524 2847 561 v
2863 512 3057 565 Faster.
3082 526 3129 565 υ.
3152 515 3263 578 195,
3285 522 3330 568 et
3354 519 3515 585 seqq.)

2140 605 2322 679 Neque
2349 608 2562 669 dubites
2593 614 2848 672 famosam
2880 618 3023 674 illam
3053 623 3394 680 meretricem
3427 624 3480 680 in
3509 623 3768 681 dearum

2141 714 2305 771 grege
2332 716 2362 755 a
2390 704 2690 763 Gentilibus
2716 722 3119 783 qprmmeratam
3149 714 3597 789 imploralamque
3622 720 3748 790 ejus

2141 804 2332 861 opem,
2385 810 2454 851 ne
2498 795 2678 870 fruges
2726 801 3018 873 aliquando
3060 820 3557 878 corrumperentur.
3599 810 3746 866 Nam

2145 885 2317 943 Varro
2344 888 2554 947 brec'de
2582 907 2642 949 se
2671 895 2789 965 ipso
2816 897 3011 954 litteris
3038 900 3345 958 mandavit:
3382 921 3402 955 ‹
3429 903 3632 973 Quarto
3659 904 3750 959 iu-

2139 995 2274 1037 voco
2316 981 2579 1055 Robigum
2598 1028 2613 1053 ,
2644 1002 2707 1044 ac
2736 988 2948 1045 Floram
2970 1034 2985 1057 ,
3014 993 3210 1063 quibus
3248 997 3522 1066 propitiis,
3565 1011 3751 1069 neque

2141 1074 2331 1146 rubigo
2357 1074 2620 1134 frumenta
2646 1090 2808 1152 atque
2831 1083 3054 1141 arbores
3079 1091 3406 1158 corrumpit,
3431 1104 3607 1159 neque
3632 1103 3747 1144 non

2143 1170 2462 1238 tempestive
2490 1170 2705 1229 florent.
2746 1176 2929 1246 itaque
2955 1178 3185 1247 publica:
3213 1180 3422 1254 Robigo
3448 1181 3599 1240 feria:
3624 1183 3765 1239 Ro-°

2144 1259 2552 1332 bigalia,Flor;e
2580 1266 2688 1322 ludi
2723 1268 2951 1326 Floralia
2983 1272 3209 1329 instituti
3239 1292 3259 1326 ι
3287 1274 3471 1347 (Varr.
3508 1277 3599 1331 lib.
3631 1293 3651 1332 ι
3679 1277 3751 1333 ἀι

2143 1349 2221 1406 Re
2251 1356 2468 1423 rustica,
2496 1357 2613 1413 init.
2637 1358 2678 1430 ).
2703 1361 2772 1416 de
2792 1363 2987 1433 quibus
3012 1366 3064 1420 in
3090 1369 3335 1436 sequenti
3360 1369 3748 1427 dissertatione

2141 1444 2430 1515 agendum.
2477 1448 2718 1521 Denique
2743 1450 3030 1512 Cornelius
3055 1457 3271 1514 Tacitus
3300 1463 3574 1518 memoriae
3612 1478 3746 1534 pro-

2141 1536 2277 1593 didit
2307 1538 2607 1597 dedicatam
2638 1560 2667 1599 a
2700 1546 2918 1604 Tiberio
2945 1547 3159 1607 Caesare
3191 1551 3345 1623 juxta
3382 1555 3586 1611 circum
3626 1571 3745 1611 ma-

2142 1632 2378 1689 ximum:
2413 1653 2433 1688 ι
2458 1635 2633 1693 Florae
2656 1638 2848 1708 aedem,
2874 1641 2944 1698 ab
2988 1643 3152 1700 Lucio
3194 1654 3250 1700 et
3291 1646 3470 1702 Marco
3516 1648 3745 1719 publicis

2144 1725 2393 1784 aedilibus
2418 1733 2762 1789 constitutam
2797 1754 2818 1787 ι
2853 1734 3056 1808 (Tacit.
3088 1738 3177 1793 lib.
3209 1756 3274 1803 tt.
3307 1750 3423 1811 post
3447 1743 3582 1798 med.
3606 1743 3654 1815 ).

2215 1818 2347 1889 Quis
2373 1837 2504 1894 ergo
2524 1866 2539 1891 ,
2568 1825 2612 1881 si
2639 1827 2766 1898 quid
2793 1844 2938 1884 same
2966 1833 3160 1887 mentis
3190 1833 3418 1901 habeat,
3444 1835 3624 1892 audita
3650 1836 3743 1893 illa

2144 1917 2370 1974 deorum
2399 1933 2460 1975 ac
2483 1918 2704 1976 dearum
2731 1938 2837 1978 non
2865 1925 3086 1981 ridicula
3113 1941 3335 1998 prorsus
3359 1939 3417 1987 et
3441 1929 3628 1987 infami
3652 1947 3747 1988 ca-

2146 2018 2290 2066 terva
2309 2050 2325 2078 ,
2354 2013 2533 2067 statim
2562 2027 2668 2068 non
2695 2014 2947 2071 fatebitur
2969 2034 3126 2089 quam
3155 2028 3302 2077 recte
3326 2021 3592 2080 Minucius
3620 2024 3743 2079 illo-

2146 2118 2263 2158 rum
2293 2106 2753 2162 enumerationem
2787 2107 2885 2163 hac
2924 2125 3029 2165 non
3070 2111 3356 2186 ineleganti
3396 2115 3569 2171 ironia
3612 2132 3747 2172 con-

2146 2195 2365 2252 cludat?
2390 2217 2409 2251 ε
2440 2197 2528 2253 Isti
2556 2200 2764 2257 scilicet
2788 2202 3046 2261 adversus
3073 2217 3326 2274 caeteros,
3357 2211 3447 2280 qui
3476 2211 3528 2265 in
3556 2210 3748 2267 Genti-

2147 2289 2247 2344 bus
2285 2291 2620 2361 colebantur,
2669 2294 2967 2352 Romanum
3000 2299 3282 2370 imperium
3314 2302 3691 2372 protulerunt?
3721 2323 3740 2356 ι

2146 2384 2254 2439 Sed
2283 2400 2407 2457 age,
2439 2398 2493 2442 et
2521 2387 2797 2445 videamus
2822 2392 3013 2462 quibus
3043 2394 3131 2449 ille
3156 2394 3279 2450 aliis
3317 2397 3587 2453 rationum
3629 2413 3749 2453 mo-

2147 2479 2342 2533 mentis
2372 2479 2509 2535 hauc
2535 2480 2821 2538 absurdam
2864 2485 3175 2543 eorumdem
3216 2487 3586 2546 Romanorum
3626 2492 3748 2564 Opi-

2149 2571 2421 2627 nationem
2450 2573 2718 2630 convellat
2743 2585 2796 2631 et
2824 2575 3070 2648 dissipet.

2743 2706 3042 2749 ARTICULUS
3071 2709 3145 2749 IV.

2150 2800 2316 2868 Quam
2346 2801 2537 2873 falsum
2575 2805 2640 2859 sit
2683 2803 2743 2859 ob
2784 2823 3045 2863 concesso:
3082 2808 3366 2865 Vestalibus
3415 2821 3461 2866 et
3508 2814 3755 2871 sacerdo-

2222 2896 2352 2950 tibus
2378 2898 2625 2964 honores,
2656 2899 2877 2971 dataque
2901 2901 3169 2974 privilegia
3185 2945 3200 2970 ,
3225 2906 3568 2976 trtupliﬁcalos
3594 2923 3627 2959 a
3650 2907 3756 2963 diis

2222 2988 2446 3043 Romani
2470 2990 2673 3062 imperii
2700 2992 2861 3061 lines:
2889 3005 3080 3061 quanta
3108 2995 3297 3065 fuerint
3322 3008 3657 3070 utrorumque
3682 3000 3759 3053 in-

2219 3082 2528 3138 continentia
2550 3099 2609 3137 ac
2631 3084 2855 3156 flagitia;
2878 3095 3025 3156 atque
3044 3088 3098 3141 in
3119 3088 3245 3158 ipsis
3271 3089 3471 3160 templis
3495 3090 3757 3148 adulteria

2218 3185 2265 3228 et
2291 3176 2579 3248 sacrilegia.

2217 3308 2335 3364 Non
2355 3310 2589 3367 molliori
2610 3311 2832 3368 brachio
2848 3312 2977 3369 illud
2995 3314 3256 3372 Minucius
3278 3318 3587 3390 propulsat,
3607 3320 3760 3392 quod

2147 3402 2479 3458 venditatum
2515 3419 2544 3459 a
2580 3404 2800 3463 Caacilio
2834 3407 3311 3467 animadvertimus
3340 3411 3474 3468 deos
3508 3413 3759 3470 subsidio

2148 3498 2361 3553 venisse
2397 3497 2653 3554 Romanis
2675 3541 2688 3565 ,
2726 3502 2998 3572 tutiusque
3035 3504 3183 3559 orbis
3215 3513 3375 3560 terra:
3403 3505 3625 3563 dedisse
3654 3510 3761 3563 im-

2147 3591 2357 3662 perium
2389 3593 2460 3648 ob
2488 3607 2778 3649 concessos
2808 3594 3107 3651 Vestalibus
3136 3598 3619 3672 sacerdotibusque
3650 3600 3753 3656 ho-

2149 3701 2339 3754 nores,
2381 3686 2613 3757 dataque
2651 3688 2947 3760 privilegia.
2992 3689 3111 3759 Quo
3157 3692 3304 3748 enim
3346 3694 3533 3761 titulo,
3578 3697 3761 3767 arguit

2149 3778 2440 3846 Minucius,
2497 3779 2549 3833 id
2604 3778 2845 3837 Vestales
2896 3791 2987 3836 aut
3035 3784 3347 3841 sacerdotes
3397 3787 3759 3842 meruerunt?

2149 3870 2419 3943 Numquid
2449 3872 2588 3942 apud
2620 3872 2738 3927 illas
2766 3874 2939 3943 major
2963 3875 3176 3933 ert-teris
3200 3879 3455 3944 castitas,
3488 3888 3584 3933 aut
3612 3880 3758 3950 apud

2148 3964 2283 4023 istos
2332 3970 2524 4041 religio
2574 3971 2860 4027 sanctior?
2912 3972 3130 4033 Minime
3178 3976 3439 4045 gentium.
3492 3975 3759 4031 Pluritme

2149 4062 2429 4118 enimvero
2451 4063 2693 4120 Vestales
2718 4065 2927 4120 violatae
2954 4065 3223 4136 pudicitia:
3248 4066 3509 4122 dederunt
3539 4082 3757 4139 poenas,

2148 4168 2283 4223 quas
2322 4156 2441 4211 alite
2479 4171 2664 4211 earum
2702 4159 2946 4228 gregales
2987 4173 3092 4214 non
3132 4161 3311 4215 minus
3350 4159 3612 4232 quidem,
3660 4162 3755 4217 sed

2149 4251 2412 4308 occultius
2440 4253 2723 4324 impudica:
2751 4254 3072 4326 effugerunt.

2221 4343 2370 4400 Rhea
2402 4347 2664 4417 siquidem
2695 4347 2874 4420 Sylvia
2907 4349 3171 4417 Vestalis,
3208 4353 3281 4407 uti
3313 4354 3470 4423 paulo
3499 4364 3631 4411 ante
3661 4355 3758 4413 ob-

2149 4439 2527 4508 servabamus,
2566 4450 2621 4496 et
2657 4443 2791 4498 scite
2838 4444 3170 4515 Augustinus
3206 4455 3327 4516 post
3363 4447 3501 4502 alios
3540 4464 3757 4506 memo-

2148 4539 2261 4597 rat,
2292 4532 2432 4601 turpi
2462 4532 2725 4589 adulterio
2749 4533 2975 4590 Remum
3003 4545 3164 4605 atque
3191 4534 3478 4593 Romulum
3511 4538 3758 4597 edidisse

2147 4622 2422 4680 ferebatur
2452 4626 2470 4698 (
2497 4626 2713 4698 August.
2745 4627 2833 4683 lib.
2868 4644 3031 4693 xvut,
3061 4629 3127 4684 de
3155 4629 3307 4685 Civil.
3336 4647 3453 4703 cap.
3485 4630 3552 4687 21
3580 4675 3596 4700 ,
3630 4650 3755 4705 pag.

2146 4716 2255 4774 505
2279 4716 2324 4790 ).
2372 4718 2567 4786 Quidni
2615 4735 2745 4791 ergo
2789 4730 2845 4776 et
2889 4720 3008 4777 alia;
3049 4721 3292 4778 Vestales
3336 4738 3564 4794 pravum
3611 4726 3757 4782 illius

2146 4812 2451 4883 exemplum
2482 4814 2697 4884 impune
2722 4829 2780 4870 se
2811 4814 3007 4870 imitari
3036 4830 3197 4886 posse
3223 4817 3592 4874 crediderint?
3621 4819 3758 4876 Sue-

2148 4905 2327 4959 tonius
2368 4920 2499 4960 vero
2544 4921 2725 4961 narrat
2772 4906 3131 4964 Domitianum
3180 4908 3382 4966 incesta
3414 4911 3754 4981 Vestalium,

2145 5009 2174 5049 a
2216 5004 2369 5065 patre
2398 5011 2496 5052 suo
2524 5008 2579 5053 et
2609 4998 2769 5055 fratre
2798 5001 3040 5071 neglecta
3066 5001 3213 5057 varie
3232 5043 3246 5066 ,
3279 5018 3343 5058 ac
3370 5017 3564 5060 severe
3594 5023 3754 5064 coer-

2142 5089 2350 5153 cuisse,
2378 5090 2555 5158 priora
2583 5091 2795 5161 capitali
2821 5092 3114 5163 supplicio,
3145 5096 3440 5164 posteriora
3467 5112 3624 5155 more
3651 5115 3754 5156 ve-

2147 5182 2270 5237 teri.
2306 5200 2325 5232 ι
2351 5181 2484 5237 Nam
2511 5198 2632 5239 cum
2655 5184 2904 5242 Ocellatis
2925 5228 2939 5249 ,
2968 5186 3117 5242 addit
3141 5188 3254 5254 ille,
3279 5190 3593 5260 sororibus,
3623 5193 3755 5249 item

2147 5272 2433 5329 Varonilla:
2456 5276 2681 5332 liberum
2711 5278 2897 5334 mortis
2924 5279 3253 5349 permisisset
3277 5282 3556 5339 arbitrium
3582 5327 3598 5352 ,
3629 5300 3756 5342 coro

2144 5380 2497 5439 ruptoresque
2526 5385 2710 5426 carum
2741 5372 3029 5442 relegasset
3048 5414 3062 5436 ,
3095 5389 3219 5428 mox
3246 5373 3553 5432 Corneliam
3585 5378 3755 5449 virgi-

2142 5475 2263 5516 nem
2293 5461 2576 5516 maximam
2598 5504 2612 5526 ,
2652 5482 2670 5515 ι
2703 5462 2756 5518 id
2783 5472 2898 5529 est,
2927 5464 3046 5520 aliis
3074 5463 3378 5522 Vestalibus
3402 5467 3749 5537 praefectam,

2148 5573 2165 5603 ι
2195 5552 2491 5607 absolutam
2520 5553 2648 5609 olim
2670 5596 2686 5621 ,
2715 5554 2912 5609 dehinc
2936 5556 3099 5627 longo
3125 5557 3410 5613 intervallo
3437 5558 3761 5631 repetitam:

2139 5654 2298 5715 atque
2337 5647 2668 5713 convictam,
2711 5646 2891 5702 defodi
2922 5649 3235 5718 imperavit,
3268 5661 3750 5725 strupratoresque

2134 5736 2297 5805 virgis
2328 5737 2381 5791 in
2411 5737 2631 5793 comitio
2660 5738 2726 5792 ad
2759 5754 2944 5795 necem
2973 5741 3107 5795 exedi
3133 5759 3150 5794 ι
3190 5740 3210 5814 (
3241 5741 3458 5798 Sueten.
3494 5744 3587 5802 lib.
3621 5761 3710 5801 vm
3732 5789 3747 5814 ,

2141 5830 2193 5883 in
2233 5829 2346 5882 Vita
2375 5829 2567 5885 Domit.
2602 5828 2630 5897 ᾗ
2677 5830 2775 5902 8).
2822 5832 2955 5888 llin‘c
3016 5832 3283 5891 Eusebius
3324 5845 3511 5904 notat,
3562 5839 3747 5895 Domi-
