4034 6320
318 291 415 350 θοι

317 409 461 465 tiano
490 407 823 480 imperante,
855 424 875 458 ι
907 414 1014 462 tres
1044 402 1282 476 virgines
1303 400 1548 458 Vestales
1569 397 1641 456 ob
1666 406 1907 470 stuprum
1934 400 1988 461 Α

315 498 596 557 damnatas
624 518 645 553 ι
680 501 700 572 (
728 497 917 555 Euseb.
950 497 1144 552 Chron.
1181 495 1249 550 ad
1276 512 1398 550 ann.
1432 491 1624 566 2099).
1662 492 1736 547 De
1775 486 1909 546 Cor-

314 594 454 652 nelia
477 604 659 650 autem
681 594 889 649 Plinius
909 592 977 648 ad
1003 590 1362 647 Minucianum
1386 586 1605 644 scribit:
1629 604 1649 639 t
1670 584 1753 644 Ad
1780 599 1908 653 sup-

315 687 528 759 plicium
562 687 745 744 nescio
786 701 854 741 an
901 687 1196 748 innocens,
1227 689 1375 738 certe
1404 689 1675 750 tamquam
1708 689 1908 732 nocens

315 780 471 839 ducta
502 791 587 838 est
618 801 638 835 ι
674 780 695 854 (
728 780 870 836 Plin.
904 778 1071 852 Epist.
1106 777 1193 832 lib.
1227 792 1306 844 1v,
1337 775 1511 847 Epist.
1544 771 1657 846 ll).
1703 770 1807 828 Sed
1839 769 1907 826 de

316 875 458 931 illius
511 886 698 944 stupro
722 916 738 941 ,
775 873 1030 944 justaque
1068 871 1520 928 condemnatioue
1556 868 1705 924 nullo
1752 864 1909 937 plane

313 966 473 1023 modo
499 965 791 1022 Suetonius
815 965 1094 1022 dubitavit.
1121 964 1254 1020 Tres
1278 964 1411 1019 alias
1433 960 1749 1018 Plutarchus
1775 957 1908 1014 Ves-

314 1060 444 1117 tales
465 1069 758 1124 memorat,
783 1059 1032 1116 videlicet
1051 1059 1323 1115 IEmiliam
1339 1099 1356 1125 ,
1380 1057 1639 1115 Liciniam
1657 1098 1671 1123 ,
1696 1066 1750 1111 et
1771 1053 1908 1110 Mar-

312 1155 438 1211 tium
460 1196 476 1220 ,
504 1169 621 1226 qua
648 1155 882 1212 incestus
907 1168 1093 1226 poenas
1121 1153 1286 1209 luisse
1313 1151 1559 1223 perhibet
1577 1192 1591 1214 ,
1624 1157 1904 1220 postquam

316 1248 575 1305 nefariam
608 1263 732 1304 cum
760 1248 890 1304 viris
918 1247 1359 1304 consuetudinem
1396 1247 1506 1315 jam
1550 1243 1640 1300 diu
1685 1241 1902 1296 habuis-

310 1349 429 1397 sent
456 1359 476 1394 ι
516 1338 814 1414 (Plutarch.
850 1340 1040 1408 Quasi.
1074 1339 1296 1396 Roman.
1328 1355 1449 1409 pag.
1480 1334 1648 1407 284).
1682 1335 1751 1390 At
1781 1334 1905 1405 Lip-

309 1433 451 1489 sium
484 1446 744 1504 praeterea
768 1476 783 1499 ,
811 1434 855 1489 si
883 1441 1074 1500 vacat,
1099 1432 1252 1489 adire
1271 1432 1474 1504 puteris
1513 1431 1532 1502 (
1558 1428 1704 1499 Lips.
1749 1427 1903 1498 Synt.

308 1526 372 1583 de
405 1524 558 1583 Vesta
579 1536 626 1582 et
658 1525 849 1583 Vestal.
882 1543 999 1598 cap.
1031 1542 1113 1593 ιιι,
1144 1537 1267 1581 tom.
1297 1541 1379 1591 ιιι,
1408 1540 1527 1597 pag.
1560 1522 1713 1595 606).

377 1617 656 1674 Addamus
675 1660 690 1684 ,
718 1617 765 1674 si
792 1617 941 1675 lubet
960 1661 976 1686 ,
1006 1618 1345 1675 Ambrosium
1368 1660 1384 1684 ,
1415 1619 1503 1689 qui
1536 1613 1861 1690 Symmacho
1883 1654 1901 1681 ,

308 1709 500 1766 eodem
531 1708 693 1765 modo
722 1719 883 1780 atque
917 1708 1200 1777 Caecilius,
1241 1710 1498 1766 adversus
1533 1707 1899 1772 Christianos,

1775 279 2237 339 DISSERTATIO.

3506 268 3614 327 602

2104 396 2246 447 Pacis
2270 403 2322 446 et
2344 395 2548 447 advecta
2571 401 2766 445 secreta
2790 392 2965 458 palatia
2989 391 3179 458 Matris,

2103 459 2168 510 Et
2192 458 2449 514 Cererem.
2472 471 2584 507 nam
2608 471 2706 521 quo
2725 451 2824 507 noh
2846 462 3031 521 prostat
3055 454 3240 521 femina
3264 451 3486 517 templo?

2109 522 2280 572 Notior
2299 522 2490 572 Aufidio
2513 517 2738 571 moechus
2755 517 3018 570 celebrare
3033 517 3233 567 solebas

2108 584 2245 645 Quod
2273 591 2433 648 taceo,
2461 592 2609 647 atque
2631 585 2768 648 ipsos
2800 584 2949 633 etiam
2974 580 3213 631 inclinare
3236 581 3453 630 maritos.

2415 667 2684 733 (Juvenal.,
2710 669 2881 733 Satyr.
2901 679 3028 727 ix,v.
3052 664 3114 714 22
3139 672 3183 716 et
3206 662 3367 729 seqq.)

2013 784 2173 840 Plura
2202 782 2376 839 adhuc
2406 782 2588 853 legere
2616 777 2812 851 poteris
2839 778 2892 833 in
2917 784 3066 833 sexta
3097 774 3237 831 illius
3263 772 3487 844 Satyra,
3516 767 3606 826 ubi

2011 888 2209 953 praeter
2234 878 2336 934 alia
2365 876 2501 934 bene
2528 874 2693 932 multa
2723 873 2884 929 dixit:

2106 1029 2121 1045 .
2224 1030 2236 1043 .
2335 1028 2348 1041 .
2453 1028 2464 1040 .
2589 988 2798 1051 Jamque
2823 984 3178 1051 expectaturin
3200 982 3359 1037 hortis

2104 1055 2198 1106 Aut
2224 1054 2353 1119 apud
2387 1052 2554 1103 Isiacae
2576 1047 2741 1117 potius
2757 1047 2967 1100 sacraria
2991 1047 3137 1098 lente.

2725 1135 2906 1201 (Idem,
2932 1137 3123 1203 Satyr.,
3146 1148 3212 1196 vt,
3240 1145 3288 1183 υ.
3307 1127 3445 1193 485.)

2080 1249 2271 1321 Neque
2315 1255 2488 1320 poeta:
2536 1254 2772 1310 tantum,
2820 1241 2917 1300 sed
2965 1240 3054 1296 alii
3099 1240 3260 1297 etiam
3306 1237 3604 1308 scriptores

2010 1340 2211 1398 ethnici
2264 1349 2533 1396 tantorum
2587 1337 2852 1394 scelerum
2905 1344 3072 1391 testes
3120 1341 3246 1387 sunt
3288 1326 3600 1386 certissimi.

2007 1433 2198 1491 Nonne
2240 1434 2383 1488 enim
2426 1431 2620 1488 Cicero
2662 1429 2903 1500 queritur
2940 1426 3181 1482 Clodium
3221 1437 3342 1479 esse
3376 1439 3395 1474 ‹
3424 1419 3603 1476 homi-

2008 1544 2132 1586 nem
2163 1528 2344 1593 illum,
2378 1546 2396 1579 ι
2431 1527 2519 1598 qui
2553 1524 2917 1596 pulvinaribus
2946 1541 2965 1575 ι
2999 1522 3160 1576 Bnnm
3187 1519 3304 1575 deae.
3356 1527 3602 1588 stuprum

2009 1622 2286 1689 intulerit,
2317 1635 2490 1691 eaque
2530 1634 2712 1687 sacra,
2757 1632 2875 1689 qua)
2914 1615 3011 1671 viri
3052 1614 3250 1681 oculis,
3296 1627 3364 1668 ne
3403 1611 3605 1681 impru-

2007 1714 2185 1772 dentis
2222 1713 2477 1785 quidem,
2525 1711 2693 1779 aspici
2736 1709 2815 1766 fas
2860 1718 2974 1773 est,
3006 1722 3114 1763 non
3158 1706 3334 1761 solum
3377 1711 3601 1775 aspectu

306 1818 371 1860 ac
398 1818 500 1874 pro
524 1801 757 1860 ethnicis
781 1804 1204 1874 arsmnenmnti.
1234 1800 1525 1875 respondet
1548 1808 1756 1873 septem
1784 1808 1900 1854 tan-
1928 1804 1977 1864 B
2005 1807 2174 1875 virili,
2200 1806 2292 1863 sed
2316 1803 2514 1876 flagitio
2539 1814 2837 1875 Stuproque
2875 1800 3125 1856 violarit?
3153 1818 3172 1853 ι
3212 1797 3410 1870 (Cicer.
3451 1796 3601 1851 Orat.

307 1908 417 1953 tum
442 1912 543 1953 suo
571 1905 810 1967 tempore
836 1894 1165 1966 superfuisse
1192 1894 1434 1952 Vestales
1452 1934 1468 1957 ,
1494 1907 1719 1964 quarum
1748 1911 1767 1943 ι
1793 1907 1898 1947 non

304 2000 443 2058 est,»
481 1988 671 2060 inquit,
710 2007 729 2042 ι
756 1988 1051 2060 virginitas,
1070 2003 1191 2059 quae
1220 1988 1391 2058 pretio
1412 1988 1629 2052 eluitur,
1655 2000 1761 2040 non
1795 1984 1901 2039 vir-

303 2083 436 2139 tutis
481 2083 661 2140 studio
706 2083 1011 2156 possidetur
1040 2101 1060 2135 ι
1094 2082 1111 2151 (
1139 2080 1375 2136 Ambros.
1410 2079 1578 2151 Epist.
1628 2079 1695 2135 18
1715 2120 1730 2145 ,
1763 2088 1897 2134 cont.

302 2177 601 2250 Symmach.
641 2193 762 2250 pag.
791 2177 895 2233 836
918 2175 959 2248 ).

376 2271 566 2343 Neque
593 2271 856 2328 minorem
887 2270 1082 2327 asserit
1108 2278 1296 2325 auctor
1321 2275 1507 2324 noster
1535 2265 1700 2321 fuisse
1727 2263 1904 2321 ethni-

302 2376 490 2418 corum
528 2361 906 2429 sacerdotum,
947 2377 1107 2432 quam
1137 2358 1436 2415 Vestalium
1478 2355 1900 2428 impudicitiam:

309 2475 329 2509 ι
354 2455 458 2513 Ubi
486 2456 652 2523 enim,
677 2476 698 2509 ι
734 2456 906 2526 inquit
933 2455 1043 2521 ille,
1067 2474 1086 2507 ι
1107 2453 1277 2526 magis
1293 2468 1323 2509 a
1341 2451 1904 2522 sacerdotibus,quam

305 2549 449 2606 inter
474 2564 595 2605 aras
621 2559 676 2606 et
702 2549 923 2606 delubra
953 2548 1336 2606 conducuntur
1361 2558 1574 2617 stupra,
1608 2554 1904 2602 tractantur

303 2641 569 2700 lenocinia
590 2686 605 2709 ,
637 2643 895 2699 adulteria
925 2642 1285 2699 meditantur?
1315 2641 1670 2711 Frequentius
1696 2639 1750 2695 in
1777 2638 1907 2695 tedi-

305 2743 519 2790 tuorum
559 2735 799 2800 cellulis,
841 2749 1001 2806 quam
1042 2734 1095 2789 in
1137 2734 1266 2803 ipsis
1296 2731 1637 2804 lupanaribus
1675 2730 1909 2801 flagrans

306 2825 475 2882 libido
501 2826 829 2899 defungitur.
858 2848 877 2881 ι
909 2828 977 2882 At
999 2825 1276 2897 expende,
1301 2839 1513 2896 quzcso,
1543 2835 1721 2878 utrum
1749 2823 1817 2879 ibi
1840 2821 1910 2879 ad

305 2918 421 2977 hinc
445 2933 552 2975 non
578 2920 905 2991 respexerit,
932 2934 1052 2990 qua:
1077 2933 1106 2972 a
1133 2917 1463 2975 Tertulliano
1485 2915 1626 2971 dicta
1654 2915 1904 2986 legimus:

310 3032 329 3066 ι
354 3011 411 3067 In
443 3011 655 3082 templis
681 3011 943 3068 adulteria
974 3010 1256 3081 componi,
1300 3012 1439 3066 inter
1479 3025 1598 3066 aras
1638 3009 1908 3065 lenocinia

311 3107 526 3162 tractari
548 3147 561 3170 ,
586 3106 638 3162 in
662 3106 794 3178 ipsis
816 3108 1135 3178 plerumque
1155 3105 1473 3162 mdituorum
1497 3112 1551 3160 et
1569 3103 1909 3161 sacerdotum

2006 1899 2109 1964 50,
2142 1900 2205 1954 de
2229 1898 2465 1967 Aruspic.
2497 1896 2720 1967 Respon.
2755 1912 2873 1967 pag.
2917 1892 3057 1960 429,
3111 1891 3204 1947 lin.
3238 1889 3373 1962 '54.)
3416 1888 3606 1944 Nonne

2005 1993 2297 2049 Suetonius
2328 1992 2441 2047 haec
2476 1989 2545 2046 de
2573 1990 2789 2045 Tiberio
2828 1989 3153 2058 lmperatore
3190 1985 3383 2040 litteris
3421 1981 3603 2039 consi-

2005 2086 2221 2159 gnavit?
2251 2104 2269 2137 ι
2300 2083 2494 2139 Fertur
2524 2083 2683 2139 etiam
2725 2081 2779 2136 in
2820 2077 3176 2136 sacrificando
3214 2074 3481 2149 quondam
3510 2089 3605 2131 ca-

2008 2189 2127 2253 ptus
2167 2178 2301 2235 facie
2342 2176 2606 2243 ministri,
2648 2189 2891 2241 acerram
2937 2171 3309 2243 praeferentis,
3354 2168 3607 2241 nequisse

2008 2274 2311 2339 abstinere,
2343 2271 2470 2342 quin
2501 2284 2640 2341 pene
2691 2267 2909 2324 vixdum
2939 2282 2998 2321 re
3024 2264 3201 2320 divina
3231 2272 3475 2335 paracta,
3508 2260 3609 2317 ibi-

2008 2367 2129 2424 detu
2158 2366 2339 2424 statim
2366 2365 2644 2423 seductum
2672 2367 3071 2433 constupraret,
3097 2358 3362 2430 simulque
3387 2356 3607 2413 fratrem

2009 2461 2126 2533 ejus
2158 2461 2464 2516 tibicinem:
2495 2467 2656 2530 atque
2687 2454 2900 2527 utrique
2929 2469 3055 2510 mox
3078 2496 3092 2518 ,
3123 2450 3267 2522 quod
3296 2460 3481 2505 mutuo
3507 2447 3608 2504 lla-

2008 2556 2210 2629 gitium'
2227 2553 2646 2624 exprobrabant,
2662 2566 2819 2607 crura
2848 2548 3074 2619 fregisse
3101 2568 3119 2600 ι
3141 2544 3385 2617 (Sneton.
3412 2543 3500 2598 lib.
3527 2558 3606 2610 tn,

2010 2651 2062 2705 in
2107 2649 2219 2704 Vita
2251 2646 2418 2703 Tiber.
2455 2645 2612 2720 μ).
2661 2642 2882 2701 Dicendi
2931 2646 3091 2698 finem
3133 2651 3281 2697 certe
3324 2654 3430 2695 non
3463 2636 3609 2693 face-

2011 2759 2224 2810 remus,
2265 2743 2312 2798 si
2349 2743 2528 2797 omnia
2570 2737 2923 2796 describenda
2962 2745 3174 2802 essent,
3218 2750 3339 2806 quas
3380 2742 3612 2804 uterque

2013 2848 2068 2894 et
2092 2837 2182 2892 alii
2211 2835 2279 2892 de
2307 2835 2392 2892 his
2417 2834 2750 2891 detestandis
2774 2831 3071 2890 sceleribus
3093 2845 3238 2900 saepe
3277 2828 3474 2900 sacpius
3502 2836 3612 2883 tra-

2012 2929 2339 3079 diffusius
2380 3020 2560 3077 omnia
2599 3019 2669 3077 ab
2706 3020 2950 3091 ipsismet
2987 3014 3387 3082 sacerdmibus,
3428 3015 3504 3071 uti
3543 3013 3612 3071 ab

2016 3117 2143 3184 illo,
2174 3114 2243 3171 de
2280 3129 2389 3187 quo
2428 3114 2561 3169 infra
2591 3110 2963 3168 disserendum
2987 3152 3003 3178 ,
3032 3111 3121 3181 qui
3154 3108 3399 3165 llerculis
3429 3122 3613 3179 petso-

304 3199 698 3267 tabernaculis,
738 3201 841 3257 sub
880 3202 1068 3259 iisdem
1111 3202 1279 3267 Viliis.
1311 3210 1367 3257 ει
1390 3200 1663 3271 apicibUS.
1695 3209 1751 3256 el
1779 3216 1901 3271 βυτ·
1933 3203 1979 3268 C
2014 3224 2137 3264 nam
2177 3208 2399 3280 agebat,
2433 3221 2537 3262 non
2581 3207 3047 3276 perpetrabantur,
3096 3203 3130 3257 ii
3176 3212 3322 3258 certe
3366 3201 3611 3272 plerique

306 3293 455 3364 puris
494 3292 654 3350 thure
690 3292 981 3367 flagrante,
1027 3294 1304 3351 libidinem
1334 3294 1563 3366 expungi
1596 3314 1615 3348 ι
1645 3292 1905 3367 (Tertull.

306 3386 526 3457 Apolog.
556 3402 674 3456 cap.
705 3388 807 3455 15,
837 3404 955 3460 pag.
989 3387 1119 3459 i6).
1157 3387 1494 3458 Quapropter
1537 3387 1644 3443 alio
1688 3386 1741 3442 in
1769 3386 1907 3443 libro

306 3479 594 3550 ipsammet
636 3479 992 3536 idololatriam
1023 3481 1093 3536 ita
1128 3480 1434 3552 loquentem
1464 3479 1701 3535 induxit:
1740 3497 1758 3532 ς
1791 3478 1905 3550 Ego

304 3572 521 3643 quidem
571 3572 869 3628 idololatria
920 3572 1219 3644 saspissitne
1271 3574 1514 3631 mtechiie
1565 3574 1903 3630 occasionem

300 3664 669 3722 Subministro.
706 3665 892 3722 Sciunt
917 3666 1022 3721 luci
1045 3667 1181 3735 mei,
1205 3676 1260 3722 et
1285 3668 1390 3723 mei
1418 3677 1660 3733 montes,
1692 3676 1744 3721 ct
1773 3667 1907 3721 viva:

301 3773 493 3831 aquaz,
538 3759 762 3831 ipsaque
807 3761 859 3816 in
904 3760 1127 3816 urbibus
1176 3761 1405 3830 templa,
1453 3772 1709 3831 quantum
1754 3776 1906 3816 ever-

302 3852 484 3908 tenda:
523 3852 793 3923 pudicitia:
822 3869 1174 3925 procuremus
1209 3874 1229 3907 ι
1257 3853 1495 3924 (Tertull.
1529 3854 1615 3909 lib.
1648 3855 1711 3908 de
1740 3853 1905 3907 Pudi-

299 3947 391 4003 cit.
422 3963 539 4019 cap.
571 3947 631 4014 5,
664 3965 786 4018 pag.
820 3947 994 4019 719).
1025 3948 1162 4014 Quid
1183 3990 1196 4015 ,
1240 3947 1382 4018 quod
1432 3947 1731 4002 Phoenissa:
1781 3964 1903 4003 mtt-

302 4042 466 4097 lieres
486 4084 502 4109 ,
527 4051 586 4098 ut
608 4042 683 4097 ait
706 4043 1062 4111 Athanasius,
1090 4042 1347 4115 putabant
1373 4042 1591 4113 vulgato
1615 4051 1737 4097 ante
1762 4042 1903 4098 idnla

300 4149 565 4205 corpore,
612 4134 743 4192 deos
789 4134 903 4191 fore
947 4136 1047 4192 sibi
1097 4136 1354 4206 propitios
1402 4135 1695 4206 (Al/ulnas.
1753 4135 1900 4192 Orat.

302 4238 470 4283 contr.
502 4227 652 4285 Geni.
682 4228 711 4302 §
738 4227 839 4297 26,
869 4247 992 4302 pag.
1021 4229 1095 4286 24
1114 4229 1157 4302 ).
1188 4230 1259 4285 At
1284 4229 1350 4286 de
1375 4229 1706 4286 Tertulliano
1730 4231 1903 4289 adhuc

302 4334 406 4376 suo
449 4320 568 4377 loco
612 4321 895 4378 dicendum
941 4320 1201 4394 (Dissert.
1277 4323 1330 4377 in
1374 4322 1591 4378 Tertull.
1632 4323 1899 4397 Apologet.

302 4429 423 4482 cap.
449 4414 552 4481 24,
582 4425 682 4471 art.
712 4418 802 4488 5).

376 4505 561 4578 Neque
591 4507 789 4563 dixeris
821 4508 937 4564 haec
967 4508 1193 4565 fortasse
1218 4526 1247 4563 a
1277 4508 1596 4567 Christianis
1624 4511 1901 4583 scriptori-

2010 3318 2200 3358 omnes
2228 3302 2438 3357 illorum
2469 3301 2670 3357 conscii
2697 3309 2872 3355 erant.
2900 3298 3034 3354 Vide
3061 3313 3190 3369 ergo
3215 3314 3372 3369 quam
3403 3299 3533 3353 falso
3557 3306 3613 3354 et

2010 3395 2353 3469 impudenter
2375 3394 2577 3451 ethnici
2605 3393 2947 3450 venditarent
2972 3400 3189 3463 propter
3212 3405 3500 3454 concessos
3526 3390 3610 3445 his

2009 3489 2385 3547 sacerdotibus
2414 3503 2478 3544 ac
2502 3486 2810 3544 Vestalibus
2841 3485 3105 3550 honores,
3135 3484 3365 3556 dataque
3394 3483 3610 3555 privile-

2006 3584 2091 3656 gia
2109 3627 2123 3651 ,
2150 3583 2422 3638 Romanos
2451 3582 2613 3638 totius
2642 3591 2905 3638 terrarum
2934 3579 3081 3635 orbis
3107 3577 3330 3650 adeptos
3356 3592 3478 3634 esse
3504 3577 3609 3632 im-

2011 3682 2237 3753 perium.

2614 3809 2908 3852 ARTICULUB
2937 3810 2993 3849 ν.

2010 3934 2274 4002 Quomodo
2300 3934 2351 3988 Μ
2357 3935 2559 3989 inucius
2580 3934 2814 3989 ostendat
2840 3933 3185 3988 Romanorum
3206 3930 3474 4002 imperium
3501 3933 3607 4001 pie-

2079 4040 2180 4083 tate
2208 4031 2261 4083 in
2288 4030 2410 4084 deos
2439 4046 2530 4084 nec
2561 4029 2833 4101 fundatum
2865 4045 2957 4083 nec
2987 4036 3213 4091 auctum,
3240 4027 3357 4096 quia
3384 4026 3603 4097 Assyrii,

2079 4120 2256 4187 Medi,
2292 4120 2496 4186 Persis,
2532 4119 2696 4176 (ἔνωεὶ
2718 4162 2732 4186 ,
2763 4118 3006 4191 Αῐθῃριὶἰ
3034 4129 3371 4190 regnaverunt
3401 4129 3516 4173 ante
3540 4119 3608 4173 il-

2078 4214 2154 4268 los
2173 4257 2188 4281 ,
2221 4222 2267 4267 et
2298 4223 2419 4268 ante
2447 4230 2621 4268 eorum
2654 4212 2934 4283 Pontiﬁces
2954 4255 2968 4280 ,
2998 4211 3227 4279 Arvales,
3261 4211 3458 4282 Salios,
3492 4210 3608 4267 Ves-

2077 4306 2202 4361 tales
2221 4347 2236 4370 ,
2264 4314 2414 4374 atque
2438 4305 2695 4377 Augures.

2079 4418 2257 4491 Pergit
2281 4419 2543 4474 Minucius
2563 4459 2577 4484 ,
2605 4420 2818 4490 alioque
2845 4435 2952 4474 non
2982 4418 3211 4474 minoris
3238 4417 3489 4489 ponderis
3515 4433 3603 4474 ar-

2003 4520 2261 4582 gumento
2290 4526 2353 4568 ea
2382 4512 2560 4567 omnia
2591 4511 2824 4576 refellit,
2854 4527 2975 4583 qua:
3004 4510 3251 4568 Caecilius
3281 4526 3342 4566 ac
3379 4510 3608 4582 gentiles

305 4597 441 4664 bus,
476 4599 795 4671 implacabili
827 4601 1164 4656 ethnicorum
1192 4600 1319 4656 odio
1359 4600 1531 4657 ductis
1550 4643 1566 4668 ,
1608 4610 1701 4658 aut
1736 4605 1901 4674 gratis
1928 4587 1982 4648 Ῐ)
2011 4605 2238 4661 Romani
2264 4605 2333 4660 de
2359 4605 2556 4660 tradito
2580 4606 2686 4661 sibi
2715 4618 2931 4678 propter
2952 4622 3220 4665 summam
3247 4606 3299 4661 in
3324 4605 3456 4661 deos
3478 4620 3608 4661 suos

305 4692 567 4758 conficta,
593 4702 686 4747 aut
713 4692 978 4748 malitiose
998 4692 1340 4762 amplificata.
1368 4690 1501 4746 Nam
1533 4692 1755 4748 infinitis
1780 4708 1902 4764 pro-

310 4784 598 4855 pemodum
642 4786 991 4857 ipsorummet
1030 4784 1323 4840 Gentilium
1373 4785 1733 4852 testimoniis,
1785 4801 1904 4855 qua:

308 4875 588 4933 brevitatis
630 4891 790 4933 causa
841 4877 1168 4943 omittimus,
1215 4876 1428 4947 probari
1477 4887 1720 4947 possunt.
1751 4877 1908 4947 Quie-

308 4969 432 5025 dam
477 4969 656 5041 itaque
696 4968 800 5023 huc
844 4969 1091 5025 retulisse
1131 4967 1395 5037 sufficiat,
1426 4983 1489 5024 ac
1518 4969 1744 5039 primum
1790 4971 1908 5041 qui-

307 5062 432 5120 dem
462 5061 576 5118 hiuc
605 5062 775 5119 Ovidii
802 5064 1071 5118 carmina:

434 5176 658 5242 Luminis
682 5177 852 5242 exigui
876 5176 1039 5242 fuerat
1063 5190 1217 5240 prope
1238 5175 1422 5242 templa
1444 5189 1695 5239 recessus,

435 5240 695 5303 SpolttflCtB
721 5238 908 5301 similis,
930 5238 1091 5289 nativo
1118 5238 1521 5303 pumicetectus,

434 5300 717 5364 Belligionc
743 5316 885 5365 sacer
912 5303 1085 5363 prisca,
1111 5300 1210 5365 (tuo
1232 5300 1382 5365 multa
1407 5300 1641 5352 sacerdos

434 5363 622 5428 Lignea
643 5364 923 5415 contulerat
946 5363 1173 5415 veterum
1188 5363 1449 5414 simulacra
1471 5365 1712 5426 deorum;

435 5426 576 5478 Hunc
594 5429 703 5491 iuit,
731 5434 784 5478 et
816 5430 971 5477 vetito
996 5435 1209 5477 temerat
1223 5428 1433 5476 sacraria
1452 5428 1649 5491 probro.

782 5510 966 5574 (Ovid.,
988 5511 1025 5561 l.
1044 5524 1074 5560 ι
1101 5513 1410 5575 Metanwrp.,
1435 5510 1461 5575 §
1480 5507 1692 5574 penult.)

310 5615 507 5673 Acrius
536 5630 664 5671 vero
692 5613 965 5671 iuvenalis
996 5615 1046 5669 in
1080 5615 1195 5670 hinc
1234 5612 1540 5685 turpissima
1580 5612 1775 5685 ﬂagitia
1798 5654 1813 5681 ,
1855 5622 1910 5669 et

309 5709 591 5780 sacrilegia
614 5752 629 5777 ,
661 5709 845 5781 sicque
877 5706 1175 5763 invehitur:

409 5825 579 5890 Nuper
595 5826 747 5888 enim,
781 5830 838 5877 ut
858 5830 1052 5889 repeto,
1080 5823 1244 5875 fanum
1268 5822 1429 5886 Isidis,
1452 5826 1505 5873 et
1529 5821 1878 5886 Ganymedem,

2009 4698 2263 4769 pietatem
2295 4698 2458 4754 totius
2486 4699 2669 4756 muutli
2698 4700 2924 4769 imperio
2950 4701 3113 4756 stulte
3133 4699 3465 4770 jactitabant.
3490 4699 3605 4755 Non

2009 4791 2064 4847 hi
2087 4793 2365 4849 enimvero
2393 4793 2498 4858 dii,
2528 4810 2664 4865 quos
2692 4794 2867 4851 falsos.
2881 4810 3000 4850 esse
3022 4793 3384 4858 ostendimus,
3410 4803 3499 4850 aut
3525 4809 3611 4849 re-

2010 4901 2111 4958 gna
2142 4889 2256 4942 suis
2284 4886 2582 4943 cultoribus
2607 4887 2905 4953 dederunt,
2939 4896 3031 4942 aut
3057 4897 3488 4958 propagaverunt
3514 4901 3610 4943 eo-

2013 4993 2131 5033 rum
2162 4975 2326 5033 flnes:
2358 4978 2452 5033 sed
2485 4978 2601 5034 haec
2627 4980 2774 5034 solus
2802 4995 2961 5034 verus
2989 4979 3436 5049 omnipotensqne
3467 4978 3609 5035 Deus

2011 5070 2236 5140 quibus.
2265 5084 2327 5125 ac
2356 5070 2572 5141 quando
2612 5072 2755 5139 vult,
2785 5071 3025 5141 largitur.
3068 5069 3250 5142 Neque
3289 5070 3341 5126 id
3384 5072 3607 5141 probatu

2010 5161 2231 5218 difficile
2259 5171 2361 5218 est.
2389 5162 2521 5219 Nam
2551 5164 3004 5236 quemadmodum
3036 5172 3180 5219 recte
3222 5164 3399 5235 arguit
3438 5164 3610 5220 Minu-

2011 5257 2162 5324 cius,
2203 5272 2505 5328 omnesilue
2546 5269 2843 5315 noverunt:
2879 5278 2899 5311 ί
2929 5261 3067 5315 Ante
3107 5259 3257 5325 illos,
3301 5260 3607 5326 Romanos,

2015 5348 2123 5406 Deo
2152 5349 2521 5421 dispensante,
2551 5351 2642 5407 diu
2673 5368 2836 5424 regna
2868 5362 3153 5408 tenuerunt
3182 5351 3409 5425 Assyrii,
3444 5352 3606 5416 Medi.

2013 5443 2193 5498 Persa:
2212 5483 2227 5508 ,
2258 5442 2431 5500 (ἔπ’ωοί
2460 5445 2621 5501 etiam
2645 5488 2659 5512 ,
2691 5455 2745 5503 et
2774 5445 3042 5517 AEgyptii,
3072 5459 3193 5500 cum
3221 5444 3527 5512 Pontifices,
3557 5453 3614 5502 et

2013 5535 2265 5603 Arvales,
2297 5546 2350 5591 et
2376 5536 2579 5605 Salios,
2611 5548 2666 5595 et
2690 5537 2965 5604 Vestales,
3000 5536 3325 5607 etAugures
3366 5552 3472 5591 non
3516 5536 3611 5591 ha-
3675 5544 3679 5547 ‘

2014 5629 2224 5688 herent.
2264 5648 2282 5681 ι
2318 5630 2473 5686 Prius
2516 5648 2645 5688 vero
2684 5632 2899 5688 dixerat
2938 5630 3299 5687 Tertullianus
3338 5645 3500 5701 regna
3543 5631 3613 5687 ab

2015 5721 2106 5777 illo
2133 5737 2346 5776 summo
2378 5723 2487 5778 Deo
2529 5723 2865 5795 dispensari,
2909 5739 3008 5780 nec
3035 5738 3130 5778 sua
3162 5723 3432 5778 Romanus
3460 5738 3491 5777 a
3520 5722 3615 5779 fic-

2018 5814 2149 5871 titiis
2191 5814 2295 5871 diis
2336 5817 2449 5875 suis
2477 5820 2771 5890 accepisse.
2818 5817 3034 5876 Etenim
3069 5837 3088 5871 ι
3116 5825 3406 5889 regnarunt
3434 5815 3615 5888 Baby--
