4038 6308
412 310 522 370 005

1686 306 1772 373 DE
1810 302 2070 362 IllNUCll
2106 304 2405 365 OCTAVIO

3611 320 3721 380 606

410 429 595 499 lonii,»
630 429 822 504 inquit,
846 440 1002 489 (ante
1031 430 1338 502 Pontiﬁces,
1369 436 1422 497 et
1451 429 1588 487 Medi
1617 437 1740 485 ante
1766 426 2004 501 Quinde-
2031 427 2084 487 A
2110 428 2513 498 appellabantur
2540 452 2560 486 ι
2600 431 2621 506 (
2658 432 2781 489 Var.
2829 434 2922 493 lib.
2951 452 3002 492 tv
3042 438 3107 493 de
3132 438 3285 513 Ling.
3329 440 3421 496 lat.
3453 458 3575 514 pag.
3619 444 3721 500 21.

409 526 514 579 cim
547 526 719 592 viros,
753 534 809 581 et
840 525 1072 599 xligyptii
1114 533 1239 583 ante
1278 524 1485 591 Salios,
1534 533 1589 579 et
1634 521 1838 593 Assyrii
1881 529 2007 576 ante

411 617 707 688 Lupercos,
763 626 817 674 et
871 618 1172 674 Amazones
1228 625 1353 673 ante
1413 617 1647 687 virgines
1693 613 1941 671 Vestales
1979 633 1999 666 ι

411 710 753 784 (Tertullian.
781 711 1047 783 Apologet.
1076 727 1190 783 cap.
1223 709 1328 779 26,
1358 726 1477 783 pag.
1506 709 1612 773 28;
1643 718 1689 764 et
1717 708 1805 762 lib.
1839 722 1875 762 ιι
1895 749 1909 771 ,
1939 706 2006 759 ad

410 806 627 861 Nation.
659 824 774 877 cap.
812 808 895 874 17,
931 823 1052 879 pag.
1080 806 1218 877 79).

482 900 649 955 Paulo
700 909 879 955 tamen
918 900 1075 954 aliter
1114 897 1447 972 Cyprianus:
1479 917 1496 949 ι
1519 896 1724 967 Regna,
1755 913 1775 948 ι
1811 895 2001 965 inquit,

414 1012 433 1046 ι
467 1008 571 1048 non
597 995 788 1048 merito
815 992 1095 1059 accidunt,
1129 992 1221 1046 sed
1245 1000 1390 1049 sorte
1414 990 1707 1044 variantur.
1731 988 2000 1042 Cmterum

406 1087 688 1156 imperium
721 1095 847 1141 ante
896 1086 1208 1150 Romanos,
1263 1093 1548 1140 tenuerunt
1574 1093 1624 1138 et
1653 1082 1897 1153 Assyrii,
1951 1091 2006 1136 et

405 1177 577 1243 Medi,
611 1187 665 1232 et
695 1178 908 1244 Persm;
951 1186 1006 1233 et
1048 1177 1300 1245 Graecos,
1344 1187 1398 1232 et
1428 1176 1709 1247 Egyptios
1748 1190 2004 1245 regnasse

403 1273 774 1345 cognovimus.
802 1272 876 1328 Ita
902 1272 1107 1328 vicibus
1137 1280 1462 1343 potestatum
1489 1270 1742 1325 Romanis
1768 1284 2001 1340 quoque,

404 1376 459 1422 ut
487 1366 721 1435 steteris,
768 1367 1064 1437 imperandi
1095 1378 1305 1438 tempus
1330 1366 1548 1423 obvenit
1581 1385 1600 1417 ι
1625 1365 1643 1437 (
1665 1363 1912 1436 Cyprian.
1942 1364 2006 1418 de

404 1458 602 1515 Illolor.
642 1478 759 1516 van.
818 1477 937 1532 pag.
968 1462 1037 1516 15
1062 1460 1103 1533 ),
1150 1459 1204 1515 id
1253 1468 1365 1528 est,
1400 1474 1561 1530 regna
1595 1457 2003 1513 inconstantiam

400 1563 452 1610 et
484 1554 908 1611 vicissitudinem
940 1571 1117 1610 rerum
1153 1554 1505 1609 humanarum
1536 1553 1722 1607 sortita
1755 1559 1911 1617 sunt,
1940 1564 2006 1605 ac

398 1648 535 1703 sicut
563 1647 913 1718 principium,
946 1648 1016 1702 ita
1047 1648 1204 1702 linem
1239 1647 1560 1702 habuerunt.
1589 1645 1887 1700 Romanum
1918 1660 2007 1698 au-

402 1749 508 1795 tem
541 1740 823 1810 itnperium
857 1740 1016 1810 longo
1045 1748 1166 1810 post
1206 1740 1357 1810 plura
1396 1740 1498 1794 alia
1536 1749 1775 1807 tempore
1804 1737 1999 1806 caepit,

2110 518 2255 575 Fest.
2287 538 2402 593 cap.
2437 523 2506 580 20
2536 525 2599 579 de
2636 524 2783 583 Verb.
2816 526 3060 600 Signiﬁc.
3089 542 3136 587 et
3165 534 3221 587 in
3247 533 3518 607 Fragm.).

2179 613 2279 683 Qui
2319 627 2495 672 autem
2529 617 2729 675 fuerint
2757 621 2919 689 Salii,
2952 624 3168 681 docebit
3196 635 3249 682 te
3277 627 3494 696 Livius,
3526 629 3618 685 ubi
3646 630 3721 688 de

2108 704 2279 761 Numa
2303 708 2563 780 Pompilio
2588 711 2702 768 haec
2723 715 2923 785 scripto
2940 718 3185 773 tradidit:
3208 718 3413 777 «Salios
3429 722 3718 780 duodecim

2109 798 2259 854 Marti
2298 800 2531 858 Gradivo
2569 805 2726 876 legit,
2771 808 3072 879 tunicwque
3108 813 3264 882 picta:
3294 813 3504 884 insigne
3531 815 3718 883 dedit,

2107 899 2163 944 et
2200 906 2362 962 super
2403 896 2636 951 tunicam
2663 914 2871 954 mneum
2901 903 3103 969 pectori
3132 912 3381 976 tegumen
3402 947 3415 971 ,
3442 908 3724 965 cmlestia-

2107 1001 2211 1055 que
2238 1002 2387 1044 arma
2406 1030 2421 1056 ,
2453 1007 2573 1059 qua:
2603 993 2793 1047 ancilia
2824 995 3183 1065 appellantur,
3213 998 3383 1061 ferre.
3413 1016 3477 1056 ac
3504 1016 3602 1072 per
3626 1018 3722 1057 ur-

2108 1076 2227 1132 bem
2256 1080 2366 1142 ire,
2399 1092 2654 1139 canentes
2685 1087 2922 1142 carmina
2950 1104 3073 1143 cum
3106 1091 3351 1159 tripudiis
3377 1095 3720 1166 solemnique

2105 1170 2302 1226 saltatu
2335 1172 2497 1243 jussit
2531 1195 2550 1227 ι
2584 1176 2602 1248 (
2632 1176 2745 1233 Liv.
2776 1179 2863 1234 lib.
2893 1196 2943 1248 ι,
2979 1181 3007 1254 §
3036 1181 3168 1255 ιο).
3187 1184 3255 1239 At
3280 1187 3438 1258 longe
3467 1189 3619 1259 plura
3649 1191 3721 1247 de

2106 1262 2169 1316 iis
2208 1262 2428 1320 Servius
2449 1310 2463 1332 ,
2506 1278 2665 1339 atque
2704 1272 2844 1327 inter
2873 1273 3092 1330 Graecos
3119 1276 3476 1349 Plutarchus,
3503 1291 3560 1337 et
3588 1283 3717 1338 Dio.

2108 1357 2291 1428 nysius
2314 1358 2748 1419 Halicarnasseus
2766 1405 2782 1431 ,
2826 1374 2988 1436 atque
3011 1369 3135 1435 alii,
3159 1386 3296 1441 quos
3321 1372 3471 1429 adire
3494 1374 3721 1431 cuilibet

2108 1463 2411 1524 promptum
2441 1465 2543 1513 est.
2576 1457 2743 1513 Nobis
2773 1477 2903 1516 vero
2939 1462 3039 1517 alia
3085 1465 3424 1533 postmodum
3463 1478 3720 1526 occurret

2105 1544 2174 1600 de
2214 1546 2295 1600 bis
2332 1547 2508 1604 adhuc
2556 1550 2859 1607 disserendi
2915 1556 3128 1613 occasio
3168 1556 3187 1628 (
3216 1557 3365 1613 Sm.
3398 1560 3453 1614 ia
3500 1560 3591 1615 lib.
3638 1577 3717 1616 vn

2108 1638 2323 1695 rEneid.
2355 1659 2473 1713 pag.
2508 1642 2633 1700 505.
2678 1643 2949 1700 Plutarch.
2980 1649 3034 1702 in
3077 1647 3178 1702 Vit.
3220 1648 3429 1707 Num.
3461 1669 3586 1725 pag.
3619 1653 3711 1710 66.

2105 1729 2321 1803 Diongs.
2358 1732 2597 1790 Halicar.
2629 1736 2718 1792 lib.
2748 1754 2821 1803 ιι,
2855 1756 2974 1810 pag.
3004 1739 3076 1797 99
3104 1741 3147 1812 ).

398 1841 563 1902 atque
604 1832 794 1896 bellis,
828 1842 884 1887 ut
925 1832 1191 1900 diximus,
1224 1832 1529 1902 impietate,
1558 1830 1883 1899 sceleribus,
1917 1844 1999 1882 sa-
2032 1831 2079 1891 B
2178 1824 2260 1877 Ab
2286 1825 2472 1880 iisdem
2498 1843 2657 1896 porro
2677 1831 3028 1900 scriptoribus
3049 1832 3240 1888 litteris
3260 1834 3574 1891 mandatum
3602 1846 3710 1904 est,

398 1926 630 1993 crilegiis
660 1923 938 1980 fundatum
969 1941 1034 1981 ac
1065 1934 1413 1997 propagatum
1454 1932 1552 1978 est.
1595 1922 1666 1978 At
1705 1922 1819 1976 lucc
1853 1921 1993 1975 Deus

399 2018 741 2089 omnipotens
769 2027 823 2074 et
851 2019 1191 2090 azquissimus
1217 2019 1529 2087 iustissimis
1558 2017 1626 2072 de
1656 2016 1832 2071 causis
1874 2031 1995 2086 per—

399 2112 591 2179 mittit,
641 2122 799 2184 atque
845 2113 937 2169 illo
982 2116 1359 2185 permittente,
1408 2114 1634 2186 quibus,
1683 2120 1737 2168 et
1780 2110 1995 2182 quando

401 2206 541 2271 vult,
572 2221 735 2275 regna
765 2208 943 2261 omnia
971 2206 1367 2278 dispensantur.

470 2300 604 2356 Cum
637 2300 813 2356 nullus
840 2309 1021 2357 autem
1055 2318 1121 2357 ne
1164 2302 1416 2357 minimus
1455 2299 1670 2372 quidem
1715 2298 1994 2354 dubitandi

400 2394 550 2449 locus
581 2394 681 2459 sit,
713 2394 840 2466 quin
872 2396 1106 2467 Assyrii,
1138 2396 1364 2466 alireque
1402 2410 1433 2449 a
1473 2392 1829 2463 scriptoribus
1870 2408 1995 2448 nos—
2054 2447 2072 2467 δ

401 2489 495 2542 tris
526 2489 812 2543 nominatae
838 2498 1062 2559 gentes,
1094 2498 1220 2545 ante
1248 2490 1522 2544 Romanos
1553 2504 1713 2559 regna
1758 2502 1849 2542 sua
1894 2486 1991 2541 hac

396 2580 641 2648 buerint,
672 2591 879 2637 certum
911 2596 1035 2638 esse
1061 2582 1224 2638 debet
1261 2597 1361 2638 nec
1401 2580 1682 2652 imperium
1724 2579 1995 2634 Romano-

398 2690 517 2730 rum
538 2716 555 2742 ,
588 2689 689 2730 nec
718 2675 946 2730 aliorum
981 2677 1300 2747 populorum
1332 2690 1496 2745 regna
1527 2674 1593 2731 ab
1625 2674 1861 2745 ipsorum
1890 2673 1995 2728 diis

396 2766 593 2821 donata
624 2781 876 2836 umquam
910 2768 1093 2821 fuisse.
1130 2768 1196 2823 Ut
1220 2768 1346 2838 quid
1386 2767 1530 2822 enim
1576 2781 1638 2820 ea
1680 2765 1987 2833 dedissent,

395 2875 513 2931 qua:
546 2861 885 2931 postmodum
917 2861 1090 2916 ablata
1119 2870 1272 2925 sunt,
1303 2870 1396 2919 aut
1423 2861 1476 2916 in
1508 2876 1627 2931 qua:
1651 2861 1907 2924 “Oltlmll,
1939 2871 1992 2914 et

394 2953 483 3007 alii
517 2969 621 3007 non
653 2954 771 3009 sine
799 2969 1007 3008 summa
1042 2955 1347 3023 impietate,
1387 2954 1729 3023 maximoque
1767 2952 1991 3007 deorum

393 3054 704 3115 contemptu
731 3047 1080 3102 invaserunt?
1108 3046 1261 3100 Plura
1288 3046 1331 3102 si
1356 3046 1475 3116 quis
1499 3044 1673 3099 adhuc
1696 3043 1985 3111 desideret,

396 3136 441 3190 is
484 3137 645 3193 adeat
689 3139 1063 3204 Ambrosium,
1111 3147 1167 3192 et
1212 3137 1595 3203 Prudentium,
1628 3138 1715 3208 qui
1752 3136 1990 3193 funditus

2096 1918 2368 1986 quomodo
2398 1919 2536 1974 idem
2561 1921 2731 1976 Numa
2754 1921 3044 1993 Pompilius
3067 1924 3357 1981 Pontiﬁces
3381 1937 3439 1983 et
3457 1927 3713 1984 Vestales

2097 2009 2416 2077 instituerit,
2459 2027 2523 2068 ac
2560 2015 2746 2085 quales
2786 2014 3014 2085 fuerint,
3045 2018 3499 2087 quemadmodum
3527 2021 3713 2090 Augu-

2098 2117 2207 2168 res,
2235 2105 2325 2173 qui
2354 2105 2495 2169 cibo,
2521 2115 2577 2163 ut
2603 2106 2678 2160 ait
2702 2105 2909 2174 Cicero,
2937 2108 3204 2177 pullorum
3232 2125 3327 2167 ore
3354 2120 3449 2166 aut
3468 2121 3713 2182 sumpto,

2097 2204 2189 2250 aut
2218 2197 2453 2265 rejecto,
2489 2199 2571 2252 vel
2601 2200 2655 2254 in
2689 2207 2889 2255 terram
2918 2200 3175 2269 cadente,
3207 2216 3268 2258 se
3296 2202 3475 2259 futura
3502 2219 3714 2275 priusa-

2097 2290 2211 2360 gire
2247 2305 2310 2344 ac
2354 2293 2715 2361 prmnuntiare
2746 2295 3160 2352 mentiebantur.
3194 2297 3301 2355 Sed
3330 2298 3384 2355 id
3409 2314 3441 2355 a
3471 2301 3627 2358 nobis
3653 2301 3711 2357 in

2098 2384 2342 2453 sequenti
2372 2386 2543 2454 capite
2570 2386 2853 2442 enodatius
2877 2388 3253 2459 eXpIicaudum
3296 2400 3382 2448 est
3431 2390 3579 2463 (Cic.
3612 2394 3710 2449 lib.

2096 2490 2133 2529 ιι
2173 2476 2237 2528 de
2266 2474 2481 2531 Diuisit.
2513 2494 2635 2550 pag.
2666 2478 2775 2533 289
2802 2477 2847 2551 ).

2169 2571 2311 2626 Satis
2347 2581 2522 2627 autem
2564 2572 2704 2627 inter
2745 2588 2934 2629 omnes
2972 2583 3187 2631 constat
3218 2575 3355 2631 hanc
3386 2574 3556 2633 fuisse
3592 2577 3708 2647 pri-

2097 2679 2238 2718 mam
2267 2665 2481 2719 illorum
2507 2666 2848 2722 sacerdotum
2874 2669 3295 2741 pontiﬁcumque
3315 2670 3710 2739 Romanorum,

2095 2775 2159 2815 ac
2187 2762 2410 2830 proinde
2435 2777 2621 2817 eorum
2650 2764 2942 2834 religionis,
2970 2774 3027 2820 et
3054 2766 3249 2835 publici
3274 2767 3499 2823 deorum
3527 2770 3715 2825 cultus

2094 2855 2504 2910 institutionem.
2547 2859 2615 2911 At
2655 2857 2916 2913 Minucius
2960 2870 3105 2915 recte
3146 2860 3269 2916 hinc
3304 2861 3572 2917 concludit
3610 2863 3717 2918 lal-

2095 2961 2212 3001 sum
2242 2961 2362 3002 esse
2387 2947 2658 3003 Romanos
2686 2965 2781 3003 sua
2803 2951 2855 3004 in
2884 2950 3047 3007 hosce
3068 2952 3199 3009 deos
3223 2954 3420 3023 pietate
3439 2956 3715 3013 meruisse

2097 3040 2252 3093 totius
2284 3040 2469 3094 mundi
2499 3041 2807 3110 imperium.
2841 3043 2974 3099 Nam
3003 3055 3291 3115 antequam
3316 3062 3411 3101 eos
3438 3047 3709 3117 colerent,

2093 3133 2388 3203 regnabant
2419 3135 2657 3205 Assyrii,
2690 3136 2916 3205 aliazque
2941 3148 3163 3207 gentes,
3191 3139 3436 3209 superius
3462 3140 3715 3195 nomina-
3790 3204 3793 3205 ν

395 3239 650 3286 evertunt
676 3230 920 3285 eamdem
963 3230 1326 3285 Rornanorum
1368 3230 1920 3299 argumentationem,
1963 3241 1992 3281 a
2021 3227 2067 3291 C
2102 3238 2200 3293 tm,
2231 3243 2349 3297 quae
2375 3243 2501 3282 suos
2532 3230 2734 3299 pariter
2771 3229 2902 3284 deos
2942 3232 3356 3299 venerabantur,
3399 3242 3455 3288 et
3488 3233 3707 3289 illorum

392 3322 716 3391 Symmacho
752 3323 935 3393 gentili
962 3323 1195 3378 absurde
1222 3322 1523 3393 repetitam.
1570 3321 1782 3377 Videsis
1826 3321 1988 3376 etiam

395 3415 786 3484 Augustinum,
816 3416 902 3485 qui
932 3414 1047 3471 bare
1073 3416 1239 3471 fusius
1264 3416 1621 3487 prosequitur,
1650 3424 1705 3469 et
1731 3413 1989 3469 insulsam

392 3508 706 3564 rorumdem
734 3509 1076 3566 ethnicorum
1105 3511 1453 3582 jactationem
1485 3510 1739 3581 opprimit
1768 3524 1832 3562 ac
1864 3523 1989 3577 pro—

394 3601 539 3673 ﬂigat
587 3602 607 3674 (
635 3604 867 3660 Ambros.
924 3602 1095 3676 Epist.
1127 3605 1229 3669 18,
1283 3620 1399 3675 pag.
1433 3603 1570 3669 854,
1604 3614 1649 3657 et
1679 3619 1815 3673 seqq.
1852 3598 1990 3655 1³η-

390 3696 531 3749 dent.
582 3693 668 3749 lib.
707 3712 772 3760 ll,
818 3705 959 3757 cont.
1007 3695 1306 3767 Symmach.
1353 3695 1380 3767 §
1420 3695 1475 3750 4.
1508 3696 1638 3766 Aug.
1673 3695 1760 3750 lib.
1795 3709 1880 3761 tu,
1927 3692 1990 3747 de

390 3788 497 3844 Civ.
528 3805 646 3859 cap.
678 3788 744 3856 8,
777 3788 810 3844 9
838 3799 885 3842 ct
914 3805 1062 3861 seqq;
1090 3798 1138 3843 et
1166 3788 1252 3843 lib.
1286 3804 1364 3854 tv,
1395 3805 1507 3859 cap.
1543 3789 1577 3843 5
1602 3796 1647 3841 et
1676 3804 1813 3858 seqq.
1840 3784 1885 3859 ).

459 3882 566 3938 Sed
598 3898 627 3937 a
660 3882 814 3937 nobis
856 3882 1050 3953 aliquis
1089 3881 1228 3936 haud
1269 3882 1431 3937 dubie
1471 3880 1855 3941 sciscitabitur,
1897 3879 1985 3949 qui

387 3975 496 4030 sint
527 3974 599 4030 illi
630 3973 854 4029 Arvales
880 3983 934 4029 ct
964 3974 1131 4041 Salii,
1166 3989 1392 4045 quorum
1436 3972 1764 4029 mentionem
1812 3970 1984 4026 Miuu-

386 4066 502 4121 cius
541 4078 726 4121 n05ter
765 4064 912 4121 fecit.
957 4064 1321 4135 Quamobrem
1364 4064 1487 4120 huic
1533 4062 1986 4135 respondebimus

389 4157 472 4211 bis
504 4157 831 4229 totidemque
871 4156 1027 4213 Plinii
1072 4158 1281 4212 verbis:
1320 4175 1339 4209 ι
1367 4158 1629 4212 Arvorum
1679 4155 1985 4211 sacerdotes

387 4250 648 4305 Romulus
679 4250 729 4305 in
761 4250 943 4321 primis
972 4250 1229 4317 instituit,
1261 4264 1427 4321 seque
1454 4247 1834 4304 duodecimum
1876 4246 1985 4301 fra-

386 4353 520 4399 trem
544 4343 832 4413 appellavit
858 4344 997 4398 inter
1022 4343 1172 4410 illos,
1202 4343 1268 4398 ab
1294 4346 1431 4397 Acca
1461 4339 1742 4397 Laurentia
1775 4340 1984 4395 nutrice

385 4451 480 4491 sua
510 4436 752 4510 genitos,
784 4439 962 4507 spicea
993 4452 1226 4505 corona,
1254 4454 1371 4508 qum
1402 4438 1532 4492 vitta
1556 4437 1677 4491 alba
1706 4436 1980 4506 colligare-

386 4541 492 4598 tur,
521 4532 574 4586 in
602 4532 905 4588 sacerdotio
929 4534 1009 4590 eis
1038 4549 1136 4604 pro
1165 4532 1572 4606 religiosissima
1603 4533 1795 4602 insigni
1823 4532 1945 4588 data
1967 4576 1981 4598 ,

382 4641 503 4697 qua:
540 4626 711 4697 prima
751 4628 892 4698 apud
931 4627 1207 4685 Romanos
1245 4642 1444 4684 corona
1485 4626 1585 4682 fuit
1620 4646 1639 4680 ι
1680 4626 1841 4699 (Plin.
1891 4628 1978 4682 lib.
2007 4632 2062 4692 D

384 4735 514 4776 xvm
558 4719 698 4777 Hist.
732 4719 862 4775 Nat.
915 4737 1032 4791 cap.
1064 4722 1131 4789 2,
1166 4738 1286 4793 pag.
1342 4721 1447 4777 455
1473 4718 1515 4792 ).
1558 4720 1738 4776 Alium
1794 4730 1983 4777 testem

384 4814 428 4868 si
478 4814 747 4884 postules,
801 4815 909 4869 cito
955 4815 1129 4869 aderit
1173 4815 1407 4870 Sabinus
1456 4814 1779 4882 Massurius,
1830 4814 1986 4884 cujus

384 4910 545 4965 verba
573 4909 643 4965 ab
675 4913 739 4965 A.
770 4908 945 4967 Gellio
974 4909 1052 4964 sic
1083 4909 1403 4978 transcripta
1433 4917 1592 4965 sunt:
1631 4929 1649 4962 ί
1685 4909 1757 4964 Ea
1790 4908 1984 4964 mulier

387 5018 450 5058 ex
483 5002 765 5060 duodecim
801 5004 922 5058 liliis
968 5003 1206 5057 maribus
1250 5019 1414 5057 unum
1463 5012 1635 5059 morte
1676 5004 1876 5060 amisit.
1924 5003 1980 5059 lu

386 5096 527 5151 illius
552 5095 728 5151 locum
762 5096 1023 5152 Romulus
1045 5097 1201 5152 Accae
1222 5097 1526 5153 Laurentia:
1550 5112 1671 5154 sese
1698 5098 1861 5152 lilium
1890 5097 1982 5154 de-

384 5188 492 5254 dit,
525 5201 691 5257 seque
718 5196 772 5243 et
801 5197 1026 5244 cazteros
1055 5188 1174 5258 ejus
1204 5189 1344 5246 ﬁlios
1389 5190 1581 5245 fratres
1628 5191 1846 5248 Arvales
1886 5205 1954 5261 ap

382 5281 620 5350 pellavit.
664 5280 743 5335 Eo
784 5290 1028 5351 tempore
1057 5284 1339 5355 collegium
1381 5286 1575 5342 mansit
1615 5286 1839 5340 lratrum
1872 5286 1977 5341 Δι’--

383 5373 579 5428 vallum
622 5389 847 5428 numero
885 5374 1202 5444 duodecim,
1246 5378 1401 5448 cujus
1438 5379 1725 5435 sacerdotii
1768 5379 1975 5448 insigne

380 5477 461 5523 est
508 5469 690 5538 spicea
738 5482 958 5535 corona,
1006 5479 1060 5525 et
1105 5472 1243 5526 albm
1300 5472 1481 5528 infula:
1520 5492 1538 5525 ι
1577 5470 1762 5543 (Cell.
1816 5470 1905 5527 lib.
1961 5488 1979 5527 1

382 5560 537 5615 Noct.
581 5562 736 5615 Attic.
777 5578 892 5633 cap.
934 5562 990 5626 7,
1031 5580 1153 5636 pag.
1202 5566 1368 5635 577).
1422 5565 1590 5621 Varro
1630 5573 1808 5619 autem
1855 5564 1977 5620 illos

378 5655 603 5711 Arvales
635 5656 828 5712 fratres
856 5669 1192 5729 nuncupatos
1218 5673 1339 5715 esse
1376 5659 1544 5727 dixit,
1592 5661 1713 5731 quia
1765 5660 1973 5730 publica

375 5765 526 5805 sacra
556 5749 854 5817 faciebant,
881 5759 937 5804 ut
957 5765 1084 5804 arva
1116 5750 1319 5807 ferrent
1348 5744 1558 5824 fruges,
1583 5762 1744 5824 atque
1773 5753 1975 5809 idcirco

373 5853 622 5903 mactata:
650 5845 719 5900 ab
748 5845 850 5900 illis
894 5844 1083 5899 hostim
1122 5844 1502 5915 Ambarvales,
1535 5856 1593 5903 ut
1622 5849 1699 5904 ait
1742 5847 1969 5917 Festus,

2092 3322 2261 3376 cultui
2302 3323 2615 3378 sacerdotes
2654 3324 3024 3394 praefecerant.
3067 3328 3228 3398 Atqui
3270 3328 3358 3382 isti
3395 3329 3464 3383 ab
3493 3327 3577 3383 bis
3602 3328 3711 3384 diis

2093 3416 2205 3469 suis
2244 3430 2405 3485 regna
2447 3431 2555 3469 non
2585 3427 2937 3486 acceperunt.
2968 3420 3163 3489 quibus
3187 3435 3283 3476 eos
3308 3420 3482 3476 adhuc
3510 3421 3702 3477 Colca-

2092 3510 2232 3565 tibus
2252 3510 2559 3580 ademptum
2581 3520 2682 3566 est.
2707 3512 2848 3582 Ergo
2869 3527 2972 3569 nec
2988 3513 3419 3571 Romanieorum
3442 3516 3555 3571 sive
3576 3530 3706 3572 suo-

2094 3618 2241 3670 rum,
2283 3604 2394 3658 sive
2431 3605 2731 3659 alienorum
2771 3604 2985 3671 favore,
3019 3608 3101 3662 vel
3143 3609 3341 3664 auxilio
3368 3609 3545 3680 adepti
3574 3619 3709 3669 sunt

2090 3694 2372 3764 imperium
2392 3736 2408 3759 ,
2431 3696 2572 3764 quod
2598 3699 2824 3751 summis
2850 3699 3149 3754 sceleribus
3176 3699 3455 3756 fundatum
3484 3716 3549 3757 ac
3575 3717 3705 3772 pro-

2091 3798 2339 3858 pagatum
2365 3789 2717 3844 ostendimus.
2744 3791 2849 3846 Sed
2879 3791 2948 3847 de
2978 3792 3060 3847 bis
3084 3792 3259 3849 adhuc
3285 3794 3389 3850 alia
3415 3794 3468 3850 in
3496 3795 3703 3853 disser-

2095 3882 2295 3938 tatione
2324 3881 2589 3953 agendum
2621 3884 2775 3939 nobis
2803 3885 2926 3940 erit.

2686 4017 2914 4083 CAPUT
2952 4020 3095 4078 XIX.

2084 4170 2485 4230 Expcaoun'run
2526 4191 2878 4245 succussu,
2927 4193 3115 4242 eamus
3159 4176 3427 4238 Garamas
3473 4197 3543 4238 sx
3607 4198 3696 4239 ιιι-

2160 4281 2382 4322 ιιιευιιε
2400 4309 2414 4334 ,
2457 4283 2715 4325 οκΑουιιδ
2731 4312 2746 4337 ,
2790 4285 3042 4327 Αυεριοιιε
3064 4313 3080 4338 ,
3121 4288 3365 4330 Αυϐιιιιιιε
3384 4316 3400 4343 ,
3441 4289 3648 4331 SOINIIS
3672 4318 3691 4344 ν

2159 4375 2335 4425 ATQUE
2384 4376 2520 4417 ALIIS
2564 4378 3014 4421 PR£MCTIONIBUS
3055 4381 3190 4424 DEOS
3227 4382 3522 4425 BXSIS‘I‘ERI
3563 4386 3694 4428 PRO-

2158 4467 2280 4508 BARI
2311 4468 2468 4510 P0858
2495 4470 2824 4512 ABBITRATUS
2853 4473 2971 4513 EST.

2614 4610 2908 4653 Αιιτιευωε
2946 4613 3070 4654 PRII
3077 4613 3159 4656 US.

2090 4748 2274 4805 Utrum
2304 4748 2538 4806 Carcilius
2572 4752 2693 4810 deos
2719 4756 2960 4812 exsistere
2998 4758 3283 4828 probaverit
3319 4777 3383 4818 ea:
3421 4763 3692 4822 miraculis

2157 4842 2389 4899 Claudite
2417 4844 2672 4911 Quintios,
2701 4864 2816 4918 qua:
2843 4852 3040 4919 navim,
3077 4870 3178 4926 qua
3207 4852 3367 4911 Idrm
3407 4859 3588 4913 matris
3614 4861 3691 4914 si-

2157 4937 2443 4991 mulacrum
2481 4940 2773 5007 vehebatur,
2814 4944 2923 4998 solo
2951 4961 3044 4999 suo
3073 4948 3278 5019 cingulo
3309 4950 3525 5005 traxisse
3548 4952 3688 5021 fere-

2156 5030 2335 5085 batur:
2366 5029 2592 5087 Castoris
2630 5043 2677 5087 et
2707 5032 2969 5105 Pollucis,
3002 5040 3089 5110 qui
3116 5057 3148 5094 a
3176 5042 3425 5099 Romanis
3450 5056 3689 5112 reporta-

2154 5133 2258 5177 tam
2298 5124 2361 5179 de
2402 5124 2557 5181 Perse
2594 5143 2710 5199 rege
2745 5130 3009 5186 victoriam
3049 5137 3452 5204 annuntiarunt;
3492 5137 3693 5195 Latinii

2153 5218 2384 5284 somnio,
2426 5236 2525 5287 quo
2562 5220 2674 5275 ludi
2712 5224 3018 5292 instaurati;
3064 5226 3338 5283 Deciorum
3386 5230 3683 5299 devorione,

2152 5329 2253 5384 qua
2282 5314 2448 5370 hostes
2491 5316 2594 5386 fusi
2622 5325 2667 5370 et
2695 5318 2845 5383 victi;
2887 5336 2949 5373 ac
2989 5321 3144 5376 simili
3183 5322 3343 5378 Curtii
3386 5325 3681 5394 devotione,

2148 5424 2250 5479 qua
2278 5408 2446 5463 hiatus
2470 5418 2618 5464 terra:
2645 5411 2943 5468 mirabiliter
2968 5416 3247 5479 completus
3271 5428 3533 5473 narratur.

2148 5564 2396 5623 Omnium
2434 5579 2872 5641 argumentorum
2895 5614 2911 5639 ,
2944 5573 3137 5645 quibus
3164 5574 3362 5633 ethnici
3391 5576 3523 5633 deos
3550 5592 3680 5636 suos

2073 5674 2265 5717 revera
2291 5665 2551 5719 exsistere
2578 5665 2910 5735 probandum
2936 5678 3314 5738 Susceperam,
3341 5668 3471 5725 illud
3500 5671 3679 5740 profe-

2074 5760 2161 5807 cto
2192 5753 2401 5810 videtur
2437 5756 2793 5827 praecipuum,
2836 5759 2979 5829 quod
3023 5775 3088 5814 ex
3130 5775 3315 5815 eorum
3365 5761 3673 5827 miraculis,

2075 5848 2341 5917 oraculis,
2381 5850 2658 5922 auspiciis,
2711 5852 2980 5922 auguriis,
3028 5853 3254 5925 aliisque
3302 5854 3673 5925 hujuscemodi
