4034 6320
296 346 400 407 605

1721 354 2198 415 DlSSERTATlO.

3492 360 3600 419 606

295 467 728 539 praedictionibus
765 469 960 528 elicere
999 471 1351 528 conabantur.
1395 471 1565 529 Nemo
1599 472 1741 529 enim
1773 473 1893 544 jure
1921 472 1971 532 Α
1995 472 2299 542 Pollucem,
2328 488 2464 547 quos
2488 474 2574 531 alii
2603 473 2939 548 Tyndaridas
2989 484 3182 534 vocant
3210 475 3417 553 (Cicer.
3446 478 3539 535 lib.
3568 494 3602 536 ιι

296 580 547 635 umquam
588 566 783 622 merito
822 565 1035 637 negabit
1084 566 1223 623 hanc
1262 566 1776 639 argumentationem
1799 609 1813 634 ,
1856 569 1901 622 si

295 660 525 718 veritate
551 662 832 729 niteretur,
853 670 908 717 et
930 676 994 717 ea
1019 662 1195 717 omnia
1212 704 1227 729 ,
1252 676 1373 732 qtae
1399 660 1597 717 ethnici
1624 661 1901 717 venditare

292 754 574 820 solebant,
603 754 648 809 si
675 762 938 810 creatura:
960 755 1103 809 vires
1131 761 1508 825 superassent,
1538 753 1751 808 maximi
1781 766 1902 808 esse

290 846 548 920 ponderis
566 860 630 901 ac
657 847 933 902 momenti.
957 846 1316 915 Quamobrem
1347 846 1437 901 illa
1465 846 1655 902 sedulo
1675 857 1729 900 et
1750 859 1902 899 more

291 950 481 996 nostro
510 940 580 995 ita
611 940 967 995 examinanda
995 949 1151 1004 sunt,
1182 946 1239 994 ut
1266 939 1393 995 nihil
1420 939 1710 1011 quidquam
1742 954 1808 993 ex
1835 939 1901 994 iis

289 1035 681 1100 dissimuletnr,
720 1050 840 1107 qua:
883 1034 971 1091 vel
1009 1035 1221 1106 gentilis
1255 1032 1499 1090 Ctecilius
1539 1032 1773 1106 profert,
1815 1031 1899 1087 vel

288 1126 582 1198 respondet
624 1127 948 1182 christiana;
992 1125 1279 1194 Octavius,
1329 1143 1391 1181 ac
1433 1126 1673 1197 singula,
1725 1124 1903 1195 quoad

287 1218 408 1275 ﬁeri
449 1220 673 1289 poterit,
717 1227 771 1277 et
815 1228 1134 1290 augeantur,
1177 1227 1232 1274 et
1272 1218 1462 1289 majori
1509 1216 1901 1289 perfundautur

289 1312 519 1368 lumine.

360 1402 497 1463 Cum
538 1402 752 1461 Caecilio
790 1405 969 1474 itaque
1013 1420 1042 1459 a
1086 1403 1358 1460 miraculis
1400 1404 1738 1473 incipiamus.
1779 1402 1899 1471 Quo

286 1498 517 1569 majori,
560 1496 863 1568 inquiebat,
907 1496 1166 1553 miraculo
1206 1494 1338 1552 deos
1377 1496 1670 1559 exsistere,
1704 1504 1758 1550 et
1786 1496 1900 1551 suis

284 1606 450 1661 Opem
477 1590 619 1647 ferre
647 1589 859 1659 probari
886 1597 1091 1660 potest,
1120 1604 1277 1659 quam
1305 1603 1398 1657 eo,
1428 1604 1536 1659 quo
1560 1588 1727 1644 Mater
1756 1587 1895 1642 Idaea

291 1704 312 1738 ι
330 1683 569 1741 adventu
594 1698 693 1739 suo
718 1692 771 1738 et
800 1681 1043 1753 probavit
1069 1690 1327 1739 matronae
1352 1680 1651 1737 castitatem
1669 1722 1684 1747 ,
1713 1690 1767 1735 et
1794 1680 1893 1736 Ur-

286 1777 412 1832 bem
462 1785 607 1831 metu
636 1774 812 1830 boatili
845 1774 1123 1830 liberavit?
1146 1792 1166 1827 ι
1198 1773 1385 1830 Paucis
1416 1773 1501 1829 his
1529 1772 1708 1829 verbis
1728 1815 1743 1840 ,
1775 1788 1896 1843 qua:

2001 567 2066 622 de
2097 566 2288 623 Natur.
2321 585 2440 642 pag.
2468 568 2609 636 2M;
2642 580 2688 624 et
2717 570 2928 625 Tuscttl.
2962 587 3014 639 ι,
3043 589 3162 645 pag.
3193 572 3316 640 H9,
3348 572 3440 628 lin.
3473 572 3599 645 56).

2002 661 2272 716 Audacter
2302 677 2433 716 vero
2461 673 2728 718 asseverat
2760 662 2896 719 facta
2925 664 2994 719 ab
3021 665 3128 719 illis
3170 665 3278 721 duo
3306 666 3563 721 miracula
3588 707 3605 733 _,

2000 769 2064 810 ac
2102 756 2276 827 primo
2313 755 2529 826 quidem
2568 771 2756 812 eorum
2796 759 3049 827 praesidio
3090 760 3304 814 Persem
3350 774 3530 828 regem
3574 774 3606 816 ι

2002 848 2260 907 Romanis
2303 849 2501 918 victum
2547 860 2601 905 et
2642 859 2887 920 captum;
2928 860 3087 922 atque
3115 853 3389 908 victoriam
3418 852 3607 909 Roma:

2002 942 2121 1012 ipso
2160 941 2281 1008 die,
2327 956 2434 1012 quo
2475 950 2743 1012 reportata
2785 942 2988 1011 fuerat,
3019 945 3227 999 senatui
3261 945 3602 1011 nuntiatam;

2003 1033 2235 1106 denique
2276 1036 2328 1090 in
2370 1034 2502 1090 tanti
2544 1036 2787 1091 miraculi
2834 1037 3145 1092 memoriam
3179 1047 3388 1093 erectas
3418 1054 3607 1095 eorum

2002 1136 2225 1184 statuas.
2282 1128 2482 1184 Eadem
2531 1137 2754 1183 narrant
2802 1128 3042 1185 Valerius
3084 1130 3347 1186 Maximus
3378 1130 3397 1204 (
3429 1130 3602 1187 ναῖεν.

2005 1220 2154 1275 Hoc.
2188 1221 2277 1275 lib.
2309 1237 2361 1284 ι,
2395 1236 2509 1292 cap.
2542 1223 2613 1297 8,
2643 1220 2671 1292 §
2703 1222 2764 1287 l,
2798 1237 2914 1292 pag.
2949 1220 3041 1287 6‘3,
3075 1230 3123 1275 et
3147 1239 3286 1293 seqq.
3314 1222 3369 1295 ),
3413 1223 3606 1280 Florus

2005 1312 2244 1386 (Florus
2294 1310 2385 1367 lib.
2439 1329 2486 1379 ι,
2539 1329 2656 1378 cap.
2703 1314 2759 1369 ll
2796 1313 2850 1383 ),
2901 1312 3217 1368 Ammianus
3265 1314 3611 1372 Marcellinus

2001 1405 2021 1479 (
2050 1405 2291 1461 Μανίου.
2329 1406 2419 1461 lib.
2452 1421 2627 1461 xxvm
2649 1449 2661 1465 .
2694 1421 2810 1476 cap.
2843 1406 2909 1469 4,
2941 1422 3058 1478 pag.
3091 1406 3197 1464 5‘28
3222 1404 3276 1479 ),
3326 1409 3611 1480 Dionysius

2000 1498 2439 1555 Halicarnasseus
2472 1498 2734 1572 (Dionys.
2792 1496 2963 1554 "alio.
3000 1500 3088 1555 lib.
3124 1516 3177 1555 γι
3199 1543 3213 1568 ,
3246 1501 3422 1573 Antiq.
3455 1501 3608 1560 Rom.

2000 1611 2102 1666 pag
2151 1594 2258 1651 550
2283 1596 2301 1665 )
2324 1635 2340 1661 ,
2389 1594 2708 1649 Plutarchus
2757 1592 3075 1665 (Plutarch.
3110 1595 3164 1649 in
3199 1594 3300 1650 Vit.
3339 1596 3601 1652 Coriolau.

2000 1702 2121 1758 pag.
2153 1686 2344 1759 313),
2375 1697 2431 1743 et
2458 1687 2546 1741 alii
2578 1687 2779 1758 plures.
2812 1686 3011 1743 Verum
3043 1703 3106 1743 ex
3144 1689 3247 1744 illis
3277 1691 3440 1767 aliqui
3481 1691 3610 1746 illud

2000 1779 2157 1834 nobis
2207 1780 2478 1835 tradidere
2520 1795 2625 1834 non
2674 1791 2943 1851 tamquam
2993 1782 3214 1836 omnino
3254 1791 3483 1851 certum,
3516 1784 3610 1839 sed

287 1866 568 1923 nonnullis
589 1866 818 1923 obscura
841 1881 962 1922 esse
986 1874 1239 1935 possunt,
1261 1865 1500 1937 designat
1523 1865 1736 1921 celebre
1757 1864 1899 1936 apud
1928 1859 1975 1918 Β
2004 1887 2224 1927 rumore
2265 1872 2475 1941 publico
2504 1872 2857 1927 venditatum.
2890 1872 3030 1941 Quin
3063 1874 3227 1928 immo
3256 1871 3449 1929 Cicero
3477 1875 3612 1931 duos

284 1961 541 2021 ethnicos
566 1960 858 2029 scriptorcs
882 1958 1117 2017 Claudiae
1144 1959 1373 2026 Quintiae
1414 1958 1635 2015 factum.
1665 1959 1901 2014 Narrant

284 2055 573 2113 enimvero
611 2050 881 2124 lapideum
925 2051 1115 2117 ltlteaa,
1161 2065 1258 2107 seu
1288 2050 1511 2107 deorum
1540 2051 1762 2118 matris,
1796 2049 1901 2106 hoc

285 2155 374 2205 est
392 2189 409 2214 ,
434 2146 663 2218 Cybeles
679 2188 694 2212 ,
718 2161 817 2201 seu
836 2144 1051 2201 Cereris
1077 2144 1423 2201 simulacrum
1444 2143 1765 2199 Pessinunte
1786 2142 1898 2197 Ro-

288 2257 476 2305 mam,
506 2247 568 2299 ιιι
594 2237 826 2295 Annibal
855 2237 1060 2293 Punico
1102 2237 1242 2295 bello
1284 2252 1350 2292 ex
1393 2235 1539 2291 Italia
1583 2235 1898 2305 pelleretur,

283 2334 525 2405 quodam
566 2341 687 2390 vate
722 2330 1018 2397 suadente,
1060 2330 1371 2386 advectum.
1417 2329 1496 2384 Ad
1540 2328 1677 2384 ostia
1720 2338 1905 2383 autem

282 2427 541 2484 Tiberina
585 2440 706 2482 cum
751 2424 902 2483 navis
922 2465 937 2486 .
966 2439 1070 2494 qua
1099 2424 1442 2479 simulacrum
1474 2421 1768 2485 ferebatur,
1799 2436 1899 2491 ap-

283 2520 550 2592 pulisset,
582 2518 653 2579 ita
682 2518 965 2575 immotum
997 2515 1333 2585 permansit,
1365 2523 1423 2571 nt
1450 2514 1592 2569 nulla
1626 2513 1902 2569 hominum

286 2614 338 2667 vi
374 2610 609 2683 potuerit
637 2610 758 2666 loco
784 2623 882 2664 suo
907 2608 1190 2666 dimoveri.
1224 2606 1359 2665 Tum
1389 2621 1519 2663 vero
1543 2604 1786 2671 Claudia,
1815 2607 1901 2661 cui

285 2704 556 2761 hactenus
583 2702 743 2761 dubia
773 2701 1036 2772 pudicitia
1064 2700 1203 2759 fama
1232 2700 1438 2765 fuerat,
1464 2715 1582 2755 eam
1612 2699 1903 2755 evidentis-

282 2798 427 2853 sima
463 2796 747 2866 probavit,
774 2810 896 2849 cum
931 2803 1049 2863 post
1080 2794 1225 2849 fusas
1254 2794 1319 2848 ad
1349 2793 1506 2848 deam
1527 2833 1541 2857 ,
1574 2803 1631 2847 ut
1660 2793 1894 2861 aiebant,

282 2906 485 2963 preces
525 2890 870 2947 simulacrum
898 2890 1043 2945 illius
1069 2904 1188 2944 cum
1217 2889 1332 2959 ipsa
1367 2889 1487 2943 navi
1515 2888 1626 2944 sola
1647 2930 1661 2953 ,
1694 2902 1899 2957 suoque

286 2993 500 3040 tantum
528 2984 765 3054 cingulo,
793 2998 899 3054 quo
928 2982 1157 3038 Romani
1188 2982 1438 3037 volebant
1456 3024 1471 3048 ,
1502 2982 1555 3036 in
1586 2990 1783 3037 terram
1810 2981 1899 3037 de-

283 3078 462 3138 duxit.
510 3077 578 3135 Et
607 3077 723 3133 lucc
750 3076 964 3147 quidem
997 3076 1228 3146 posteris
1257 3076 1651 3132 mandaverunt
1679 3076 1858 3132 Livius
1878 3118 1893 3140 ,

2004 1975 2321 2033 perennatos
2354 1965 2603 2021 homines
2641 1964 2887 2033 induxit,
2934 1966 3155 2020 Balbum
3198 1966 3475 2036 Stoicum,
3518 1968 3611 2040 qui

2005 2057 2110 2115 hoc
2139 2059 2388 2130 exemplo
2420 2060 2647 2129 probare
2673 2069 2899 2114 conatur
2940 2060 3164 2116 deorum
3210 2076 3428 2116 suorum
3475 2079 3612 2133 pra:-

2000 2153 2264 2215 sentiam,
2293 2152 2489 2208 deinde
2518 2166 2649 2207 vero
2694 2154 2903 2208 Cottam
2936 2153 3316 2210 Academicum
3336 2195 3351 2221 ,
3384 2155 3497 2210 haec
3546 2153 3613 2211 ad

2002 2246 2176 2302 aniles
2222 2244 2435 2301 fabulas
2481 2246 2815 2317 rejicientem
2871 2245 3079 2319 (Cicer.
3130 2248 3217 2301 lib.
3253 2264 3291 2303 ιι
3318 2248 3381 2303 de
3412 2247 3606 2304 Natur.

2004 2338 2164 2395 Deor.
2183 2357 2303 2411 pag.
2325 2338 2454 2405 QN,
2484 2340 2577 2395 lin.
2608 2339 2710 2405 28;
2743 2348 2788 2393 et
2817 2340 2904 2394 lib.
2935 2356 3024 2405 ιιι,
3052 2357 3171 2412 pag.
3204 2341 3444 2409 241,522.
3475 2340 3605 2412 50).

2076 2432 2232 2489 Aliud
2249 2431 2497 2487 Caecilius
2522 2434 3037 2504 urgetmiraculum:
3067 2434 3599 2504 vTestisludurum,»

2004 2527 2197 2598 inquit,
2234 2545 2253 2580 ι
2281 2526 2472 2581 offensi
2489 2524 2657 2591 lovis,
2674 2525 2743 2581 de
2770 2527 2983 2581 somnio
3014 2525 3208 2597 plebeii
3244 2527 3476 2582 hominis
3508 2529 3611 2582 itc-

2004 2622 2163 2676 ratio.
2196 2640 2216 2673 ι
2249 2620 2306 2677 Si
2337 2618 2425 2676 cui
2453 2635 2582 2676 vero
2611 2621 2726 2676 haec
2750 2634 2856 2691 quo
2887 2621 3130 2676 breviora
3150 2663 3164 2687 ,
3199 2637 3265 2676 eo
3293 2621 3608 2677 obscuriora

2005 2714 2307 2780 vidcantur,
2339 2713 2603 2784 explicata
2636 2714 2868 2769 inveniet
2898 2714 3044 2770 hisce
3071 2711 3351 2769 Ciceronis
3390 2713 3609 2769 verbis:

2006 2824 2027 2858 ‹
2056 2804 2191 2861 Cum
2227 2805 2373 2861 bello
2409 2805 2578 2861 latino
2617 2805 2726 2860 ludi
2768 2805 2935 2861 votivi
2976 2805 3194 2861 maximi
3236 2805 3465 2876 primum
3507 2805 3605 2862 ﬁe-

1998 2909 2151 2966 rent,
2181 2899 2370 2957 civitas
2396 2911 2621 2971 repente
2649 2901 2717 2955 ad
2743 2915 2892 2955 arma
2921 2908 3007 2956 est
3032 2902 3281 2956 excitata.
3314 2902 3498 2970 Itaque
3529 2900 3611 2954 lu-

2000 2994 2083 3049 dis
2114 2994 2467 3057 intermissis,
2501 2994 2843 3049 instaurativi
2872 2994 3151 3049 constituti
3182 3000 3325 3048 sunt.
3369 2993 3470 3061 Qui
3512 3008 3612 3047 an-

2002 3098 2219 3156 tequam
2273 3088 2497 3152 tierent,
2539 3102 2770 3157 cumque
2803 3087 2915 3158 jam
2958 3087 3186 3157 populus
3236 3085 3607 3151 consedisset,

282 3170 550 3235 Ovidius,
601 3184 665 3224 ac
717 3170 876 3238 paulo
922 3168 1203 3224 obscurius
1250 3168 1468 3229 Cicero;
1524 3178 1683 3240 atque
1734 3171 1894 3225 etiam

2004 3194 2188 3235 servus
2219 3195 2318 3250 per
2346 3180 2551 3235 circum
2584 3194 2704 3234 cum
2737 3180 2901 3249 virgis
2931 3179 3250 3243 caederetur,
3285 3178 3485 3235 furcam
3530 3179 3610 3232 fc-

283 3265 581 3321 (Ζίιγὶεῑίειιιί
609 3264 899 3333 scriptores
921 3306 935 3328 ,
968 3264 1236 3320 Arnobius
1260 3306 1275 3330 ,
1308 3264 1617 3323 Lactantius
1637 3307 1652 3332 ,
1687 3267 1894 3335 Augus-
1920 3246 1966 3310 C
1999 3288 2157 3340 rens,
2193 3246 2385 3329 d-ucms
2414 3281 2517 3327 est,
2562 3270 2699 3326 Exin
2732 3246 2943 3325 cuidam
2975 3271 3180 3326 rustico
3211 3271 3455 3325 Romam)
3482 3268 3611 3324 dor.

285 3359 437 3412 tinus
484 3366 540 3413 et
584 3357 671 3413 alii
721 3355 871 3429 (Liv.
906 3356 1103 3411 Decad.
1137 3358 1207 3425 5,
1249 3356 1342 3412 lib.
1394 3373 1488 3424 ix,
1531 3369 1644 3429 post
1671 3358 1896 3413 initium.

287 3449 450 3505 Ovid.
507 3449 597 3505 lib.
627 3465 680 3504 tv
723 3449 871 3505 [ταδί.
907 3450 935 3523 §
965 3452 1017 3506 5.
1062 3450 1223 3506 Cicer.
1262 3451 1408 3506 Orat.
1442 3452 1545 3517 ΞΟ,
1586 3468 1679 3522 pro
1707 3453 1897 3520 Arusp.

290 3545 527 3615 Respou.
587 3560 709 3615 pag.
764 3544 894 3600 458.
948 3542 1253 3599 Tertulliau.
1312 3545 1579 3616 Apologet.
1633 3562 1749 3617 cap.
1805 3544 1898 3603 22.

284 3637 488 3694 Arnob.
519 3637 609 3693 lib.
663 3653 732 3692 vn
771 3636 891 3691 adv.
923 3635 1074 3692 Gem.
1107 3653 1225 3706 pag.
1259 3637 1389 3706 353,
1419 3647 1467 3692 et
1492 3653 1626 3709 seqq.
1660 3637 1895 3696 Lactant.

284 3731 382 3784 lib.
414 3744 488 3797 ιι,
521 3745 641 3799 cap.
679 3729 731 3784 7.
765 3729 901 3801 Aug.
932 3729 1019 3784 lib.
1054 3744 1091 3785 ll
1131 3729 1196 3783 de
1242 3727 1392 3785 Civil.
1427 3746 1542 3801 cap.
1574 3730 1641 3797 7;
1683 3730 1770 3785 lib.
1803 3747 1897 3799 ιιι,

283 3838 409 3890 cap.
443 3821 545 3887 i2;
575 3832 622 3875 et
653 3822 741 3876 lib.
776 3836 844 3887 ι,
877 3837 994 3892 cap.
1029 3821 1159 3893 16).

365 3912 472 3969 Sed
510 3912 778 3969 Arnobius
807 3913 1096 3984 respondet
1127 3914 1228 3968 hoc
1256 3914 1301 3969 si
1330 3928 1517 3971 verum
1554 3914 1652 3978 sit,
1695 3914 1895 3969 Roma-

286 4022 395 4062 nos
417 4005 613 4071 frustra
639 4006 933 4063 credidisse
956 4006 1115 4079 hujus
1135 4008 1405 4067 simulacri
1422 4050 1438 4076 ,
1461 4023 1556 4065 seu
1577 4008 1899 4066 Pessinuntii

287 4098 521 4169 lapidis,
551 4098 605 4155 in
632 4114 741 4171 quo
769 4101 974 4156 nullum
1014 4101 1189 4157 inerat
1227 4116 1458 4171 numen,
1491 4117 1657 4173 opera
1683 4101 1770 4158 vel
1798 4118 1896 4158 au~

286 4190 426 4246 xilio
456 4199 695 4260 partam,
725 4192 802 4249 uti
828 4193 1177 4251 venditabant
1201 4193 1432 4263 ethnici,
1460 4194 1770 4261 victoriam,
1801 4195 1901 4252 de-

288 4298 395 4339 cus
432 4282 595 4339 Urbis
638 4286 980 4355 restitutum,
1022 4302 1086 4343 ac
1126 4295 1404 4359 porrectos
1430 4289 1639 4360 imperii
1670 4289 1901 4345 Romani

290 4375 455 4431 ﬁnes.
497 4376 631 4432 Nam
672 4389 860 4448 postca
900 4381 1055 4436 cmsis
1095 4380 1496 4454 proﬂigatisquc
1523 4391 1604 4439 tot
1631 4385 1900 4456 tantisque

289 4469 664 4526 Romanorum
689 4474 1033 4539 exercitibus,
1060 4473 1150 4529 illa
1174 4490 1305 4531 sane
1328 4475 1521 4531 eximia
1545 4476 1703 4533 deum
1728 4484 1899 4533 mater

285 4560 561 4617 maximos
601 4565 727 4620 belli
772 4567 1002 4635 impetus
1045 4582 1143 4622 nec
1171 4566 1356 4639 fregit,
1388 4584 1489 4624 nec
1518 4571 1732 4641 repulit.
1776 4568 1894 4626 Jam

2002 3354 2367 3422 micntivisus
2395 3375 2479 3421 est
2506 3368 2711 3431 venire,
2741 3365 2831 3436 qui
2861 3366 3066 3420 diceret
3097 3365 3473 3436 prmsoltorem
3502 3365 3604 3419 sibi

2001 3477 2109 3516 non
2150 3461 2418 3531 placuisse
2457 3458 2627 3526 ludis,
2669 3461 2831 3531 idque
2867 3458 2937 3515 ab
2976 3475 3044 3515 eo
3078 3465 3289 3530 jussum
3327 3474 3449 3515 esse
3486 3475 3609 3516 cum

2002 3555 2213 3612 senatui
2254 3553 2530 3623 nuntiare,
2573 3553 2723 3608 illum
2766 3563 2946 3609 autem
2991 3568 3098 3607 non
3144 3568 3370 3618 ausum;
3416 3552 3609 3608 iterum

2000 3662 2124 3704 esse
2152 3648 2292 3703 idem
2329 3646 2537 3717 iussum
2559 3688 2573 3713 ,
2608 3654 2662 3700 ct
2693 3645 2955 3702 monitum
2974 3687 2988 3709 ,
3025 3660 3096 3700 ne
3123 3646 3230 3699 vim
3260 3659 3411 3699 suam
3441 3660 3608 3714 cxpe-

2000 3742 2097 3798 riri
2126 3742 2317 3806 vellet,
2354 3754 2421 3794 ne
2451 3748 2561 3794 tum
2601 3739 2817 3811 quidem
2858 3752 2981 3794 esse
3011 3754 3201 3793 ausum
3230 3756 3244 3805 ;
3278 3740 3403 3793 exin
3439 3739 3606 3792 lilium

2001 3832 2118 3904 ejus
2154 3846 2276 3888 esse
2303 3839 2617 3897 .mortnum;
2650 3832 2896 3887 eamdem
2930 3831 2985 3885 in
3013 3831 3238 3885 somniis
3280 3831 3602 3884 admonitio-

2003 3942 2126 3983 nem
2165 3924 2334 3980 fuisse
2373 3926 2625 3980 tertiam:
2668 3933 2781 3979 tum
2819 3923 2970 3978 illum
3020 3924 3182 3978 etiam
3235 3922 3471 3978 debilem
3524 3921 3606 3976 fa-

1999 4028 2144 4077 ctum
2163 4060 2177 4082 .
2209 4033 2323 4076 rem
2347 4017 2416 4073 ad
2441 4018 2642 4077 amicos
2667 4017 2957 4081 detulisse,
2987 4032 3213 4088 quorum
3240 4016 3309 4072 de
3333 4016 3603 4071 sententia

2001 4112 2248 4170 lecticula
2289 4112 2344 4167 in
2383 4113 2586 4166 curiam
2627 4124 2750 4167 esse
2787 4111 3057 4176 delatum,
3108 4124 3344 4180 cumque
3393 4109 3606 4165 senatui

2001 4204 2271 4263 somnium
2313 4205 2705 4267 enarravisset,
2749 4202 2974 4273 pedibus
3013 4201 3126 4258 suis
3164 4201 3385 4257 domum
3425 4217 3610 4259 rever-

2003 4302 2151 4356 tisse.
2193 4298 2376 4371 ltaque
2413 4296 2626 4353 somnio
2652 4295 3003 4367 comprobato
3033 4312 3061 4349 a
3090 4304 3314 4362 senatu,
3350 4294 3507 4350 ludos
3538 4295 3606 4349 il-

1998 4395 2079 4451 los
2110 4396 2304 4451 iterum
2335 4394 2657 4449 instauratos
2686 4393 2964 4449 memoriae
2990 4392 3264 4463 proditum
3295 4397 3377 4447 est
3405 4410 3426 4444 ›
3456 4389 3474 4460 (
3500 4390 3606 4446 Cic.

1996 4487 2085 4543 lib.
2118 4505 2137 4544 ι
2183 4488 2247 4545 de
2275 4487 2449 4544 Disin.
2480 4505 2599 4559 pag.
2631 4486 2771 4552 ibi,
2806 4488 2898 4542 lin.
2932 4486 3004 4543 49
3022 4484 3066 4556 ).

2067 4581 2201 4637 Rem
2239 4581 2417 4637 adhuc
2456 4581 2616 4652 paulo
2658 4582 2876 4636 uberius
2921 4579 3180 4637 describit
3222 4579 3404 4635 Livius
3447 4577 3605 4651 (Liv.

288 4671 435 4713 vero
472 4672 503 4712 a
543 4660 699 4717 nobis
740 4662 1085 4719 observatum
1116 4672 1198 4720 est
1224 4635 1384 4720 simili
1414 4635 1891 4724 modo-Minucium
1918 4635 1972 4697 Β
1999 4635 2199 4743 ιειξἰέ,’
2222 4635 2338 4748 ξαρ,
2358 4635 2480 4748 '36:)
2499 4719 2514 4742 ,
2547 4685 2602 4732 et
2630 4692 2791 4747 quem
2823 4635 3042 4743 Orator,
3075 4683 3131 4731 et
3159 4635 3496 4746 Arnobius‘(
3517 4672 3611 4725 Ar-

286 4757 500 4815 dixisse
551 4755 808 4813 tutelares
855 4756 1068 4811 urbium
1114 4764 1171 4813 et
1219 4757 1458 4827 gentium
1508 4757 1642 4815 deos
1692 4760 1893 4817 nullam

288 4854 459 4925 ipsis,
491 4862 584 4908 aut
610 4852 867 4908 Romanis
911 4850 1171 4907 adversus
1221 4851 1407 4908 hostes
1455 4869 1582 4911 suos
1619 4871 1776 4926 opem
1808 4868 1894 4930 tu.-

289 4950 445 5005 lisse.
476 4947 629 5003 Nunc
656 4953 834 5002 autem
864 4944 1153 5016 respondet
1182 4944 1300 5000 bare
1328 4961 1432 5002 non
1459 4962 1608 5014 vera,
1637 4947 1733 5004 sed
1761 4948 1893 5004 l‘alsa

286 5056 421 5098 esse
447 5040 723 5108 miracula,
757 5048 940 5111 utpote
965 5055 1087 5111 quae
1112 5054 1220 5095 non
1250 5040 1449 5097 virtute
1474 5041 1651 5112 aliqua
1678 5043 1857 5099 divina
1878 5085 1893 5109 ,

294 5136 401 5193 sed
444 5136 750 5193 daemonum
789 5133 1030 5200 artibus,
1063 5134 1298 5204 potentia
1336 5143 1392 5189 et
1434 5135 1718 5207 pmstigiis
1761 5135 1899 5193 facta

286 5230 515 5287 iuuarint.
548 5228 700 5297 Quod
729 5228 799 5285 ab
826 5227 949 5295 illo,
980 5235 1038 5282 ut
1064 5226 1223 5297 paulo
1249 5236 1371 5297 post
1396 5230 1774 5298 ostendemus,
1800 5244 1897 5286 co-

290 5325 448 5395 piose
478 5336 541 5378 ac
567 5319 846 5392 perspicue
874 5320 1288 5377 demonstratur.

369 5415 573 5473 Eadem
613 5430 828 5486 quoque
867 5414 1220 5486 responsione
1247 5414 1300 5471 id
1330 5415 1398 5471 ab
1423 5415 1542 5486 ipso
1568 5415 1896 5485 exploditur,

291 5507 439 5579 quod
461 5508 708 5566 Cmcilius
729 5508 925 5565 deinde
950 5508 1028 5564 sic
1055 5506 1271 5577 objicit:
1297 5526 1316 5560 ι
1343 5508 1532 5564 Testes
1559 5510 1899 5580 Equestrinm

295 5604 521 5659 fratrum
551 5602 605 5657 in
634 5602 756 5657 lacu
776 5642 791 5664 ,
820 5601 962 5655 sicut
987 5599 1366 5667 ostenderant,
1396 5609 1589 5656 statua:
1615 5616 1902 5658 consecrao

296 5706 388 5763 tre,
419 5695 511 5766 qui
540 5694 750 5762 anheli,
777 5679 1152 5765 spumantibus
1177 5693 1333 5764 equis
1359 5704 1521 5764 atque
1544 5694 1896 5766 fumantibus,

293 5788 367 5845 dc
411 5790 573 5844 Perse
610 5787 889 5842 victoriam
931 5799 995 5840 ea
1036 5784 1155 5849 die,
1198 5799 1301 5856 qua
1343 5782 1583 5841 fecerant
1623 5788 1902 5845 nuntiave-

293 5893 435 5940 runt.
478 5901 497 5935 ι
533 5881 826 5954 Equestres
853 5887 1032 5938 autem
1061 5878 1256 5937 fratres
1281 5879 1514 5951 appellat
1539 5879 1815 5941 Castorem
1843 5891 1898 5940 et

1998 4772 2115 4826 nob.
2150 4770 2239 4825 lib.
2276 4785 2383 4837 vn,
2413 4769 2532 4826 adv.
2568 4770 2717 4825 Cent.
2752 4788 2872 4843 pag.
2902 4769 3030 4837 2M,
3062 4779 3106 4824 et
3134 4785 3270 4841 seqq.
3298 4768 3316 4840 )
3349 4765 3606 4822 rusticum

1999 4863 2275 4920 dumtaxat
2301 4871 2524 4931 vocant,
2556 4864 2624 4920 ab
2653 4864 2773 4928 illo,
2801 4875 2962 4935 atque
2990 4863 3058 4918 ab
3086 4862 3383 4933 Augustino
3408 4858 3472 4913 Τ.
3503 4857 3608 4912 La-

2000 4956 2158 5010 tinius
2199 4953 2460 5029 (August.
2494 4955 2581 5011 lib.
2616 4971 2697 5022 ιν,
2731 4957 2793 5011 de
2822 4955 2971 5014 Civil.
3005 4972 3123 5024 cap.
3167 4954 3269 5021 26,
3305 4970 3423 5024 pag.
3456 4950 3609 5023 ιιι-ι)

1999 5045 2054 5102 in
2103 5048 2331 5118 quadam
2365 5048 2523 5117 lmjus
2552 5048 2790 5105 editione
2820 5048 2936 5105 Tib.
2969 5049 3171 5103 Atinius
3193 5089 3208 5114 ,
3244 5047 3487 5117 plebeius
3514 5043 3613 5099 ho-

1999 5155 2121 5207 mo,
2163 5142 2252 5212 qui
2290 5146 2339 5211 a‘.
2362 5141 2620 5215 Dionysio
2661 5142 3084 5197 Halicarnasszeo
3126 5138 3388 5213 (Dionys.
3434 5138 3610 5193 Halic.

2001 5233 2089 5290 lib-
2122 5249 2197 5289 vn
2245 5234 2421 5306 Antiq.
2452 5234 2606 5289 Rom.
2640 5252 2760 5307 pag.
2794 5235 2901 5290 47‘2
2924 5236 2975 5306 ),
3018 5245 3069 5289 et
3110 5232 3429 5300 Plutarcho,
3467 5236 3613 5294 Τῖτος

2003 5334 2204 5387 Λατῖνος
2231 5324 2527 5399 (Plutarch.
2554 5328 2608 5381 in
2647 5325 2761 5381 Vita
2783 5324 3045 5383 Coriolau.
3078 5335 3198 5380 tom.
3226 5342 3272 5389 ι,
3306 5341 3426 5396 pag.
3455 5322 3609 5394 2‘25),

2002 5421 2133 5477 satis
2173 5421 2360 5481 dives.
2392 5436 2421 5476 a
2453 5421 2670 5477 Valerio
2708 5430 2887 5476 autem
2930 5422 3162 5476 Maximo
3200 5418 3224 5494 (
3253 5419 3422 5475 Voler.
3458 5418 3606 5472 Mua'.

2004 5513 2094 5570 lib.
2125 5528 2178 5575 ι,
2212 5530 2329 5584 cap.
2361 5514 2413 5581 7,
2450 5513 2478 5585 δ
2509 5514 2544 5573 4
2565 5512 2585 5585 )
2610 5555 2623 5577 .
2652 5515 2753 5570 nisi
2786 5514 2840 5568 in
2869 5514 2987 5585 ejus
3014 5515 3172 5571 editis
3205 5528 3269 5568 ac
3308 5511 3612 5568 manusch

2004 5605 2110 5678 ptis
2171 5614 2411 5663 erratum
2451 5609 2557 5675 sit,
2602 5606 2682 5663 Ti.
2728 5608 2965 5676 Atinius,
3009 5618 3064 5665 et
3102 5625 3131 5663 a
3171 5607 3452 5663 Lactantio
3491 5604 3609 5662 Tib.

2005 5700 2235 5755 Altinius
2264 5698 2536 5772 (Lactant.
2569 5700 2657 5754 lib.
2682 5715 2741 5767 ιι,
2763 5716 2881 5771 cap.
2911 5702 2964 5765 7,
2998 5718 3116 5773 pug.
3154 5700 3314 5771 176),
3344 5715 3373 5754 a
3402 5698 3611 5753 Macro-

2002 5792 2093 5849 bio
2125 5790 2394 5863 (Macrob.
2424 5792 2513 5846 lib.
2546 5807 2562 5847 ι
2609 5790 2882 5851 Saturual.
2931 5810 3051 5867 cap.
3085 5795 3145 5850 ll
3176 5792 3234 5866 ),
3265 5793 3353 5864 qui
3385 5790 3435 5847 id
3466 5804 3609 5845 anno
