4034 6320
431 311 533 371 607

1714 332 1802 388 DE
1842 332 2097 391 MINUCII
2135 336 2435 397 OCTAVIO

3625 349 3730 406 608

429 429 497 485 ah
535 431 667 489 urbe
704 434 916 492 condita
955 437 1062 496 475
1101 442 1390 513 contigisse
1441 445 1660 514 setibit,
1693 450 1889 504 Annius
1928 465 2020 521 ap-
2049 452 2102 510 A
2202 452 2354 523 Apud
2376 456 2621 514 eumdem
2665 474 2822 530 porro
2853 461 3060 518 Livium
3095 464 3338 535 legimus,
3371 481 3492 521 cum
3538 479 3730 536 repen-

429 523 681 594 pellatur.

500 616 700 674 Verum
743 623 888 678 citati
933 640 961 678 a
1008 627 1160 683 nobis
1211 629 1518 688 Lactantius
1561 643 1615 689 et
1660 635 2022 706 Augustinus,

426 713 878 781 quemadmodum
901 717 1180 786 Minucius,
1206 726 1560 789 contendunt,
1585 727 1698 782 hrec
1719 729 2022 785 dietiionum

425 801 640 860 dolisac
661 811 941 879 praestigiis
970 827 1089 867 esse
1122 816 1404 872 tribuenda
1431 837 1443 873 :
1479 838 1497 870 ι
1530 821 1602 876 lle
1633 821 1816 890 ipsis,»
1855 822 2024 894 inquit

427 892 711 965 Minucius,
740 918 760 953 ι
784 901 868 956 illa
901 920 1020 972 qua:
1053 908 1213 976 paulo
1237 920 1362 966 ante
1389 912 1528 967 dicta
1559 923 1702 976 sunt,
1727 924 1783 969 ut
1812 892 2020 986 Jupiter

426 986 582 1044 ludos
609 1004 872 1062 repeteret
898 1012 962 1053 ex
990 1004 1233 1070 somnio,
1263 1016 1319 1060 ut
1345 1022 1466 1062 cum
1495 1009 1648 1079 equis
1672 1010 1919 1066 Castores
1945 1011 2019 1065 vi-

425 1080 704 1153 derentur,
736 1098 794 1143 ut
817 1091 1087 1162 cingulum
1119 1109 1377 1154 matronae
1409 1102 1648 1156 navicula
1678 1114 2016 1173 sequeretur.

426 1171 551 1230 Haec
580 1180 760 1234 omnia
791 1185 966 1240 sciunt
1001 1187 1242 1259 plerique
1283 1208 1404 1262 pars
1445 1204 1676 1249 vestrum
1721 1196 1863 1266 ipsos
1905 1197 2018 1253 dre-

423 1279 614 1322 mones
642 1269 708 1326 de
738 1287 797 1327 se
829 1274 959 1345 ipsis
988 1278 1232 1334 confiteri
1257 1324 1271 1347 ,
1304 1284 1514 1353 quoties
1541 1301 1570 1339 a
1604 1285 1756 1340 nobis
1787 1296 2021 1343 tormen—

425 1355 492 1414 tis
532 1363 855 1433 verborum,
902 1380 956 1425 et
995 1375 1252 1430 orationis
1294 1377 1554 1433 incendiis
1594 1378 1662 1434 de
1703 1381 2019 1451 corporibus

422 1457 731 1524 exiguntur.
763 1480 782 1512 ι
809 1461 940 1529 Quae
967 1466 1183 1536 quidem
1216 1468 1350 1524 infra
1380 1471 1766 1542 explicabimus
1795 1474 2014 1541 clarius,

419 1555 473 1599 et
500 1562 660 1616 quam
692 1568 815 1607 vera
847 1555 987 1622 sint,
1017 1557 1529 1618 demonstrabimus.

492 1639 628 1708 Quid
687 1644 882 1702 deinde
940 1646 1188 1705 Caecilius
1222 1670 1236 1706 :
1273 1671 1292 1705 ι
1329 1653 1395 1708 Ει
1427 1654 1730 1723 Deciorum,
1767 1677 1786 1710 ι
1824 1658 2014 1729 inquit,

427 1751 446 1782 ι
486 1732 699 1792 devotio
730 1749 866 1792 rata.
913 1760 932 1794 ι
969 1742 1062 1798 His
1094 1745 1201 1815 ille,
1235 1762 1333 1802 nec
1373 1749 1613 1818 pluribus
1641 1753 1815 1808 verbis
1847 1754 2018 1810 innuit

2132 543 2272 600 tinus
2299 549 2477 603 medio
2508 552 2559 604 in
2593 553 2738 607 urbis
2775 554 2889 609 foro
2927 555 3104 610 hiatus
3134 566 3290 613 terra:
3333 559 3539 628 expleri
3574 574 3604 613 a
3637 573 3731 614 ne-

2129 637 2270 691 mine
2320 642 2598 708 potuisset,
2649 643 2717 698 M.
2761 645 3003 702 Curtium
3038 689 3054 714 ,
3103 649 3414 705 bellicosum
3451 650 3723 721 juvenem,

2128 741 2250 784 sese
2274 730 2374 784 diis
2401 732 2702 802 devovisse,
2734 747 2894 808 atque
2917 749 3205 807 armatum,
3247 757 3384 812 equo
3411 756 3727 807 conscenso,

2127 835 2244 876 eam
2288 823 2340 878 in
2379 840 2596 909 specum
2641 844 2700 884 se
2740 830 2956 886 dedisse
2984 835 3337 904 praeipitem,
3361 850 3423 889 ac
3448 836 3729 902 continuo,

2125 925 2182 969 ut
2230 916 2465 988 loquitur
2509 921 2752 979 Valerius
2800 925 3062 982 Maximus
3105 927 3307 1000 (Valer.
3355 929 3520 993 Man,"
3560 929 3651 983 lib.
3676 945 3727 992 v,

2122 1021 2239 1076 cap.
2271 1009 2321 1073 6,
2357 1011 2406 1080 ς.
2438 1011 2516 1085 ‘2).
2547 1023 2742 1070 terram
2776 1017 2985 1087 injectis
3015 1019 3236 1074 honoris
3265 1022 3432 1091 gratia
3466 1022 3728 1093 frugibus,

2126 1101 2408 1168 pristinum
2440 1121 2787 1177 recuperasse
2814 1111 3077 1166 habitum.
3097 1113 3262 1181 Quod
3291 1114 3442 1169 Livio
3471 1116 3732 1185 quemad-

2123 1195 2340 1250 modum
2371 1198 2589 1257 Czecilio
2635 1219 2740 1259 non
2774 1207 3044 1262 mediocre
3091 1209 3391 1279 prodigium
3423 1213 3726 1268 videbatur.

2125 1285 2230 1342 Sed
2259 1289 2428 1346 Varro
2473 1294 2675 1364 (Varr.,
2723 1297 2814 1352 lib.
2863 1316 2912 1354 IV
2949 1301 3012 1355 de
3045 1299 3198 1373 Ling.
3228 1305 3346 1369 lat.,
3393 1321 3508 1375 pag.
3559 1305 3629 1360 56
3675 1315 3732 1362 et

2123 1381 2302 1454 seqq.)
2328 1386 2588 1454 triplicem
2613 1405 2676 1446 ea
2699 1390 2766 1447 de
2792 1408 2850 1448 re
2878 1393 3150 1450 historiam
3179 1412 3207 1452 a
3235 1397 3482 1464 Procilio,
3509 1399 3726 1467 Pisone,

2122 1482 2177 1528 et
2204 1475 2348 1531 Elio
2377 1478 2606 1548 Stilone,
2637 1485 2844 1540 diversa
2887 1490 3251 1556 narrantibus,
3295 1492 3564 1561 proditam
3608 1510 3733 1564 per—

2125 1565 2285 1622 hibet.
2341 1571 2476 1638 Quid
2526 1591 2674 1644 vcro,
2724 1579 2863 1647 quod
2935 1581 3170 1637 Zonaras
3224 1583 3470 1656 (Zonar.,
3515 1585 3608 1640 lib.
3656 1602 3731 1641 vtt

2122 1659 2332 1728 Annul.,
2369 1663 2420 1735 ς.
2448 1666 2518 1720 25
2552 1709 2567 1733 ,
2596 1683 2715 1739 pag.
2744 1671 2872 1744 560)
2904 1674 2968 1728 iis
2994 1689 3052 1729 se
3082 1677 3301 1732 minime
3330 1677 3728 1749 refragaturum

2122 1768 2243 1809 esse
2273 1757 2572 1824 profitetur,
2623 1764 2709 1831 qui
2760 1764 2873 1820 luce
2916 1783 2944 1821 a
2978 1766 3081 1823 lide
3111 1770 3221 1824 veri
3250 1769 3422 1825 aliena
3453 1772 3732 1826 existima-

421 1824 612 1882 Decios
645 1839 854 1900 patrem
871 1844 928 1890 et
953 1837 1140 1902 lilium,
1165 1840 1528 1912 quibusaliqui
1561 1855 1809 1916 nepotem
1835 1847 2022 1916 adjun-
2053 1842 2100 1900 B
2131 1845 2279 1901 bunt.
2312 1848 2532 1906 Orosius
2574 1870 2700 1910 vero
2729 1872 3095 1930 qmiscumque
3125 1862 3238 1917 sive
3266 1862 3398 1919 deos
3432 1905 3447 1931 ,
3491 1865 3604 1918 sive
3631 1865 3732 1917 ho-

422 1928 576 1989 gunt,
631 1934 909 1995 postquam
950 1944 1011 1984 se
1049 1946 1148 2001 pro
1195 1932 1451 1990 Romanis
1479 1939 1834 1994 excercitibus
1862 1940 2025 1995 devo-

421 2015 642 2082 vissent,
677 2029 915 2078 armatos
939 2025 1161 2082 irruisse
1188 2029 1394 2084 medios
1420 2032 1471 2084 in
1502 2031 1708 2100 hostes,
1739 2049 1801 2088 ac
1831 2035 2024 2105 despe-

418 2120 591 2165 ratam
639 2113 873 2182 gloriosa
918 2128 1092 2175 morte
1132 2121 1429 2177 victoriam?
1460 2123 1625 2180 fuisse
1667 2137 2008 2183 consecutos.

420 2205 598 2275 Atque
628 2206 745 2263 huic
775 2213 900 2266 varii
930 2215 1242 2284 scriptores,
1275 2218 1418 2296 ac.in
1451 2220 1636 2290 primis
1667 2221 1877 2290 Cicero,
1916 2224 2019 2278 Va-

419 2298 584 2356 lerius
621 2301 905 2376 Maximus,
948 2307 1160 2376 Florus,
1207 2311 1429 2378 Plinius,
1471 2323 1526 2370 et
1556 2314 1736 2371 Livius
1767 2332 2018 2375 narrave-

418 2409 516 2450 l‘llll
525 2404 559 2450 Ι..

489 2489 688 2547 Verum
702 2494 868 2552 Balbo
887 2495 1067 2554 Stoico
1089 2497 1203 2554 haec
1218 2499 1360 2570 apud
1381 2497 1697 2557 Ciceronem
1721 2502 2015 2572 objicienti,

417 2581 572 2638 Cotta
615 2594 887 2658 tamquam
929 2591 1144 2647 exteris
1170 2593 1417 2648 omnibus
1463 2594 1714 2660 ethnicis,
1758 2595 2018 2652 adversus

417 2675 754 2736 Christianos
782 2692 964 2750 postea
996 2685 1328 2755 pugnaturis,
1374 2687 1584 2742 obviam
1624 2689 1701 2742 ire
1737 2689 2014 2756 voluisset,

418 2770 502 2832 bis
533 2775 811 2844 respondit
835 2777 1012 2832 verbis
1040 2799 1054 2834 :
1091 2797 1108 2830 ‹
1147 2778 1226 2834 Tu
1257 2788 1432 2834 autem
1465 2782 1745 2837 Deciorum
1777 2783 2021 2837 devotio-

417 2864 574 2919 nibus
604 2868 840 2936 placatos
860 2884 982 2926 esse
1001 2870 1131 2927 deos
1145 2887 1357 2929 censes.
1377 2873 1508 2942 Quae
1533 2875 1631 2930 fuit
1659 2891 1845 2930 eorum
1875 2885 2019 2932 tanta

417 2955 672 3029 iniquitas
726 2972 781 3016 ut
807 2964 1005 3033 placari
1036 2967 1231 3036 populo
1255 2967 1494 3022 Romano
1524 2984 1628 3024 non
1650 2979 1887 3037 possent,
1921 2971 2020 3026 nisi

417 3053 519 3108 viri
564 3054 702 3110 tales
743 3057 1107 3113 occidissent?
1149 3057 1442 3116 Consilium
1475 3061 1600 3117 illttd
1634 3062 2018 3132 [rupi-ratorum

419 3144 540 3213 fuit,
569 3147 658 3218 qui
689 3150 878 3218 patriae
905 3153 1269 3217 consulerent,
1303 3155 1423 3210 vita:
1452 3172 1556 3212 non
1590 3166 1886 3225 parcerent.
1919 3156 2022 3211 lle—

2131 1938 2305 1994 mines
2351 1944 2592 2012 corripit,
2644 1948 2732 2016 qui
2785 1959 2942 2005 terra:
2983 1953 3205 2018 hiatum,
3239 1955 3338 2008 nisi
3379 1956 3530 2010 vivus
3571 1956 3735 2011 homo

2126 2032 2428 2100 Sorheatur,
2460 2039 2716 2107 compleri
2766 2056 2871 2096 non
2921 2059 3078 2113 posse
3117 2047 3315 2116 opinati
3361 2058 3483 2103 sunt
3522 2047 3732 2121 (Oros.,

2125 2123 2217 2177 lib.
2253 2126 2306 2179 ιιι
2349 2127 2511 2195 Hist,
2570 2146 2689 2202 cap.
2724 2133 2799 2206 5).
2836 2135 3075 2208 Denique
3105 2155 3172 2195 ne
3201 2139 3585 2213 Hieronymum
3617 2159 3735 2199 om—

2132 2219 2257 2272 nino
2291 2232 2693 2290 praetereamus,
2735 2228 3023 2287 observare
3053 2232 3204 2302 juvat
3242 2249 3364 2289 eum
3405 2247 3591 2305 aperte
3628 2237 3733 2292 do-

2121 2311 2299 2365 cuisse
2353 2312 2436 2368 his
2488 2314 2678 2380 Curtii,
2737 2318 3040 2388 Deciorum,
3091 2324 3426 2396 aliorumque
3473 2327 3732 2383 similium

2124 2401 2297 2470 factis,
2330 2409 2575 2477 quamvis
2606 2423 2732 2464 vera
2762 2427 2881 2468 esse
2909 2415 3224 2484 probentur,
3268 2417 3426 2473 fidem
3468 2419 3737 2474 Christia-

2124 2512 2319 2553 norum
2353 2516 2456 2556 non
2487 2503 2645 2557 modo
2676 2520 2782 2559 non
2815 2508 3002 2574 minui,
3031 2509 3127 2564 sed
3161 2511 3224 2566 iis
3253 2511 3368 2566 fieri
3400 2515 3684 2569 certiorem
3717 2533 3731 2568 :

2127 2609 2145 2641 ι
2184 2589 2238 2646 Si
2269 2591 2520 2660 historiis,
2546 2614 2566 2648 ι
2601 2597 2788 2668 inquit,
2821 2619 2837 2650 ι
2861 2601 3136 2669 gentilium
3154 2603 3602 2676 credimus,quod
3621 2604 3729 2660 Co-

2123 2682 2273 2747 drus,
2306 2698 2359 2738 et
2389 2686 2624 2756 Curtius,
2654 2701 2706 2745 et
2740 2692 2884 2746 Decii
2921 2710 3102 2751 n‘tures
3130 2696 3456 2766 pestilentias
3494 2699 3728 2766 urbium,

2122 2782 2174 2828 et
2198 2774 2383 2843 fames,
2416 2790 2469 2832 et
2501 2779 2637 2835 bella
2679 2782 2791 2837 suis
2823 2787 3083 2842 mortibus
3115 2792 3495 2857 represserint,
3526 2804 3736 2861 quanto

2130 2869 2299 2937 magis
2343 2869 2444 2925 hoc
2487 2872 2579 2927 Dei
2627 2875 2735 2928 lilio
2783 2877 3036 2946 pnssibile
3079 2882 3404 2937 credendum
3445 2893 3550 2949 est,
3583 2887 3733 2955 quod

2126 2978 2321 3020 cruore
2349 2982 2446 3018 suo
2474 2983 2579 3022 non
2613 2971 2796 3026 urbem
2830 2989 3008 3041 unam,
3039 2976 3130 3030 sed
3161 2986 3327 3030 totum
3359 2991 3609 3048 purgaret
3637 2995 3731 3034 or-

2122 3055 2242 3110 bem
2276 3077 2294 3108 ι
2333 3059 2351 3127 (
2384 3059 2694 3133 llieronytn.
2748 3065 2798 3118 itt
2864 3081 2982 3136 cap.
3027 3084 3040 3122 ι
3084 3067 3256 3139 Epist.
3311 3071 3380 3124 ad
3427 3070 3621 3143 Eplies.
3671 3089 3731 3127 ν.

2127 3147 2156 3200 7
2189 3147 2231 3218 ).
2295 3150 2452 3206 Plura
2484 3154 2552 3207 de
2594 3155 2677 3210 his
2718 3156 2946 3212 insolitis
2979 3158 3274 3224 ell'ectibus,
3315 3180 3434 3234 qum
3474 3165 3735 3220 miracula

420 3240 616 3296 bantur
656 3245 798 3298 enim
845 3243 960 3302 fore,
1005 3257 1060 3301 υι
1106 3248 1373 3303 exercitus
1415 3249 1818 3320 Imperatorem,
1876 3267 2016 3321 equo
2042 3228 2086 3290 C
2122 3241 2350 3299 ethnicis
2380 3247 2714 3316 videbantur,
2747 3251 2985 3323 diaputat
3013 3257 3358 3326 Augustinus,
3381 3274 3539 3329 quem
3579 3260 3742 3315 facile

420 3333 641 3392 incitato
684 3351 744 3393 se
792 3338 844 3393 in
885 3339 1068 3396 hostes
1108 3343 1479 3399 iuunittentem
1542 3355 2012 3416 persequerentur.

421 3427 476 3482 ld
502 3429 644 3499 quod
667 3432 844 3486 evenit
877 3431 1071 3503 (Cicer.
1098 3434 1190 3491 lib.
1217 3452 1253 3491 ιι
1279 3439 1342 3491 de
1373 3435 1570 3503 Finib.,
1607 3454 1727 3510 pag.
1753 3439 1812 3494 6|
1839 3456 1852 3503 ;
1885 3439 1976 3494 lib.
2003 3456 2016 3493 t

421 3521 614 3576 Tuscul
643 3565 658 3586 ,
689 3539 808 3596 pag.
842 3526 976 3592 L50;
1005 3527 1096 3582 lib.
1129 3545 1205 3598 ιιι,
1230 3546 1348 3600 pag.
1386 3532 1519 3598 146;
1547 3533 1608 3586 de
1639 3534 1866 3597 δεηθείη
1895 3550 2015 3604 pag.

419 3613 561 3679 M6;
601 3613 794 3671 Parad.
826 3617 881 3684 2,
915 3633 1035 3690 pag.
1067 3621 1195 3678 454.
1223 3622 1402 3678 Valcr.
1439 3625 1576 3680 Max.
1609 3626 1701 3680 lib.
1735 3643 1786 3692 v,
1815 3642 1932 3696 cap.
1961 3627 2016 3692 6,

425 3703 453 3777 §
487 3706 522 3761 5
546 3715 601 3762 et
624 3708 677 3764 6.
705 3708 892 3766 Florus
939 3712 1032 3767 lib.
1060 3728 1118 3780 ll,
1143 3730 1262 3785 cap.
1295 3717 1358 3771 l4
1389 3728 1442 3772 et
1469 3719 1556 3773 17.
1586 3719 1724 3774 Plin.
1759 3721 1848 3775 lib.
1882 3738 2020 3787 xxii,

426 3798 563 3854 Hist.
590 3813 787 3868 natur.,
823 3820 937 3875 pag.
969 3806 1104 3872 180;
1135 3823 1250 3877 cap.
1282 3810 1338 3877 2,
1371 3826 1487 3882 pag.
1520 3813 1644 3868 557.
1676 3813 1790 3868 Liv.
1823 3815 2018 3870 Decad.

422 3907 458 3956 ι,
515 3893 606 3948 lib.
660 3912 808 3962 xvttt,
857 3913 976 3968 pag.
1022 3897 1143 3954 12L
1175 3899 1290 3956 Cic.
1339 3903 1430 3958 lib.
1464 3920 1500 3959 ll
1528 3905 1589 3959 de
1616 3904 1808 3960 Natnr.
1839 3905 2020 3973 Deor.,

423 4001 546 4056 pag.
592 3985 730 4054 2l5;
775 3999 829 4044 et
881 3991 972 4045 lib.
1027 4007 1104 4059 nt,
1155 4009 1275 4064 pag.
1315 3993 1471 4066 3’49).
1522 4017 1540 4049 ι
1595 3997 1822 4053 Tantum
1865 3999 2024 4069 igitur

423 4078 596 4147 abest,
627 4091 685 4136 ut
711 4083 763 4136 in
796 4084 894 4138 bac
916 4085 1137 4140 victoria
1170 4087 1441 4157 quidpiam
1472 4090 1734 4156 miraenli,
1777 4100 1869 4146 aut
1897 4091 2024 4148 deo.

421 4185 542 4225 rum
576 4176 916 4242 praesentium
949 4179 1130 4234 auxilii
1161 4180 1324 4235 fuisse
1355 4184 1646 4251 putaverit;
1684 4185 1809 4254 quin
1844 4186 2022 4255 potius

425 4264 712 4320 maximam
748 4267 982 4338 illorum,
1017 4271 1060 4326 si
1092 4272 1142 4326 id
1186 4274 1456 4338 iecissent,
1504 4277 1836 4347 iniquitatem
1879 4279 2020 4334 haud

425 4352 692 4413 immerito
721 4369 992 4431 coarguat.
1025 4363 1190 4418 Docet
1224 4364 1402 4436 itaque
1439 4367 1577 4422 hanc
1615 4369 1896 4424 Deciorum
1925 4372 2022 4425 de—

424 4452 697 4506 votionem
748 4454 877 4509 nihil
928 4458 1067 4512 aliud
1112 4459 1275 4516 fuisse
1321 4463 1422 4516 nisi
1464 4463 1850 4534 lmperatorum
1879 4491 2024 4537 σαι-ρει-

424 4560 638 4616 τνῃημαι,
672 4559 1063 4622 consuetasque
1107 4563 1249 4608 artes
1288 4567 1341 4609 et
1385 4556 1558 4620 dolos,
1605 4559 1798 4628 quibus
1843 4560 2024 4615 hostes

2121 3335 2269 3392 adire
2322 3340 2525 3407 poteris
2563 3340 2809 3414 (August.
2862 3346 2952 3400 lib.
3002 3364 3032 3400 χ
3076 3349 3138 3402 de
3167 3348 3296 3416 Cha,
3343 3366 3462 3422 pag.
3493 3351 3633 3417 252;
3675 3364 3740 3409 et

2125 3428 2218 3483 lib.
2251 3446 2366 3496 ut,
2396 3448 2512 3502 cap.
2549 3435 2582 3488 6
2609 3445 2662 3489 et
2698 3450 2872 3505 seqq.,
2903 3453 3019 3509 pag.
3055 3438 3159 3494 624
3182 3449 3236 3496 et
3260 3444 3432 3512 seqq).

2198 3526 2462 3582 Caalerum
2521 3546 2581 3584 ea
2631 3533 2808 3586 omnia
2854 3534 3169 3590 Christianis
3197 3535 3404 3606 objecta
3445 3553 3474 3593 a
3511 3537 3736 3595 Caecilio

2125 3619 2312 3676 aliisve
2339 3624 2624 3692 gentilibus
2655 3626 2920 3696 exempla,
2955 3628 3067 3683 sive
3093 3640 3428 3700 argumenta,
3474 3632 3586 3703 jam
3630 3633 3735 3688 Mi-

2130 3714 2319 3768 nucius
2351 3716 2716 3774 invictissimis
2746 3720 2853 3774 illis
2895 3721 3189 3778 rationibus
3233 3724 3466 3780 funditus
3507 3727 3738 3783 subver-

2128 3814 2284 3874 terat,
2314 3810 2505 3877 quibus
2539 3829 2698 3866 unum
2751 3816 3122 3870 tantummodo
3171 3817 3357 3885 Deum,
3406 3833 3505 3873 nec
3553 3820 3738 3889 plures

2127 3914 2248 3956 esse
2276 3902 2681 3959 demonstravit.
2713 3906 2910 3960 Verum
2944 3907 3041 3962 hac
3073 3910 3424 3980 responsione
3450 3927 3560 3966 non
3598 3927 3736 3968 con-

2131 4005 2328 4064 tentus,
2365 4000 2536 4066 palam
2566 3999 2786 4054 cuilibet
2825 4000 2951 4056 facit
2988 4017 3049 4057 ea
3090 4005 3291 4069 omnia,
3327 4015 3381 4058 ut
3422 4007 3581 4074 paulo
3609 4016 3738 4061 ante

2129 4087 2386 4156 diximus,
2415 4106 2478 4145 ac
2518 4094 2760 4160 sequenti
2792 4093 2967 4164 capite
3005 4095 3368 4163 ostendemus,
3401 4096 3540 4152 facta
3570 4097 3739 4153 fuisse

2127 4181 2432 4237 dlBlIlOlllllll
2461 4183 2817 4239 fraudulentis
2842 4187 3047 4242 artibus
3073 4199 3124 4242 et
3158 4188 3459 4260 praestigiis.

2726 4315 3016 4356 ARTICULUS
3055 4317 3113 4356 ll.

2127 4434 2356 4493 Deorum
2407 4443 2730 4506 prazsentiam
2767 4461 2798 4496 η
2847 4443 3050 4498 chilio
3097 4461 3198 4500 non
3242 4447 3448 4517 probari
3485 4448 3735 4514 oraculis,

2206 4541 2478 4602 vatumque
2523 4543 2799 4604 responsis,
2840 4537 3019 4605 quibus
3059 4537 3314 4592 Minucius
3351 4542 3564 4609 opponit
3606 4541 3740 4592 Am-

423 4635 700 4706 fuderunt,
730 4656 792 4696 ac
819 4642 885 4697 de
915 4644 977 4696 iis
1000 4657 1338 4714 reportarunt
1365 4649 1660 4704 victoriam.
1685 4652 1781 4705 Cui
1806 4653 2020 4722 quidem

2203 4626 2424 4694 plu'arai,
2477 4627 2704 4693 Tiresire,
2757 4630 3010 4700 Apollinis
3058 4631 3237 4703 Pythii
3279 4635 3534 4704 exempla,
3590 4643 3745 4706 atque

423 4731 615 4798 Cottae,
646 4749 740 4791 seu
771 4738 945 4803 malis,
975 4737 1248 4795 Ciceronis
1293 4746 1570 4800 sententiae
1614 4745 1849 4800 Zonaras
1893 4749 2024 4803 sub-

424 4826 704 4896 scripsisse
757 4830 900 4886 visus
943 4840 1025 4886 cst
1067 4830 1282 4904 (Zonar.
1325 4836 1418 4890 lib.
1474 4853 1542 4892 vtt
1589 4840 1775 4893 Annal.
1828 4839 1876 4912 ᾗ.
1928 4841 2021 4909 26,

427 4935 544 4992 pag.
576 4922 725 4996 363).

500 5015 777 5072 Postremo
804 5020 952 5075 addit
981 5021 1268 5077 Caecilius:
1315 5041 1334 5074 r
1368 5023 1544 5080 Testis
1576 5036 1631 5081 et
1668 5027 1897 5093 Curtius,
1933 5031 2024 5099 qui

426 5106 621 5175 equitis
669 5111 748 5164 sui
776 5113 856 5165 vel
900 5113 1041 5167 mole
1069 5155 1084 5179 ,
1131 5114 1212 5169 vel
1254 5114 1455 5171 honore
1500 5116 1701 5172 hiatum
1748 5121 2024 5188 profundae

427 5201 693 5270 voraginis
719 5208 1034 5276 coaequavit.
1063 5227 1081 5259 ι
1116 5208 1342 5277 Quidam
1375 5220 1560 5279 putant
1585 5212 1653 5265 ibi
1683 5213 1880 5282 duplex
1905 5230 2025 5271 esse

425 5291 629 5346 librarii
660 5297 930 5365 mendum,
960 5315 1022 5354 ac
1052 5316 1148 5370 pro
1184 5319 1201 5352 ι
1243 5303 1556 5370 equitis.....
1584 5304 1805 5372 honore,
1845 5326 1862 5358 ι
1892 5308 2026 5363 scri-

426 5383 658 5439 bendmn
694 5406 712 5438 r
751 5390 1037 5465 equi.......
1065 5408 1249 5448 Onere.
1294 5414 1312 5445 ι
1349 5394 1455 5450 Sed
1488 5400 1865 5467 nequicquam.
1902 5401 2026 5455 Ete-

426 5477 536 5532 nim
569 5479 754 5536 scribit
781 5480 960 5537 Livius
982 5485 1217 5541 Curtium
1253 5507 1271 5539 ι
1308 5502 1446 5558 equo
1474 5504 1628 5559 quam
1662 5490 1898 5545 maxime
1931 5507 2025 5561 po-

428 5581 564 5626 terat
615 5585 805 5629 ornato
857 5576 1136 5634 insedisse.
1202 5602 1218 5631 ι
1273 5581 1538 5635 Observat
1583 5590 1759 5637 autem
1809 5583 2025 5640 Servius

431 5684 450 5716 ι
486 5667 744 5736 equitem,
802 5688 821 5720 ι
867 5668 1150 5738 aliquando
1189 5673 1325 5740 apud
1360 5673 1637 5745 Virgilium
1679 5675 1819 5729 idem
1865 5684 2025 5746 atque

423 5775 620 5832 equum
652 5762 953 5832 significare
995 5762 1134 5832 (Liv.
1173 5764 1366 5821 Decad.
1409 5784 1446 5832 t,
1479 5767 1571 5822 lib.
1614 5783 1708 5836 vn,
1748 5783 1868 5840 pag.
1896 5768 2018 5825 106.

424 5855 614 5927 Virgil.
649 5855 743 5912 lib.
776 5871 830 5911 ιιι
861 5853 1048 5926 Georg.
1080 5871 1132 5912 v.
1169 5857 1318 5926 H6).

2200 4722 2526 4774 oraculorum
2559 4722 3023 4794 Ampln'bologiam,
3063 4735 3108 4778 et
3136 4727 3402 4796 defectum.

2203 4832 2438 4889 Tametsi
2462 4834 2526 4888 ad
2551 4835 2880 4904 probandam
2911 4837 3136 4892 deorum
3159 4839 3499 4908 prmsentiam
3527 4856 3632 4896 non
3655 4842 3741 4896 in-

2131 4905 2241 4979 fimi
2283 4929 2535 4981 momenti
2583 4929 2688 4981 sint
2726 4931 2961 4994 oracula,
2993 4931 3186 5000 quibus
3225 4947 3311 4987 res
3351 4932 3542 4989 futura:
3573 4937 3740 4992 modo

2131 5020 2310 5090 aliquo
2342 5037 2516 5076 rerum
2557 5033 2860 5078 creatarum
2893 5026 2996 5078 vim
3037 5037 3326 5095 superante
3364 5032 3742 5097 praenuntian-

2127 5124 2244 5180 tar;
2277 5117 2522 5173 Caecilius
2552 5120 2900 5175 nihilominus
2931 5139 2943 5174 :
2983 5138 3000 5170 ι
3039 5120 3355 5188 Praedicta,»
3391 5124 3582 5194 inquit,
3623 5146 3640 5178 ι
3667 5128 3740 5183 de

2127 5211 2361 5266 oraculis
2392 5210 2495 5265 fata
2530 5214 2791 5268 transilio.
2828 5233 2845 5264 ι
2882 5213 3161 5272 Rationem
3185 5228 3361 5273 autem
3395 5222 3742 5279 continenter

2129 5301 2330 5370 reddit,
2356 5319 2452 5357 cur
2481 5307 2609 5359 tanti
2639 5305 2895 5375 ponderis
2918 5318 3291 5378 argmnentum
3317 5315 3689 5381 pra-terminat
3718 5335 3735 5347 ο

2134 5414 2153 5446 r
2191 5394 2267 5450 Ne
2291 5395 2466 5461 vobis,
2495 5418 2512 5447 ι
2545 5399 2618 5451 ait
2647 5398 2752 5463 ille,
2781 5415 2798 5449 ι
2831 5400 3120 5469 antiquitas
3142 5403 3363 5458 nitnittm
3393 5405 3631 5462 fabulosa
3657 5407 3745 5463 vi-

2127 5485 2318 5542 deatur
2353 5505 2366 5543 :
2399 5499 2454 5544 et
2482 5499 2625 5544 recte
2639 5489 2876 5560 quidem.
2894 5490 3023 5545 Nam
3043 5503 3243 5563 quanto
3270 5497 3498 5551 validius
3511 5515 3576 5554 ex
3595 5503 3741 5557 veris

2128 5582 2399 5651 sacrisque
2423 5583 2807 5651 Prophetarum
2835 5594 3139 5641 nostrorum
3161 5591 3540 5662 oraculis,qu:c
3570 5592 3738 5648 clleo.

2128 5682 2238 5728 tum
2272 5690 2425 5729 suum
2449 5677 2633 5731 sortita
2664 5687 2808 5743 sunt,
2837 5677 2903 5732 ad
2928 5681 3273 5736 asserendam
3301 5684 3610 5740 christiana:
3637 5702 3726 5741 re-

2130 5765 2342 5836 ligionis
2375 5768 2652 5823 veritatem
2694 5780 3092 5839 argumentum,
3141 5782 3200 5828 ιιι
3242 5775 3366 5829 alibi
3408 5775 3734 5848 videbimus,

2130 5857 2356 5923 eruitur,
2393 5867 2539 5914 tanto
2569 5858 2737 5914 levius
2767 5866 2820 5913 et
2851 5859 3081 5918 debilius
3111 5874 3216 5931 est,
3245 5865 3288 5918 si
3326 5868 3543 5921 oracula
3575 5868 3732 5924 fabu.
